3884 6240
169 375 2179 430 ἒ-Ν-ῇ--έ-ψ--ην
2221 386 2404 395 λνε-ο-
2428 387 2538 394 ...σ-
2771 371 3371 436 Em...-
3393 378 3452 392 ...Δ

1469 549 1634 604 anno
1679 545 1907 590 bonum
1955 545 2213 588 ncxrvr.

704 781 1805 944 SANCTUS

1940 772 2948 965 GALLUS,

1394 1067 1646 1131 ABBAS
1693 1067 1791 1125 ΕΤ
1828 1064 2310 1125 ΕΟΝῈΕΞΞΟΒ.

1628 1217 2062 1229 -ψ-

787 1320 1260 1408 ΝΟΤΙΤΙΑ
1314 1312 1846 1398 ΗΙΞΤΟΒΙ(

1940 1375 1952 1388 .
2011 1311 2133 1391 IN
2196 1313 2280 1393 S.
2343 1309 2863 1395 GALLUM.

1399 1473 1613 1534 (Fabric.
1658 1468 1782 1518 Bibl.
1819 1468 1946 1515 med.
1977 1477 2027 1516 et
2053 1469 2137 1518 inl‘.
2165 1469 2320 1530 ωιτη.)

224 1669 436 1723 ααιιεω
491 1670 817 1735 Hibernos,
851 1673 1136 1729 conlessor,
1171 1665 1341 1720 sancti
1367 1662 1674 1719 Columbani
1717 1659 1800 1713 di-
1829 1661 1883 1719 Α
1911 1662 2045 1714 inter
2070 1659 2204 1714 Galli
2234 1661 2480 1726 opuscula
2527 1677 2556 1716 a
2591 1663 2802 1717 Bartliio
2844 1665 3010 1729 edita,
3051 1669 3191 1736 quod
3222 1670 3302 1724 vir
3348 1687 3489 1740 pra-,-

147 1762 447 1830 scipnlus,
482 1762 682 1813 abbas
716 1759 862 1826 apud
905 1759 1168 1813 Arbonam
1211 1757 1264 1810 in
1283 1753 1595 1818 ‘Germania,
1626 1750 1809 1804 delun-

148 1864 280 1907 (ως
331 1868 499 1906 anno
535 1853 762 1907 Christi
792 1851 918 1915 610,
954 1850 1120 1906 tetatis
1147 1847 1221 1905 95
1250 1848 1349 1919 (a),
1379 1847 1528 1914 cuius
1559 1845 1810 1908 memoria

154 1944 440 1998 recolitnr
474 1929 538 1994 in
577 1940 993 2011 martyrologiis
1028 1937 1094 1992 l6
1122 1935 1392 1992 Octobris.
1425 1933 1552 2002 Ejus
1579 1933 1717 1995 Vita,
1751 1933 1812 1985 li.

157 2034 280 2085 bris
312 2031 560 2085 duobus
594 2045 632 2083 a
669 2029 980 2098 Walafrt'do
1005 2029 1188 2083 Strabo
1214 2028 1433 2105 scripta,
1458 2033 1632 2080 exstat
1675 2023 1814 2091 apud

162 2123 397 2176 Surium
434 2119 513 2172 16
550 2119 849 2184 Octobris,
874 2130 926 2172 et
963 2119 1014 2172 in
1044 2117 1263 2172 Tboma:
1290 2105 1666 2184 Messinghami
1698 2113 1815 2168 Flo-

163 2209 370 2275 rilegio
412 2219 765 2262 sanctorum
793 2207 1076 2269 Hiberniae,
1107 2221 1226 2275 pag.
1256 2205 1360 2259 255
1387 2213 1440 2259 et
1465 2203 1592 2260 29$.
1621 2205 1820 2259 Memo-

166 2301 248 2354 ria
279 2316 350 2353 ex
384 2298 664 2354 Nutkero
697 2299 767 2352 ad
799 2297 867 2352 16
896 2298 1099 2352 octobr.
1129 2305 1182 2350 et
1209 2297 1276 2351 de
1322 2295 1661 2350 translatione
1705 2293 1821 2362 ejus

170 2389 242 2444 16
277 2390 610 2442 novembr.
659 2398 836 2456 atque
867 2386 1100 2454 ltatperti
1132 2384 1207 2455 (ὁ)
1238 2399 1422 2438 versus
1449 2384 1514 2438 de
1544 2383 1823 2438 festivitate

171 2479 353 2532 sancti
379 2477 567 2541 Galli,
601 2486 662 2530 et
689 2491 816 2544 pag.
841 2477 946 2530 415
971 2490 1134 2528 sermo
1163 2474 1231 2528 ab
1258 2488 1322 2528 eo
1347 2473 1518 2527 dictus
1546 2473 1597 2528 in
1629 2472 1824 2540 templo

175 2568 362 2621 Sancti
414 2566 719 2634 Stephani
765 2567 832 2630 in
878 2564 1277 2619 consecratione
1319 2563 1540 2617 Joannis
1589 2563 1825 2631 episcopi

177 2657 698 2726 constantiensis,
729 2670 873 2708 anno
910 2653 1038 2708 6H.
1070 2638 1219 2707 Hunc
1249 2653 1449 2722 primus
1468 2653 1705 2708 ediderat
1729 2652 1828 2707 Ca-

185 2749 396 2810 nisius,
434 2757 591 2799 tom.
629 2745 672 2798 ν
703 2747 1045 2813 antiquarum
1075 2743 1407 2808 Lectionum,
1442 2751 1590 2811 parte
1620 2757 1679 2807 tt,
1707 2755 1825 2810 pag.

186 2835 298 2890 896
332 2836 530 2904 (Edit.
556 2850 720 2887 novae
747 2833 1090 2902 Basnagt'arta:
1107 2842 1229 2886 tom.
1256 2832 1302 2896 l,
1322 2829 1437 2902 pag.
1462 2830 1611 2898 784),
1641 2831 1830 2886 deinde

187 2939 464 2978 retusum
498 2923 559 2978 in
587 2923 990 2991 Supplemento
1012 2921 1146 2975 Bibl.
1169 2921 1382 2976 Patrum
1407 2921 1598 2987 Paris.,
1635 2930 1760 2974 tom.
1788 2920 1828 2988 I,

1913 1751 2086 1804 clarus
2137 1752 2486 1819 conjiciebat,
2537 1770 2640 1808 non
2684 1767 2929 1820 exstant,
2984 1759 3113 1813 nihil
3163 1763 3303 1816 enim
3352 1762 3489 1817 Galli

1916 1851 2106 1906 prmter
2144 1855 2448 1896 sermonem
2488 1842 2596 1913 jam
2639 1857 2988 1900 memoratum
3021 1849 3266 1905 Barthius
3306 1853 3486 1908 edidit.

1917 1929 2202 1997 Epistolam
2253 1932 2462 1988 brevem
2493 1933 2560 1988 ad
2587 1934 2902 1990 Desiderium
2943 1939 3010 1992 ab
3052 1955 3191 1996 anno
3251 1943 3354 1997 655
3385 1944 3489 1998 Ca-

1916 2021 2226 2076 durcensem
2268 2025 2592 2093 episc0pum,
2622 2043 2779 2096 quem
2809 2031 3070 2085 dominum
3114 2049 3309 2104 εειηρετ
3343 2054 3490 2091 suum

1918 2120 1964 2165 et
2005 2114 2337 2181 apostolicum
2374 2113 2582 2170 Patrem
2605 2117 2785 2174 Gallus
2827 2134 3056 2190 peccator
3094 2127 3342 2193 appellat,
3381 2131 3493 2189 vul-

1917 2204 2059 2271 gavit
2100 2204 2326 2259 Jacobus
2358 2207 2607 2262 Usserius
2661 2211 2712 2263 in
2759 2214 2994 2277 epistolis
3022 2201 3336 2282 llibernicis,
3371 2235 3489 2288 pag.

1919 2293 2008 2348 25.
2059 2294 2113 2347 In
2141 2310 2200 2348 ea
2234 2297 2433 2351 mentio
2462 2298 2526 2352 de
2561 2299 2710 2354 clade
2742 2301 3073 2370 Massiliensi.
3109 2305 3274 2374 Hujus
3306 2308 3490 2362 Sancti

1923 2380 2064 2436 Galli
2091 2384 2301 2439 celebre
2327 2389 2681 2441 monasterium
2729 2391 2778 2442 in
2809 2390 2998 2446 Suevia
3029 2395 3145 2448 ord.
3173 2395 3397 2461 Bened.,
3430 2398 3495 2452 de

1923 2488 2029 2542 quo
2070 2473 2352 2530 Goldastus
2383 2478 2432 2530 in
2467 2477 2844 2535 Alemanni’cis.
2887 2464 3028 2537 'V'ide
3058 2499 3216 2553 supra
3267 2495 3398 2540 tom.
3455 2488 3493 2551 I,

1925 2578 2047 2633 pag.
2077 2567 2108 2618 6
2137 2579 2277 2633 seq.,
2306 2575 2463 2635 atque
2505 2568 2884 2637 epigrammata
2916 2581 2970 2626 et
2998 2573 3178 2640 hymni
3209 2577 3344 2629 sacri
3374 2576 3496 2629 illu-

1926 2655 2111 2706 strium
2141 2653 2373 2708 virorum
2410 2654 2877 2721 illiusmonasterii
2912 2661 2960 2714 in
2997 2670 3126 2714 tom.
3163 2661 3223 2725 V,
3255 2671 3402 2727 parte
3437 2680 3496 2726 tt,

1926 2743 2254 2810 antiquarum
2276 2743 2582 2799 Lectionum
2605 2747 2764 2801 Henr.
2787 2747 2982 2802 Cani~ii
3012 2749 3179 2820 (Edit.
3210 2768 3350 2806 nam
3371 2763 3493 2807 tum.

1931 2829 2015 2896 II,
2048 2842 2188 2901 parte
2218 2849 2297 2897 ttt,
2331 2851 2450 2904 pag.
2486 2836 2586 2890 185
2614 2838 2767 2907 δρψ).
2800 2838 3099 2895 Cltronicon
3130 2841 3498 2896 brevissimum

1931 2921 2238 2976 monasterii
2275 2924 2452 2977 Sancti
2482 2922 2616 2977 Galli
2656 2926 2723 2979 ab
2752 2941 2890 2980 anno
2916 2926 3110 2982 Christi
3143 2928 3241 2983 69l
3279 2930 3342 2982 ad
3373 2927 3437 2982 8t
3457 2931 3501 2994 ι,

193 3029 322 3084 pag.
351 3014 503 3081 678,
533 3024 595 3070 et
623 3014 683 3068 in
706 3013 1046 3083 Lugdunensi
1069 3013 1224 3079 Bibl.,
1251 3023 1378 3067 tom.
1403 3009 1493 3078 Xl,
1529 3027 1646 3080 pag.
1666 3012 1821 3077 1016,
1856 2991 1901 3051 Β
1927 3011 2065 3079 apud
2100 3012 2368 3066 Baluzium
2399 3022 2527 3069 tom.
2556 3013 2573 3067 l
2615 3014 2788 3081 Misc.,
2824 3031 2940 3085 pag.
2969 3016 3231 3071 ιρι-495.
3262 2991 3500 3086 Denique

195 3112 253 3156 et
273 3103 602 3171 separatim
622 3118 753 3156 cum
769 3102 933 3170 Casp.
951 3102 1147 3156 Bartbii
1164 3103 1300 3157 notis
1314 3102 1557 3157 Francol'.
1576 3103 1730 3167 1625,
1747 3100 1823 3153 8°.

198 3193 470 3248 Ecclesia
512 3210 644 3246 vero
666 3194 1018 3264 gubernanda:
1049 3195 1259 3264 formam
1288 3202 1336 3248 et
1366 3194 1554 3246 monita
1582 3192 1826 3246 salutaria

199 3287 268 3337 ad
303 3284 678 3338 Wulmarum
725 3285 1119 3355 presbyterum,
1163 3299 1277 3353 quat
1318 3293 1577 3340 memorat
1619 3283 1827 3348 Baleus,

201 3375 576 3432 intercidisse
607 3376 696 3430 vel
727 3387 880 3430 certe
919 3374 1061 3431 edita
1099 3389 1199 3431 non
1228 3388 1346 3431 esse
1386 3375 1648 3439 existimo,
1687 3384 1833 3431 certe

279 3510 365 3575 ()
407 3507 668 3571 Caveus,
709 3521 779 3560 ex
813 3508 960 3560 Balei
991 3506 1122 3570 XIV,
1156 3505 1241 3570 1-1,
1271 3515 1324 3560 et
1350 3506 1537 3562 Iacob.
1570 3506 1820 3562 Warmns

164 3577 278 3632 \de
321 3579 730 3644 Scriptoribus
765 3575 1066 3642 llibernizn,
1099 3591 1213 3646 pag.
1244 3577 1332 3658 20.

1928 3099 2111 3152 lodoci
2133 3097 2364 3164 Mezlm',
2395 3102 2674 3155 cmnobitae
2702 3102 2806 3156 San
2837 3101 3098 3158 Gallensis
3127 3105 3194 3158 de
3222 3105 3350 3158 viris
3382 3103 3504 3157 illu-

1929 3191 2126 3246 stribus
2168 3191 2473 3245 monasterii
2514 3191 2690 3245 Sancti
2733 3191 2870 3246 Galli
2915 3193 3031 3247 libri
3071 3194 3175 3248 duo
3204 3209 3341 3248 anno
3367 3193 3504 3248 1606

1934 3282 2170 3352 inscripti
2196 3281 2412 3348 etediti,
2444 3282 2691 3336 Bernardi
2721 3282 2863 3337 Pczii
2893 3292 3021 3340 tom.
3048 3284 3066 3337 l
3091 3282 3503 3349 Anecdotorum,

1934 3384 2084 3442 parte
2117 3387 2195 3438 ιιι,
2225 3386 2343 3441 pag.
2370 3371 2495 3428 555.

3103 3405 3284 3417 ~—

1942 3507 2101 3632 ὅῶηε
2120 3505 2315 3646 (ξοηῐθτ
2344 3505 2476 3559 Bibl.
2509 3505 2650 3562 Patr.
2704 3518 2964 3578 nugdum,
3011 3521 3135 3566 tom.
3171 3511 3346 3580 XVII,
3377 3527 3498 3583 pag.

2104 3594 2133 3632 e
2177 3614 2190 3629 .

2075 3593 2168 3632 seu
2177 3614 2190 3629 .

950 3816 955 3821 ’
1065 3859 1306 3940 ALIA
1365 3858 1839 3942 NOTITIA
1896 3862 2012 3944 IN
2075 3861 2159 3943 s.
2225 3862 2750 3947 GALLUM.

1461 4036 1702 4092 (Galland.
1741 4034 1865 4084 Bibl.
1891 4036 2020 4086 Patr.
2050 4043 2164 4085 tom.
2193 4035 2321 4094 ΧΠ.)

293 4218 340 4269 I.
391 4215 486 4268 Ex
526 4211 707 4280 gestis
737 4209 798 4264 S.
827 4206 961 4260 Galli
992 4206 1183 4261 abbatis
1209 4219 1325 4273 quae
1353 4205 1542 4260 litteris
1566 4193 1836 4259 commen-
1865 4207 1913 4270 C
1942 4217 2141 4273 suerat,
2170 4217 2408 4261 sanctum
2431 4207 2810 4262 Columbanum
2842 4211 2892 4263 in
2923 4213 3240 4266 monasterio
3263 4213 3511 4272 Bobiensi

211 4309 379 4362 davit
410 4300 780 4356 \‘Valalridns
807 4295 1029 4351 Strabus
1058 4296 1146 4362 (a),
1181 4294 1520 4361 intelligimus
1558 4309 1676 4348 eum
1706 4296 1844 4348 circa
1876 4325 1878 4327 ›

213 4395 428 4450 uenti
464 4406 525 4443 τι
559 4389 827 4448 medium.
861 4387 912 4438 in
941 4383 1176 4438 llibernia
1209 4391 1408 4448 natum,
1439 4382 1603 4436 sancti
1632 4382 1846 4436 Colum-

213 4483 360 4538 ιιιηὶ
421 4476 754 4544 disciplina:
802 4472 964 4525 fuisse
1007 4485 1034 4524 a
1071 4469 1369 4537 parentibus
1417 4468 1696 4532 traditum;
1744 4482 1848 4534 quo

211 4575 482 4628 ductore
518 4567 729 4637 pietate
769 4578 832 4617 ac
868 4562 1070 4624 litteris,
1103 4575 1392 4628 praesertim
1426 4560 1639 4624 divinis,
1666 4559 1850 4615 sedulo

220 4663 565 4722 excultum,
590 4655 952 4728 monasticam
975 4650 1266 4705 inStitutum
1294 4653 1343 4705 in
1362 4649 1719 4709 Bancliorensi
1743 4666 1850 4705 cm-

231 4753 416 4806 nobio
459 4749 644 4802 fuisse
675 4745 930 4810 deinceps
965 4742 1283 4810 amplexum.
1324 4740 1553 4809 Magistri
1585 4741 1668 4794 sui
1698 4753 1852 4795 asse-

237 4853 432 4896 ctator-
467 4839 762 4898 assiduns,
797 4838 846 4888 in
876 4834 1214 4894 Britanniam,
1247 4831 1468 4886 Galliam
1517 4842 1571 4888 et
1600 4834 1852 4888 Aleman-

239 4932 404 4985 niam
439 4925 772 4989 contendit;
823 4924 973 4991 eique
1021 4909 1073 4976 in
1118 4922 1317 4976 Italiam
1364 4937 1575 4992 quoque
1618 4922 1853 4990 pergenti

237 5019 538 5073 comitem
584 5029 713 5069 sese
742 5013 1090 5080 adjumisset,
1120 5013 1211 5065 sed
1240 5013 1381 5079 gravi
1407 5011 1554 5064 febre
1580 5019 1856 5078 correptus

239 5109 409 5176 apud
441 5107 793 5167 Alemannos
844 5101 1129 5164 remansit;
1183 5101 1270 5154 ubi
1311 5101 1519 5156 sanitati
1562 5100 1852 5164 restitutus,

243 5195 674 5252 construenda
700 5193 847 5248 dedit
891 5204 1104 5258 Operam
1151 5189 1316 5254 cellar,
1362 5207 1479 5261 qum
1526 5190 1857 5259 postmodum

244 5286 706 5345 celeberrimum
730 5284 815 5337 sui
842 5281 1067 5337 nominis
1090 5281 1460 5336 monasterium
1480 5285 1670 5338 evasit.
1695 5283 1862 5339 Inter-

247 5392 329 5432 ea
362 5373 446 5431 ibi
487 5373 701 5441 degens
749 5386 873 5426 cum
914 5371 1165 5426 duodenis
1199 5371 1468 5428 monachis
1493 5373 1683 5440 quibus
1712 5388 1862 5427 man-

250 5464 566 5520 craticula:
604 5462 751 5515 circa
800 5463 1082 5514 oratorium
1122 5477 1149 5515 a
1183 5476 1242 5518 se
1279 5471 1639 5518 constructum
1686 5463 1864 5531 dispo-

341 5622 430 5689 (α)
479 5619 715 5686 ιιωιιη
739 5615 858 5671 Aet.
890 5615 987 5671 SS.
1010 5615 1132 5670 0rd.
1158 5617 1463 5684 Ben.,'tom.
1493 5618 1557 5683 Il,
1585 5633 1730 5688 pagg.
1756 5619 1861 5673 215

479 5754 743 5824 Μιδὶιισ
768 5755 810 5810 ι.
858 5767 936 5816 c.,
964 5767 1078 5822 pag.
1103 5754 1227 5819 235,
1272 5765 1324 5810 et
1353 5759 1540 5814 Annal.
1572 5759 1696 5814 0rd.
1733 5757 1859 5814 Ben.

756 5869 1033 5928 Parant.
1079 5869 1444 5936 LXXXVII.

1892 5543 1944 5602 D

1949 4310 2256 4363 supremum
2284 4295 2422 4350 diem
2463 4297 2734 4363 clausisse,
2761 4300 2859 4352 etsi
2888 4298 3092 4368 longius
3118 4301 3346 4368 abesset,
3375 4307 3511 4360 divi-

1950 4386 2090 4438 nitus
2121 4385 2376 4438 intellexit
2403 4403 2414 4436 :
2445 4386 2556 4454 qui,
2583 4388 2738 4440 morti
2767 4389 3055 4455 proximus,
3088 4393 3510 4450 baculum'suutn

1951 4489 2070 4529 cum
2123 4474 2342 4542 epistola
2392 4475 2445 4528 in
2498 4486 2730 4544 paternae
2780 4479 3166 4536 benevolentia:
3217 4485 3400 4551 pignus
3448 4489 3512 4538 ad

1953 4565 2122 4631 ipsum
2174 4565 2378 4632 legasse
2426 4566 2754 4633 perhibetur.
2803 4566 2939 4623 'HiBC
2996 4570 3200 4637 aliaque
3251 4574 3395 4638 plura
3444 4574 3513 4627 da

1953 4655 2009 4710 S.
2039 4655 2186 4711 Callo
2215 4655 2538 4711 Walal'ridus
2565 4660 2721 4712 modo
2767 4660 3022 4714 laudatus.
3075 4662 3356 4729 Postquam
3388 4680 3513 4718 vero

1953 4749 2122 4799 artatis
2153 4747 2436 4814 nonaginta
2458 4749 2689 4816 quinque
2715 4762 2880 4801 annos
2910 4748 2989 4800 vir
3017 4750 3200 4803 beatus
3225 4754 3510 4820 explesset,

1955 4836 2165 4891 demum
2204 4837 2343 4891 circa
2387 4852 2579 4891 annum
2622 4836 2725 4889 645
2761 4849 2849 4890 ant
2891 4851 3194 4910 sequentem
3217 4884 3230 4907 ,
3263 4859 3368 4897 xvtt
3399 4845 3514 4898 Kal.

1956 4926 2288 4992 Novembris,
2323 4943 2385 4981 ex
2414 4928 2514 4980 hac
2544 4928 2643 4980 vita
2676 4928 2934 4994 discessit,
2960 4914 3014 4983 ut
3043 4933 3256 4986 calculis
3285 4936 3516 4987 exactius

1958 5019 2227 5073 subductis
2253 5019 2482 5072 ostendit
2512 5018 2580 5072 cl.
2614 5021 2941 5075 Mabillonins
2962 5023 3060 5090 (b).

2030 5106 2092 5160 Il.
2135 5107 2298 5161 Porro
2341 5121 2402 5161 ex
2447 5109 2658 5176 scriptis
2701 5111 2757 5162 S.
2785 5111 2916 5164 Galli
2945 5112 3149 5165 abbatis
3185 5127 3316 5164 unus
3345 5124 3516 5165 exsmt

1961 5210 2134 5250 sermo
2163 5195 2486 5252 Constantine
2523 5199 2694 5252 dictus
2738 5201 2788 5253 in
2823 5202 3015 5268 templo
3042 5203 3206 5255 sancti
3235 5203 3523 5272 Stephani,

1962 5301 2066 5355 quo
2091 5287 2176 5342 die
2201 5286 2519 5343 Constantia;
2544 5291 2763 5343 antistes
2787 5304 3122 5344 coxisecratus
3149 5302 3229 5346 est
3252 5293 3514 5355 Joannes,

1963 5393 2118 5445 quem
2147 5379 2357 5447 quidem
2405 5394 2700 5434 sermonem
2730 5395 2791 5431 ex
2825 5396 2921 5432 ms.
2954 5380 3147 5436 Codice
3189 5383 3519 5437 bibliotbetxe

1965 5469 2322 5539 Sangallensis
2364 5472 2562 5540 primus
2591 5470 2850 5538 evulgavit
2889 5471 3132 5526 Canisius
3169 5475 3260 5542 (c).
3303 5471 3376 5526 Ile
3417 5449 3519 5541 quo

1967 5623 2056 5678 lib.
2091 5638 2204 5684 xm,
2243 5623 2268 5691 §
2304 5639 2471 5676 xxxii.

1969 5693 2112 5818 89εἰς)
2166 5689 2363 5754 Canis"
2405 5692 2676 5759 Antiquar.
2711 5692 2854 5747 Lect.
2888 5701 3014 5744 tom.
3054 5689 3114 5756 ν,
3148 5699 3280 5759 part.
3314 5706 3370 5754 t,
3405 5703 3520 5766 pag.

3027 5875 3056 5933 1
