3918 6390
548 419 603 469 Η
1521 409 1583 465 IN
1622 412 1680 465 8.
1738 410 2014 467 GALLUM
2067 409 2337 465 NOTITIA
2380 407 2737 465 IIISTORICA
3716 412 3777 463 ιε

545 534 657 585 haec
683 529 1003 585 Walafridus
1056 523 1137 594 (ιι)
1167 542 1176 575 :
1218 543 1233 573 ι
1276 524 1566 576 I‘rremissis
1609 539 1669 577 ex
1721 540 1866 577 more
1910 525 2101 577 divina:
2133 525 2177 584 Α
2206 525 2267 576 ad
2302 524 2413 577 liree
2445 524 2763 590 Basnagius?
2800 540 2816 571 ι
2852 521 2924 575 De
2948 526 3151 592 templo,
3187 523 3356 592 inquit
3390 525 3491 592 (d),
3524 526 3776 593 intelligit

546 620 811 673 libationis
860 618 1042 675 initiis,
1088 624 1206 681 post
1254 614 1534 665 lectionem
1567 613 1832 678 Evangelii
1884 626 2102 679 rogave-

544 720 668 762 runt
706 705 1053 759 venerabilem
1087 702 1294 755 Gallum
1342 708 1396 751 ut
1430 700 1749 751 multitudini
1782 715 1895 764 quae
1922 699 2104 751 aderat

550 799 694 850 verbi
732 797 903 849 oiiicio
932 808 1098 846 sacra:
1148 792 1506 844 instructionis
1539 792 1784 857 pabulum
1833 791 2101 843 ministra-

547 897 644 939 ret.
669 886 784 951 Qui,
814 892 1084 950 assumpto
1101 882 1300 936 Joanne
1319 882 1587 949 cpiscOpo,
1611 881 1827 950 gradum
1846 880 2099 944 ascendit,

545 993 610 1028 eo
645 977 887 1029 videlicet
916 982 1086 1039 pacto,
1118 981 1174 1023 ut
1214 972 1325 1037 ipse
1352 970 1564 1037 quidem
1610 954 1976 1022 aedilicationis
2020 970 2101 1022 in-

544 1074 831 1117 strnmenta
855 1064 1146 1130 colligeret,
1168 1062 1443 1129 cpiscopus
1460 1074 1585 1113 vero
1602 1060 1665 1112 ad
1684 1058 1957 1113 utilitatem
1982 1059 2103 1113 bar-

546 1157 788 1205 barorum
829 1154 960 1205 bene
1000 1152 1201 1220 prolata
1245 1152 1639 1219 interpretando
1687 1150 2098 1204 transfunderet.

544 1242 713 1308 Coepit
758 1256 882 1307 ergo
928 1243 1142 1295 verbum
1195 1242 1369 1295 facere
1414 1240 1479 1293 de
1525 1241 1672 1294 initio
1718 1250 2101 1304 creaturarum,

544 1339 596 1382 et
623 1331 747 1382 Adin
790 1340 1059 1396 peccatum
1090 1346 1183 1398 pro
1214 1344 1317 1398 quo
1362 1330 1611 1396 depulsus
1652 1339 1732 1383 est
1761 1330 1827 1382 de
1857 1330 2104 1397 paradiso

544 1432 972 1470 commemorare.
1003 1419 1282 1473 Transcins
1314 1418 1433 1470 inde
1476 1418 1539 1468 ad
1569 1418 1849 1481 diluvium,
1882 1417 2105 1483 patriar-

543 1506 756 1560 charum
806 1518 1189 1574 consequenter
1235 1516 1468 1572 tempora
1502 1506 1809 1573 perstrinxit
1847 1517 1900 1558 et
1933 1516 2099 1559 actus.

548 1597 797 1664 Egressus
820 1612 1027 1664 quoque
1052 1596 1276 1648 ﬁliorum
1306 1594 1459 1647 Israel
1487 1597 1550 1647 de
1578 1594 1826 1662 zEgyptn,
1858 1604 1911 1647 et
1933 1605 2104 1647 trans—

542 1686 667 1738 itum
701 1701 791 1753 per
820 1701 965 1738 mare
1009 1685 1269 1749 Rubrum,
1301 1684 1534 1751 legisque
1562 1674 1809 1737 lationem
1842 1700 1934 1752 per
1960 1683 2103 1751 Moy-

538 1790 652 1836 sen,
683 1786 734 1827 et
762 1775 989 1827 caelestis
1021 1775 1250 1827 alimenti
1284 1776 1530 1827 miracula
1574 1775 1865 1841 replicavit.
1902 1774 2101 1841 Regum

2208 623 2420 667 Sanctus
2451 614 2653 676 Gallus,
2686 628 2801 680 qua:
2840 615 2903 667 de
2927 616 3074 667 rebus
3118 631 3146 665 a
3180 616 3330 668 Patre
3361 616 3462 669 sibi
3508 608 3797 667 mandatis‘

2207 704 2524 770 prmdicabat
2576 704 2853 768 Christus;
2920 705 3147 770 indeque
3201 704 3489 768 concludit,
3548 708 3779 759 iiculneo

2206 805 2419 861 prorsus
2466 803 2797 859 argumento,
2839 793 3083 860 templum
3128 794 3194 844 ad
3235 793 3490 845 Christum
3535 809 3676 862 irque
3716 809 3777 845 ac

2209 881 2411 934 Patrem
2438 885 2699 948 pertinere.
2728 903 2743 932 ι
2774 882 2861 937 Sic
2892 884 2968 935 vir
2994 887 3368 959 κριτιχὼτατος.
3397 883 3578 952 Inepte
3599 887 3775 938 enim-

2206 984 2352 1023 vero.
2400 990 2417 1020 ι
2457 970 2647 1038 Vulgus
2678 971 2883 1039 quidem
2933 972 3277 1039 interpretum
3324 971 3444 1042 [viri
3475 973 3775 1028 doctissimi

2208 1060 2378 1113 verbis
2412 1058 2552 1129 utor]
2582 1062 2651 1126 (ε)
2685 1061 2884 1114 huncce
2913 1062 3105 1126 locum,
3134 1064 3185 1112 in
3214 1063 3289 1114 his
3319 1077 3431 1129 qua:
3474 1060 3667 1127 Patris,
3699 1065 3776 1116 sic

2206 1149 2401 1213 accipit
2430 1158 2484 1200 ut
2509 1148 2866 1215 subintelligat
2890 1151 3113 1215 negotia,
3144 1150 3346 1202 scilicet
3391 1152 3441 1201 in
3472 1148 3642 1201 Putris
3687 1166 3776 1202 ne-

2205 1238 2373 1304 gotiis.
2420 1236 2609 1287 Verum
2639 1234 2844 1287 etiamsi
2872 1234 2983 1287 [nec
3012 1235 3205 1288 locutio
3229 1252 3335 1287 esse
3363 1237 3415 1287 in
3438 1237 3648 1304 negatiis
3676 1238 3776 1289 ali-

2205 1331 2347 1396 cujus
2395 1342 2495 1379 non
2540 1327 2673 1379 mala
2702 1328 2791 1391 sit,
2827 1341 3085 1395 nusquam
3132 1337 3305 1380 tamen
3354 1328 3541 1396 legitur
3568 1332 3772 1381 essein

2207 1417 2302 1479 his,
2332 1430 2425 1482 pro
2468 1415 2518 1467 in
2546 1416 2779 1482 negotiis.
2815 1414 3006 1467 Contra
3034 1429 3161 1468 vero
3190 1416 3476 1467 innumeris
3513 1416 3771 1481 exemplis

2205 1508 2446 1559 evincere
2476 1520 2753 1572 possumus
2784 1506 2928 1569 illud,
2962 1508 3009 1557 ἐν
3044 1514 3145 1563 τοῖς
3191 1512 3278 1559 τοῦ
3326 1507 3538 1578 πατρὸς,
3588 1506 3639 1557 in
3688 1507 3767 1556 Itis

2204 1611 2313 1657 qua:
2338 1593 2508 1647 Patris
2539 1603 2675 1659 sunt,
2706 1593 3006 1660 signiﬁcare
3037 1582 3303 1659 paternam
3334 1593 3581 1655 domum;
3630 1595 3769 1645 sicut

2207 1685 2443 1745 herilem,
2478 1685 2523 1735 ἐν
2546 1692 2650 1741 τοῖς
2677 1690 2764 1735 τοῦ
2795 1682 3063 1745 δεσπότου,
3101 1683 3152 1735 in
3185 1682 3260 1732 his
3284 1697 3394 1748 qua:
3415 1682 3604 1735 dom‘ni
3628 1691 3765 1734 sunt.

2202 1777 2251 1828 ἐν
2283 1782 2385 1832 τοῖς
2421 1774 2575 1842 Λμάν,
2615 1774 2667 1823 in
2700 1774 2847 1823 doma
2874 1774 3055 1835 Aman,
3087 1780 3143 1824 ut
3174 1771 3308 1824 hanc
3337 1773 3653 1825 locutionem
3687 1775 3769 1826 itt-

540 1866 730 1919 ileiudc
774 1866 1135 1919 successiones
1165 1877 1218 1919 et
1249 1877 1479 1933 tempora
1510 1867 1883 1933 prephctarum
1915 1864 2089 1917 brevi-
2125 1855 2168 1914 B
2197 1872 2513 1928 terpretatur
2542 1861 3069 1928 vulgatusinterpres
3096 1862 3283 1913 Esther
3310 1877 3399 1924 vn,
3428 1866 3479 1925 ε),
3522 1872 3577 1915 et
3606 1862 3773 1930 Syra-

541 1964 621 2007 ter
664 1956 946 2021 attingens,
998 1955 1254 2008 adventus
1300 1954 1557 2007 Dominici
1591 1962 1797 2018 tempus
1848 1951 2093 2005 retewit.

548 2044 863 2111 Ilaplismttm
894 2044 1048 2097 etiam
1081 2044 1367 2097 Salvatoris
1405 2053 1456 2097 et
1483 2044 1797 2097 inirabilium
1845 2044 1959 2111 ejus
1986 2044 2096 2111 glo-

543 2135 673 2187 riam
704 2148 1141 2195 commemorans,
1173 2133 1343 2185 crucis
1384 2133 1722 2200 ignominiam
1771 2148 1888 2185 cum
1922 2132 2097 2199 impiis

540 2224 941 2275 insectationem
986 2223 1267 2289 generibus
1308 2223 1478 2273 veraci
1518 2222 1771 2274 relatione
1801 2220 2091 2287 subjunxit.

543 2312 663 2365 time
690 2312 957 2365 audientes
996 2311 1234 2365 ecclesia.-
1274 2320 1527 2377 pastores,
1557 2324 1676 2364 cum
1711 2311 1890 2377 populi
1921 2310 2097 2363 multi-

542 2402 719 2453 tudine
766 2401 1020 2467 laerymas
1052 2400 1297 2453 fuderunt
1336 2401 1659 2460 uberrimas;
1692 2410 1744 2452 et
1771 2398 1836 2451 ad
1868 2399 2095 2452 invicem

543 2492 785 2541 dixerunt
820 2507 829 2537 :
863 2487 995 2540 Vere
1040 2484 1269 2553 Spiritus
1315 2496 1525 2539 sanctus
1572 2488 1773 2540 locutus
1816 2496 1897 2541 est
1942 2486 2096 2540 hodie

542 2594 634 2643 per
687 2593 745 2629 es
797 2577 893 2629 viri
954 2578 1119 2630 istius.
1172 2577 1264 2630 llle
1324 2590 1449 2630 vero
1491 2577 1919 2644 prcedicationem
1980 2592 2097 2645 per-

542 2671 687 2721 duxit
730 2682 893 2736 usque
935 2668 997 2721 ad
1045 2668 1480 2721 reSurreCtionem
1513 2654 1729 2731 Christi,
1761 2675 1813 2721 et
1859 2668 1908 2720 in
1953 2680 2095 2720 com-

546 2760 927 2813 memoratione
975 2760 1237 2827 generalis
1284 2759 1462 2827 iudicii
1522 2758 1843 2813 terminavit.
1899 2760 2095 2811 Omnes

542 2862 668 2915 ergo
695 2849 780 2915 qui
811 2849 1048 2910 aderant,
1084 2846 1242 2900 alacri
1284 2849 1471 2901 mentis
1516 2848 1864 2902 exsultatione
1889 2846 2093 2913 repleti,

545 2935 921 2990 beiiedsceliant
950 2936 1244 3000 Dominum,
1275 2945 1326 2989 et
1371 2936 1432 2987 ad
1476 2949 1571 2988 sua
1611 2950 1731 2987 cum
1778 2934 1971 3001 gaudio
2016 2951 2096 2986 re-

547 3026 809 3078 meabant.
850 3043 867 3075 ι
908 3024 1169 3078 Hactenus
1202 3023 1538 3085 Walalridus,
1571 3023 1765 3090 egregii
1798 3023 1949 3089 hujus
1977 3036 2093 3074 ser-

546 3115 713 3167 monis
740 3110 1021 3166 summaiia
1053 3112 1217 3179 capita
1247 3126 1546 3166 recensens.
1598 3112 1793 3180 Estque
1840 3127 1965 3166 sane
1996 3115 2093 3164 hu-

539 3204 769 3271 jusmodi
800 3206 1106 3272 opusculum
1139 3204 1444 3271 praeclarum
1489 3214 1541 3258 et
1571 3203 1819 3257 eximium
1846 3203 2091 3257 ecclesia-
2123 3177 2168 3240 C

544 3296 687 3347 stica:
718 3295 1035 3361 antiquitatis
1064 3303 1478 3356 monumentum,
1513 3301 1567 3345 ut
1594 3292 1710 3359 jure
1734 3301 1950 3346 censent
1975 3306 2095 3345 eru-

546 3389 637 3439 diti
669 3388 878 3441 Galliea:
904 3387 1145 3440 Ilistoria:
1174 3387 1438 3440 litterarize
1471 3386 1751 3453 scriptores
1781 3385 1884 3455 (ὁ).

618 3478 701 3531 lll.
729 3476 781 3530 In
805 3478 957 3530 aliam
984 3488 1152 3531 tamen
1180 3478 1488 3531 sententiam
1501 3476 1567 3530 de
1593 3476 1808 3544 hujusce
1837 3476 2095 3529 sermonis

546 3569 714 3636 pretio
742 3569 868 3622 abiit
898 3570 1198 3635 Basnagius,
1226 3572 1310 3637 qui
1343 3569 1589 3621 nonnulla
1618 3570 1667 3620 in
1697 3582 1761 3621 eo
1786 3568 2095 3636 castiganda

548 3658 883 3712 existimavit.
916 3658 990 3712 E1
1026 3660 1087 3711 lis
1122 3674 1247 3712 vero
1275 3674 1391 3727 qua:
1419 3658 1537 3711 huic
1566 3658 1768 3712 censori
1799 3656 1934 3710 haud
1973 3672 2094 3725 pro-

548 3748 754 3809 bantur,
787 3762 945 3798 uunm
993 3748 1230 3801 ducimus
1277 3746 1795 3801 animadvertendum
1835 3763 1847 3797 ε
1895 3746 2093 3814 reliqua

545 3837 685 3890 enim
731 3838 855 3890 nihil
905 3851 1186 3902 moramur,
1231 3853 1346 3890 cum
1390 3840 1441 3891 in
1489 3839 1589 3892 illis
1632 3838 1741 3892 sive
1791 3838 1987 3892 nodum
2038 3838 2090 3892 in

546 3929 718 3996 scirpo
743 3937 961 3995 quaerat,
993 3930 1101 3981 sive
1130 3930 1351 3993 partium
1378 3931 1551 3982 studio
1575 3929 1846 3996 abreptum
1876 3945 1934 3983 se
1962 3945 2095 3997 pra:-

548 4019 685 4071 beat.
720 4017 884 4069 Locus
914 4026 1083 4071 autem
1119 4020 1165 4069 in
1199 4019 1378 4083 primis
1412 4018 1667 4087 Basnagio
1696 4028 1904 4073 notatus
1932 4022 2007 4073 sic
2036 4036 2095 4075 se

546 4108 699 4159 habet
726 4108 797 4173 (ι’)
832 4126 841 4157 ;
878 4125 895 4156 ι
939 4107 1251 4159 Duodecimo
1298 4108 1465 4161 aetatis
1496 4122 1631 4161 anno
1662 4106 1945 4177 (Christus)
1974 4124 2093 4162 cum

545 4198 593 4248 in
642 4197 832 4263 templo
879 4196 1180 4260 parentibus
1226 4194 1535 4249 remaneret
1567 4198 1873 4264 ignaris,....
1921 4208 1972 4249 et
2023 4198 2091 4250 ibi

545 4304 661 4340 eum
708 4296 825 4353 post
854 4288 1077 4339 triduum
1108 4287 1156 4339 in
1187 4286 1360 4339 medio
1385 4285 1654 4339 doctorum
1710 4285 2094 4353 sapientissime

543 4392 599 4431 se
626 4386 865 4445 agentem
898 4376 1235 4441 rept*ris.~Cl|l,
1270 4377 1619 4443 interregantc
1663 4385 1826 4429 matre
1855 4390 1948 4429 cur
1972 4391 2090 4430 eam

544 4466 811 4517 dolentem
864 4465 1177 4531 reliquiSset,
1228 4465 1495 4531 respondit
1524 4483 1535 4515 :
1570 4463 1630 4517 In
1674 4465 1753 4517 Ιιὲε
1789 4481 1900 4532 qua:
1924 4464 2092 4521 Patris
2120 4504 2171 4561 Β

546 4556 640 4605 mei
662 4563 800 4616 sunt,
845 4564 1035 4619 oportet
1066 4571 1141 4607 me
1171 4569 1301 4616 esse;
1334 4553 1509 4617 utique
1540 4553 1807 4609 insinuans
1838 4556 2092 4623 templum

546 4660 647 4697 non
682 4645 852 4697 minus
880 4644 940 4696 ad
969 4658 1024 4695 se
1050 4658 1202 4711 quam
1235 4644 1295 4695 ad
1328 4644 1485 4696 Deum
1517 4642 1720 4697 Patrem
1750 4646 2035 4710 pertinere.
2071 4664 2088 4695 ι

548 4738 668 4790 llrec
716 4749 924 4789 saueius
956 4736 1151 4798 Gallus,
1201 4734 1426 4802 optimus
1474 4748 1599 4789 sane
1647 4736 1925 4805 interpres.
1958 4737 2090 4802 Quid

620 4887 694 4953 (α)
738 4884 979 4943 \\’alarr.,
1007 4884 1096 4937 lib.
1126 4883 1250 4953 ide
1281 4884 1392 4935 Vita
1423 4884 1479 4937 S.
1511 4880 1663 4945 Galli,
1698 4897 1811 4949 cap.
1835 4883 1925 4947 23,
1958 4897 2093 4949 apud
2157 4880 2161 4885 ’

552 4951 768 5015 διιοίηιι..
803 4957 835 5005 ι.
865 4970 935 5015 c.,
969 4970 1082 5020 pag.
1116 4951 1240 5003 252.

618 5024 691 5093 (b)
736 5025 863 5093 llist.
895 5022 1049 5075 litter.
1080 5020 1145 5074 de
1164 5023 1216 5093 la
1246 5022 1463 5093 France,
1492 5020 1734 5093 ιοιηειιι,
1771 5035 1883 5088 pag.
1915 5021 2037 5073 563.

620 5090 691 5161 (ε)
734 5092 889 5155 Gal|.,
925 5094 1117 5155 Serm.,
1152 5090 1253 5157 ξι,
1289 5091 1441 5161 intra,
1478 5104 1592 5157 pag.
1614 5092 1744 5161 775;).

623 5156 701 5230 (α’)
744 5162 993 5229 llasnage,
1029 5156 1184 5213 'l'bes.
1219 5160 1417 5221 Canis.,
1452 5156 1578 5212 tum.
1610 5160 1646 5221 Ι,
1683 5174 1799 5227 pag.
1832 5156 1955 5221 784,
2000 5157 2098 5209 sub

555 5232 667 5295 lin.,
698 5247 837 5284 num.
869 5232 919 5282 4.

624 5300 691 5367 (ε)
733 5300 910 5368 Lamy.
940 5300 1233 5352 Comment.
1265 5298 1316 5368 in_
1344 5296 1598 5368 Concore.
1632 5296 1903 5368 Ev;i_ttgel.,
1936 5297 2024 5351 lib.
2059 5313 2095 5361 ι,

554 5365 784 5434 ςθρζίῦ,
820 5365 964 5439 pagg.
998 5369 1062 5421 58
1094 5382 1233 5439 seq.,
1258 5365 1382 5439 edit.
1418 5365 1581 5417 Palis.
1616 5366 1768 5439 Iulli).

735 5431 865 5498 l’oll,
891 5431 1119 5505 SyIIOPS.
1154 5436 1424 5500 Ctilicor.,
1460 5445 1584 5505 tum.
1615 5436 1699 5497 IV,
1728 5448 1843 5501 pag.
1872 5431 1996 5485 857.

622 5502 699 5573 to)
744 5502 993 5563 lllatrluv”
1023 5511 1405 5573 Auctor._sacr.
1439 5504 1591 5557 class.
1626 5506 1825 5559 deletis.
1880 5513 2005 5557 tom.
2042 5502 2100 5569 ll,

556 5571 692 5643 part.
721 5591 759 5640 ι,
798 5590 913 5643 cap.
945 5575 989 5637 l,
1021 5589 1116 5643 pag
1166 5571 1269 5628 404
1298 5589 1408 5641 seq.

2197 1952 2376 2006 cliides
2418 1966 2545 2016 XLII,
2574 1952 2659 2013 Η),
2693 1953 2741 2003 ἐν
2787 1958 2889 2010 τοῖς
2934 1958 3200 2020 πατρικοῖς
3241 1952 3415 2010 αὐτῆς,
3458 1951 3509 2001 in
3548 1954 3774 2018 paternis

2196 2048 2324 2109 eius,
2365 2043 2700 2110 subintellige
2728 2042 2950 2095 aedibus.
2998 2040 3085 2094 Sic
3123 2045 3170 2094 ἐν
3200 2049 3302 2100 τοῖς
3334 2047 3424 2094 τοῦ
3456 2043 3586 2105 Διὸς,
3629 2042 3773 2108 apud

2198 2134 2482 2201 Joseplunu
2533 2143 2714 2185 contra
2762 2132 3012 2199 Apionem
3049 2149 3059 2182 :
3094 2133 3145 2183 in
3180 2132 3255 2182 liis
3288 2146 3398 2198 qua:
3432 2129 3571 2183 lovis
3617 2142 3759 2194 sunt,

2201 2225 2247 2276 id
2272 2234 2373 2287 est,
2404 2226 2455 2277 iii
2482 2224 2677 2290 templo
2699 2223 2862 2275 Iovis.
2887 2223 3159 2290 Templum
3193 2224 3555 2289 appellabatur
3578 2226 3761 2276 damus

2207 2315 2317 2367 Dei.
2353 2315 2422 2365 Ita
2442 2314 2551 2379 ipse
2578 2314 2730 2367 .Iesus
2760 2312 2885 2364 illud
2914 2313 3147 2379 appellat
3166 2310 3343 2376 (Joan.
3373 2327 3429 2375 ιι,
3456 2311 3567 2379 lii).
3587 2312 3770 2381 Itaque

2202 2404 2481 2470 responsio
2513 2403 2717 2454 Domini
2750 2402 3101 2454 conveniebat
3145 2402 3374 2466 querelis
3404 2402 3586 2452 matris
3620 2417 3631 2451 :
3658 2400 3769 2453 Cur

2196 2495 2316 2548 alibi
2349 2509 2433 2548 me
2461 2494 2777 2560 quaerebatis
2807 2506 2961 2559 quam
3001 2492 3086 2543 ubi
3134 2506 3218 2544 me
3257 2505 3375 2543 esse
3403 2490 3642 2549 decebat,
3686 2491 3768 2542 ni-

2198 2586 2384 2637 mirum
2418 2584 2468 2635 in
2505 2583 2718 2648 templo,
2753 2583 2911 2634 domu
2938 2580 3106 2633 Patris
3134 2581 3274 2633 mei?
3318 2580 3439 2631 alibi
3484 2580 3625 2632 enim
3657 2594 3767 2633 non

2197 2674 2515 2742 quazrendus
2544 2686 2670 2740 puer
2708 2687 2861 2737 quam
2906 2673 2956 2723 in
2985 2672 3144 2722 domo
3175 2679 3418 2735 paterna.
3442 2670 3765 2734 Quadrabat,

2198 2765 2430 2832 inquam,
2458 2760 2730 2827 responsio
2751 2758 2945 2812 Christi
2972 2760 3146 2813 verbis
3177 2760 3377 2821 Marize,
3408 2770 3461 2811 ut
3493 2760 3767 2827 eleganter

2198 2864 2343 2907 natat
2369 2854 2793 2921 Theophylactus
2826 2868 2839 2903 :
2872 2866 2989 2903 cum
3035 2851 3175 2905 enim
3224 2851 3308 2903 illa
3339 2850 3478 2916 lose,
3502 2852 3533 2901 h
3585 2852 3762 2904 nemio

2198 2955 2373 2998 nasset
2404 2955 2637 3009 patrem;
2668 2944 2754 2995 ille
2785 2942 2914 2994 dixit
2948 2960 2959 2993 ί
2992 2941 3104 2994 Νοιι
3139 2942 3223 2993 hic
3255 2956 3409 2993 verus
3439 2950 3586 3007 pater
3614 2956 3767 2993 mens

2198 3045 2296 3093 est,
2329 3036 2522 3101 alioqui
2572 3033 2622 3084 in
2653 3032 2811 3085 domo
2842 3032 2955 3097 ejus
3006 3032 3314 3083 mansissem
3349 3046 3363 3082 :
3391 3030 3481 3083 sed
3514 3028 3652 3083 Deus
3681 3042 3768 3084 est

2201 3124 2351 3180 Pater
2379 3137 2543 3183 meus,
2577 3131 2631 3175 et
2661 3130 2943 3188 propterea
2991 3120 3039 3173 in
3072 3119 3231 3173 domo
3281 3119 3415 3172 illius
3455 3132 3605 3181 sum;
3662 3117 3767 3171 hoc

2197 3224 2297 3280 est,
2330 3216 2378 3266 in
2407 3215 2600 3282 templo
2634 3196 2793 3267 illitis.
2831 3230 2850 3262 ι
2923 3212 3188 3265 Hactenus
3221 3212 3280 3263 V.
3311 3209 3373 3265 (ἒ.
3407 3209 3583 3279 Neque
3613 3212 3768 3264 aliter

2198 3306 2283 3355 alii
2322 3304 2660 3355 eruditissimi
2692 3302 2808 3364 viri,
2850 3301 3007 3353 Polus
3059 3300 3304 3353 nimirum
3334 3301 3423 3369 (ί),
3467 3300 3764 3354 Blackwal-

2199 3396 2277 3445 lus
2309 3393 2406 3459 (gl,
2443 3391 2623 3446 Bosius
2654 3391 2754 3458 (It),
2798 3390 2967 3445 Oltius
3007 3388 3099 3458 (ἱ),
3141 3387 3359 3442 Wolﬁus
3409 3392 3480 3457 (j)
3526 3400 3580 3443 et
3608 3392 3763 3443 (Itas-

2198 3483 2302 3535 sius
2325 3484 2419 3551 (Κ),
2450 3493 2506 3537 ιιι
2534 3483 2663 3536 alios
2691 3490 3065 3549 prretereamus
3093 3497 3107 3532 :
3134 3496 3354 3549 quorum
3383 3472 3542 3532 unum
3569 3480 3761 3533 saltem

2198 3570 2240 3621 si
2267 3571 2546 3623 consulere
2572 3569 2857 3637 Basnagius
2888 3569 3144 3632 duxisset,
3180 3585 3280 3622 non
3334 3570 3509 3635 utique
3538 3567 3761 3634 ﬁculneo

2200 3675 2426 3724 prcrsus,
2463 3668 2517 3711 ut
2546 3659 2787 3727 equidem
2832 3666 2977 3726 puto,
3007 3658 3099 3711 sed
3129 3657 3278 3710 valde
3320 3658 3559 3725 apposito
3602 3672 3763 3724 argu-

2199 3758 2377 3801 mento
2420 3748 2747 3802 conclusisse
2794 3759 3034 3801 sanctum
3081 3748 3284 3803 Gallum
3341 3748 3759 3814 pronuntiaSsel,

2198 3851 2259 3891 ex
2294 3836 2468 3890 verbis
2507 3838 2664 3901 illius,
2695 3838 2747 3889 in
2775 3840 2849 3889 his
2878 3852 2989 3901 qua:
3016 3836 3182 3889 Patris
3209 3837 3305 3889 mei
3337 3848 3473 3902 sunt,
3505 3836 3759 3906 templum

2199 3927 2261 3978 ad
2286 3925 2549 3978 Christum
2579 3939 2727 3992 aeque
2755 3940 2815 3978 ac
2847 3926 3052 3980 Patrem
3084 3927 3367 3993 pertinere.

2268 4016 2415 4081 Quod
2460 4024 2717 4083 superest,
2748 4016 3123 4082 advertendum
3167 4032 3285 4069 cum
3318 4020 3443 4071 viris
3470 4019 3638 4073 ductis
3665 4033 3765 4075 su-

2200 4110 2373 4176 perius
2406 4106 2624 4158 laudatis
2652 4106 2735 4173 (ι),
2766 4107 3046 4173 epistolam
3079 4119 3141 4159 ex
3181 4104 3394 4160 Cauisio
3427 4109 3763 4176 desumptam

2203 4201 2294 4267 (ιη)
2348 4197 2754 4263 inscriptamque
2810 4198 3080 4250 Desiderio
3122 4198 3370 4265 episcopo
3413 4197 3767 4268 Cadurcensi,

2198 4304 2353 4356 quam
2396 4296 2510 4353 post
2545 4285 2809 4341 Usserium
2842 4287 2921 4355 (ιι)
2952 4287 3150 4340 Caveus
3184 4288 3256 4356 (ο)
3306 4297 3358 4340 et
3390 4285 3659 4343 Fabricius
3688 4293 3769 4361 (p)

2200 4380 2431 4433 tribuunt
2461 4376 2516 4434 S.
2541 4377 2689 4433 Gallo
2718 4376 2785 4431 de
2814 4392 2917 4445 quo
2949 4378 3034 4431 hic
3062 4392 3257 4440 sermo,
3290 4376 3446 4431 alium
3476 4378 3533 4433 S.
3554 4378 3768 4434 Gallum

2198 4482 2486 4537 agnoscere
2512 4477 2799 4528 auctorem,
2826 4467 3129 4533 episcopum
3156 4481 3341 4534 nempe
3366 4466 3771 4523 Claromonten-

2201 4572 2314 4609 sem
2348 4556 2500 4621 hujus
2545 4553 2773 4606 nominis
2817 4552 2858 4605 ll
2886 4554 2951 4607 de
2981 4568 3083 4623 quo
3112 4565 3353 4610 auctores
3383 4555 3565 4610 Gallias
3608 4558 3769 4612 Citri-

2202 4647 2387 4702 stiana:
2417 4642 2721 4699 consulendi
2749 4642 2845 4711 (q).

2274 4884 2352 4949 (Ii)
2398 4884 2541 4945 Bos.,
2564 4881 2741 4948 Ellips.
2763 4879 2955 4940 Crine,
2978 4893 3026 4945 p.
3050 4877 3175 4949 2.33,
3193 4879 3321 4933 edit.
3343 4877 3765 4949 Norimb.gl763.

2274 4946 2342 5018 (ii
2374 4954 2568 5013 Ottius,
2609 4946 2789 5017 spicil.
2817 4965 2882 5001 ex
2910 4950 3051 5000 Flav.
3096 4947 3336 5015 Ioseph.,
3381 4965 3497 5014 pag.
3528 4946 3599 4999 25
3625 4952 3761 5003 edit.

2206 5022 2427 5075 llaverc.

2271 5092 2345 5157 (j)
2390 5088 2568 5149 \\'oli.,
2598 5085 2721 5157 ριιι.
2757 5085 2940 5157 Philol.
2978 5095 3103 5157 tom.
3138 5084 3174 5149 l,
3211 5097 3326 5151 pag.
3360 5084 3484 5137 535.

2278 5111 2288 5157 ι
2330 5111 2345 5155 )
2395 5111 2568 5149 \VUH.’
2598 5111 2721 5137 ultr.
2759 5111 2940 5137 ιίιιιυι.
2978 5111 3103 5136 ιυιιι.
3139 5111 3174 5149 ΙΙ
3212 5111 3326 5151 νιιδ.
3360 5111 3484 5137 ddi).

2278 5111 2349 5223 (Ir)
2391 5157 2587 5215 Glass,
2614 5153 2797 5207 Philol.
2824 5168 2982 5213 sacr.,
3012 5156 3101 5207 lib.
3133 5169 3214 5217 Ill,
3243 5164 3393 5205 tract.
3420 5168 3475 5216 tt,
3502 5154 3762 5220 pang.

2275 5222 2337 5293 (ι)
2384 5228 2515 5278 Hist.
2557 5224 2713 5275 litter.
2744 5230 2807 5276 de
2836 5224 2882 5275 la
2934 5225 3151 5284 France,
3185 5232 3311 5293 tum.
3347 5222 3431 5288 lll,
3466 5237 3580 5289 pag.
3606 5223 3737 5277 505.

2278 5292 2371 5364 (in)
2415 5296 2571 5348 Thes.
2603 5295 2803 5355 Cauis.,
2838 5304 2969 5344 tum.
3004 5295 3190 5364 l,7pag.
3217 5292 3337 5364 b36.

2277 5357 2363 5433 (ιι)⁷
2399 5366 2596 5426 Usser.,
2626 5364 2821 5428 Syllug.
2860 5373 3018 5413 veter.
3050 5357 3214 5433 Epist.
3251 5363 3486 5433 Iliberri”
3519 5373 3637 5427 pag.
3668 5357 3760 5410 22.

2280 5429 2356 5503 (ο)
2396 5434 2543 5493 Cav.,
2578 5433 2918 5503 llist_._li_lter.,
2947 5444 3081 5503 tetu.
3117 5429 3155 5494 I,
3191 5445 3302 5498 pag.
3330 5431 3454 5503 5871.

2284 5500 2359 5570 (ρ)
2402 5503 2628 5561 Fabric.,
2679 5500 2808 5551 llibl.
2843 5500 2982 5552 med.
3016 5500 3204 5563 Latin.,
3239 5510 3364 5570 tuin.
3399 5500 3480 5565 ιιι,
3512 5511 3627 5569 pag.
3663 5500 3752 5557 Η,

2288 5567 2363 5641 (ς)
2404 5572 2539 5631 Gall.
2571 5570 2745 5624 Christ
2774 5606 2790 5632 ,
2822 5581 2948 5621 tom.
2982 5570 3043 5635 Il,
3064 5584 3177 5641 pag.
3208 5567 3334 5624 2H.
