3918 6364
170 493 3397 548 W

1064 613 1741 805 senon
1815 691 2370 826 GALLI
2405 758 2449 825 ,

1354 921 1616 971 ABBATIS
1652 920 1729 971 ET
1764 921 2206 984 CONl-‘ESSORIS,

979 1121 1305 1198 SERMO
1367 1123 1816 1203 HABITUS
1873 1125 2571 1208 CONSTANTUE.

1348 1407 1610 1470 (Gallarnd.,
1637 1408 1758 1459 Bibl.
1785 1407 1913 1458 Patr.
1939 1416 2053 1461 tom.
2080 1409 2210 1472 XII.)

256 1667 635 1736 Sempiteruus
656 1664 1710 1729 etintestimabilislleus,cumcozeterna
1741 1668 1919 1735 Aipsi
1975 1669 2255 1738 pepercit,
2309 1678 2508 1726 tantum
2561 1689 2590 1728 a
2645 1675 2756 1732 Deo
2808 1679 3087 1749 terrigenis
3140 1683 3394 1742 honorem

137 1762 227 1815 sibi
248 1762 542 1828 sapientia,
577 1760 682 1813 hoc
705 1769 809 1821 est,
839 1757 975 1811 Filio
999 1757 1351 1832 sempiterno,
1376 1767 1430 1810 et
1453 1759 1715 1813 charitate

137 1852 230 1903 sibi
259 1860 314 1902 et
346 1849 486 1903 Filio
529 1863 629 1902 suo
652 1848 1101 1915 consempiterna,
1136 1846 1190 1900 id
1218 1857 1321 1910 est,
1355 1847 1556 1917 Spiritu
1585 1863 1714 1904 san-

135 1952 236 2002 ctu,
260 1943 470 2010 absque
500 1941 612 1994 ulla
641 1940 998 1995 inchoatiouis
1030 1940 1108 1993 vel
1151 1942 1410 2009 temporis
1441 1940 1714 1995 mutabili-

134 2042 255 2098 tate,
285 2033 370 2085 vel
395 2032 640 2086 locorum
663 2030 748 2083 vel
772 2029 1188 2084 ministeriorum
1213 2028 1531 2098 indigentia,
1569 2042 1713 2085 sem-

133 2138 221 2188 per
252 2127 303 2174 in
336 2127 636 2188 semetipso
667 2123 822 2174 beata
853 2129 907 2173 et
939 2119 1232 2173 immortali
1264 2119 1549 2187 majestate
1578 2120 1716 2174 sub-

132 2214 339 2266 sistens.
369 2211 721 2279 Nequaquam
745 2220 919 2273 tamen
949 2211 1066 2265 sine
1093 2224 1329 2280 congruo
1357 2211 1461 2265 sibi
1490 2218 1514 2245 ⁸
1537 2214 1710 2266 servi-

131 2305 317 2354 tiorum
362 2300 632 2369 obsequio
678 2301 954 2355 solitarius
1000 2301 1260 2355 mansisse
1309 2300 1580 2368 putandus
1608 2312 1713 2366 est,

128 2411 242 2447 cum
289 2393 739 2448 manifestissime
787 2393 931 2446 dicat
977 2393 1310 2461 Apostolus:
1349 2391 1517 2463 Elegit
1544 2410 1635 2447 nos
1662 2395 1714 2447 in

128 2487 324 2539 Christo
347 2499 473 2540 ante
492 2485 900 2538 constitutionem
926 2486 1104 2538 utendi
1135 2483 1351 2555 (Ephes.
1389 2499 1429 2550 ι,
1459 2484 1516 2552 ι)
1538 2500 1552 2549 ;
1577 2499 1714 2551 pra:-

125 2579 490 2631 destinatiOne
533 2575 739 2630 scilicet
785 2585 1012 2640 aeterna,
1063 2591 1169 2629 non
1202 2578 1476 2630 creatione
1507 2584 1712 2643 tempo-

123 2667 446 2731 raria,"sed
485 2666 766 2720 vocatione
807 2666 1062 2735 gratuita,
1107 2665 1191 2719 vel
1242 2664 1477 2719 indebita
1518 2665 1710 2734 gratia.

123 2757 221 2812 Sed
267 2757 360 2824 qui
409 2771 626 2825 semper
674 2758 851 2810 omnia
903 2755 1081 2810 futura
1132 2757 1184 2811 in
1227 2772 1324 2810 sua
1368 2758 1626 2822 bonitate,
1660 2770 1712 2812 et

124 2851 354 2904 maxime
381 2859 698 2902 sanctorum
732 2849 1065 2918 angelorum,
1097 2858 1152 2902 et
1178 2849 1454 2902 hominum
1485 2851 1712 2903 societa-

123 2957 249 3007 tem,
300 2940 722 3010 prmsentialiter
749 2941 1054 2996 contuendo
1082 2941 1234 3010 quasi
1268 2940 1406 2994 facta
1430 2940 1666 3008 disponit
1691 2958 1706 3007 ;

1823 1756 2080 1810 collatum
2110 1758 2424 1826 perdolens,
2454 1775 2638 1816 casum
2665 1778 2770 1832 quo
2798 1766 2912 1834 ipse
2941 1770 3204 1838 superbus
3235 1775 3395 1840 periit

1822 1845 2048 1900 incautis
2073 1855 2128 1900 et
2152 1845 2380 1902 fallacia:
2412 1852 2608 1906 nesciis
2637 1853 2853 1927 invidus
2884 1861 3148 1924 persuasit
3178 1879 3192 1927 ;
3232 1873 3288 1919 ut
3318 1866 3396 1920 vi-

1818 1931 2012 1987 delicet
2043 1949 2149 1989 non
2190 1947 2488 1993 creatorem
2523 1942 2912 2009 sempiternum
2955 1963 3050 2015 pro
3093 1950 3201 2004 Deo
3234 1967 3393 2009 vene-

1820 2022 1944 2086 rari,
1987 2023 2080 2077 sed
2125 2035 2424 2080 creaturam
2475 2033 2845 2098 temperatam,
2897 2032 2996 2088 huc
3040 2046 3144 2104 est,
3192 2042 3399 2109 seipsos

1817 2114 1916 2168 sibi
1951 2129 2046 2182 pro
2080 2115 2183 2170 diis
2219 2117 2416 2173 habere
2445 2119 2801 2179 delectatione
2850 2126 3124 2182 mortifera
3166 2143 3397 2186 consen-

1821 2207 2004 2259 tirent.
2037 2206 2192 2273 Quod
2234 2211 2525 2264 maximum
2559 2222 2609 2266 et
2642 2215 3083 2272 immanissimum
3118 2231 3392 2287 peccatum

1819 2306 1965 2349 tanta
2017 2295 2217 2366 flagitia
2273 2309 2328 2353 et
2379 2301 2618 2356 facinora
2669 2305 2751 2358 vel
2793 2306 2955 2359 etiam
3001 2309 3224 2363 crimina
3270 2325 3397 2366 sunt

1815 2389 2126 2454 subsecuta,
2161 2390 2444 2460 utjustitia
2486 2393 2670 2448 divina
2721 2397 2978 2451 mundum
3021 2415 3178 2467 quem
3223 2406 3398 2457 omni-

1815 2481 1976 2533 modo
2023 2481 2294 2538 decoravit
2341 2490 2551 2547 ornatu,
2603 2499 2723 2539 cum
2771 2486 3004 2542 humano
3027 2504 3224 2558 genere
3253 2494 3393 2561 quod

1814 2568 1989 2624 eidem
2038 2572 2270 2640 regendo
2312 2573 2567 2640 praefecit,
2605 2576 2758 2644 aquis
2786 2575 2969 2631 diluvii
2996 2579 3177 2634 delere
3207 2581 3398 2637 decre-

1814 2659 1969 2712 verit.
2007 2659 2073 2713 Et
2124 2660 2360 2725 faceret,
2408 2661 2511 2714 nisi
2562 2664 2782 2716 multam
2835 2667 3095 2722 malitiam
3152 2668 3437 2726 nostram'

1814 2750 1928 2818 ejus
1959 2752 2222 2805 immensa
2257 2753 2466 2807 bonitas
2497 2762 2798 2822 superaret.

1883 2842 1970 2896 Ill.
2019 2843 2156 2914 Ergo
2188 2859 2287 2899 nec
2317 2854 2461 2900 tanta
2506 2848 2711 2900 scelera
2753 2849 2919 2901 inulta
2949 2849 3258 2920 dereliquit,
3291 2867 3391 2909 nec

1815 2941 1991 2987 tamen
2021 2942 2321 2988 creaturam
2346 2934 2481 2990 bene
2503 2935 2774 2990 conditam
2805 2938 3017 3006 penitus
3045 2944 3392 3012 consumpsit.

120 3004 410 3102 a'iquando
455 3033 618 3086 etiam
667 3033 968 3098 przescitam
1019 3039 1072 3084 et
1100 3004 1555 3098 -pra:destinatam
1609 3004 1709 3086 im;
1740 3004 1784 3064 Β
1816 3022 1892 3077 Ex
1946 3024 2191 3078 omnibus
2239 3023 2566 3090 hominibus,
2597 3039 2707 3079 uno
2732 3004 2948 3082 deiecto
2975 3029 3143 3098 justo,
3179 3004 3392 3099 per-cu-

125 3122 305 3176 mobili
347 3121 586 3176 consilio
627 3129 950 3187 creaturam,
983 3121 1048 3172 ad
1090 3135 1150 3174 se
1180 3121 1528 3186 laudandum,
1563 3131 1618 3176 et
1645 3136 1712 3176 ex

122 3227 200 3276 se,
250 3221 309 3268 et
337 3213 394 3266 in
430 3228 517 3276 se,
549 3220 602 3266 et
632 3226 725 3280 per
749 3225 808 3264 se
839 3211 996 3265 beate
1039 3210 1323 3264 vivendum
1373 3212 1706 3279 omnipoten-

125 3303 329 3357 tissimo
353 3302 613 3370 dignatus
640 3310 721 3355 est
749 3299 963 3368 opiﬁcio
988 3313 1175 3354 creare
1206 3299 1272 3352 de
1304 3299 1494 3365 nihilo,
1527 3308 1582 3354 et
1613 3315 1709 3353 su-

126 3408 214 3459 per
251 3392 505 3446 cmtestia
546 3389 757 3459 quidem
811 3389 979 3444 beatis
1024 3389 1306 3458 spiritibus
1351 3390 1711 3444 habitaculum

127 3482 270 3544 fecit,
333 3491 544 3534 terram
594 3494 722 3532 vero
771 3477 962 3534 futuris
1017 3479 1319 3534 hominibus
1368 3482 1707 3549 prmparavit.

124 3571 359 3633 Quorum
402 3567 705 3621 creationis
734 3552 949 3621 causam
981 3581 1139 3621 nosse
1167 3582 1264 3621 uos
1292 3571 1562 3632 convenit,
1595 3569 1708 3623 fra-

125 3669 226 3711 tres
273 3655 754 3718 Cbrisuanissimi,
789 3670 877 3720 ne,
929 3657 1064 3710 viles
1096 3670 1190 3710 vos
1217 3665 1270 3710 et
1301 3656 1541 3726 abjectos
1567 3655 1710 3712 arbi-

125 3761 347 3815 trantes,
375 3749 650 3818 pecudum
679 3747 1086 3802 conversatione
1121 3747 1432 3816 dignitatem
1471 3756 1706 3802 vestram

121 3841 454 3895 nulliﬁcctis.

187 3931 248 3986 ll.
286 3929 442 3986 Deus
491 3943 704 3982 summe
747 3928 937 3991 bonus,
970 3926 1337 3983 benevolentia
1366 3926 1578 3998 plenus,
1626 3929 1706 3983 in-

121 4023 271 4076 vidis:
316 4036 546 4085 carens,
589 4019 805 4074 malitiae
859 4019 1111 4088 nescius,
1165 4021 1389 4089 spiritus
1439 4023 1705 4091 angelico:

118 4112 366 4181 exempio
411 4111 502 4164 sui
546 4108 889 4164 rationabiles
913 4125 1098 4166 creare
1124 4111 1414 4180 disposuit,
1445 4125 1502 4166 ut
1529 4113 1703 4179 ipsum

123 4204 408 4257 Dominum
442 4216 557 4257 suae
600 4211 986 4270 cognoscentes
1029 4202 1252 4272 originis
1296 4211 1590 4270 auctorem,
1621 4202 1702 4255 di-

123 4293 365 4348 lectionis
393 4293 522 4362 ejus
548 4292 866 4362 pinguedine
894 4292 1102 4355 reiecti,
1141 4293 1195 4346 in
1228 4293 1345 4361 ipso
1368 4293 1698 4349 delectaren-

124 4393 202 4436 tnr
228 4397 357 4437 esse
388 4382 559 4434 beati.
591 4381 695 4436 Sed
722 4396 846 4436 cum
894 4383 960 4436 de
1006 4380 1112 4436 illis
1136 4381 1321 4451 aliqui,
1366 4383 1600 4437 nondum
1632 4385 1698 4437 de

118 4476 231 4544 ejus
267 4474 572 4539 dulcedine
622 4474 922 4544 degustata,
966 4474 1173 4543 seipsos
1214 4476 1312 4530 sibi
1357 4490 1475 4531 esse
1505 4477 1702 4546 princi-

119 4571 258 4635 pium
288 4577 347 4620 et
377 4575 572 4635 caput,
602 4567 867 4633 vitamque
892 4574 947 4619 et
974 4565 1312 4632 suavitatem,
1342 4581 1502 4621 cursu
1534 4577 1699 4623 teme-

122 4659 258 4710 rario
285 4666 342 4711 et
374 4655 700 4710 stultissimo
751 4653 1073 4723 persuadere
1118 4655 1221 4709 sibi
1275 4667 1699 4723 praesumerent:

122 4748 263 4799 intus
295 4747 502 4800 inanes
543 4755 600 4798 et
640 4745 812 4810 vacui,
863 4743 1229 4814 superbiaque
1275 4746 1511 4814 pondere
1559 4762 1698 4814 pra:-

123 4837 352 4904 gravati,
406 4835 481 4890 de
532 4834 973 4905 tranquillissima
1013 4824 1268 4889 citatorum
1317 4835 1615 4890 habitacqu
1645 4837 1697 4891 in

125 4933 278 4999 hujus
327 4931 483 4983 aeris
533 4937 944 4996 tempestuosam
995 4927 1396 4994 turbulentiam,
1445 4943 1611 4998 usque
1647 4929 1699 4985 in

124 5024 256 5076 diem
302 5020 584 5091 generalis
612 5028 666 5075 et
689 5019 1002 5087 sempiterni
1027 5017 1234 5087 judicii,
1267 5021 1550 5090 repentino
1577 5029 1702 5076 sunt

124 5133 238 5173 casu
285 5115 524 5172 detrusi.
578 5113 684 5168 Sed
736 5109 1083 5167 immutabilis
1132 5112 1494 5182 benignissimi
1540 5111 1701 5168 Crea-

126 5209 254 5261 toris
297 5208 560 5261 voluntas
605 5203 926 5272 praaiinitum
979 5200 1269 5255 beatissimi
1317 5211 1487 5255 cmtus
1517 5215 1702 5255 nume-

123 5315 234 5352 rum
265 5298 530 5366 supplere
556 5295 867 5364 disponens,
886 5294 1192 5370 ihumanum
1222 5307 1392 5361 genus
1435 5295 1485 5346 in
1513 5307 1700 5346 eorum

123 5391 293 5442 locum
327 5383 632 5440 substituit.
678 5383 823 5450 Quos
872 5380 1114 5434 homines
1159 5382 1366 5434 ratione
1420 5382 1698 5448 praeditos,

126 5479 416 5547 praceptis
447 5476 762 5539 instructos,
790 5473 952 5528 minis
978 5473 1260 5535 coercitos,
1296 5473 1512 5540 proprio
1536 5471 1700 5526 dere-

123 5571 270 5638 liquit
321 5567 580 5634 arbitrio,
633 5574 690 5619 ut
735 5566 1030 5620 imitatione
1077 5564 1165 5619 Dei
1214 5579 1371 5634 prava
1418 5573 1473 5619 et
1522 5563 1699 5633 iniqua

1809 3114 1898 3181 jus
1948 3113 2362 3180 providentiam,
2417 3116 2528 3171 imo
2572 3131 2727 3172 suam
2776 3117 3218 3184 admonitionem,
3275 3121 3393 3175 talis

1811 3201 2057 3267 quaedam
2089 3215 2212 3254 arca
2242 3212 2668 3270 construeretur,
2713 3207 2765 3260 in
2797 3221 2900 3275 qua
2933 3207 3047 3274 ipse
3077 3222 3198 3262 cum
3230 3209 3392 3264 domo

1811 3307 1912 3348 sua
1961 3300 2015 3348 et
2062 3292 2270 3362 reliqua
2322 3299 2565 3349 creatura
2613 3295 2678 3350 ad
2727 3297 3160 3353 resuscitandum
3207 3314 3390 3356 semen

1811 3393 2169 3454 competente,
2202 3385 2255 3438 in
2297 3390 2565 3454 supremis
2593 3386 2717 3442 licet
2748 3388 3004 3456 periculis
3033 3404 3092 3444 se
3120 3391 3273 3459 quasi
3297 3391 3388 3447 de-

1811 3475 1977 3530 funCti
2004 3475 2187 3528 mundi
2213 3478 2555 3543 superstitem
2585 3493 2867 3533 remanere
2895 3481 3202 3535 miraretur.
3235 3481 3388 3537 Cum-

1809 3581 1913 3634 que
1937 3577 2057 3636 post
2085 3567 2247 3621 totius
2269 3569 2395 3621 anni
2430 3583 2582 3636 paene
2612 3569 2874 3624 circulum
2908 3586 3147 3641 prasaso
3177 3575 3390 3630 nomine

1809 3655 1924 3710 Noe
1969 3668 2356 3726 nuncupatum,
2407 3658 2560 3727 quasi
2611 3661 3003 3713 conSnIatorem
3049 3671 3230 3727 tantae,
3267 3663 3389 3718 licet

1806 3747 2116 3816 justissima:
2184 3750 2467 3814 vindictae,
2528 3750 2595 3803 de
2646 3752 2864 3805 claustri
2912 3752 3055 3806 illius
3109 3759 3382 3822 ergastulo

1811 3848 2024 3891 creator
2067 3839 2354 3893 miseratus
2397 3837 2692 3901 eduxisset.
2739 3849 2794 3892 et
2841 3840 3013 3907 ipsum
3063 3857 3185 3895 cum
3234 3846 3386 3911 prole

1806 3941 1924 3993 sua,
1971 3935 2030 3982 et
2070 3928 2416 3984 seminarium
2465 3939 2670 3984 cunctae
2697 3940 2959 3986 creatum
2990 3948 3126 3987 nova
3159 3933 3381 3988 benedi-

1807 4019 1986 4071 ctione
2039 4017 2248 4072 ditavit.
2301 4018 2529 4086 Jamque
2575 4022 2976 4074 renascentibus
3022 4022 3146 4076 tiliis
3190 4023 3379 4088 Adam,

1807 4107 2006 4161 revixit
2057 4115 2112 4160 et
2153 4107 2403 4174 superbia
2435 4107 2632 4160 dudum
2667 4107 2925 4161 in'radice
2948 4111 3217 4176 damnata,
3250 4114 3386 4167 adeo

1807 4210 1863 4252 ut
1889 4200 2012 4253 lutei
2041 4199 2296 4254 mortales
2320 4201 2464 4255 luteo
2486 4210 2541 4254 ct
2563 4201 2822 4256 bitumine
2856 4203 3041 4257 turrim
3073 4215 3384 4260 construere

1807 4291 2150 4354 molirentur,
2189 4293 2259 4346 de
2297 4293 2450 4361 cujus
2479 4293 2759 4348 cacumine
2789 4294 3056 4349 sidereum
3088 4303 3143 4350 et
3164 4298 3380 4349 immor-

1806 4385 1912 4438 tale
1959 4384 2322 4438 habitaculum
2352 4427 2366 4448 ,
2418 4385 2526 4438 Deo
2557 4399 2874 4454 possessore
2929 4387 3113 4451 invito,
3161 4397 3380 4454 possent

1804 4473 2075 4528 invadere.
2126 4473 2291 4543 Cujus
2341 4483 2444 4526 tam
2496 4474 2676 4527 invicti
2721 4474 2801 4542 (ut
2828 4473 3037 4528 stolidis
3069 4475 3374 4545 videbatur)

1803 4563 2216 4617 machinamenti
2273 4563 2724 4631 conspirationem
2770 4570 2875 4616 tam
2925 4561 3083 4616 facile
3129 4564 3373 4633 omnipo-

1805 4656 2100 4709 tentissima
2147 4653 2406 4722 sapientia
2451 4654 2748 4722 dissipavit,
2792 4664 2849 4707 ut
2894 4653 3088 4722 linguis
3133 4657 3370 4710 omnium

1802 4744 2118 4798 confusione
2163 4743 2548 4808 diversissima,
2604 4744 2689 4796 vel
2738 4739 3087 4796 similitudine
3132 4742 3375 4796 dissimile

1806 4833 2276 4901 lima'disparatis,
2329 4833 2506 4886 nullus
2555 4833 2941 4904 consanguinei
2972 4833 3053 4885 vel
3086 4832 3264 4888 fratris
3293 4834 3376 4888 sui

1803 4927 2039 4996 linguam
2091 4923 2395 4992 intelligere
2431 4930 2631 4989 posset.
2668 4922 2733 4975 Et
2761 4921 2959 4978 idcirco
2999 4923 3230 4977 universi
3277 4939 3370 4991 per

1802 5018 2051 5085 regiones
2089 5022 2144 5067 et
2187 5012 2304 5067 loca
2349 5013 2496 5066 varia
2536 5012 2767 5080 disjecti,
2802 5023 2860 5064 ut
2893 5015 3048 5066 terris
3076 5022 3129 5066 et
3159 5013 3368 5078 loquela

1803 5107 1978 5169 divisi,
2025 5105 2094 5157 ita
2125 5113 2178 5158 et
2207 5103 2463 5170 religione
2490 5103 2574 5155 vel
2604 5102 2780 5168 potius
2812 5102 2992 5154 furere
3019 5100 3246 5168 dispersi
3273 5118 3287 5165 ;
3315 5109 3371 5152 et

1802 5197 1890 5249 alii
1939 5194 2151 5263 quidem
2205 5195 2477 5249 cmiestem
2518 5201 2758 5244 naturam
2805 5191 3076 5244 hominum
3125 5192 3370 5245 ministe-

1805 5288 1918 5349 riis,
1944 5286 2053 5340 Deo
2079 5295 2297 5340 auctore
2328 5283 2617 5351 provisam,
2649 5282 2830 5336 divino
2860 5282 3005 5336 cultu
3035 5291 3088 5335 et
3118 5282 3373 5337 servitute

1807 5378 2050 5432 venerati
2098 5389 2220 5431 sunt
2254 5396 2264 5428 :
2296 5375 2383 5428 alii
2429 5389 2556 5429 vero
2599 5373 2821 5427 mortuis
2866 5372 3170 5425 hominibus
3210 5373 3375 5436 simu.

1802 5472 1941 5526 lacra
1966 5472 2241 5537 iacientes,
2268 5471 2524 5540 malignos
2553 5471 2768 5537 spiritus
2798 5468 3079 5521 aitidentes
3109 5467 3186 5519 eis
3215 5464 3367 5532 quasi

1804 5573 2009 5616 tutores
2061 5573 2114 5616 et
2161 5564 2394 5616 fautores
2444 5563 2631 5615 animat-
2683 5559 2764 5613 vel
2817 5560 3057 5627 corporis
3107 5558 3366 5617 vivorum,

120 5666 556 5721 contemnerent,
589 5671 652 5710 ac
681 5663 824 5708 recta
866 5664 922 5707 et
959 5670 1107 5723 aqua
1141 5658 1380 5711 retinere
1425 5664 1693 5709 curarent.
1737 5672 1782 5728 ι)
1808 5654 2094 5723 licetjuste
2144 5655 2483 5718 mortalium,
2531 5654 2806 5706 dementes
2853 5653 3028 5705 colere
3071 5655 3362 5714 coeperunt.

122 5746 316 5815 impius
373 5757 554 5800 autem
602 5744 864 5799 homicida
891 5742 1137 5809 Satanas,
1189 5747 1278 5814 qui
1330 5761 1427 5801 nec
1477 5747 1694 5800 sibimet

1801 5746 1907 5802 Sed
1955 5749 2128 5801 adhuc
2172 5747 2436 5800 indefessa
2469 5746 2636 5812 pietas
2675 5744 2986 5798 immortalis
3010 5747 3062 5793 et
3089 5752 3225 5792 verte
3254 5737 3364 5792 dei-

191 5893 217 5922 ο
246 5883 614 5938 Serviliorum.
642 5882 730 5939 Sic
755 5881 881 5937 edit.
910 5880 1041 5935 Bibl.
1073 5880 1172 5935 PP.
1211 5881 1375 5966 Paris.
1409 5890 1537 5939 tom.
1569 5880 1686 5948 XV,
1715 5895 1830 5952 pag.
1865 5880 1987 5934 678.
2018 5881 2085 5936 At
2114 5881 2318 5946 Canis.,
2352 5879 2596 5951 Basnag..
2628 5877 2943 5931 serviturum.
