3884 6240
532 353 537 359 ’
571 391 639 443 is
1452 392 1690 450 SANtITl
1729 393 1932 449 GALLI
1986 383 2273 446 sanans
2295 386 2401 439 -Ετ
2448 383 2902 446 consussoms
3729 394 3799 451 ts

570 513 690 564 tatis
716 518 1008 565 creaturam
1038 511 1257 579 benigne
1284 512 1570 578 conditam,
1604 528 1707 566 non
1740 522 2119 579 usquequaque

2236 501 2319 555 Dei
2375 503 2573 558 idcirco
2631 506 2935 575 impositum
2991 515 3107 574 est,
3165 510 3284 577 quia
3336 515 3674 568 transierant
3732 515 3801 569 de

569 586 662 653 sua
713 602 1049 655 miseratione
1098 605 1353 670 privatam
1402 604 1657 671 dispulit,
1702 603 1794 657 sed
1835 602 1902 655 de
1946 602 2117 655 medio

568 690 885 744 idololatria:
915 692 1212 747 deditarum
1239 694 1473 761 gentium
1504 694 1767 750 Abraham
1800 702 2000 760 patrem
2037 689 2117 743 fu-

572 790 813 836 turorum
855 782 1126 848 fidelium,
1178 782 1244 836 ad
1295 798 1353 839 se
1396 799 1575 838 verum
1626 793 1679 839 et
1722 786 1903 837 vivum
1952 782 2117 836 Deum

568 874 985 942 cognoscendum
1014 873 1081 929 de
1106 875 1239 929 cmlo
1264 876 1487 929 vocavit.
1890 934 1893 941 ν

640 963 725 1016 iV.
776 964 874 1028 Qui
918 964 1312 1033 incomparabili
1362 963 1544 1032 plenus
1588 962 1910 1028 obedientia,
1941 960 2118 1015 divino

571 1068 764 1124 parens
808 1054 1051 1121 imperio,
1101 1053 1231 1107 exiit
1270 1054 1335 1108 de
1383 1061 1517 1107 terra
1561 1062 1611 1107 et
1660 1052 1970 1120 cognatione
1999 1066 2116 1117 sua,

568 1146 808 1198 nesciens
832 1144 1002 1197 adhuc
1034 1158 1135 1213 quo
1175 1144 1253 1199 ire
1288 1143 1526 1208 deberet,
1557 1142 1846 1196 dummodo
1875 1142 1967 1195 Dei
1996 1140 2116 1210 jus-

573 1233 773 1293 siouem
819 1232 1072 1299 expleret.
1119 1232 1231 1299 Qua
1270 1232 1336 1287 de
1383 1247 1439 1285 re
1478 1231 1840 1299 hujuscemodi
1890 1231 2120 1297 deSttpet‘

572 1322 771 1389 accepit
813 1321 1109 1386 oraculum,
1157 1320 1296 1389 quod
1338 1330 1391 1375 et
1438 1330 1631 1375 terram
1682 1318 2118 1387 peregrinationis

570 1425 679 1463 suae
707 1412 756 1463 in
786 1410 1173 1477 possessionem
1206 1418 1347 1463 esset
1376 1419 1689 1477 accepturus
1714 1426 1727 1460 :
1757 1406 1895 1475 quod
1924 1406 2117 1459 factum

570 1509 651 1552 est
680 1500 733 1552 in
758 1499 957 1553 Judaeis
986 1498 1053 1553 de
1079 1512 1239 1553 carne
1280 1499 1421 1567 ejus,
1467 1498 1677 1551 mortali
1708 1496 1993 1565 prbpagine
2024 1496 2118 1549 de-

570 1589 1066 1645 scendentibuszet
1114 1588 1334 1658 quodin
1378 1579 1581 1643 semine
1627 1590 1792 1657 ipsius
1844 1589 2120 1643 benedice-

573 1690 753 1732 rentur
779 1693 963 1733 omnes
997 1687 1196 1749 gentes.
1230 1679 1375 1745 Quod
1408 1680 1459 1732 in
1503 1680 1653 1734 nobis
1682 1680 1811 1746 ipsis
1841 1693 1933 1747 per
1963 1674 2117 1730 Chri-

569 1776 726 1829 stum,
754 1782 817 1820 ex
851 1767 965 1835 ejus
993 1768 1193 1821 semine
1223 1767 1509 1821 secundum
1542 1781 1754 1821 carnem
1783 1774 2117 1834 procreatum

2218 603 2375 661 gente
2405 594 2456 647 in
2482 605 2714 665 gentem,
2745 608 2800 652 et
2827 599 2894 652 de
2925 613 3087 666 regno
3117 601 3180 653 ad
3211 603 3463 669 pepulum
3492 606 3794 674 alterum),
3860 650 3861 659 χ

2220 683 2365 737 dedit
2411 686 2489 739 eis
2536 687 2673 765 Deus
2717 702 2904 757 panem
2948 680 3036 743 vel
3080 704 3264 746 carnes
3295 692 3361 747 de
3391 694 3549 760 cado,
3592 709 3800 765 aquam

2218 786 2344 827 vero
2375 777 2453 829 vel
2486 762 2720 830 amaram
2771 777 3085 846 dulcaravit,
3138 780 3218 835 vei
3268 798 3372 835 non
3424 784 3679 838 habitam
3733 787 3803 839 de

2146 896 2147 899 η
2219 866 2365 926 petra
2421 863 2684 930 produxit,
2734 874 2785 919 et
2818 877 2839 904 ο
2866 867 2944 920 sic
2989 880 3081 922 eos
3120 883 3215 936 per
3240 869 3508 925 desertum
3540 873 3799 941 quadra-

2219 955 2363 1017 ginta
2414 968 2581 1007 annos
2624 954 2688 1007 ad
2738 963 2932 1010 terram
2976 960 3347 1026 promissionis
3390 962 3801 1030 circumduxit,

2220 1044 2387 1096 donec
2423 1041 2796 1097 desuescerent
2840 1044 3192 1101 idololatriam
3221 1048 3288 1103 de
3323 1065 3425 1119 qua
3454 1061 3623 1104 erant
3656 1053 3801 1106 edu-
3860 1048 3861 1051 “

2182 1142 2183 1145 ‘
2220 1130 2311 1197 cti,
2341 1140 2391 1184 et
2419 1146 2573 1199 quam
2633 1132 2930 1202 ubicunque
2956 1136 3197 1191 venirent
3228 1149 3377 1193 erant
3414 1140 3728 1209 inventuri,
3772 1158 3801 1195 a

2218 1236 2316 1288 qua
2348 1222 2485 1274 sicut
2513 1233 2563 1274 et
2593 1220 2658 1275 de
2688 1222 2896 1277 cmteris
2934 1225 3109 1289 malis,
3141 1225 3208 1280 de
3246 1228 3396 1281 cmlis
3423 1229 3543 1282 illos
3598 1243 3806 1284 cavere

2224 1313 2451 1374 monuit,
2492 1322 2544 1367 et
2589 1312 2652 1365 ad
2698 1327 2755 1377 se
2796 1317 3244 1384 cognoscendum,
3290 1318 3371 1372 vel
3413 1319 3515 1373 alia
3563 1321 3720 1374 bona
3751 1332 3805 1376 et

2217 1398 2356 1467 justa
2394 1400 2642 1453 sectanda
2695 1400 2972 1470 diligenter
2999 1403 3306 1472 instructos,
3340 1407 3553 1462 tandem
3592 1408 3653 1463 in
3688 1419 3803 1463 ter-

2222 1503 2357 1552 ram,
2390 1488 2789 1557 pollicitationis
2843 1506 2951 1545 sua:
2999 1508 3225 1560 memor,
3276 1497 3562 1551 miseratus
3616 1499 3805 1552 intro-

2218 1575 2389 1629 duxit.
2422 1577 2485 1630 Et
2508 1587 2562 1631 ut
2589 1578 2791 1647 pridem
2828 1580 3067 1635 Rubrum
3092 1598 3258 1650 mare,
3303 1585 3375 1639 ita
3404 1586 3565 1641 modo
3599 1587 3795 1641 .Iorda-

2220 1681 2343 1720 nem
2384 1667 2599 1721 ﬂuvium
2629 1670 2978 1739 navigabilem
3008 1673 3163 1727 siccis
3194 1674 3417 1742 pedibus
3450 1684 3807 1732 transmeare

2220 1760 2473 1826 praecepit
2516 1769 2569 1812 et
2611 1758 2757 1813 fecit.
2791 1760 3030 1829 Dumque
3057 1764 3230 1818 adhuc
3255 1770 3346 1832 qui
3374 1765 3489 1822 haec
3515 1768 3805 1822 mirabilia

573 1872 665 1921 per
715 1856 999 1925 Virginem,
1048 1856 1371 1925 completum
1423 1868 1543 1908 esse
1596 1854 1907 1922 gaudemus.
1954 1850 2118 1918 llnjus
2151 1836 2467 1900 Bviderunt
2512 1849 2824 1915 superstites
2874 1850 2925 1921 in
2977 1864 3137 1907 carne
3188 1853 3458 1921 vixerunt,
3516 1858 3727 1912 notitia
3753 1873 3809 1913 et

573 1946 730 2015 igitur
762 1948 882 2001 lidei
920 1949 971 2000 in
1001 1946 1260 2015 przeputio
1290 1946 1644 2013 comprobata:
1673 1943 1823 2011 quasi
1854 1941 2118 2011 quoddam

571 2039 896 2106 signaculum
951 2030 1123 2091 eidem
1183 2037 1318 2104 patri
1375 2034 1643 2087 Abraham
1706 2032 2122 2093 cireuineisionis

572 2126 821 2195 imposuit
866 2125 1093 2194 signum.
1144 2124 1259 2192 Quo
1300 2134 1405 2178 tam
1443 2122 1531 2177 diu
1573 2131 1782 2190 gentem
1812 2121 1878 2175 de
1908 2120 2022 2189 ejus
2048 2117 2125 2175 fe-

572 2231 719 2271 more
756 2226 1093 2291 propagatam
1138 2216 1372 2286 oportuit
1410 2213 1666 2283 insigniri,
1712 2212 2001 2266 donec‘ille
2028 2224 2122 2264 ve-

578 2308 715 2360 niret
744 2307 831 2374 qui
860 2321 1044 2360 omnes
1075 2306 1127 2360 in
1159 2321 1217 2360 se
1245 2304 1525 2359 credentes
1555 2304 1621 2356 ab
1650 2302 1793 2355 omni
1834 2310 2048 2377 peccato
2076 2312 2128 2354 et

573 2392 989 2446 circumeisionis
1013 2391 1223 2456 injuria,
1255 2406 1349 2444 sua
1378 2391 1621 2459 passione
1651 2387 1962 2443 redimeret.
1996 2390 2125 2441 Cum

574 2495 750 2552 autem
793 2482 1018 2552 pepulus
1056 2481 1123 2536 de
1166 2481 1258 2535 illo
1296 2496 1400 2536 non
1432 2480 1674 2535 modicus
1704 2490 1941 2546 exortus,
1969 2492 2128 2533 causa

576 2551 726 2643 famis
757 2571 823 2625 de
869 2551 1008 2625 terra
1053 2570 1302 2624 Chanaan
1350 2584 1505 2637 quam
1555 2569 1882 2632 incolebant,
1934 2578 2126 2621 terram

577 2663 974 2732 ingrederentur
1018 2661 1249 2731 lEgypti,
1279 2676 1384 2731 quo
1414 2661 1552 2717 Deus
1593 2676 1755 2715 unum
1788 2660 1857 2715 de
1883 2669 1907 2696 °
1938 2672 2104 2727 prone

580 2751 790 2821 potibus
834 2752 968 2818 ejus,
1008 2765 1166 2805 causa
1216 2752 1504 2805 multorum
1532 2749 1739 2815 salutis,
1771 2749 2005 2814 direxit;
2035 2762 2129 2816 per

579 2841 729 2910 cujus
759 2840 1136 2907 providentiam
1166 2839 1392 2894 mundus
1422 2852 1556 2907 pene
1583 2847 1725 2892 totus
1749 2839 2121 2892 alimentorum

580 2930 798 2997 penuria
846 2930 1169 2996 periclitatus
1216 2928 1550 2995 aliquatenus
1588 2936 2032 2989 conservaretur;
2080 2933 2133 2979 et

576 3019 724 3086 juxta
755 3019 906 3071 ritum
938 3017 1111 3087 gentis
1140 3016 1279 3070 illius
1306 3015 1640 3070 milleformia
1668 3016 1953 3084 cmpissent
1982 3031 2133 3069 mon-

582 3122 690 3167 stra
736 3114 997 3177 venerari,
1047 3111 1343 3166 durissimis
1370 3111 1528 3165 etiarn
1553 3109 1799 3178 operibus
1829 3124 2132 3177 premeren-

582 3165 668 3255 tur
688 3202 754 3254 ab
787 3165 1088 3271 Egyptiis:
1123 3201 1428 3255 recordatus
1474 3165 1613 3254 Deus
1662 3199 1782 3253 ﬁdei
1832 3165 2133 3268 probitatis-
2159 3165 2205 3227 Ο

584 3307 689 3358 que
721 3302 946 3359 patrum,
978 3290 1169 3345 direxit
1212 3289 1277 3343 ad
1321 3304 1413 3344 eos
1456 3304 1663 3344 servum
1704 3304 1855 3343 suum
1897 3289 2129 3356 Moysen.

583 3382 696 3447 qui,
723 3394 822 3446 per
850 3380 1010 3433 multa
1039 3378 1186 3448 signa
1223 3387 1276 3433 et
1315 3380 1493 3452 plagas
1536 3378 1897 3433 intolerabiles
1921 3376 2134 3432 domitis

584 3471 870 3538 Aigyptiis,
906 3472 993 3523 Dei
1027 3471 1272 3538 pepulurn
1306 3471 1371 3524 ad
1404 3480 1597 3525 terram
1627 3473 1937 3540 patriarcha:
1966 3471 2135 3526 Abra-

586 3559 707 3611 ham
755 3560 951 3611 dudum
999 3558 1348 3625 promissam,
1408 3558 1611 3614 caelesti
1660 3559 1854 3613 ducatu
1900 3561 2133 3613 directus

588 3647 967 3702 introduceret.
1000 3647 1236 3715 Cumque
1274 3648 1340 3701 de
1382 3657 1522 3702 terra
1566 3648 1652 3702 illa
1696 3647 1957 3717 progressi
2001 3648 2136 3702 inter

586 3738 929 3808 oram-Rubri
974 3739 1135 3790 maris
1164 3748 1215 3790 et
1247 3738 1597 3793 vastissimam
1641 3740 1978 3794 solitudinem
2012 3740 2135 3794 fessi

587 3830 993 3893 consedissent,
1038 3843 1131 3882 rex
1178 3827 1580 3898 Egyptiorum,
1633 3830 1826 3883 damno
1868 3831 2137 3883 servitutis

589 3923 801 3975 amissae
832 3922 1151 3987 stimulatus,
1198 3932 1519 3991 congregato
1564 3921 1798 3976 exercitu
1834 3922 2137 3990 iunctisque

587 4014 849 4080 curribus,
880 4028 974 4067 eos
1008 4014 1075 4068 ita
1106 4017 1455 4083 quasipisees
1485 4017 1536 4069 in
1564 4018 1835 4085 gurgustio
1857 4018 2134 4071 conclusit.

588 4101 792 4167 Quibus
836 4102 903 4153 ad
959 4101 1123 4154 Deum
1167 4117 1351 4153 verum
1400 4104 1692 4156 levantibus
1738 4119 1942 4164 vocem,
1991 4120 2139 4168 aqua:

591 4192 751 4244 maris
782 4189 882 4243 huc
907 4201 1065 4258 atque
1094 4191 1213 4243 illuc
1242 4190 1449 4256 divisae,
1497 4192 1595 4245 iter
1618 4191 1832 4244 siccum
1872 4190 2139 4244 viantibus

593 4281 947 4346 praebuerunt.
992 4280 1143 4345 Quod
1188 4290 1469 4335 cernentes
1510 4282 1741 4335 cultores
1780 4283 2051 4335 simiarum
2088 4289 2141 4334 et

590 4368 899 4423 canifortnis
928 4371 1150 4433 Anubis,
1183 4371 1479 4439 Neptunum
1519 4374 1626 4439 jam
1672 4388 1997 4442 supervacue
2030 4375 2141 4441 pla-

2221 1934 2393 1989 cultus
2417 1950 2556 1990 vera:
2586 1936 2804 1993 Deitatis
2846 1946 2901 1992 et
2943 1939 3133 1995 divime
3181 1942 3417 1998 veritatis
3466 1944 3807 2003 incontami~

2226 2018 2363 2078 nata
2381 2027 2763 2094 perseveravit.
2794 2026 2903 2083 Illis
2934 2043 3060 2084 vero
3098 2030 3164 2086 ad
3207 2041 3383 2101 patres
3424 2048 3552 2089 suos
3582 2042 3807 2106 reposio

2227 2112 2315 2177 tis,
2346 2113 2433 2167 lilii
2464 2114 2530 2169 de
2559 2128 2719 2172 carne
2748 2117 2985 2185 ipsorum
3033 2122 3326 2191 propagati,
3381 2138 3485 2177 non
3532 2126 3671 2181 ﬁdei
3709 2128 3804 2182 bo-

2228 2218 2353 2257 num
2383 2206 2594 2271 imitati,
2642 2207 2735 2263 sed
2775 2209 3273 2279 circumpositarum
3304 2207 3535 2282 gentium
3566 2218 3805 2271 simula-

2227 2310 2316 2350 cra
2362 2297 2607 2362 colendo,
2655 2307 2780 2353 sunt
2809 2302 2859 2355 in
2892 2302 3238 2370 praecipitium
3278 2302 3599 2361 idololatria:
3632 2310 3803 2362 devo-

2226 2388 2341 2441 luti.
2375 2387 2477 2441 Pro
2502 2402 2607 2457 quo
2637 2390 2840 2445 scelere
2868 2390 2975 2444 dati
3003 2403 3122 2445 sunt
3151 2392 3200 2446 in
3230 2409 3413 2449 manus
3444 2396 3801 2451 inimicorum

2228 2491 2465 2541 suorum,
2512 2480 2858 2534 circumcirca
2908 2481 2989 2535 vel
3037 2481 3195 2550 longe
3222 2485 3534 2551 positorum.
3570 2486 3646 2540 Et
3674 2500 3800 2539 cum

2229 2568 2512 2635 aliquando
2557 2570 2725 2635 pressi
2769 2569 3079 2637 iustissime,
3129 2586 3224 2641 per
3273 2588 3458 2641 preces
3499 2576 3565 2628 ad
3624 2577 3798 2630 Deum

2233 2666 2440 2725 patrum
2483 2669 2700 2709 suorum
2741 2656 2964 2711 fuissent
2992 2661 3209 2724 reversi,
3253 2662 3527 2716 suscitavit
3557 2663 3678 2716 illis
3708 2664 3806 2716 ali-

2231 2760 2386 2813 quem
2418 2745 2485 2799 de
2508 2744 2760 2800 fratribus
2786 2761 2993 2814 eorum,
3027 2749 3115 2817 qui
3145 2749 3222 2804 eis
3253 2761 3307 2805 et
3333 2751 3571 2806 salvator
3603 2765 3802 2807 contra
3860 2772 3861 2775 η

2236 2832 2437 2899 hostes,
2478 2843 2530 2886 et
2554 2833 2619 2886 ad
2650 2835 2989 2889 concordiam
3016 2838 3241 2893 invicem
3268 2837 3601 2894 retinendam
3631 2842 3805 2909 judex

2235 2920 2456 2975 idoneus
2480 2923 2750 2977 existeret.
2773 2925 3013 2993 Cumque
3044 2927 3210 2981 multo
3235 2938 3473 2997 tempore
3516 2931 3802 2985 inﬂuetua-
3860 2912 3861 2921 ‘

2234 3023 2370 3077 rent,
2402 3017 2451 3072 id
2482 3024 2583 3080 est,
2616 3023 2673 3068 ut
2694 3030 2810 3070 cum
2841 3016 3122 3085 aliquando
3147 3016 3250 3072 illis
3282 3022 3619 3088 prosperitas
3652 3025 3799 3076 arri-

2234 3105 2402 3172 deret,
2446 3106 2511 3161 ad
2557 3108 2922 3163 venerationes
2971 3109 3232 3164 idolorum
3282 3109 3580 3167 deﬂuerent
3633 3130 3801 3167 :cum

2236 3212 2362 3250 vero
2391 3208 2679 3266 tempestas
2702 3201 3127 3264 persecutionum
3155 3200 3475 3268 immineret,
3524 3204 3595 3257 ad
3630 3204 3801 3257 Deum
3860 3260 3861 3267 χ

2244 3302 2451 3355 verum,
2496 3288 2560 3341 ad
2607 3290 2925 3343 tutissimum
2969 3301 3176 3359 portum
3206 3292 3350 3345 onmi
3392 3294 3579 3347 adnisu
3614 3294 3799 3349 redire

2206 3378 2575 3438 'conarentur.

2306 3472 2393 3525 Vl.
2424 3471 2656 3530 Tandem
2685 3474 2829 3527 dedit
2857 3474 2959 3529 illis
2984 3490 3181 3543 regem,
3225 3478 3440 3533 nomine
3480 3479 3677 3545 David,
3710 3480 3801 3547 qui
3860 3544 3861 3547 η

2236 3573 2289 3617 et
2319 3578 2347 3615 a
2376 3564 2717 3616 ﬁnitimarum
2744 3564 2982 3631 gentium
3026 3565 3418 3621 incursionibus
3456 3566 3802 3628 defenderet,
3860 3584 3861 3593 η

2237 3663 2303 3707 et'
2320 3653 2561 3708 timorem
2588 3654 2703 3720 Dei,
2734 3655 2885 3723 cujus
2911 3654 3026 3722 ipse
3046 3656 3387 3725 plenissimus
3411 3668 3544 3725 erat,
3573 3669 3631 3713 et
3650 3659 3804 3727 juxta
3860 3682 3861 3723 ξ

2238 3758 2427 3797 nomen
2459 3758 2635 3808 suum,
2668 3744 2822 3799 Manu
2870 3745 3041 3813 fortis,
3089 3748 3353 3801 continuis
3398 3750 3659 3805 retineret
3712 3752 3807 3803 ha-
3860 3770 3861 3803 :

2238 3830 2407 3884 benis.
2448 3831 2573 3885 Post
2618 3831 2769 3898 cujus
2820 3844 3067 3899 mortem,
3115 3848 3231 3887 eum
3281 3846 3492 3904 propter
3517 3848 3805 3906 peceatum

2240 3920 2469 3973 ﬁliorum
2513 3918 2660 3986 ejus,
2712 3935 2813 3973 non
2845 3920 3071 3988 amplius
3114 3920 3179 3975 de
3226 3922 3503 3978 duodecim
3550 3928 3810 3980 tribubus

2241 4008 2471 4060 ﬁliorum
2518 4007 2679 4061 Israel
2729 4008 2891 4076 (quod
2935 4024 3127 4064 nomen
3174 4012 3306 4078 patri
3354 4027 3560 4077 eorum,
3590 4025 3651 4069 et
3682 4016 3812 4081 ipsis

2241 4095 2435 4149 idcirco
2457 4096 2754 4162 impositum
2780 4110 2879 4161 est,
2903 4099 3025 4165 quia
3052 4099 3253 4154 visione
3274 4116 3366 4153 sua
3389 4100 3526 4155 Deus
3548 4104 3807 4157 eumdem
3860 4095 3861 4165 ἦ

2243 4189 2570 4258 dignaretur)
2618 4206 2771 4257 quam
2801 4193 2915 4247 dua:
2948 4201 3168 4260 tantum,
3202 4196 3472 4265 Benjamin
3516 4200 3734 4255 scilicet
3760 4208 3813 4251 et

2243 4278 2397 4343 Juda,
2427 4296 2456 4333 a
2485 4293 2585 4348 qua
2614 4291 2667 4335 ct
2701 4280 2867 4336 Judazi
2915 4294 3037 4339 sunt
3080 4289 3345 4356 appellati,
3378 4292 3606 4356 posteris
3640 4292 3805 4344 David

2244 4383 2363 4421 cum
2412 4371 2590 4436 paucis
2632 4375 2995 4429 sacerdotibus
3026 4386 3078 4429 et
3108 4377 3279 4431 lcvitis
3306 4379 3649 4435 adbmrerent
3682 4382 3812 4452 (quo

595 4459 822 4513 catulum
853 4458 951 4511 sibi
981 4460 1253 4526 putabant,
1301 4459 1378 4512 sic
1423 4460 1573 4513 undis
1621 4463 1669 4514 iu
1720 4474 1894 4529 partes
1934 4462 2136 4514 divisis.
2171 4490 2225 4550 ι)
2250 4459 2459 4510 nomine
2489 4473 2671 4513 omnes
2701 4461 2879 4516 divino
2919 4464 3209 4521 ministerio
3240 4470 3640 4538 mancipandi),
3676 4471 3806 4523 reli-

597 4555 791 4603 Umnes
815 4549 971 4616 igitur
999 4558 1281 4613 sequentes
1302 4545 1518 4613 vestigia
1537 4551 1964 4614 commeantium,
1999 4548 2024 4586 b
2053 4565 2143 4602 ex-

598 4651 766 4693 tremo
814 4654 1031 4692 suorum
1082 4638 1389 4692 barathrum
1444 4639 1697 4707 ingressi,
1750 4639 2143 4707 novissimoqne

602 4730 765 4794 plebis
812 4730 901 4782 Dei
942 4730 1005 4781 ad
1052 4729 1292 4781 naturale
1339 4729 1482 4782 littus
1531 4731 1863 4795 transgressi,
1916 4730 1985 4783 ita
2023 4739 2146 4783 sunt

602 4819 864 4871 rnontibus
919 4833 1172 4885 aquarum
1223 4818 1463 4882 involuti,
1518 4829 1574 4870 ut
1623 4819 1797 4870 nullus
1846 4832 2147 4875 remaneret

600 4909 688 4974 qui
717 4908 906 4961 factum
938 4908 1079 4961 domi
1107 4906 1460 4970 residentibus
1490 4908 1689 4961 referre
1723 4910 2003 4975 potuisset.

678 4996 738 5047 V.
791 4996 920 5049 Cum
967 5008 1140 5049 autem
1172 5010 1415 5062 expensas
1452 5011 1582 5063 quas
1612 4997 1677 5050 de
1708 4997 1941 5065 Aigypto
1966 5012 2146 5053 secum

608 5088 829 5140 tulerant
874 5085 1107 5139 llebrwis
1146 5086 1467 5139 defecissent
1509 5086 1668 5153 (quod
1717 5102 1905 5141 nomen
1954 5090 2147 5157 populo

678 5267 701 5291 ἰ
732 5254 1169 5325 Ργοηεροιίὸιιδ...
1199 5274 1285 5322 per
1308 5259 1470 5321 cujus.
1497 5256 1616 5310 [lare
1638 5258 1926 5325 improvide
1949 5264 2145 5315 omissa

608 5328 658 5379 in
693 5341 822 5378 nova
856 5324 1095 5398 Thesauri
1124 5326 1377 5398 (igninum
1407 5326 1633 5383 editione
1656 5343 1684 5381 a
1712 5330 1965 5398 Basnagio
1991 5334 2149 5385 ador-

611 5405 748 5455 nata,
774 5403 907 5461 tom.
941 5395 980 5457 I,
1010 5410 1126 5461 pag.
1160 5395 1280 5445 786.

679 5462 705 5499 ῒι
746 5460 984 5538 Extrema
1018 5460 1171 5538 supr.
1217 5463 1507 5538 C_o_t_elerius
1541 5466 1589 5538 in
1621 5468 1757 5519 notis
1784 5468 1847 5519 ad
1882 5467 2141 5538 Recognil.

613 5529 851 5582 Clemcnt.
907 5531 995 5583 lib.
1032 5531 1072 5594 l,
1105 5546 1220 5595 cap.
1246 5532 1343 5596 '55,
1378 5535 1514 5587 hunc
1562 5534 1729 5587 locum
1777 5538 1842 5588 ita
1884 5529 2105 5589 restituit
2135 5558 2144 5590 :

618 5597 848 5675 Extremo
892 5615 1102 5675 suorum
1154 5601 1446 5675 baralbrum
1492 5604 1730 5672 ingresso,
1783 5606 2149 5675 novissimoque

616 5667 901 5740 plebis__llei
930 5669 994 5717 ud
1023 5671 1250 5721 naturale
1281 5671 1415 5723 littus
1446 5667 1772 5740 transgresso,
1802 5684 1905 5726 etc.

687 5747 707 5773 ε
741 5735 829 5789 Sic
859 5750 940 5789 eos
970 5752 1055 5793 ver
1083 5740 1353 5806 desertmn,
1383 5752 1484 5795 etc.
1517 5735 1751 5797 Imitatur
1780 5754 1991 5799 sanctus
2023 5743 2147 5799 Gal-

2249 4565 2365 4617 qua:
2417 4566 2541 4602 vero
2587 4551 2795 4616 decem,
2847 4556 2927 4608 vel
2969 4557 3140 4623 potius
3197 4559 3438 4611 undecim
3491 4561 3667 4614 tribus
3718 4575 3812 4627 per

2251 4656 2426 4707 regem
2461 4656 2561 4692 una
2594 4642 2961 4697 subversorcm
2996 4662 3145 4699 suum
3188 4648 3498 4702 llicroboam
3531 4667 3813 4718 nuncupa-

2250 4739 2381 4795 tum,
2409 4741 2461 4783 et
2494 4734 2776 4799 pessimam
2804 4735 2970 4803 ipsius
2998 4739 3300 4805 progeniem
3326 4741 3388 4793 ad
3414 4742 3809 4797 immunditiam

2249 4820 2274 4856 ά
2325 4821 2636 4876 idololatria:
2688 4824 2940 4879 foeditatis
2990 4842 3019 4878 a
3068 4830 3233 4895 gloria
3282 4846 3396 4893 sua,
3443 4833 3552 4885 Deo
3600 4836 3813 4888 scilicet

2248 4908 2572 4976 sempiterno
2602 4912 2983 4965 immanissima
3020 4915 3287 4969 dementia
3320 4930 3677 4973 recesserunt.
3711 4922 3809 4987 Qui

2249 5012 2302 5055 et
2324 5002 2540 5054 tradidit
2568 5016 2660 5054 eos
2689 5003 2740 5054 in
2772 5017 2957 5057 manus
2984 5004 3313 5059 inimicorum
3345 5023 3580 5075 suorum,
3612 5014 3813 5080 quibus

2249 5090 2493 5158 subjecti,
2535 5091 2671 5144 idola
2700 5104 2824 5145 sunt
2853 5097 3007 5148 etiam
3042 5097 3130 5163 qui
3176 5098 3378 5151 nollent
3405 5100 3634 5156 adorare
3663 5117 3809 5157 com-

2250 5267 2328 5318 lus
2350 5278 2613 5337 auctorem
2632 5268 3041 5339 iieCOgnitipnum
3056 5268 3491 5328 Clememinarum.
3514 5291 3549 5324 ι.
3568 5287 3649 5339 c.,
3670 5273 3806 5336 apud

2249 5350 2403 5401 quem
2446 5336 2528 5389 ’sie
2573 5338 2837 5406 legimus:
2872 5336 2971 5388 Per
3019 5339 3190 5405 longos
3240 5344 3387 5394 erenu'
3431 5336 3811 5406 plebem'dttcr‘t

2251 5407 2531 5472 anfractus,
2580 5415 2639 5474 ut
2681 5404 3012 5474 quadraginta
3056 5404 3302 5461 annorum
3342 5404 3615 5472 exercitiis,
3672 5415 3808 5463 rnala

2248 5490 2359 5550 quin
2383 5475 2450 5524 eis
2476 5490 2538 5525 ea;
2570 5472 2929 5550 /Egyptioru'm
2972 5477 3190 5529 moribus
3238 5495 3330 5529 usu
3377 5479 3512 5546 longi
3537 5484 3805 5550 temporis

2249 5544 2591 5605 inolct'erant,
2651 5546 2968 5597 innovatione
3017 5555 3218 5600 mutata:
3272 5544 3675 5604 consuetudinis
3712 5550 3801 5601 ab-

2251 5615 2421 5663 oleret.

2319 5682 2343 5718 ά
2369 5679 2702 5736 Idololatriw.
2736 5682 2894 5739 Forte
2925 5683 3259 5739 idololatrian
3290 5684 3549 5752 (actitatis.
