3918 6360
155 419 210 474 η
1042 475 1055 493 ι
1641 415 1887 472 sanun.
3294 425 3360 481 ιε

154 529 289 601 pulsi.
325 528 425 585 Sed
454 536 508 583 et
537 528 832 583 ﬁdelissimi
867 529 1030 584 David
1061 531 1369 600 propagatio
1395 530 1459 584 ad
1498 530 1684 584 intltle-
1717 531 1763 587 Α
1788 539 1841 582 et
1869 541 2080 596 propter
2112 541 2326 598 pectata
2377 531 2428 585 in
2476 531 2673 588 seculo
2713 536 3095 590 remanentium
3127 538 3357 605 primum

154 624 294 676 litatis
338 621 530 675 malum
587 636 696 675 non
737 630 854 690 post
900 621 1129 676 multum
1180 621 1432 688 temporis
1473 622 1691 675 aberra-

153 715 247 777 vit;
275 715 403 768 adeo
429 723 489 768 ut
537 723 599 770 et
637 714 735 780 ipsi
780 729 931 784 rcges
976 724 1032 770 et
1068 716 1395 779 sacerdotes,
1451 715 1694 783 neglecto

152 806 290 859 unius
319 805 425 860 veri
455 805 549 858 Dei
589 806 755 872 cultu,
807 805 1086 871 Saturnos,
1137 806 1397 870 Iunones,
1448 804 1693 873 turpissi-

150 909 376 962 mumque
418 893 690 962 Priapum,
741 895 796 948 in
841 895 953 964 ipsa
986 896 1338 959 Hierusalem,
1371 911 1528 965 quam
1562 895 1694 948 civi-

151 993 297 1038 tatem
340 998 460 1038 cum
517 986 716 1054 templo
749 986 801 1040 in
833 986 1311 1041 sanctificationem
1343 987 1442 1040 sibi
1472 987 1694 1052 delegit,

149 1075 240 1126 acti
284 1074 458 1129 furore
509 1084 916 1129 venerarentur.
950 1073 1172 1142 Propter
1203 1074 1344 1142 quod
1374 1075 1695 1141 competenti

147 1161 262 1216 satis
291 1163 492 1216 talione
515 1164 676 1230 impie
702 1163 993 1218 derelictus
1023 1165 1090 1218 ab
1116 1165 1218 1223 eis.
1246 1165 1388 1230 jnste
1409 1164 1693 1229 dereliquit

148 1266 232 1304 eos
260 1252 392 1305 Deus
433 1252 484 1304 in
527 1259 842 1315 potestatem
887 1267 1234 1322 paganorum,
1287 1263 1342 1305 ut
1392 1254 1696 1320 impleretur

151 1343 279 1410 quod
313 1343 390 1395 eis
438 1351 596 1397 antea
639 1331 1061 1396 comminabatur
1087 1361 1099 1395 :
1129 1343 1272 1398 Sicut
1321 1345 1547 1398 servistis
1593 1347 1697 1398 otiis

146 1433 311 1484 alienis
338 1433 392 1484 in
417 1440 555 1484 terra
586 1440 769 1496 vestra,
798 1433 870 1506 sic
893 1433 1121 1486 servietis
1149 1433 1246 1486 diis
1269 1433 1450 1486 alienis
1481 1434 1531 1485 in
1561 1443 1698 1488 terra

147 1539 236 1573 nos
262 1533 441 1587 ucstra,
472 1524 560 1591 qui
592 1540 693 1577 non
733 1523 927 1576 dabunt
967 1525 1105 1578 vobis
1132 1519 1355 1594 requiem
1384 1522 1600 1595 (lerunt.
1635 1540 1693 1588 v,

150 1611 233 1674 19;
263 1627 367 1676 nt,
402 1611 517 1681 13).

213 1703 311 1755 \‘ll.
355 1703 464 1757 Sed
500 1712 552 1757 et
590 1713 718 1758 tunc
764 1717 870 1758 non
916 1691 1112 1759 oblitus
1161 1706 1281 1760 lidei
1334 1706 1599 1759 Abraham
1648 1716 1701 1759 et

148 1791 312 1856 David,
342 1791 549 1861 aliquos
571 1808 636 1848 ex
668 1793 756 1858 iis,
786 1809 881 1863 pro
913 1795 1169 1864 reliquiis,
1196 1796 1247 1848 in
1284 1805 1424 1849 terra
1454 1809 1546 1848 sua
1575 1797 1701 1850 reti-

1799 619 1933 673 viles
1977 634 2216 686 personat
2260 619 2329 675 de
2373 624 2770 680 successoribus
2813 642 2994 682 eorum
3042 632 3230 698 populo
3267 631 3360 687 Dei

1799 711 2215 777 prmtfcerentur,
2259 723 2444 781 postea
2476 729 2601 768 vero
2626 726 2681 769 et
2709 715 2804 785 ipsi
2833 718 3148 787 alienigenis
3179 723 3364 777 misce.

1806 809 2012 861 rentur,
2046 800 2125 852 vel
2152 801 2328 869 potius
2348 803 2619 856 servitutis
2648 806 2760 872 ejus
2791 804 2918 873 jugo
2945 807 3358 876 subjicerentur,

1810 891 2170 945 necessarium
2202 902 2316 945 erat
2346 904 2402 946 ut
2433 893 2543 958 ipsa
2577 894 2753 947 divina
2784 895 3053 964 Sapientia
3079 914 3169 966 per
3199 917 3362 967 quam

1802 982 1988 1026 cuncta
2015 982 2141 1028 sunt
2171 973 2329 1038 facta,
2382 971 2669 1032 reficiendo
2715 981 2903 1048 generi
2936 981 3163 1037 humano
3189 1000 3283 1052 per
3306 1003 3365 1040 se

1802 1063 1973 1130 ipsam
1996 1065 2277 1118 consulere
2303 1064 2629 1132 dignaretur.

1771 1175 1778 1180 -
1872 1151 1958 1206 IX.
2005 1153 2109 1208 Sed
2146 1155 2266 1222 quia
2311 1157 2360 1208 in
2399 1171 2492 1208 sua
2537 1154 3053 1224 incompreltensibili
3091 1165 3368 1232 majestate

1803 1255 1989 1296 natura
2022 1245 2107 1298 illa
2148 1244 2324 1299 divina
2349 1246 2417 1299 ab
2443 1247 2662 1303 infirmis
2690 1262 2744 1301 ct
2773 1252 3083 1306 mortalibus
3121 1269 3365 1323 compre-

1805 1331 1960 1386 licudi
1992 1349 2097 1386 non
2148 1343 2370 1400 [oterat,
2418 1335 2548 1389 mira
2580 1339 2789 1404 pietatis
2817 1341 3211 1408 dispensatione
3240 1359 3367 1410 pro-

1802 1424 2029 1489 curavit,
2061 1434 2114 1478 ut
2158 1435 2351 1479 nosme
2384 1425 2675 1481 infirmitati
2727 1430 2958 1494 mortali,
3000 1442 3246 1485 manente
3292 1442 3369 1486 ta—

1805 1529 1924 1567 men
1951 1515 2496 1570 incommutabilitatis
2524 1533 2634 1571 sitm
2665 1521 2895 1586 potentia
2927 1520 3278 1586 enrilurmata,
3304 1525 3369 1577 de

1809 1607 2124 1673 incorruptae
2167 1605 2392 1676 Virginis
2423 1618 2576 1662 utero
2622 1621 2962 1676 nasceretur,
3015 1625 3067 1665 et
3111 1626 3370 1666 consueto

1805 1696 1962 1750 nobis
1995 1711 2142 1748 mure
2170 1711 2333 1763 usque
2360 1696 2424 1748 ad
2452 1696 2713 1765 juveniles
2736 1715 2902 1752 atratos
2935 1710 3087 1754 (etate
3118 1712 3171 1755 et
3196 1703 3368 1757 incrc«

1805 1788 2015 1847 mentis,
2047 1787 2213 1854 gratia
2248 1801 2373 1841 vero
2401 1797 2454 1842 et
2481 1789 2737 1856 sapientia
2767 1790 3018 1858 singulari
3051 1795 3363 1859 perveniret.

148 1882 269 1945 nuit,
301 1853 683 1951 templumque
728 1853 882 1938 s'u-um
926 1886 979 1938 in
1030 1853 1358 1939 i—lierijsalen]
1389 1885 1454 1938 ad
1491 1895 1698 1953 |cmpus
1732 1853 1774 1912 Β
1804 1875 1911 1929 Nec
1942 1886 2117 1929 tamen
2149 1890 2266 1929 CIII"
2299 1891 2458 1929 carne
2501 1892 2593 1930 sua
2625 1880 2792 1933 deitas
2828 1879 2965 1934 illius
2995 1892 3137 1935 esset
3175 1882 3364 1937 obum-

144 1972 512 2039 atiquantulum
569 1973 939 2037 conservavit,
993 1974 1184 2036 donec,
1219 1974 1454 2041 peccatis
1510 1988 1694 2026 eorum

145 2061 614 2124 crebrescentibus,
658 2060 819 2116 etiam
862 2061 1031 2129 ipsum
1080 2075 1200 2115 cum
1248 2061 1463 2115 civilius
1487 2069 1538 2114 et
1565 2062 1696 2114 civi-

147 2161 242 2206 tate
282 2161 580 2206 mereretur
619 2151 850 2207 incendi.
884 2152 991 2208 Sed
1019 2168 1190 2223 neque
1219 2163 1346 2208 tunc
1378 2167 1471 2208 eos
1499 2168 1697 2222 usque-

148 2256 342 2312 quaque
389 2242 568 2297 divina
609 2242 846 2299 deseruit
889 2243 1168 2298 clementia
1195 2263 1209 2310 ;
1242 2244 1366 2314 quin
1396 2246 1500 2298 imo
1525 2244 1590 2300 de
1621 2244 1699 2297 fa-

148 2333 271 2388 villis
320 2343 372 2389 et
419 2335 588 2389 ruinis
640 2335 785 2388 urbis
831 2349 1035 2390 eversa:
1082 2335 1341 2404 quosdam
1383 2334 1698 2398 reservavit,

146 2422 323 2486 quibus
380 2423 661 2491 aptissime
716 2422 1084 2492 propheticum
1143 2423 1269 2477 illud
1327 2424 1686 2478 Conveniret:

145 2509 281 2565 Facti
321 2515 441 2567 estis
487 2516 632 2582 quasi
664 2516 815 2570 torris
844 2516 908 2569 de
939 2515 1172 2568 incendio
1203 2526 1404 2583 raptus,
1431 2526 1477 2570 et
1510 2531 1600 2568 nec
1628 2517 1700 2569 sic

145 2605 330 2658 redisti;
372 2607 441 2657 ad
483 2623 582 2671 me,
633 2608 755 2660 dicit
810 2607 1058 2661 Dominus
1104 2608 1285 2678 (Anius
1313 2624 1382 2671 tv,
1416 2608 1524 2674 ll).
1551 2608 1698 2675 Quod

145 2697 343 2761 quidem
369 2699 421 2751 in
450 2699 529 2750 eis
561 2713 690 2764 quos
725 2700 776 2751 in
809 2708 948 2754 terra
981 2715 1075 2754 sua
1106 2701 1344 2753 residere
1375 2699 1518 2763 fecit,
1549 2713 1698 2754 com-

146 2788 329 2851 pletum
378 2791 752 2856 cognovimus,
801 2798 859 2842 ut
898 2798 1115 2858 peccata
1164 2789 1396 2858 peccatis
1443 2789 1702 2844 addentes

146 2885 193 2927 et
220 2889 278 2929 se
304 2889 482 2929 mutua
509 2876 655 2932 unde
695 2885 988 2942 vastantes,
1036 2879 1219 2932 ultima
1267 2879 1604 2948 necessitate,
1648 2890 1704 2934 ut

143 2964 234 3017 sibi
283 2965 584 3033 videbatur,
628 2968 889 3036 compulsi
921 2969 974 3023 in
1005 2966 1292 3039 Lgyptum
1338 2970 1489 3037 quasi
1527 2985 1701 3024 rescr-

143 3053 317 3117 vandi,
369 3063 558 3109 contra
603 3057 820 3112 vetitum
863 3057 1027 3113 divini
1077 3062 1303 3124 oraculi,
1359 3075 1484 3114 vere
1541 3060 1703 3114 truci-

145 3140 291 3197 dandi
334 3143 721 3215 confugissent.
762 3146 862 3214 Qui
915 3161 1040 3204 vero
1065 3162 1094 3202 a
1126 3163 1247 3218 rege
1275 3149 1363 3220 qui
1393 3151 1699 3218 superbiam

145 3247 316 3288 eorum
375 3235 470 3292 Dei
531 3237 805 3294 voluntate
859 3239 1177 3306 domuerat,
1235 3242 1288 3296 in
1342 3241 1700 3312 captivitatem

146 3319 475 3394 longinquam
526 3325 747 3382 fuissent
793 3328 1027 3397 abducti,
1071 3331 1139 3385 ibi
1181 3331 1245 3387 ad
1279 3332 1444 3387 Deum
1471 3333 1701 3407 Patrum

145 3428 346 3468 suorum
373 3430 441 3470 ex
475 3424 591 3472 toto
616 3418 776 3474 corde
799 3408 1080 3486 conversi;
1099 3421 1167 3476 ita
1199 3423 1554 3478 tribulationis
1585 3424 1704 3494 igne

147 3503 332 3560 decocti
361 3516 512 3575 sunt,
542 3516 718 3564 utnec
748 3510 870 3580 igne
900 3511 1158 3568 materiali
1195 3513 1263 3567 ab
1296 3513 1458 3584 ipsius
1485 3525 1704 3583 possent

147 3608 310 3649 amtire
338 3595 551 3650 divelli.

209 3681 331 3737 Vill.
380 3683 623 3740 Tandem
671 3700 801 3757 ergo
846 3689 1149 3744 misericors
1187 3698 1241 3744 et
1286 3690 1568 3746 miserator
1597 3692 1704 3745 Do-

144 3771 322 3839 minus,
359 3783 467 3827 tam
497 3789 687 3844 graves
717 3792 900 3831 eorum
925 3778 1138 3834 labores
1185 3780 1491 3845 miseratus,
1524 3797 1702 3851 regum

145 3860 267 3915 adeo
293 3863 505 3918 animos
531 3864 620 3934 qui
647 3864 860 3920 eosdem
881 3851 944 3920 in
971 3867 1276 3936 captivitate
1309 3879 1611 3936 tenuerunt,
1640 3869 1706 3924 ad

146 3953 522 4025 indulgentiam
569 3966 624 4011 et
670 3957 1056 4013 relaxationcm
1104 3959 1460 4013 voluntariam
1492 3960 1707 4014 illorum

146 4047 472 4109 permutavit,
509 4053 568 4098 ut
603 4045 673 4100 de
712 4045 934 4115 publicis
978 4044 1236 4102 reditibus
1265 4055 1321 4103 et
1344 4047 1548 4102 a‘rariis
1593 4050 1708 4116 plu-

144 4134 264 4208 rima
309 4134 547 4204 impendi
594 4136 968 4205 praeciperent,
1009 4137 1063 4190 in
1091 4136 1470 4193 adminiculum
1499 4137 1568 4191 ad
1599 4144 1707 4191 ter-

146 4235 249 4275 ram
275 4237 426 4279 snam
458 4225 784 4291 revertendi,
816 4236 869 4281 et
902 4225 1156 4296 templum
1189 4224 1285 4281 Dei
1315 4226 1366 4280 in
1397 4239 1464 4281 ea
1491 4225 1707 4281 demum

143 4315 481 4370 restaurandi.
534 4315 638 4372 Sed
681 4316 823 4371 beu!
858 4315 992 4385 p‘roh
1019 4315 1212 4371 dolor!
1249 4313 1383 4372 cum
1410 4316 1581 4388 legem
1614 4316 1707 4371 Dei

144 4403 216 4458 vel
239 4406 609 4474 ceremonias,
640 4404 694 4461 in
730 4397 988 4477 quantum
1017 4421 1046 4461 a
1080 4407 1344 4476 finitimis,
1373 4410 1478 4464 imo
1505 4426 1532 4463 a
1561 4424 1709 4465 com-

141 4496 371 4552 mistitiis
399 4497 647 4553 hostibus
675 4498 922 4566 impediri
952 4513 1058 4553 non
1092 4508 1358 4568 poterant,
1391 4499 1578 4555 sedulo
1606 4514 1706 4555 cu-

1801 1967 1971 2027 brata,
2007 1979 2097 2030 per
2128 1976 2294 2019 totum
2328 1968 2494 2033 potuit
2535 1968 2776 2022 humanis
2805 1971 3069 2024 mentibus
3093 1965 3387 2038 abscondi,

1805 2054 1886 2107 bis
1915 2055 2172 2107 duntaxat
2200 2056 2286 2124 qui
2315 2070 2436 2109 eum
2467 2059 2735 2124 cognitum
2767 2061 3034 2130 suscipere
3062 2062 3367 2117 voluissent.

1803 2143 2025 2209 Quando
2055 2154 2108 2196 et
2141 2146 2191 2196 in
2239 2146 2362 2198 hora
2398 2148 2687 2200 nativitatis
2729 2148 2870 2201 illius
2911 2151 3128 2218 angelus
3162 2152 3371 2206 Domini

1802 2248 1924 2287 cum
1959 2247 2144 2301 magna
2194 2234 2431 2290 claritate
2474 2238 2772 2302 pastoribus
2801 2241 2969 2307 gentis
3005 2242 3166 2309 ipsius
3211 2255 3372 2308 appa-

1804 2325 1927 2388 ruit,
1977 2333 2030 2376 et
2076 2335 2249 2378 ortum
2295 2326 2408 2394 ejus
2459 2329 2702 2383 erunibus
2751 2331 2993 2397 gentibus
3036 2331 3365 2399 profuturum

1804 2413 2066 2465 nuntiavit
2091 2431 2103 2477 ;
2132 2413 2181 2466 in
2210 2429 2326 2484 qua:
2355 2416 2512 2470 verba
2543 2405 2714 2472 cidem
2746 2420 2931 2487 angelo
2955 2423 3234 2476 multitudo
3262 2415 3371 2478 cm?

1805 2501 1953 2554 lestis
1986 2503 2183 2556 militia!
2212 2505 2461 2557 occinuit.
2489 2507 2594 2560 Sed
2623 2517 2675 2562 et
2705 2510 2810 2574 ipsa
2846 2513 2969 2563 liora
2995 2512 3043 2563 in
3075 2513 3370 2566 remotiori-

1807 2590 1902 2643 bus
1948 2591 2178 2644 Orientis
2229 2594 2504 2660 partibus,
2556 2596 2961 2664 sapientissimis
3005 2610 3058 2652 et
3106 2611 3370 2656 astrorum

1803 2681 1980 2748 gnaris
2023 2681 2320 2736 hominibus
2375 2699 2507 2737 nova
2558 2686 2710 2742 stella
2766 2686 3040 2754 inepinato
3086 2705 3368 2759 apparens,

1804 2785 1900 2826 eos
1927 2772 1992 2824 ad
2016 2781 2190 2826 ortum
2221 2775 2340 2826 novi
2371 2776 2508 2843 regis
2538 2776 2774 2831 attraxit.
2804 2777 2910 2832 Nec
2937 2794 3038 2832 non
3068 2792 3119 2834 et
3149 2784 3371 2849 quadra-

1807 2861 2014 2929 gesimo
2057 2862 2346 2918 nativitatis
2387 2865 2503 2931 ejus
2540 2864 2647 2931 die,
2693 2879 2814 2919 cum
2855 2881 2974 2920 eum
3015 2869 3078 2921 ad
3122 2871 3371 2937 templum

1810 2952 1926 3017 Dei,
1975 2968 2067 3020 pro
2113 2956 2334 3010 solemni
2383 2957 2500 3026 ejus
2551 2959 2722 3024 gentis
2759 2961 3163 3028 consuetudine,
3211 2977 3376 3018 mater

1814 3043 1973 3115 Virgo
2004 3048 2430 3113 prmscntandnm
2472 3048 2724 3113 deferret,
2759 3049 2950 3105 ibidem
2986 3065 3015 3105 a
3052 3055 3246 3105 sanctis
3277 3054 3375 3105 Ιιυο

1811 3133 2041 3188 minibus
2068 3135 2249 3190 mundi
2275 3136 2521 3192 Salvator
2560 3147 2643 3193 est
2669 3141 2899 3208 agnitus,
2942 3150 2993 3193 ct
3022 3143 3088 3193 ab
3116 3145 3188 3195 eis
3219 3151 3377 3198 επιε-

1807 3223 1881 3276 ris
1910 3221 2154 3278 fidelibus
2192 3225 2480 3280 nuntiatus.
2556 3263 2558 3265 ›

1878 3313 1944 3368 Χ.
1974 3312 2296 3370 Duodecimo
2323 3330 2534 3385 quoque
2559 3315 2731 3373 astatis
2757 3331 2918 3385 anno,
2947 3331 3064 3373 cum
3106 3320 3158 3374 in
3186 3319 3373 3375 eodem
3422 3346 3428 3352 -

1809 3408 2008 3474 templo
2035 3409 2340 3477 parentibus
2369 3420 2669 3465 remaneret
2705 3411 2919 3480 ignaris,
2955 3412 3199 3478 videlicet
3233 3413 3376 3467 acsti-

1811 3499 2075 3552 mantibns
2104 3499 2244 3555 inter
2267 3507 2521 3571 cognatos
2563 3512 2616 3556 et
2657 3510 2809 3557 notos
2850 3519 2970 3558 eum
2999 3512 3283 3560 secessisse
3311 3505 3377 3562 de

1808 3587 1961 3656 urbe,
1984 3589 2081 3643 sed
2104 3604 2169 3644 eo
2192 3605 2297 3645 non
2323 3591 2558 3656 invento,
2584 3594 2988 3660 regrederentur
3010 3595 3072 3648 ad
3097 3597 3373 3665 templum,

1807 3692 1859 3736 et
1891 3681 1960 3736 ibi
1983 3696 2103 3735 eum
2142 3691 2264 3750 post
2293 3682 2523 3738 triduum
2564 3683 2616 3737 in
2648 3683 2822 3737 medio
2847 3683 3122 3739 doctorum
3167 3689 3377 3755 sapien-

1810 3773 2014 3828 tissime
2050 3788 2108 3827 se
2136 3783 2380 3843 agentern
2418 3777 2762 3843 reperissent,
2806 3775 3164 3846 interrogante
3208 3789 3379 3836 matre

1809 3879 1904 3916 cur
1932 3877 2051 3918 eam
2083 3864 2350 3930 doli-ntem
2382 3867 2701 3935 reliquisset,
2734 3869 3044 3936 respondit:
3075 3867 3138 3922 In
3169 3871 3243 3923 Itis
3264 3886 3377 3939 qua!

1814 3951 1983 4005 Patris
2013 3954 2110 4006 mei
2135 3963 2270 4016 sunt,
2305 3963 2502 4021 Oportet
2525 3970 2604 4008 me
2632 3971 2738 4008 esse
2760 3956 2912 4024 (an.
2937 3974 3009 4024 st,
3035 3959 3130 4026 49)
3156 3977 3167 4012 ε
3199 3960 3375 4027 utique

1812 4043 2086 4097 insinuans
2118 4042 2372 4112 templum
2398 4058 2508 4112 non
2539 4044 2713 4100 minus
2744 4045 2809 4098 ad
2847 4060 2906 4100 se
2930 4061 3086 4114 quam
3110 4049 3175 4101 ad
3209 4047 3371 4102 Deum

1804 4132 2023 4195 Patrem
2057 4133 2347 4201 pertinere.
2379 4133 2678 4204 Trigesimo
2717 4149 2842 4189 vero
2871 4150 2937 4190 es
2971 4150 3075 4203 quo
3107 4136 3240 4188 inter
3275 4134 3373 4190 bo-

1810 4227 1980 4280 mines
2020 4225 2323 4304 conversari
2361 4227 2523 4293 cmpit
2562 4239 2724 4304 anno,
2770 4227 2835 4280 ad
2881 4227 3137 4296 baptisma
3178 4226 3372 4282 servuli

1809 4315 1890 4368 sui
1949 4301 2290 4384 properavit,
2340 4324 2398 4369 ut
2445 4330 2511 4368 es
2560 4301 2631 4370 ἷο
2668 4316 2869 4370 scilicet
2917 4318 3226 4385 sequacibus
3264 4315 3376 4370 suis

1807 4407 2109 4474 exemplum
2157 4395 2434 4473 tribueret,
2475 4423 2542 4463 ne
2585 4407 2705 4478 quis
2751 4410 2820 4461 ab
2865 4407 3099 4462 inferiori
3148 4419 3374 4477 persona

1812 4495 2066 4566 baptizari
2110 4506 2496 4562 contemneret,
2528 4497 2738 4567 quando
2768 4497 2940 4565 ipsum
2994 4497 3269 4552 Dominum
3316 4503 3373 4550 et

138 4597 336 4643 rassent
376 4588 700 4655 observare;
731 4561 872 4658 quod
901 4589 1076 4644 nullus
1092 4561 1353 4658 ⁷ιιησιιιτιιιι⁷
1373 4590 1456 4644 vel
1486 4593 1703 4662 excogi-
1736 4561 1786 4622 D
1814 4561 1977 4641 Deum
2012 4602 2164 4641 suum
2198 4589 2376 4643 famuli
2422 4561 2501 4642 sui
2535 4561 3141 4654 manibus’baptizatum
3185 4585 3372 4640 memi-

144 4685 248 4733 tare
291 4679 593 4749 patuisset,
643 4680 924 4749 repentino
971 4695 1095 4737 casu
1147 4696 1243 4735 rex
1293 4683 1702 4740 nefandissimns

144 4766 455 4837 Graecorum,
506 4778 712 4836 utputa,
769 4771 998 4837 pruius
1039 4780 1090 4826 et
1130 4786 1306 4840 praeco
1350 4780 1376 4810 α
1424 4773 1701 4830 malissimi

146 4842 464 4928 antichristi,
513 4874 608 4914 eos
646 4861 714 4914 ita
741 4860 1029 4942 oppressit,
1059 4870 1115 4915 ut
1145 4873 1250 4915 non
1280 4862 1379 4915 nisi
1408 4877 1567 4917 manu
1591 4877 1703 4919 caa-

147 4949 277 5004 Iestis
314 4952 658 5020 Imperatoris
707 4967 767 5007 se
815 4952 924 5007 ullo
972 4951 1131 5007 modo
1173 4953 1397 5007 ulterius
1421 4954 1704 5010 crederent

147 5039 367 5098 allevari.
393 5042 498 5109 Qui
528 5051 580 5097 et
609 5051 758 5096 tanto
790 5042 1048 5099 miracu‘o
1076 5043 1144 5097 ab
1172 5043 1698 5111 immanissimorum,

149 5130 620 5190 diversissimorum
671 5142 830 5201 atque
873 5133 1341 5190 innumerabilium
1371 5123 1703 5192 adversario-

148 5234 251 5274 rum
295 5237 387 5277 eos
429 5225 632 5291 impetu
675 5223 935 5290 liberavit,
968 5231 1025 5278 ut
1051 5224 1354 5292 paucissimi
1383 5225 1451 5282 de
1478 5225 1697 5295 Judaeis,

146 5310 370 5375 plurimis
403 5326 596 5366 eorum
638 5311 959 5380 interfectis,
991 5312 1212 5380 reliquis
1237 5311 1327 5382 qui
1358 5328 1574 5369 manere
1603 5329 1720 5384 pos-

147 5406 302 5454 terant
356 5415 464 5456 non
520 5415 702 5469 parum
758 5400 1056 5458 incuterent
1100 5401 1403 5475 ubicunque
1456 5407 1687 5462 terroris.

147 5489 204 5539 At
231 5501 348 5545 eum
383 5489 459 5544 illi
488 5489 577 5559 qui
613 5489 806 5545 talibus
833 5490 1056 5561 ﬂagellis
1079 5491 1272 5549 eruditi
1304 5494 1584 5548 Dominum
1607 5509 1700 5564 pa-

146 5588 269 5633 trum
293 5595 514 5638 suorum
544 5593 784 5639 metuere
823 5594 1064 5652 nossent,
1112 5587 1340 5642 diversis
1367 5587 1578 5642 casibus
1609 5588 1699 5642 ab-

145 5675 343 5742 sumpti,
392 5686 568 5742 morte
613 5689 707 5730 sua
755 5673 1008 5730 mundum
1047 5677 1394 5748 reliquissent
1422 5679 1691 5743 orbatum,

1811 4679 1993 4730 uisset.
2023 4677 2126 4731 Sed
2157 4677 2278 4746 quia
2321 4691 2426 4730 non
2465 4676 2635 4746 aliqua
2665 4675 2747 4730 sui
2779 4676 3115 4743 necessitate,
3148 4674 3239 4730 sed
3269 4673 3369 4728 bu-

1810 4768 2046 4821 rnilitatis
2077 4768 2427 4838 propaganda:
2450 4769 2616 4840 gratia
2643 4769 2896 4825 voluisset
2937 4770 2989 4825 in
3019 4785 3151 4838 aqua
3181 4767 3365 4836 lavari,

1810 4873 1932 4913 ecce
1975 4859 2115 4914 Deus
2159 4860 2313 4917 Pater
2339 4874 2458 4914 cum
2477 4857 2615 4915 ,vece
2643 4861 2709 4915 de
2738 4861 2873 4916 cmlo
2905 4861 3077 4914 delata
3106 4869 3369 4915 contesta-

1811 4958 1894 5004 tus
1925 4959 2027 5014 est,
2072 4949 2258 5004 dicens
2289 4968 2300 5003 :
2340 4949 2440 5003 Hic
2472 4961 2543 5004 cst
2572 4951 2709 5016 ﬁlius
2750 4965 2889 5004 meus
2931 4950 3165 5014 dilectus,
3193 4949 3244 5002 in
3271 4965 3370 5016 quo

1807 5041 1932 5094 mihi
1959 5042 2318 5112 complacitum
2347 5049 2420 5094 est
2446 5055 2466 5094 :
2495 5040 2659 5109 ipsum
2699 5043 2871 5096 audite
2896 5041 3108 5112 (Matth.
3153 5054 3231 5105 ιιι,
3264 5038 3328 5092 17
3351 5079 3370 5106 _,

1807 5147 1932 5194 svn,
1958 5133 2034 5200 5).
2066 5131 2130 5185 Et
2153 5130 2384 5199 Spiritus
2409 5140 2645 5197 sanctus,
2672 5131 2825 5201 cujus
2850 5132 2957 5200 jam
2984 5140 3034 5184 et
3060 5145 3221 5198 opere
3242 5144 3371 5185 con-

1806 5232 1992 5289 ceptus
2023 5231 2125 5285 est,
2157 5219 2222 5273 ad
2251 5220 2626 5276 declarandam
2656 5221 2952 5276 sanctitatis
2979 5221 3094 5288 ejus
3119 5222 3370 5276 innocen-

1807 5312 1956 5376 tiam,
1991 5313 2042 5366 in
2067 5310 2325 5365 columbae
2351 5325 2508 5381 super
2530 5325 2651 5365 eum
2680 5311 2857 5380 specie
2895 5309 3185 5384 descendit.

1880 5400 1972 5455 XI.
1998 5400 2066 5452 Ita
2107 5411 2235 5468 ergo
2261 5397 2500 5455 Christus
2545 5397 2706 5453 homo
2735 5398 3055 5468 glorificatus
3083 5403 3138 5450 et
3159 5395 3371 5451 confor-

1780 5501 1947 5545 'tatus
1989 5490 2052 5542 ad
2095 5488 2335 5557 praelium
2373 5502 2492 5541 cum
2533 5487 2745 5544 diabolo
2790 5487 3187 5551 conferendum,
3231 5501 3363 5554 qua-

1804 5580 2044 5650 draginta
2076 5580 2282 5633 dierum
2305 5576 2566 5646 jejunium
2610 5585 2916 5639 exacturus,
2945 5575 3077 5631 abiit
3105 5576 3155 5630 in
3187 5576 3358 5629 deser—

1803 5683 1934 5729 tum.
1965 5672 2170 5738 Quibus
2205 5668 2448 5739 expletis,
2495 5668 2866 5726 callidissimus
2904 5666 3264 5729 adversarius,
3294 5676 3362 5718 ex

211 5831 232 5886 l
266 5832 554 5890 Μαιὶιδίηιὶ.
591 5831 685 5890 Sic
709 5795 874 5891 citata
892 5823 1055 5891 editio
1083 5831 1423 5903 Parisinus.
1451 5832 1779 5904 Basnagiana
1800 5842 1949 5900 vero,
1974 5823 2355 5897 malignissimi,
2382 5822 2554 5879 minus
2576 5826 2741 5922 recte,
2768 5826 2823 5876 ut
2843 5817 3073 5876 videtur.
