3884 6240
520 315 585 367 ,9
1218 360 1221 362 _
1378 300 1619 359 SANCTI
1660 303 1866 358 GALLI
1921 305 2209 360 ABBATIS
2264 306 2350 360 er
2403 305 2866 366 consessoms
3675 320 3736 374 eo

513 426 793 493 aliquibus,
825 432 880 476 ut
909 419 1162 483 creditur,
1209 417 1423 470 humani
1457 419 1695 483 corporis
1724 419 1958 486 gestibus
1989 429 2077 474 aut
2109 428 2154 484 Α
2183 420 2460 474 duodecim
2489 423 2680 478 corbes
2720 425 2784 477 ad
2830 425 3185 481 tesﬁmonium
3219 429 3347 481 tanti
3385 432 3618 488 miraculi
3651 439 3737 490 far-

515 519 721 582 habitu,
747 517 888 569 illum
917 514 1122 568 esurire
1152 511 1564 578 persentiscens,
1591 519 1643 564 et
1669 510 1862 565 idcirco
1907 512 2074 567 homi-

514 626 633 666 nem
663 624 780 664 eum
812 618 1011 660 tantum
1051 619 1171 660 esse
1214 616 1485 672 reputans,
1526 603 1617 657 sed
1663 612 1877 672 propter
1915 605 2072 658 vitam

513 702 820 754 innocenter
866 708 1036 751 actam
1086 710 1242 763 super
1292 695 1533 748 homines
1592 693 1915 757 formidans;
1977 695 2074 748 hac

509 803 622 847 arte
660 792 806 846 illum
837 788 1156 857 aggreditur,
1200 797 1257 839 ut
1298 788 1341 840 si
1385 788 1600 854 quidem
1649 788 1878 841 esuriem
1922 803 2070 841 suam

511 896 642 946 parte
691 881 756 933 de
796 879 969 944 lapide
1019 878 1174 941 facto,
1222 887 1279 930 ut
1331 877 1442 943 ipse
1481 879 1756 942 suadebat,
1809 879 2070 932 consolari

509 972 783 1039 potuisset,
816 969 990 1022 divina
1024 972 1074 1022 in
1117 983 1182 1021 eo
1214 969 1447 1036 potentia
1480 969 1829 1036 deprehensa,
1861 971 1927 1024 ab
1957 971 2070 1039 ejus

507 1061 715 1131 injuriis
755 1073 808 1117 et
839 1061 1276 1115 insectationibus
1305 1063 1589 1128 quievisset
1617 1078 1631 1115 :
1664 1063 1706 1115 si
1733 1063 1782 1114 in
1815 1072 1955 1116 tanta
1981 1079 2071 1115 ne-

506 1153 750 1210 cessitate
775 1168 870 1206 nec
897 1168 955 1206 se
976 1154 1145 1217 ipsum
1175 1167 1416 1206 recreare
1437 1154 1710 1221 quivisset,
1739 1169 1870 1221 puro
1893 1165 2066 1208 tamen

507 1243 718 1296 homine
745 1244 1112 1309 comprobato,
1146 1258 1250 1296 non
1295 1245 1469 1296 minus
1490 1258 1610 1298 eum
1642 1245 1740 1296 sibi
1771 1260 1924 1312 quam
1965 1260 2068 1298 cte-

506 1341 645 1385 teros
685 1333 982 1385 mortalium
1029 1333 1314 1386 obnoxium
1342 1333 1725 1386 censideraret.
1758 1333 1858 1387 Sed
1902 1333 2068 1387 admi-

502 1422 680 1476 rabilis
709 1422 960 1489 magister
991 1422 1198 1489 pietatis
1228 1422 1297 1474 ita
1339 1423 1600 1475 versutias
1643 1422 1756 1487 ejus
1785 1423 1961 1485 elusit,
1991 1433 2064 1485 ut,

502 1526 599 1565 nec
635 1512 685 1564 in
715 1527 874 1579 panes
921 1511 1182 1578 lapidibus
1228 1511 1558 1577 permutatis,
1592 1511 1881 1563 divinitatis
1922 1511 1972 1562 in
2003 1525 2066 1564 eo

499 1602 924 1670 deprehenderet
951 1602 1199 1669 insignia,
1225 1615 1322 1654 nec
1346 1601 1770 1669 impossibilitate
1795 1603 2061 1666 confessa,

498 1691 563 1744 ad
589 1703 770 1744 nostra
799 1692 1126 1744 animaretur
1155 1691 1384 1756 inﬁrma,
1418 1691 1597 1745 dicens
1641 1697 1781 1758 quod
1833 1693 1935 1744 vita
1980 1707 2062 1744 ra-

2178 509 2432 566 cirentur.
2481 513 2622 566 Mare
2651 528 2860 583 quoque
2899 517 3054 570 siccis
3099 519 3319 586 pedibus
3360 521 3663 587 ambulavit,
3692 543 3740 582 et

2177 599 2402 654 fetentes
2431 613 2666 657 mortuos
2697 605 2764 658 de
2793 607 3036 673 sepulcro
3081 609 3378 672 suscitavit,
3422 622 3476 663 et
3522 616 3585 665 ad
3616 629 3738 668 con-

2176 690 2372 744 vivium
2404 701 2643 756 vocatus,
2670 707 2833 762 aquas
2862 695 2912 747 in
2945 697 3060 749 vina
3087 700 3325 752 mutavit.
3364 702 3425 754 Et
3455 717 3612 770 super
3638 707 3741 760 hmc

2175 780 2372 844 omnia,
2411 781 2564 834 Pater
2594 783 2660 838 de
2704 785 2861 847 cado,
2895 789 3181 854 quondam,
3228 789 3502 857 discipulis
3532 795 3738 848 audien-

2176 868 2334 934 tibus,
2382 872 2647 926 interdum
2681 888 2807 927 vero
2837 877 3005 930 turbis
3031 878 3250 932 infinitis
3279 884 3575 936 astantibus
3609 889 3739 951 pari-

2175 963 2254 1010 ter
2285 967 2340 1011 et
2379 962 2822 1029 auscultantibus,
2865 981 2985 1019 eum
3037 967 3228 1022 Filium
3275 985 3430 1025 Suum
3479 988 3742 1028 commen-

2137 1125 2144 1130 μ
2171 1051 2336 1117 davit,
2367 1063 2419 1106 et
2451 1068 2508 1108 se
2537 1056 2680 1108 illum
2708 1057 2816 1124 jam
2844 1058 3166 1116 clarificasse
3193 1071 3246 1116 et
3290 1063 3462 1118 adhuc
3493 1066 3742 1119 clarifica.

2172 1153 2343 1195 turum
2377 1146 2635 1211 promisit.

2241 1233 2377 1287 XlV.
2428 1235 2502 1288 De
2549 1236 2789 1290 doctrina
2847 1252 2972 1292 vero
3024 1239 3138 1307 ejus
3186 1243 3302 1308 quis
3347 1244 3546 1310 aliquid
3592 1246 3741 1313 digne

2167 1328 2592 1380 commemoret?
2623 1343 2739 1381 cum
2783 1336 2835 1382 et
2864 1330 3136 1397 discipulis
3175 1335 3285 1386 suis
3336 1335 3459 1388 talia
3489 1336 3732 1388 mandata

2172 1425 2492 1482 proponeret
2520 1431 2636 1483 quae
2675 1417 2758 1470 vix
2782 1426 2870 1470 aut
2903 1434 3228 1488 nequaquam
3264 1423 3488 1475 humana
3523 1425 3744 1490 possibi-

2169 1505 2309 1567 litas,
2351 1505 2450 1557 nisi
2486 1503 2534 1556 vi
2582 1506 2749 1558 valida
2799 1507 2888 1559 Dei
2937 1508 3100 1574 ipsius
3150 1500 3325 1576 adjnta
3378 1511 3456 1563 vel
3502 1519 3738 1576 attracta,

2171 1603 2350 1660 posset
2377 1595 2617 1662 exsequi,
2654 1604 2708 1648 et
2734 1597 2875 1648 omni
2908 1598 3052 1650 sexui
3087 1599 3166 1651 vel
3205 1600 3490 1653 c0nditi0ni
3527 1610 3631 1653 tam
3677 1602 3738 1653 Ic-

2169 1683 2250 1736 via
2280 1695 2331 1737 et
2375 1685 2443 1737 ita
2493 1684 2721 1738 salubria
2755 1687 2863 1754 ipsa
2915 1689 3109 1741 moiiita
3150 1690 3391 1744 intimare
3429 1702 3659 1756 curaret,
3695 1705 3743 1746 ut

498 1783 708 1837 tionalis
733 1783 921 1834 animm
947 1797 1049 1834 non
1081 1791 1280 1834 tantum
1313 1781 1362 1834 in
1391 1782 1647 1836 materiali
1676 1783 1929 1836 consistat
1960 1782 2058 1835 ali-
2093 1765 2138 1827 Β
2167 1777 2340 1830 "unus
2369 1777 2606 1840 οωηίηορ
2636 1777 2736 1831 ηῖεί
2765 1777 2986 1830 multum
3015 1780 3224 1847 ignarus
3251 1790 3304 1833 el
3343 1795 3434 1848 Per
3464 1783 3639 1834 omnia
3670 1783 3741 1835 di-

496 1884 694 1932 mento,
729 1874 816 1925 sed
863 1873 916 1924 in
960 1873 1098 1924 omni
1127 1873 1275 1924 verbo
1315 1873 1452 1940 quod
1498 1873 1724 1939 procedit
1753 1873 1816 1925 de
1859 1888 1942 1926 ore
1974 1871 2065 1926 Dei

494 1962 706 2030 (Matth.
741 1978 808 2022 tv,
843 1961 921 2026 4).

563 2050 675 2104 XII.
726 2052 777 2104 In
831 2051 929 2105 hoc
977 2064 1104 2117 ergo
1151 2049 1398 2104 conflictu
1446 2051 1645 2103 certior
1690 2048 1856 2105 factus
1903 2066 2059 2119 quam

491 2149 616 2193 ante
647 2139 833 2201 fuerat,
864 2140 1108 2193 diabolus
1157 2154 1251 2207 per
1278 2139 1689 2194 ostentationem
1736 2141 1905 2193 inanis
1947 2143 2061 2209 gloo

489 2226 586 2281 riae
611 2241 712 2294 qua
752 2229 1036 2296 plurimum
1069 2228 1321 2282 delectari
1345 2229 1644 2282 mortalium
1677 2237 1882 2281 mentes
1903 2241 2060 2294 agno-

489 2325 658 2380 verat,
687 2316 1014 2368 divinitatern
1056 2314 1251 2367 Christi
1300 2329 1356 2369 se
1395 2315 1672 2382 explorare
1721 2331 1873 2383 posse
1905 2328 2056 2384 puta-

490 2416 578 2460 oat
611 2423 622 2457 :
656 2417 925 2472 assumpto
955 2420 1019 2460 eo
1047 2415 1098 2459 et
1127 2421 1286 2475 super
1324 2408 1526 2476 fastigia
1557 2408 1842 2462 celsissimi
1875 2409 2055 2476 templi

489 2497 686 2563 posito,
716 2511 978 2565 suasoque
1010 2505 1066 2550 ut
1093 2497 1237 2561 inde,
1269 2497 1310 2551 si
1345 2498 1504 2552 Filius
1534 2497 1625 2552 Dei
1654 2508 1812 2565 esset,
1842 2514 1900 2552 se
1925 2515 2057 2566 pra:-

487 2585 702 2652 cipitem
731 2585 901 2651 daret,
941 2595 996 2641 et
1035 2603 1136 2639 non
1181 2588 1478 2642 Izederetur.
1511 2589 1589 2646 Ad
1635 2605 1788 2657 quem
1831 2591 2054 2644 bellator

487 2678 715 2730 invictus
744 2676 1044 2744 huiusmodi
1077 2678 1385 2742 temperarit
1416 2679 1706 2746 eloquium,
1750 2690 1803 2732 ut
1830 2694 1925 2734 nec
1957 2680 2056 2732 Fi-

488 2767 614 2821 lium
641 2768 729 2820 Dei
763 2783 822 2823 se
851 2777 1086 2838 negaret,
1121 2783 1219 2824 nec
1246 2770 1441 2822 diaboli
1471 2784 1530 2821 su
1550 2771 1800 2822 isiouibus
1830 2783 2053 2823 consen-
2081 2844 2083 2846 _

487 2858 722 2914 tiendum
774 2873 893 2914 esse
939 2860 1191 2924 doceret,
1242 2861 1461 2913 dicens:
1505 2861 1621 2928 quia
1667 2875 1809 2913 sanae
1862 2863 2052 2915 mentis

484 2962 592 3002 non
612 2957 754 3002 esset
777 2958 830 3002 ut
853 2949 1130 3019 quisquam
1163 2950 1440 3002 Dominum
1471 2958 1524 3003 et
1556 2950 1715 3004 Deum
1757 2965 1908 3004 suum
1942 2961 2052 3006 ten-

485 3048 602 3092 tare
632 3051 997 3106 prresumeret.
1029 3039 1187 3106 Igitur
1235 3048 1288 3093 et
1333 3041 1384 3092 in
1429 3040 1528 3094 hoc
1558 3042 1719 3096 elisus
1763 3045 2050 3109 certamine

2170 1868 2290 1920 vina
2325 1868 2490 1935 gratia
2526 1868 2608 1922 vel
2636 1869 2959 1934 protectione
2987 1869 3248 1938 indignus,
3282 1885 3309 1924 a
3336 1886 3500 1939 regno
3531 1872 3622 1926 Dei
3656 1875 3741 1925 de-

2165 1957 2287 2012 beat
2312 1958 2540 2013 excludi.
2572 1959 2806 2028 Denique
2833 1959 2962 2027 ipsis
2985 1963 3238 2029 apostolis
3265 1971 3318 2016 et
3345 1979 3524 2018 eorum
3549 1979 3737 2031 sequa-

2166 2049 2315 2101 cibus
2364 2051 2430 2100 ita
2475 2051 2668 2104 bonum
2703 2051 3014 2118 virginitatis
3062 2053 3418 2118 arripiendum
3461 2061 3737 2122 persuasit,

2165 2146 2220 2191 ut
2265 2137 2362 2192 hoc
2397 2142 2592 2193 scirent
2629 2155 2733 2192 non
2764 2141 3005 2194 humanae
3051 2143 3342 2210 industriae,
3374 2146 3464 2199 sed
3511 2150 3739 2199 muneris

2161 2243 2282 2284 esse
2325 2231 2507 2283 divini.
2557 2229 3080 2284 Abrenuntiationem
3130 2247 3337 2300 quoque
3377 2236 3610 2287 omnium
3665 2238 3733 2285 Ia-

2161 2327 2414 2380 cultatum
2449 2334 2502 2381 et
2531 2326 2864 2381 alTectionum
2898 2327 2971 2381 sic
3002 2326 3200 2381 eisdem
3226 2327 3631 2392 aggrediendam
3663 2328 3737 2377 in-

2161 2416 2379 2478 timavit,
2423 2428 2480 2468 ut
2511 2432 2569 2471 se
2599 2426 2986 2484 cognoscerent
3011 2425 3064 2470 et
3093 2417 3142 2468 in
3175 2419 3272 2469 hoc
3300 2417 3495 2470 saeculo
3526 2426 3550 2452 ⁸
3577 2419 3738 2469 multo

2160 2507 2306 2574 plura
2338 2523 2492 2575 quam
2523 2509 2845 2574 reliquerant
2871 2517 3199 2574 accepturos,
3223 2518 3274 2558 et
3298 2507 3346 2558 in
3381 2507 3556 2559 futuro
3581 2509 3734 2558 vitam

2159 2606 2412 2649 aeternam
2457 2610 2818 2664 possessuros,
2864 2605 2917 2648 et
2966 2597 3018 2649 itt
3064 2597 3151 2650 die
3192 2596 3359 2663 magni
3403 2595 3586 2662 judicii
3617 2611 3732 2647 cum

2157 2686 2272 2751 ipso
2313 2684 2516 2751 iudices
2568 2699 2686 2738 esse
2736 2694 3006 2738 venturos.
3059 2684 3291 2738 Caeteros
3337 2695 3508 2740 autem
3555 2685 3733 2738 Iideles

2156 2776 2354 2841 docuit,
2405 2787 2458 2829 ut
2499 2775 2810 2839 humilitate,
2845 2777 3278 2838 mansuetudine,
3330 2791 3478 2842 pace,
3523 2777 3729 2828 miseri-

2155 2866 2354 2930 cordia,
2385 2867 2587 2932 justitia
2623 2867 2700 2921 vel
2742 2867 2988 2933 patientia
3014 2864 3039 2901 It
3067 2864 3194 2919 deos
3225 2879 3368 2927 suos,
3419 2875 3469 2918 et
3503 2867 3601 2919 sibi
3652 2882 3729 2919 re-

2155 2976 2314 3029 gnum
2347 2958 2458 3022 Dei,
2508 2959 2904 3024 persecutiones
2949 2957 3106 3011 etiam
3156 2959 3540 3021 improborum,
3575 2959 3617 3009 si
3664 2960 3727 3009 ita

2157 3050 2445 3104 necessitas
2473 3049 2819 3112 incumberet,
2849 3047 3159 3102 sustinendo
3191 3049 3460 3113 acquirere
3494 3064 3598 3099 non
3632 3049 3728 3100 Ias-

485 3127 750 3195 inimicus,
780 3144 874 3198 per
918 3132 1191 3184 avaritiam
1239 3146 1339 3198 qua
1373 3133 1624 3186 mundum
1657 3149 1713 3189 se
1763 3139 2049 3204 peremisse
2079 3103 2125 3164 Ο
2153 3151 2418 3195 sarentur.
2447 3140 2501 3194 In
2524 3154 2806 3193 commune
2835 3149 3010 3191 autem
3043 3137 3245 3190 cunctis
3276 3147 3598 3204 praeceptum
3641 3138 3730 3189 de-

481 3217 761 3287 gandebat,
792 3228 846 3273 et
874 3219 1140 3275 Christum
1187 3222 1286 3276 sibi
1326 3222 1610 3291 subjugare
1653 3239 1756 3278 non
1788 3226 2048 3291 diffidens,

480 3310 709 3367 ostendit
732 3310 781 3365 ei
823 3313 1000 3365 omnia
1034 3327 1195 3379 regna
1242 3313 1442 3377 mundi,
1485 3323 1538 3367 et
1579 3315 1797 3381 gloriam
1838 3330 2048 3380 eorum,

480 3414 544 3454 eo
571 3410 727 3470 pacto
759 3412 811 3458 ut
845 3401 890 3454 si
938 3415 1032 3469 pro
1075 3401 1158 3454 his
1204 3401 1524 3469 accipiendis
1553 3403 1722 3470 ipsum
1753 3413 2050 3472 prostratus

481 3494 752 3558 adoraret,
783 3493 978 3549 vilibus
1009 3495 1077 3549 ab
1103 3511 1166 3549 eo
1196 3493 1422 3548 donatus
1449 3496 1638 3550 abiret.
1667 3495 1832 3561 Quam
1873 3495 2050 3550 imma-

481 3588 753 3642 nissimam
797 3586 1185 3657 blasphemiam
1231 3587 1482 3654 magister
1522 3587 1828 3642 humilitatis
1856 3589 2049 3644 exhor~

480 3692 720 3744 reseens,
762 3678 972 3733 turbida
1005 3678 1368 3746 indignatione
1403 3688 1694 3732 monstrum
1735 3679 2048 3733 nefandissi-

481 3784 626 3822 mum
674 3783 704 3823 a
759 3784 817 3823 se
868 3767 1082 3836 repulit,
1127 3768 1356 3821 dicens:
1403 3769 1631 3836 religiosi
1683 3771 1856 3822 cordis
1904 3784 2045 3833 esse,

482 3861 764 3916 Dominum
799 3861 961 3914 Deum
993 3861 1238 3927 adorare,
1267 3870 1321 3914 et
1345 3860 1413 3912 illi
1441 3859 1538 3914 soli
1569 3861 1786 3915 servire.
1811 3859 1972 3929 Cujus
2000 3865 2046 3914 vi

480 3953 714 4008 fulminis
743 3953 1000 4007 attonitus
1030 3953 1390 4012 adversarius,
1419 3953 1552 4008 etab
1581 3968 1637 4006 eo
1666 3957 1865 4006 recessit
1890 3969 2046 4019 usque

475 4047 545 4098 ad
571 4055 766 4114 tempus
791 4044 940 4114 (Luc.
971 4058 1046 4108 tv,
1069 4044 1181 4111 I3).
1213 4034 1714 4096 \IictOriosissimum
1738 4034 1864 4096 vero
1887 4043 2046 4110 Regis

467 4122 644 4190 'nbstri
686 4135 1010 4199 triumphum
1066 4132 1390 4187 admirantes
1443 4134 1635 4200 angeli,
1684 4132 1875 4186 debitis
1923 4148 2042 4185 eum

475 4227 711 4279 venerati
739 4236 865 4278 sunt
893 4225 1182 4290 obsequiis.
1254 4222 1265 4234 ’

546 4313 684 4366 Xlll.
728 4313 820 4366 His
849 4329 974 4380 ergo
1010 4315 1078 4366 ita
1129 4313 1375 4381 peractis,
1406 4314 1646 4366 Christus
1689 4314 1939 4368 Dominus
1979 4317 2041 4368 ad

2151 3233 2248 3295 dit,
2293 3248 2358 3286 ne
2396 3231 2646 3285 fratribus
2684 3231 2802 3284 irati
2834 3230 3186 3284 conviciorum
3233 3229 3504 3284 maledicta
3555 3231 3607 3282 in
3640 3244 3730 3281 eos

2148 3323 2536 3389 jacularentur,
2564 3321 2646 3374 vel
2675 3321 2756 3373 his
2796 3321 3162 3373 occasionibus
3191 3333 3294 3372 non
3323 3322 3632 3384 amputatis,
3664 3319 3727 3370 ad

2155 3409 2435 3462 homicidia
2459 3409 2781 3463 laberentur.
2817 3407 2880 3460 Et
2905 3421 2968 3461 ne
2994 3408 3110 3475 quis
3142 3422 3358 3461 uxorem
3390 3407 3616 3474 proximi
3650 3410 3728 3459 sui

2152 3499 2358 3568 impuro
2397 3507 2734 3552 contueretur
2772 3499 2946 3562 oculo,
2979 3508 3030 3552 et
3077 3497 3271 3550 idcirco
3308 3498 3559 3549 maculari
3595 3512 3726 3572 pus-

2149 3601 2233 3644 set
2268 3589 2567 3652 adulterio;
2611 3599 2665 3642 et
2704 3604 2771 3642 ne
2815 3597 3013 3642 temere
3038 3588 3217 3656 jurare
3261 3597 3630 3654 presumeret,
3665 3601 3730 3640 ne

2151 3683 2284 3733 forte
2317 3682 2645 3749 perjuraret;
2675 3694 2771 3733 nec
2810 3681 3085 3747 quisquam
3117 3679 3378 3733 obstinate
3417 3679 3728 3732 adversario

2149 3787 2245 3825 suo
2273 3772 2564 3844 resisteret,
2599 3782 2650 3824 et
2679 3770 2799 3824 inde
2830 3787 2932 3825 non
2965 3771 3133 3824 solum
3162 3771 3370 3835 animae,
3405 3769 3493 3823 sed
3525 3779 3581 3823 et
3611 3785 3727 3823 cor-

2152 3864 2297 3932 poris
2341 3865 2632 3932 periculttm
2673 3865 2986 3919 incurreret.

2224 3954 2337 4007 XV.
2396 3956 2562 4008 Porro
2619 3967 2791 4009 autem
2839 3955 3168 4024 perfectioris
3216 3955 3334 4007 vitae
3379 3954 3626 4019 cupidis,
3675 3967 3725 4005 et

2148 4057 2365 4108 regnum
2387 4043 2647 4096 caelorum
2672 4045 2859 4109 avidis,
2881 4044 2950 4095 ita
2979 4043 3267 4096 nuditatem
3286 4051 3339 4094 et
3363 4051 3724 4110 contemptum

2148 4125 2474 4188 terrenarum
2523 4137 2730 4199 indixit,
2763 4147 2818 4189 ut
2860 4147 3030 4189 tamen
3077 4151 3404 4204 nequaquam
3456 4137 3571 4189 haec
3623 4140 3726 4190 sibi

2145 4222 2384 4276 defutura
2435 4226 2794 4288 confiderent;
2841 4242 2960 4279 cum
3008 4235 3226 4278 czeteros
3273 4226 3605 4280 Christianos
3645 4229 3724 4280 his

2147 4317 2473 4368 abundantes
2507 4317 2574 4368 ita
2616 4315 2680 4367 ad
2715 4314 2920 4368 illorum
2950 4315 3267 4367 accenderet
3297 4315 3636 4382 obsequium.
3670 4323 3728 4368 ut

477 4404 718 4458 homines
757 4417 1051 4472 regressus,
1084 4404 1372 4456 secundum
1421 4403 1768 4469 Seriptnram,
1808 4415 2042 4472 operatus
2071 4447 2119 4505 Β
2147 4407 2445 4473 quicunque
2475 4405 2680 4456 illorum
2715 4405 2825 4458 hmc
2855 4405 2964 4457 suis
3006 4403 3320 4470 pauperibus
3369 4405 3722 4465 ministraret,

472 4503 545 4546 est
572 4494 786 4546 salutem
828 4494 879 4545 in
910 4492 1074 4545 medio
1122 4502 1268 4544 terra:
1297 4490 1467 4561 (Psat.
1501 4507 1680 4554 uult,
1728 4494 1816 4559 l9.)
1843 4510 1856 4546 :
1889 4493 2041 4546 cawis

473 4586 643 4640 visum
691 4585 996 4649 restituens,
1039 4583 1215 4639 surdis
1244 4584 1505 4647 auditum,
1543 4585 1704 4637 mutis
1748 4584 2036 4652 loquelam,

474 4676 705 4746 leprosis
730 4676 1201 4736 emundationem;
1236 4675 1438 4728 mancis
1482 4674 1714 4741 opiflcia,
1754 4674 2039 4726 daemonia-

473 4773 552 4822 cis
585 4776 838 4833 mentem,
888 4764 1190 4835 paralyticis
1233 4764 1488 4831 vigorem,
1534 4763 1736 4816 claudis
1779 4777 2036 4830 gressum,

472 4870 528 4914 et
557 4860 700 4913 mille
721 4860 836 4912 sine
874 4857 1086 4910 nomine
1116 4856 1314 4909 morbis
1339 4853 1700 4908 omnimodam
1734 4853 2039 4919 impertiens

470 4952 755 5006 medelam.
788 4949 926 5014 Quin
957 4958 1010 5002 et
1039 4947 1370 5015 sequentium
1401 4954 1625 5014 quatuor
1655 4943 1819 4995 millia
1849 4944 1913 4997 de
1955 4959 2039 4996 se-

475 5053 617 5110 ptem
647 5041 870 5108 panibus
908 5049 962 5092 et
1001 5038 1331 5106 paucissimis
1360 5037 1592 5104 piscibus
1622 5037 1873 5087 saturavit
1899 5051 1913 5098 ;
1945 5035 2038 5086 ali-

473 5131 682 5199 quando
714 5146 836 5184 vero
861 5131 926 5184 de
956 5129 1188 5196 quinque
1235 5126 1458 5193 panibus
1487 5137 1538 5178 et
1569 5125 1775 5178 duobus
1805 5123 2037 5190 piscibus

476 5222 546 5272 ita
593 5220 825 5288 quinque
871 5219 1030 5272 millia
1077 5219 1330 5281 virorum,
1381 5223 1598 5280 excepta
1659 5214 1937 5265 mulierum
1985 5225 2038 5265 et

475 5311 810 5373 parvulorum
843 5307 1100 5359 immensa
1149 5304 1548 5364 numerositate,
1601 5306 1846 5371 replevit,
1890 5313 1942 5353 ut
1972 5305 2036 5357 de

475 5400 785 5469 fragmentis
817 5399 1182 5467 reliquiarum,
1227 5412 1343 5463 qua:
1384 5397 1451 5449 de
1495 5395 1576 5447 bis
1619 5396 1850 5460 pauculis
1882 5395 2036 5446 rebus

472 5492 612 5547 inter
661 5505 845 5544 manus
897 5497 952 5543 et
997 5488 1187 5543 dentes
1225 5487 1616 5540 convivantium
1667 5493 2035 5539 succreverant

515 5648 568 5761 ι·
599 5639 762 5693 Multo
795 5641 963 5705 plura.
997 5638 1198 5694 Canisii
1221 5637 1380 5693 editio
1410 5638 1660 5708 Basnag.,
1691 5637 1846 5704 male,
1878 5639 2036 5693 multa

534 5725 644 5761 um.

476 5725 644 5776 ptum.

2147 4495 2245 4561 ipsi
2275 4496 2488 4547 Christo
2533 4504 2587 4549 et
2617 4495 2722 4546 Deo
2754 4493 2893 4546 Patri
2939 4507 2996 4546 se
3035 4494 3341 4560 impendere
3371 4509 3471 4546 non
3503 4494 3720 4546 dubita-

2147 4592 2248 4637 ret.
2280 4582 2456 4646 Eietos
2483 4591 2660 4637 autem
2695 4581 2784 4635 Dei
2823 4583 3080 4645 cultores,
3115 4591 3168 4632 et
3198 4582 3261 4633 de
3290 4583 3496 4650 generis
3524 4583 3722 4635 nobili-

2145 4682 2252 4725 tate
2291 4673 2598 4741 gloriantes,
2652 4673 2951 4737 bypocritas
3000 4682 3052 4724 et
3097 4673 3356 4741 genimina
3412 4671 3718 4739 viperarum

2143 4763 2485 4828 nuncupavit.
2518 4759 2665 4827 Ipsos
2710 4774 2920 4826 quoque
2959 4760 3284 4823 sacerdotes,
3329 4761 3416 4825 qui
3461 4759 3717 4827 pietatem

2144 4852 2355 4905 nomine
2397 4850 2809 4917 praetendebant,
2846 4861 2898 4903 et
2927 4849 3176 4902 malitiam
3223 4847 3274 4900 in
3322 4851 3480 4904 corde
3526 4863 3716 4906 conte-

2141 4944 2349 5010 gebant,
2380 4942 2629 4994 caecitatis
2679 4941 2898 5001 notavit,
2930 4948 2981 4992 et
3009 4954 3268 4993 cmeorum
3317 4941 3478 4994 duces
3526 4943 3717 4995 redar-

2138 5033 2268 5099 guit,
2307 5041 2360 5085 et
2398 5033 2615 5084 multum
2662 5034 2996 5084 comementi
3027 5033 3419 5098 Comparatione
3445 5033 3715 5098 sepulcris

2139 5123 2393 5175 dealbatis
2422 5122 2679 5175 assimilea
2708 5121 2919 5186 devicit,
2951 5122 3036 5187 qui
3066 5135 3092 5171 a
3126 5123 3251 5174 foris
3291 5121 3505 5189 quidem
3538 5136 3708 5190 appa-

2139 5222 2256 5263 rent
2291 5211 2592 5264 Iiominibus
2636 5211 2872 5279 pulchra,
2908 5211 3046 5261 intus
3079 5224 3200 5264 vero
3232 5213 3383 5278 plena
3409 5221 3528 5264 sunt
3557 5216 3715 5268 omni

2137 5305 2405 5370 spurcitia.
2443 5304 2546 5356 Nec
2577 5319 2679 5356 non
2713 5313 2766 5356 et
2808 5301 3106 5356 Pharismos
3147 5305 3230 5369 qui
3278 5303 3379 5357 sibi
3403 5303 3529 5372 justi
3557 5309 3715 5361 vide—

2139 5390 2348 5455 bantur,
2381 5401 2434 5444 et
2459 5400 2802 5457 aspernantes
2831 5400 3074 5452 caeteros,
3119 5391 3478 5455 paenitentiam
3519 5408 3712 5460 pecca-

2140 5493 2310 5538 torum
2341 5485 2578 5551 recipere
2609 5484 2912 5547 uoluerunt,
2942 5482 3007 5535 ita
3040 5479 3345 5544 confutavit,
3373 5493 3430 5536 ut
3450 5497 3507 5538 se
3533 5484 3709 5553 ipsum

2208 5633 2401 5692 bDeos
2447 5650 2584 5697 suos,
2631 5643 2676 5685 rt
2720 5633 2812 5686 tibi
2844 5648 3052 5702 regnum
3097 5631 3205 5686 Dei.
3239 5632 3363 5688 "me
3411 5635 3461 5689 in
3509 5636 3708 5691 mendo

2143 5703 2336 5782 cubare
2369 5703 2628 5760 videntur.
