3884 6240
531 385 596 439 13
1369 386 1611 442 SANCTI
1654 389 1852 442 GALLI
1893 390 2181 445 AIIDATIS
2228 391 2309 445 ΕΤ
2360 392 2813 452 CONFESSORIS
3670 404 3731 461 ξι

531 508 641 561 ptas
685 507 803 547 cum
856 491 1179 547 aromatibus
1227 493 1341 560 ejns
1374 502 1395 529 ι
1426 496 1807 569 corrumpendi|
1840 501 2077 566 corporis
2106 503 2150 557 Α
2182 499 2354 566 fuerit,
2388 504 2553 556 salvus
2580 506 2671 557 erit
2688 507 2821 591 ;.qui
2846 522 2956 559 vero
2986 522 3086 559 non
3125 508 3421 575 crediderit,
3446 510 3734 563 condemna-

531 585 841 639 visitatrices
870 584 1007 639 idem
1040 584 1260 651 angelus
1290 595 1557 654 gratanter
1581 588 1786 651 affatus,
1834 605 1898 642 ne
1930 590 2083 643 time-

531 686 645 728 reut
675 675 911 728 hortatus
952 684 1053 729 est.
1103 675 1165 727 Et
1194 678 1311 743 quia
1363 676 1613 732 Dominus
1644 679 1799 733 .leans
1846 680 2086 734 Christus

530 766 736 819 devicto
759 767 943 817 mortis
966 766 1186 832 imperio
1210 769 1498 820 resurrexit
1521 778 1667 822 certo
1696 771 1937 835 patefecit
1961 771 1984 807 δ
2009 772 2087 824 in-

528 858 691 922 dicio,
724 866 774 909 et
804 864 860 907 ut
894 857 1063 909 locum
1103 857 1340 911 viderent
1377 858 1463 911 ubi
1510 860 1709 927 positus
1754 874 1866 914 erat
1898 862 2087 915 Domi-

528 960 643 1007 nus,
676 946 969 998 admonuit.
1011 945 1126 1012 Quo
1170 962 1289 1001 cum
1345 949 1623 1013 intrarent,
1654 951 1901 1004 viderunt
1952 953 2086 1005 duos

526 1038 745 1103 angelos
788 1038 838 1090 in
881 1040 1013 1092 albis
1043 1040 1312 1103 sedentes,
1360 1057 1516 1093 unum
1543 1043 1606 1095 ad
1638 1055 1812 1110 caput,
1844 1052 1896 1097 et
1924 1062 2084 1098 unum

527 1127 593 1178 ad
627 1128 808 1194 pedes,
839 1129 1101 1195 quondam
1147 1131 1215 1183 ibi
1251 1133 1658 1199 requiescentis,
1709 1144 1762 1188 et
1808 1137 1964 1189 modo
1996 1153 2083 1189 re-

526 1220 811 1285 surgentis,
847 1219 967 1273 inde
1010 1222 1238 1274 auctoris
1270 1233 1481 1276 mtcrnm
1523 1224 1662 1277 vitte.
1712 1226 1947 1292 Cumque
1997 1242 2085 1295 pa-

528 1309 743 1363 vefacta:
792 1312 1076 1377 cepissent
1120 1312 1323 1380 egredi,
1381 1314 1627 1381 aufugere
1674 1317 1965 1381 cupientes,
1998 1331 2087 1369 nc-

524 1400 690 1451 currit
718 1400 793 1453 eis
835 1401 946 1468 ipse
980 1401 1264 1467 Dominus;
1316 1404 1687 1471 benignissime
1735 1408 1988 1459 salutatas
2019 1407 2084 1460 ad

524 1492 812 1556 discipulos
856 1506 980 1543 suos
1020 1495 1242 1545 devicta:
1294 1496 1479 1547 mortis
1525 1496 1736 1547 nuntias
1779 1496 2083 1549 destinavit.

526 1582 587 1633 lit
617 1582 803 1635 eodem
836 1584 921 1637 die
946 1584 1102 1637 Petro
1130 1584 1428 1651 specialiter
1452 1586 1710 1654 apparuit.
1744 1587 1842 1653 Qui
1876 1595 1930 1640 et
1958 1587 2086 1640 dno-

528 1674 623 1725 hns
651 1673 1062 1741 ambulantibus,
1098 1684 1148 1728 et
1179 1676 1245 1728 de
1276 1690 1332 1729 se
1360 1664 1841 1731 sermocinantibus
1873 1681 2085 1731 convia-

527 1773 610 1814 tor
640 1763 877 1829 effectus,
911 1765 976 1818 de
1018 1766 1303 1834 Scripturis
1349 1768 1576 1821 asseruit
1602 1769 1721 1835 quia
1767 1768 1843 1822 sic
1869 1781 2083 1835 Oporte-

533 1865 612 1905 ret
638 1854 902 1908 Christum
934 1857 1063 1923 pati,
1094 1866 1148 1912 et
1177 1873 1451 1925 resurgere
1479 1874 1507 1911 a
1540 1860 1781 1919 mortuis,
1813 1870 1863 1914 et
1901 1862 1968 1912 ita
2003 1862 2082 1913 in-
2118 1836 2139 1891 ι

528 1952 667 1997 trare
694 1944 745 1996 in
772 1946 990 2012 gloriam
1022 1961 1191 1998 suam.
1225 1947 1265 1999 Α
1299 1948 1488 2015 quibus
1531 1947 1685 2002 etiam
1724 1949 1971 2003 invitatus
2018 1950 2081 2001 ad

525 2047 753 2101 Ctntlam,
782 2034 832 2087 in
862 2034 1115 2089 fraetione
1148 2038 1294 2102 pauis
1323 2047 1401 2091 est
1430 2040 1655 2108 agnitus,
1685 2054 1803 2093 cum
1836 2042 1903 2093 ob
1932 2043 2081 2095 exci-

527 2132 685 2177 tatem
713 2126 886 2179 cordis
919 2128 1062 2194 prius
1092 2128 1360 2181 videretur
1388 2130 1615 2199 ignotus.

594 2233 709 2286 XX.
746 2234 878 2289 Sero
907 2250 1116 2304 quoque
1144 2252 1263 2291 cum
1316 2238 1507 2293 factum
1541 2249 1702 2303 esset,
1734 2242 1846 2307 ipsa
1876 2241 1962 2294 die
1994 2257 2084 2309 ap-

521 2328 694 2390 paruit
734 2327 983 2393 apostolis
1031 2329 1160 2391 suis,
1192 2340 1243 2382 et
1289 2331 1365 2382 eis
1404 2332 1588 2395 gaudia
1640 2333 1780 2399 pacis
1826 2332 2083 2386 mandans

521 2414 827 2475 insufﬂavit.
862 2427 915 2470 et
940 2419 1072 2471 dixit
1102 2436 1113 2469 :
1142 2420 1363 2486 Accipite
1394 2420 1643 2488 Spiritum
1664 2432 1890 2474 sanctum
1921 2439 1939 2475 :
1962 2440 2081 2489 quo-

518 2524 631 2557 rum
662 2509 956 2562 remiseritis
999 2518 1224 2577 peccata,
1278 2513 1603 2563 remittuntur
1659 2514 1749 2574 eis,
1792 2523 1845 2565 et
1866 2529 2083 2580 quamn

518 2599 839 2665 retinueritfs,
869 2609 1060 2652 retenta
1092 2611 1208 2653 sunt
1239 2599 1415 2669 (Jomt.
1453 2618 1539 2663 xv,
1570 2602 1661 2663 22,
1695 2603 1807 2671 ‘23).
1835 2604 1911 2655 Ad
1954 2618 2081 2656 cou-

524 2688 931 2751 firmanda-quin
962 2691 1121 2741 etiam
1149 2690 1309 2741 corda
1343 2690 1716 2755 dubitantium,
1749 2692 1836 2759 qui
1887 2708 1945 2746 se
1986 2708 2080 2760 pu-

517 2787 691 2829 tarent
734 2778 976 2845 spiritum
1011 2782 1183 2847 potius
1216 2783 1395 2835 videre
1436 2800 1589 2851 quam
1632 2802 1842 2851 corpus,
1895 2797 2078 2839 osten-

516 2867 591 2917 dit
619 2868 697 2921 eis
735 2882 927 2920 manus
956 2880 1005 2922 et
1038 2872 1196 2937 pedes
1228 2874 1609 2925 rt-centissimae
1641 2874 1903 2940 passionis
1931 2875 2078 2942 signa

517 2961 836 3024 retinentes,
897 2970 951 3013 ut
1001 2962 1212 3017 indubic
1264 2964 1665 3019 resurrectionis
1714 2964 1827 3032 ejus
1894 2966 2081 3020 ﬁerent

516 3048 690 3102 idonei
743 3059 927 3104 testes.
962 3052 1068 3105 Sed
1123 3052 1227 3106 illis
1272 3054 1443 3109 adlmc
1488 3071 1590 3109 non
1642 3057 1978 3111 credentibus
2024 3068 2078 3111 et

2190 594 2321 645 bitur
2344 595 2531 660 (Marc.
2566 613 2671 663 xvi,
2708 596 2813 665 16).

2258 705 2396 760 XXI.
2432 707 2493 760 Et
2520 709 2636 773 quia
2668 709 2961 763 irritatores
3006 710 3098 763 Dei
3145 718 3198 764 et
3246 709 3506 764 increduli
3555 710 3733 776 Judmi,

2188 804 2239 847 et
2270 807 2451 855 gentes
2481 798 2793 851 idololatriae
2826 799 2987 852 dediti
3016 800 3336 867 sign'seraut
3366 801 3431 852 ad
3463 799 3617 852 ﬁdem
3648 815 3737 852 nuA

2190 885 2395 947 triendi,
2430 885 2574 938 dedit
2620 888 2875 954 apostolis
2922 888 3032 941 suis
3078 888 3326 941 virtutem
3377 902 3536 955 super
3567 890 3735 941 omnia

2188 974 2469 1035 (Iunonia,
2498 983 2551 1027 ct
2579 985 2633 1029 ut
2673 978 2953 1042 languores
2976 989 3249 1042 curarent,
3281 993 3453 1033 caecos
3485 980 3737 1032 illumina-

2188 1074 2325 1126 rent,
2360 1064 2595 1127 leprosos
2622 1067 2957 1128 mundarent,
2991 1067 3134 1134 ipsos
3164 1076 3220 1121 et
3251 1078 3490 1120 mortuos
3517 1071 3738 1121 resusci-

2190 1164 2389 1217 tarent;
2421 1164 2473 1206 et
2505 1156 2756 1222 praecepit
2793 1156 2893 1209 illis
2921 1167 2976 1208 ut
3001 1158 3375 1210 annuntiarent
3403 1173 3621 1226 regnum
3654 1160 3739 1211 Dei

2188 1248 2624 1313 appropinquare.
2659 1247 2724 1300 Et
2759 1250 2877 1315 quia
2926 1249 3129 1303 cunctis
3177 1250 3422 1318 gentibus
3453 1236 3507 1304 et
3552 1250 3741 1311 linguis

2190 1354 2376 1390 novam
2425 1342 2557 1392 hanc
2585 1340 2875 1392 doctrinam
2906 1342 3194 1408 prtedicare
3241 1342 3558 1404 debuerunt,
3602 1344 3741 1395 dedit

2188 1430 2264 1481 eis
2308 1428 2636 1481 diversarum
2683 1430 2973 1497 linguarum
3026 1433 3367 1498 agnitionem.
3404 1432 3537 1493 Quin
3585 1433 3739 1484 etiam

2190 1517 2317 1582 ipsis
2362 1526 2415 1570 et
2451 1520 2757 1572 earumdem
2810 1521 2928 1574 ﬁdei
2972 1522 3285 1588 sequacibus
3330 1524 3495 1574 multo
3544 1522 3739 1590 majora

2190 1608 2435 1673 promisit
2458 1616 2510 1660 et
2538 1608 2819 1671 concessit,
2852 1611 2920 1661 ita
2951 1620 3004 1661 ut
3030 1610 3152 1662 dum
3179 1611 3521 1675 plurimarum
3548 1612 3742 1678 lingua-

2189 1711 2301 1747 rum
2335 1697 2631 1750 hominibus
2662 1699 2711 1750 in
2757 1713 2857 1751 una
2903 1700 3266 1767 loquerentur,
3298 1714 3326 1751 a
3357 1701 3561 1754 cunctis
3594 1700 3743 1753 intel-

2190 1786 2496 1855 ligerentur,
2525 1798 2577 1841 et
2628 1788 2808 1841 umbra
2860 1788 3068 1843 illorum
3116 1792 3501 1843 transeuntium
3549 1790 3739 1843 inﬁrmi

2185 1886 2518 1940 sanarentur,
2548 1886 2601 1931 et
2640 1878 2866 1932 sudariis
2911 1880 2993 1931 vel
3022 1880 3356 1947 cingulorum
3391 1880 3610 1933 ﬁmbriis
3655 1894 3744 1931 nc-

2182 1983 2333 2033 quam
2364 1968 2579 2035 spiritus
2624 1968 2947 2035 fugarentur.
2982 1970 3088 2023 Sed
3127 1984 3245 2022 cum
3280 1971 3391 2022 hac
3424 1970 3473 2022 in
3517 1971 3617 2023 alia
3663 1984 3743 2023 re-

2182 2059 2357 2123 gione,
2392 2059 2488 2111 hoc
2519 2068 2618 2117 est.
2669 2058 2718 2112 in
2750 2060 2988 2124 Galilma,
3022 2062 3101 2114 vel
3153 2069 3273 2113 ante
3303 2061 3632 2130 passionem,
3660 2061 3743 2113 vel

2185 2155 2303 2212 post
2332 2148 2771 2200 resurreetionem
2803 2162 2950 2200 suam
2982 2149 3250 2217 discipulis
3278 2151 3564 2213 edidisset;
3597 2159 3655 2203 ut
3691 2150 3740 2202 iu

2183 2236 2369 2289 vicinia
2402 2235 2518 2303 ejus
2551 2236 2646 2289 loci
2679 2237 2743 2289 ad
2774 2238 2878 2290 alta
2905 2238 3024 2291 εωιὶ
3050 2239 3451 2302 conscenderet,
3488 2240 3572 2293 ubi
3622 2254 3744 2293 cru-

2182 2328 2257 2380 cis
2282 2328 2621 2395 ignominiam
2648 2330 2803 2397 pau'o
2831 2337 2952 2383 ante
2978 2332 3158 2395 subiit,
3199 2340 3357 2398 atque
3385 2331 3499 2399 ipso
3531 2346 3744 2399 quoque

2182 2420 2394 2471 nomine
2440 2419 2887 2487 dispenSationcm
2958 2421 3372 2483 incarnationis,
3432 2423 3697 2487 pa>Sl02tiS
3729 2464 3740 2485 ,

2181 2509 2599 2571 resurrectionis,
2633 2510 2959 2563 ascensionis
2991 2511 3042 2562 in
3087 2512 3279 2564 ctnlum
3332 2510 3576 2563 ﬁdelibus
3618 2524 3744 2577 ape-

2182 2600 2349 2651 riret:
2386 2598 2711 2663 Bethaniam,
2743 2614 2857 2667 qua:
2909 2600 3097 2653 donms
3142 2600 3459 2653 ohedientim
3508 2600 3741 2659 dicitur,

2180 2692 2319 2740 unde
2350 2690 2513 2741 cmlos
2557 2697 2778 2757 peteret,
2820 2703 2937 2742 cum
2988 2690 3237 2757 apostolis
3283 2690 3481 2751 invisit,
3525 2688 3745 2740 doctore

2181 2780 2418 2847 gentium
2457 2780 2579 2845 quid
2626 2779 2919 2847 signiﬁcent
2947 2774 3283 2847 eiponeule:
3317 2779 3470 2833 Iesus
3508 2779 3745 2832 Christus

2181 2872 2347 2937 factus
2388 2878 2459 2920 est
2490 2870 2721 2921 obediens
2754 2886 2909 2937 usque
2939 2873 3004 2921 ad
3035 2880 3270 2933 mortem,
3319 2878 3527 2921 mortem
3577 2880 3744 2935 autem

2179 2962 2376 3023 crucis;
2422 2970 2625 3027 propter
2653 2961 2788 3029 quod
2835 2970 2879 3013 et
2927 2961 3058 3013 Deus
3106 2961 3250 3013 illum
3299 2961 3536 3014 era/tavit
3589 2959 3746 3029 (Phi-

2179 3051 2308 3119 lipp.
2343 3067 2399 3114 ll,
2429 3055 2479 3113 8,
2512 3050 2587 3119 9).
2630 3052 2863 3119 Cumque
2893 3052 3034 3105 illum
3066 3052 3154 3119 qui
3193 3061 3550 3106 convenerant
3580 3055 3746 3104 inter-

518 3137 826 3192 mirantibns
857 3154 967 3207 prm
997 3141 1211 3209 gaudio,
1246 3153 1301 3195 ut
1332 3158 1424 3211 per
1453 3144 1700 3198 effectum
1733 3148 2077 3200 eomestionis

2183 3152 2431 3209 rogarent
2460 3142 2502 3193 si
2536 3142 2647 3193 dies
2672 3140 2855 3206 jndicii
2881 3153 2933 3193 et
2957 3142 3312 3193 manilestatio
3341 3143 3484 3209 regni
3519 3141 3745 3208 Dei'jam

515 3243 559 3275 νε
580 3228 709 3281 ritas
755 3238 1052 3295 pales-ceret
1098 3232 1293 3297 carnis,
1342 3234 1685 3300 interrogavit
1730 3239 1773 3289 si
1822 3234 2078 3292 haberent

513 3318 707 3386 aliquid
761 3320 827 3373 ad
876 3320 1320 3375 manducandum.
1374 3323 1613 3391 Cumque
1662 3328 1982 3381 obtulissent
2026 3330 2074 3383 ei

515 3418 715 3474 partem
749 3410 911 3476 piscis
938 3411 1042 3463 assi
1087 3422 1138 3464 et
1185 3412 1356 3465 favum
1405 3416 1599 3478 mellis,
1632 3417 1955 3471 manducans
1988 3432 2076 3470 en-

514 3510 624 3547 ram
657 3496 776 3560 illis,
812 3498 1057 3567 reliquias
1088 3500 1234 3554 dedit
1264 3502 1361 3565 eis,
1403 3513 1454 3556 et
1496 3508 1930 3560 commemoravit
1962 3510 2074 3562 hate

512 3586 590 3637 eis
615 3601 733 3643 esse
776 3590 933 3643 verba
968 3605 1085 3660 qua:
1133 3600 1257 3647 ante
1291 3594 1589 3661 passionem
1628 3612 1775 3651 suam
1811 3600 2072 3666 prtezlixe-

513 3688 612 3741 rat,
646 3681 913 3747 quomodo
944 3697 1164 3737 necesse
1210 3694 1290 3737 est
1337 3700 1426 3739 sua
1476 3698 1648 3741 morte
1692 3690 1879 3741 mortis
1909 3692 2073 3759 impe-

511 3770 648 3823 rium
680 3771 918 3837 dissolvi,
950 3784 1002 3827 et
1028 3774 1078 3825 in
1110 3789 1213 3849 sua,
1231 3779 1634 3832 resurrectionis
1664 3782 1933 3849 agnitione
1962 3798 2073 3849 per-

511 3858 787 3913 nitentium
818 3870 864 3913 ct
900 3846 1267 3917 remissionem
1321 3874 1652 3932 peccatorum
1702 3872 1905 3923 cunctis
1946 3887 2072 3939 gen-

516 3950 648 4003 ~ihus
675 3950 975 4015 praedicari;
1003 3969 1099 4007 nec
1126 3970 1229 4008 non
1257 3967 1309 4010 et
1332 3957 1471 4025 ipsos
1495 3960 1664 4015 adhuc
1692 3962 2069 4030 gl0riosissima

513 4041 745 4107 Spiritus
784 4046 986 4097 .sancti
1044 4048 1294 4101 missione
1349 4050 1584 4105 rohorari
1653 4056 1909 4120 promisit.
1967 4057 2071 4109 Nec

515 4138 687 4183 tamen
736 4132 804 4183 ita
855 4133 1141 4187 instructos
1171 4146 1223 4190 et
1265 4139 1351 4191 tali
1385 4140 1735 4207 promissione
1765 4146 2072 4198 causulatos

517 4235 636 4272 mox
689 4220 940 4277 abscessu
993 4228 1253 4292 corporali
1303 4230 1581 4286 discedere
1612 4233 1794 4299 voluit,
1840 4234 1929 4289 sed
1982 4251 2073 4303 per

514 4310 865 4380 quadraginta
898 4312 1011 4367 dies
1042 4314 1091 4366 in
1118 4317 1381 4371 universis
1410 4322 1732 4387 argumentis
1762 4339 1853 4377 eos
1893 4326 2072 4379 visita~

518 4402 613 4450 vit.
638 4398 784 4454 Nunc
810 4401 1011 4456 foribus
1032 4406 1243 4470 clausis,
1270 4409 1321 4461 in
1346 4413 1522 4465 medio
1544 4428 1727 4468 eorum
1755 4418 2069 4482 consistere;

2184 3231 2503 3293 immineret,
2555 3228 2807 3283 dicebat:
2844 3229 2964 3280 Non
3009 3245 3113 3281 esse
3162 3230 3391 3293 illorum,
3433 3230 3517 3283 vel
3566 3232 3747 3298 cujus-

2178 3337 2333 3390 quam
2364 3322 2702 3383 mortalium;
2734 3320 2827 3373 sed
2878 3335 2944 3373 ne
2988 3322 3218 3388 ipsorum
3263 3319 3472 3387 quidem
3521 3325 3747 3390 angelo-

2177 3427 2315 3474 rum,
2348 3426 2490 3463 nossc
2532 3421 2756 3478 ιιηηρονη
2786 3421 2831 3462 ct
2866 3421 3131 3475 momenta,
3161 3426 3276 3474 qua:
3308 3408 3464 3461 Pater
3489 3412 3663 3477 posuit
3698 3413 3747 3461 in

2176 3518 2267 3554 sua
2317 3502 2718 3571 potestatem“.
2752 3515 2790 3562 ι,
2821 3501 2850 3551 7
2882 3502 3035 3568 seq.);
3087 3500 3365 3567 potiusque
3418 3498 3469 3551 in
3521 3499 3747 3551 civitate

2174 3594 2465 3648 Jerusalem
2515 3594 2796 3646 adventum
2835 3592 3003 3644 sancti
3037 3590 3265 3657 Spiritus
3312 3590 3390 3643 eis
3418 3600 3748 3657 exspectare

2176 3684 2534 3753 pnncipiebat.
2565 3684 2679 3747 Quo
2718 3682 2905 3749 spiritu
2953 3682 3209 3743 roborati,
3245 3688 3406 3733 testes
3451 3680 3524 3733 illi
3558 3690 3749 3733 essent

2176 3780 2399 3842 primum
2454 3776 2504 3828 iu
2553 3776 2735 3829 eadem
2784 3774 2930 3839 urbe,
2983 3775 3176 3828 deinde
3224 3775 3274 3826 in
3320 3781 3424 3827 tota
3470 3770 3659 3825 Judiea
3692 3779 3750 3824 et

2174 3868 2431 3930 Samaria,
2483 3868 2548 3920 ad
2603 3878 2924 3933 postremum
2978 3880 3107 3920 vero
3150 3880 3316 3935 usque
3370 3866 3434 3917 ad
3490 3863 3747 3917 ultimum

2175 3970 2349 4014 terrae.
2382 3961 2443 4012 Et
2491 3960 2571 4013 his
2617 3958 2924 4027 przrmissis,
2958 3958 3177 4011 elevatis
3218 3957 3459 4009 manibus
3493 3956 3607 4009 suis
3644 3957 3745 4008 he-

2174 4050 2371 4103 nedisit
2420 4050 2558 4113 illis;
2608 4060 2661 4103 et
2707 4049 2909 4101 cunctis
2957 4047 3084 4100 nihil
3137 4047 3309 4101 minus
3366 4046 3744 4114 Opinantihus,

2131 4193 2134 4197 .
2172 4143 2318 4209 quasi
2354 4141 2537 4209 pennis
2585 4140 2841 4194 columba:
2891 4139 3291 4206 incorruptibile
3334 4152 3527 4205 eurpus
3578 4150 3745 4191 suum

2176 4233 2386 4286 lihravit
2416 4234 2477 4285 ad
2509 4233 2723 4286 cmlnm.
2757 4231 2917 4298 Cujus
2960 4231 3037 4284 rei
3086 4245 3206 4283 mox
3253 4229 3360 4282 duo
3408 4230 3611 4297 angeli,
3641 4228 3748 4281 huc

2174 4337 2273 4387 εει,
2308 4325 2423 4392 quia
2446 4326 2634 4378 cmlmn
2667 4334 2987 4390 penetraret,
3018 4322 3393 4388 astipulatores
3422 4324 3745 4381 asitetunt.

2172 4426 2225 4469 et
2253 4416 2371 4483 quia
2400 4415 2446 4466 in
2469 4414 2648 4470 eadem
2668 4413 2842 4479 specie
2866 4428 2961 4477 qua
2986 4419 3283 4477 assumptus
3309 4417 3390 4462 cst
3417 4409 3483 4461 ab
3512 4411 3642 4470 illis,
3676 4411 3749 4462 ad

516 4504 654 4543 nunc
684 4506 806 4545 vero
837 4507 930 4559 per
962 4503 1119 4548 totam
1156 4508 1362 4553 noctem
1406 4500 1596 4555 frustra
1629 4504 1679 4555 in
1716 4506 1962 4571 piscando
1995 4507 2069 4559 la-
2106 4497 2145 4550 D
2173 4505 2483 4575 judicandos
2512 4505 2657 4557 vivos
2702 4512 2755 4555 et
2801 4510 3037 4554 mortuos
3084 4513 3333 4554 venturus
3382 4508 3545 4564 esset,
3588 4500 3735 4552 diser

518 4580 846 4645 horantibus,
900 4586 1012 4649 ipse
1060 4593 1204 4638 stans
1248 4588 1297 4641 in
1348 4589 1524 4643 littore
1575 4593 1914 4646 multitudine
1968 4596 2074 4662 pis-

513 4669 653 4721 Μυκη
684 4680 795 4723 rete
823 4686 1003 4725 eorum
1035 4677 1424 4743 compleverat;
1458 4692 1509 4732 et
1542 4682 1677 4734 inter
1706 4683 2069 4752 prandendum

517 4763 670 4814 heato
698 4762 852 4815 Petro
879 4774 995 4831 post
1036 4767 1211 4821 claves
1252 4773 1396 4838 regni
1428 4776 1679 4827 etelorum
1720 4791 1782 4829 ac
1818 4779 2074 4831 retentio-

515 4866 611 4905 nes
660 4853 1078 4911 relaxationcsve
1110 4868 1462 4924 peccatorum,
1495 4864 1670 4915 ovium
1721 4858 1931 4918 suarum
1982 4882 2073 4917 cu-

512 4957 627 4996 ram
672 4947 939 5011 prmcepit,
986 4958 1039 5003 et
1068 4950 1188 5017 quia
1238 4967 1330 5018 pro
1368 4955 1673 5007 earumdem
1724 4972 1847 5009 cura
1895 4958 2070 5010 ovium

516 5046 725 5086 crucem
752 5035 1021 5089 subiturus
1049 5052 1189 5092 esset
1216 5042 1491 5097 iutitnavit.
1522 5045 1717 5099 Deinde
1759 5047 1807 5099 in
1835 5059 2069 5102 montem

516 5125 798 5188 quemdam
843 5140 1052 5181 secutos
1098 5130 1149 5182 in
1199 5133 1297 5185 fide
1343 5135 1606 5201 solidavil,
1635 5144 1688 5191 et
1735 5141 1983 5207 praecepit
2016 5150 2073 5191 ut

521 5216 656 5267 irent
681 5217 857 5269 docere
885 5236 1052 5273 omnes
1084 5234 1270 5289 gentes,
1303 5208 1349 5276 εἰ
1390 5225 1645 5291 baptizare
1686 5245 1766 5281 cos
1794 5230 1843 5281 in
1872 5232 2073 5283 nomine

520 5304 711 5372 Patris,
740 5317 786 5357 et
838 5307 963 5363 Filii
1007 5323 1053 5363 et
1104 5313 1325 5378 Spiritus
1368 5319 1556 5378 sancti;
1590 5319 1824 5371 docentes
1877 5336 2073 5372 seruarc

520 5397 683 5447 nuntia
714 5397 925 5464 (Matth.
980 5418 1165 5465 uvttt,
1204 5408 1287 5471 ill)
1318 5423 1646 5475 quaecunque
1694 5412 1803 5478 ipse
1856 5413 2072 5463 manda-

520 5498 661 5539 verat
708 5492 829 5556 illis,
862 5502 913 5545 cl
957 5494 1027 5545 ait
1070 5495 1208 5549 illis:
1247 5501 1345 5565 Qui
1390 5502 1653 5553 crediderit
1699 5516 1743 5555 ct
1787 5498 2069 5573 burlizatus

516 5642 1043 5766 manCor’rumthdt.
1104 5652 1453 5722 Εμεηριοηδ
1504 5658 1768 5715 mendum.
1824 5660 2071 5716 Rescribe

575 5729 597 5761 τι
643 5730 731 5766 Grtt
775 5735 807 5766 t.

575 5729 807 5782 τιηςπηίιι.

2176 4602 2316 4645 runt.
2351 4594 2496 4644 'l‘nnc
2541 4600 2594 4643 ut
2642 4591 2737 4641 sihi
2786 4605 2812 4638 a
2862 4588 3192 4641 dominatore
3239 4589 3356 4641 cmli
3409 4596 3746 4655 pra-ceptum

2175 4692 2307 4747 erat,
2351 4682 2640 4734 Jerusalem
2694 4678 2934 4744 ingressi,
2978 4677 3140 4728 sancti
3183 4677 3408 4743 Spiritus
3440 4675 3748 4728 adventum

2174 4773 2412 4839 SnSpensi
2470 4769 2929 4837 ιιτίιιδιυιίιικιιιιυν.
2974 4770 3068 4833 Qui
3117 4766 3317 4820 decima
3372 4767 3611 4834 postlu‘c
3653 4768 3749 4821 die

2175 4866 2339 4930 venit,
2375 4873 2427 4916 et
2454 4861 2688 4913 scientia:
2732 4860 3055 4925 perfectione
3101 4861 3219 4912 illos
3260 4861 3492 4919 edocuit,
3529 4867 3586 4910 et
3634 4860 3749 4910 lin-

2174 4972 2394 5023 guarum
2428 4954 2679 5004 varietate
2704 4951 2944 5013 donavit,
2975 4958 3028 5001 et
3070 4950 3320 5001 adversus
3358 4948 3563 5002 rabiem
3613 4964 3752 5016 per-

2176 5052 2394 5101 lidorum
2448 5044 2715 5099 roboravit
2764 5061 2774 5093 ε
2822 5044 3231 5110 Congruentibus
3282 5042 3346 5093 ad
3402 5044 3516 5095 hate
3568 5044 3755 5112 signis

2174 5140 2421 5199 ostensis,
2472 5150 2605 5187 sono
2649 5133 2889 5185 videlicet
2943 5134 3094 5184 flatus
3148 5131 3503 5192 vehementis,
3541 5140 3599 5183 et
3641 5132 3753 5185 liu-

2174 5234 2288 5299 gnis
2335 5230 2527 5300 igneis;
2576 5225 2728 5295 enjus
2776 5225 3085 5277 auctoritate
3134 5222 3441 5283 conlortati,
3495 5237 3756 5275 resurre-

2173 5326 2397 5379 cti0nem
2431 5320 2634 5372 Domini
2668 5317 2829 5368 nostri
2858 5313 2981 5367 Jesu
3010 5312 3203 5367 Christi
3249 5316 3573 5367 auctoritate
3614 5331 3756 5384 pro.

2176 5413 2383 5481 pltclica
2414 5407 2835 5473 comprobantes,
2878 5402 3019 5454 mille
3066 5401 3352 5454 Judeorttm
3403 5404 3595 5456 eodem
3654 5405 3758 5461 die

2170 5503 2235 5557 ad
2288 5502 2441 5553 fidem
2492 5502 2885 5549 convertuntur.
2926 5491 2991 5545 Et
3044 5494 3092 5543 in
3137 5494 3483 5559 sequentibus
3534 5495 3758 5568 aliquot

2245 5650 2527 5715 b-lndicio.
2582 5649 2651 5700 ltn
2710 5662 2769 5695 ev
2836 5654 3085 5700 rmucxtu
3142 5647 3533 5713 rescripsimus.
3598 5653 3757 5708 edit.

2175 5726 2331 5791 male,
2362 5732 2416 5774 ut
2449 5720 2668 5786 videtur,
2697 5717 2916 5784 jndiriu.
