3884 6240
151 396 207 448 es
1612 411 1854 469 senato.
3276 405 3345 458 εδ

161 513 316 565 millia.
357 512 646 579 Quamdam
690 531 820 574 vero
852 521 1060 574 turbam
1101 521 1432 575 sacerdotum
1473 522 1688 575 obedire
1717 525 1761 577 Α
1792 523 1879 569 aut
1909 514 2266 576 homicidium,
2299 515 2378 568 vel
2411 513 2702 568 convicium
2733 512 3004 575 conferre,
3032 521 3120 567 aut
3159 511 3346 565 falsum

164 604 262 656 lidci
294 616 684 670 persuaserunt.

219 689 365 743 XXII:
413 692 614 747 Interea
647 711 777 749 vero
825 699 951 751 dum
1001 701 1178 753 omnia
1224 714 1381 768 supra
1431 700 1568 753 dicta
1603 701 1693 752 lie-

177 789 272 840 ent,
316 780 511 834 dimisit
559 783 818 839 Dominus
862 802 1047 840 omnes
1093 799 1277 858 gentes
1324 789 1523 857 ingredi
1579 790 1693 842 vias

155 885 276 928 suas,
308 881 358 923 et
388 871 877 948 dircrsissimomm
928 894 1171 934 errorum
1219 881 1555 948 opinionibus
1594 882 1693 934 im-

157 961 302 1024 pleri;
331 960 399 1013 ita
438 973 496 1014 ut
520 965 738 1030 quidam
781 968 947 1021 solem
979 980 1031 1023 ct
1073 971 1246 1033 lunam
1279 981 1331 1024 et
1359 971 1561 1034 stellas,
1594 971 1692 1023 mi-

155 1053 346 1102 nisteria
377 1053 626 1107 videlicet
681 1056 928 1112 humanis
974 1060 1154 1113 usibus
1203 1063 1471 1125 attributa,
1505 1063 1696 1114 divinis

156 1140 417 1193 honoribus
465 1145 820 1199 celebrarent.
854 1148 957 1200 Alii
1007 1164 1132 1202 vero
1185 1150 1382 1218 majore
1428 1151 1695 1205 dementia

157 1229 296 1292 capti,
327 1242 428 1280 non
477 1231 644 1283 solum
688 1249 875 1286 aurum
917 1246 969 1288 et
999 1249 1291 1304 arge'iznm,
1324 1240 1413 1291 sed
1459 1248 1509 1292 et
1554 1241 1692 1309 ligna

155 1325 196 1366 et
225 1314 433 1382 lapides,
480 1321 868 1388 quadrupedia,
915 1339 1138 1393 serpenti
1230 1342 1321 1380 seu
1357 1329 1607 1392 volatilia,
1641 1337 1694 1382 et

155 1408 249 1471 ipsa
294 1418 443 1460 terra:
477 1409 724 1477 virentia,
761 1428 857 1480 pro
885 1415 990 1468 Deo
1030 1428 1244 1470 auctore
1291 1432 1690 1472 venerarentur.

157 1496 368 1548 Tandem
401 1513 531 1567 ergo
559 1503 674 1567 pius
719 1518 932 1559 creator
959 1511 1219 1574 omnium,
1247 1490 1454 1578 quando
1496 1523 1551 1566 et
1598 1530 1695 1567 nos

157 1586 279 1650 ipsos
307 1588 739 1644 adinventionum
782 1605 837 1648 et
879 1597 1224 1663 pessimorum
1257 1611 1462 1654 actuum
1496 1596 1696 1659 nostro-

158 1689 257 1726 rum
286 1676 460 1743 pigere
493 1679 712 1736 deberet
742 1699 805 1739 ac
838 1687 1052 1750 taedere,
1085 1690 1278 1744 direxit
1322 1693 1385 1744 ad
1421 1708 1515 1744 nos
1564 1709 1692 1760 apo-

156 1764 301 1814 stolas
342 1779 467 1819 suos
513 1771 600 1836 qui
631 1770 889 1827 docerent
934 1791 1027 1828 nos
1061 1779 1127 1831 ab
1155 1779 1235 1848 his
1264 1783 1414 1832 vanis
1458 1785 1693 1834 converti

1795 609 2150 660 testimonium
2213 606 2279 658 de
2355 605 2706 674 qualicunque
2786 606 3003 659 crimine
3067 613 3350 672 prmsumat

1795 697 2032 757 inurere;
2064 697 2156 750 sed
2197 697 2313 750 sitis
2361 697 2584 750 invicem
2625 697 2860 766 benigni,
2893 705 2945 750 et
2969 695 3225 749 donantes
3258 711 3347 746 vo-

1793 785 2150 852 bismetipsis,
2235 785 2373 838 sicut
2433 785 2572 838 Deus
2653 785 2869 838 donavit
2923 786 3074 838 vobis
3131 798 3346 852 peccata

1794 886 1989 929 vestra.
2040 876 2105 929 Et
2156 874 2346 928 delicta
2399 875 2667 942 prmterita
2722 877 3046 943 pmnilentize
3097 875 3346 928 remediis

1799 968 1877 1020 vel
1916 969 2366 1036 eleemosynarum
2417 966 2659 1035 largitate
2697 967 3038 1032 redimentes,
3071 967 3348 1018 imminen-

1756 1113 1758 1116 ,
1797 1058 1866 1107 tia
1905 1070 2019 1107 Cum
2071 1056 2161 1118 Dei
2211 1056 2470 1123 adjutorio
2501 1071 2796 1124 prieeavere
2842 1056 3122 1108 studentis.
3167 1057 3347 1108 Scien-

1798 1136 1874 1198 tcs
1902 1155 1953 1199 et
1981 1145 2120 1197 diem
2154 1146 2411 1212 generalis
2457 1145 2636 1210 judicii
2683 1145 2791 1210 jam
2834 1144 3050 1212 jamque
3085 1144 3347 1212 pro'xima-

1797 1250 1873 1297 re,
1916 1244 1968 1287 et
2011 1235 2262 1288 incertam
2301 1234 2522 1302 singulis
2566 1234 2738 1286 exitus
2783 1233 2864 1287 sui
2911 1232 3092 1286 horam
3142 1232 3344 1300 impen—

1797 1328 1943 1380 dere.
1977 1327 2036 1378 Et
2073 1327 2284 1393 quidem
2336 1325 2509 1394 magni
2535 1323 2718 1392 judicii
2764 1323 3046 1377 novissima
3077 1323 3191 1376 dies
3215 1340 3346 1376 cnn-

1798 1420 1897 1470 ctis
1945 1426 2025 1471 est
2070 1417 2379 1469 mortalibus
2430 1417 2856 1485 expavescenda,
2891 1425 2945 1467 ut
2993 1423 3114 1480 puta
3162 1414 3214 1465 in
3245 1428 3344 1479 qua

1799 1511 1925 1564 nihil
1968 1513 2316 1564 incorrectum
2352 1511 2548 1577 absque
2592 1509 2825 1562 aitcrnali
2871 1521 3022 1575 pmna
3054 1505 3346 1559 remanebit

1799 1599 2041 1651 inultum.
2679 1585 2696 1588 ‘-

1870 1689 2054 1742 XXIV.
2087 1689 2190 1743 Sed
2236 1704 2339 1742 non
2391 1688 2566 1743 minus
2615 1688 2816 1741 eunetis
2864 1686 3190 1754 sapientibus
3220 1701 3352 1752 quo-

1801 1783 2052 1833 tidianum
2103 1781 2191 1834 Dei
2239 1781 2491 1848 judicium
2553 1777 2939 1831 formidandum
2999 1786 3100 1840 est,
3145 1790 3248 1842 quo
3297 1785 3349 1827 et

157 1851 211 1903 ad
249 1853 402 1908 Deum
451 1857 630 1912 vivum
685 1871 739 1914 et
789 1879 989 1930 verum,
1046 1876 1099 1918 et
1151 1881 1458 1935 exspectare
1505 1871 1690 1924 Filium
1729 1871 1767 1926 Β
1799 1872 2051 1937 quosdam
2086 1861 2380 1937 probandos
2409 1869 2796 1938 dispensatorie
2826 1865 3033 1933 reliquit
3063 1865 3115 1918 in
3149 1867 3346 1916 mundo

161 1942 259 2004 ejus
281 1942 342 1995 de
367 1945 536 2006 ctelis,
562 1959 617 2000 et
646 1948 698 2000 in
730 1955 1066 2019 perceptione
1093 1956 1317 2024 Spiritus
1347 1962 1511 2012 sanet;
1537 1977 1690 2027 quem

161 2030 203 2080 in
229 2031 429 2085 Christo
469 2041 768 2101 regenerati
805 2047 1131 2110 percepimus
1162 2050 1522 2102 remissionem
1571 2066 1690 2120 pec-

157 2129 370 2175 catorum
397 2131 650 2194 consequi
685 2145 782 2184 nos
804 2135 1163 2189 crederemus.

222 2213 588 2284 XXlllJlujus
620 2219 783 2289 igitur
815 2225 1088 2293 legationis
1133 2242 1226 2280 nos
1273 2227 1468 2296 indigni
1500 2231 1696 2284 nostris

163 2306 464 2369 temporibus
497 2308 665 2361 vicem
708 2325 976 2378 gerentes,
1019 2317 1356 2371 obsecramus
1404 2336 1498 2384 pro
1544 2319 1696 2372 Clui-

160 2405 246 2450 sto.
272 2397 476 2447 utsicut
503 2399 771 2464 quondam
804 2402 852 2453 in
890 2404 1168 2472 baptismo,
1205 2413 1274 2460 ita
1303 2425 1514 2476 semper
1537 2412 1694 2464 abre-

162 2484 389 2536 nuouetis
417 2484 627 2540 diabolo
656 2499 713 2543 et
732 2493 981 2547 omnibus
1006 2499 1247 2562 operibus
1275 2499 1410 2566 ejus.
1439 2511 1490 2554 et
1520 2502 1697 2555 omni-

163 2573 242 2623 bus
272 2575 470 2644 pompis
499 2577 651 2645 ejus;
685 2591 739 2633 et
769 2591 1099 2651 cognoscatis
1131 2604 1286 2641 unum
1318 2605 1496 2643 verum
1532 2593 1690 2645 Deum

161 2663 351 2718 Patrem
392 2680 606 2734 semper
635 2673 686 2725 in
719 2673 852 2726 caelo
885 2688 1209 2744 regnantem,
1241 2691 1290 2732 et
1312 2682 1688 2748 sempiternam

162 2754 463 2819 Sapientiam
495 2760 611 2825 ejus
657 2763 708 2815 in
745 2773 983 2831 tempore
1025 2782 1118 2835 pro
1147 2771 1294 2823 nobis
1345 2771 1687 2833 incarnatam,

159 2856 452 2902 ets‘ncmm
487 2852 742 2918 Spiritum
792 2864 1006 2911 interna:
1037 2861 1221 2929 pignus
1269 2863 1454 2915 salutis
1495 2864 1544 2915 iu
1599 2865 1693 2918 hac

161 2935 290 2988 vobis
337 2941 761 3005 reregrinatione
809 2961 1151 3014 concessum;
1199 2963 1355 3021 atque
1405 2956 1470 3005 ita
1517 2956 1693 3007 vivere

157 3027 348 3091 curetis,
376 3029 514 3082 sicut
563 3031 653 3085 Dei
687 3034 824 3089 ﬁlios
854 3037 1042 3114 decere
1081 3042 1420 3107 cognovistis,
1453 3043 1688 3096 devitan-

160 3124 227 3166 tes
261 3115 385 3182 gniz
433 3121 939 3191 concupiscentiam,
989 3136 1043 3181 et
1088 3128 1359 3183 ebrietatis
1403 3133 1682 3197 insaniam,

1796 1961 1857 2012 ad
1912 1972 2134 2026 tempus,
2186 1960 2436 2028 quosdam
2485 1974 2610 2012 vero
2659 1958 2738 2011 his
2783 1957 2922 2024 juste
2967 1953 3347 2008 condemnatus

1795 2055 2126 2108 obliviscitur
2157 2054 2206 2107 in
2240 2062 2568 2120 perpetuum.
2603 2051 2747 2104 Alios
2793 2063 3001 2117 quoque
3033 2047 3120 2100 diu
3155 2045 3340 2114 jaccn-
3416 2090 3418 2092 τ

1797 2155 1873 2198 tes
1924 2148 1970 2195 in
2022 2144 2329 2197 criminibus
2372 2159 2526 2196 manu
2582 2141 2954 2194 misericordia:
3007 2153 3116 2190 sua:
3165 2139 3345 2189 levat:

1794 2240 1922 2292 alios
1953 2245 2126 2287 autem
2159 2234 2222 2287 de
2255 2243 2459 2300 peracta
2498 2230 2695 2299 justitia
2729 2237 3104 2296 prinsumentes
3129 2234 3151 2258 ³
3189 2227 3341 2279 [inde

1795 2327 2057 2395 quondam
2111 2322 2338 2390 passiuni
2385 2321 2661 2374 concedit:
2706 2319 2802 2373 hos
2850 2333 2974 2372 vero
3033 2331 3347 2384 quocunque

1796 2415 2014 2468 verbere
2062 2415 2316 2465 coercitos
2348 2425 2508 2480 usque
2561 2411 2610 2463 iu
2662 2411 2814 2462 linem
2855 2410 2918 2462 ab
2946 2409 3086 2461 omni
3128 2422 3341 2474 prorsus

1796 2508 2051 2560 scelerum
2100 2504 2217 2557 labe
2264 2502 2508 2557 custodit.
2540 2501 2796 2566 Quocirca
2836 2500 2934 2552 sub
2978 2500 3059 2552 his
3097 2499 3184 2551 Dei
3208 2498 3346 2565 judi-

1794 2599 1888 2649 ciis
1919 2596 2201 2662 unicuique
2230 2593 2280 2646 in
2314 2593 2411 2644 hac
2453 2590 2558 2643 vita
2591 2589 2924 2644 metuendum
2957 2597 3056 2648 est,
3088 2598 3144 2640 ut
3175 2588 3224 2640 in
3271 2585 3347 2637 fu-
3411 2647 3418 2657 .

1797 2695 1912 2735 tum
1958 2683 2160 2750 judicio
2189 2681 2257 2734 ab
2303 2679 2443 2745 omni
2488 2687 2632 2731 metu
2673 2685 3008 2746 peccatorum
3060 2685 3113 2728 et
3157 2675 3346 2741 mortis

1794 2775 1991 2829 absolvi
2051 2763 2338 2827 mereatur.
2394 2771 2528 2823 Deus
2582 2767 2955 2838 omnipotens,
3025 2766 3113 2836 qui
3181 2781 3350 2818 omnes

1795 2869 2020 2920 homines
2063 2865 2166 2917 uult
2209 2865 2372 2917 salvos
2410 2862 2542 2928 ﬁeri,
2571 2869 2615 2912 et
2663 2860 2727 2910 ad
2773 2858 3076 2927 agnitionem
3125 2856 3348 2909 veritatis

1795 2959 1955 3012 venire
1981 2957 2032 3028 (I
2063 2956 2193 3009 Tim.
2228 2971 2286 3018 tt,
2325 2955 2394 3020 ί),
2426 2953 2511 3021 qui
2561 2952 2672 3004 hinc
2723 2965 2814 3019 per
2855 2948 3198 3002 ministerium
3251 2946 3348 2998 litt-

1791 3066 1906 3120 grta:
1933 3058 2127 3101 nostra:
2157 3047 2372 3120 auribus
2391 3046 2579 3097 v’estraz
2612 3040 2952 3096 fraternitatis
2984 3039 3204 3102 inludit;
3239 3039 3348 3104 ipse

1799 3155 1891 3207 per
1921 3114 2318 3205 gratiam/suam
2359 3133 2541 3186 eadem
2576 3134 2624 3183 in
2657 3130 2906 3184 cordibus
2941 3128 3128 3181 vestris
3163 3127 3346 3179 frui-ti—

160 3208 494 3263 lornicationis
543 3212 934 3270 immunditiam
963 3259 976 3282 ,
1025 3219 1261 3273 avaritia:
1316 3221 1685 3286 idololatriam,
1721 3210 1764 3268 ί)
1801 3233 1958 3285 [imre
1987 3229 2163 3290 faciat,
2209 3235 2525 3292 cooperante
2558 3221 2778 3275 Domino
2822 3227 3002 3272 nostro
3031 3218 3154 3271 Jesu
3200 3215 3348 3270 Chri-

163 3295 239 3347 ira:
276 3299 558 3362 vesaniam,
612 3303 847 3358 tristitia:
889 3309 1151 3374 nebulam,
1204 3310 1343 3364 tedii
1392 3326 1690 3376 raucorem,

163 3387 342 3442 invidiae
371 3392 695 3457 rubiginem,
731 3397 1010 3453 inﬂationis
1050 3401 1376 3468 inanitatem,
1427 3404 1693 3470 superbia:

160 3481 566 3550 antiret-sionem;
603 3498 659 3540 et
707 3490 877 3544 nullus
917 3493 1129 3548 cuilibet
1165 3495 1464 3548 Christiano
1497 3495 1690 3549 furtum

219 3645 239 3669 ⁵
269 3638 452 3696 Fodit.
487 3646 727 3718 Basnag.
761 3651 933 3717 edizio,
969 3671 1259 3725 perperam,
1290 3662 1438 3728 finite.

162 3795 1220 3843 mf

1015 3818 1250 3828 ———_.

1267 3821 1482 3830 ——.——_

1797 3334 1900 3385 sto,
1933 3333 1982 3374 et
2003 3320 2202 3390 Spiritu
2229 3316 2514 3388 paracleto.
2547 3312 2859 3371 Benedictus
2888 3309 3023 3364 Deus
3052 3308 3102 3361 in
3133 3307 3347 3361 macula.

1798 3417 1990 3468 Amen.

1249 3971 2244 4084 APPENDIX.

988 4289 1697 4389 EPIGRAMMATA
1749 4328 1842 4366 seu
1879 4291 2208 4366 HYMNI
2253 4289 2530 4366 SACRI

580 4491 1215 4603 ANTIQUORUM
1288 4491 1682 4590 PATRUM
1753 4435 2338 4589 MONASTEBII
2413 4493 2484 4586 s.
2561 4491 2904 4617 GALLI,

337 4721 773 4784 ltEllNARDI.
818 4721 1279 4790 COLUMBANI,
1327 4721 1801 4798 ECKERARDI,
1853 4720 2352 4787 HAR'I‘MANNI,
2400 4718 2745 4798 uernent
2795 4716 3150 4792 BALBULI,

661 4799 1004 4859 NOTKERI
1044 4801 1332 4874 MEDICI,
1366 4797 2093 4871 lM'l‘PER'l‘I,S'I‘RABI
2130 4798 2362 4856 GALLI
2401 4797 2846 4868 FULDENSIS,

910 4878 1335 4940 TUTELONIS
1353 4927 1369 4956 ,
1415 4881 1758 4941 \VALDRA
1774 4882 1827 4940 Μ
1841 4881 1948 4949 Ml,
1991 4877 2196 4936 ANON
2210 4876 2582 4949 YMORUM;

548 5037 582 5076 Δ
624 5033 874 5077 CANISIO
901 5037 1138 5080 PRIMUM
1173 5039 1252 5081 EX
1285 5038 1744 5082 VETUSTISSIMIS
1779 5038 1878 5081 MS.
1913 5037 2240 5080 CODICIDUS
2271 5034 2486 5079 SANCTI
2523 5034 2702 5078 GALLI
2740 5035 2952 5076 EDITA.

231 5371 492 5424 Illustrium
527 5374 757 5425 virorum
803 5372 1096 5426 monasterii
1141 5372 1314 5426 Sancti
1351 5372 1482 5428 Galli
1526 5388 1675 5426 sacra

175 5444 377 5493 tanniua
406 5446 487 5495 ubi
517 5445 624 5496 vidi
645 5485 660 5504 ,
705 5444 854 5505 digna
883 5446 1058 5496 censui
1091 5444 1234 5506 luce,
1275 5453 1382 5495 tum
1411 5444 1478 5495 ob
1504 5445 1678 5496 erudi-

177 5513 377 5570 tionem,
421 5524 528 5564 turn
559 5514 633 5563 ob
669 5515 900 5576 pietatem
927 5551 940 5571 ,
987 5522 1040 5564 et
1080 5514 1159 5566 vel
1209 5511 1431 5564 maxime
1471 5522 1680 5577 propter

181 5579 496 5634 venerandam
524 5584 910 5648 antiquitatem.
947 5583 1185 5646 Iijusalent
1215 5583 1389 5646 judicii
1415 5581 1506 5634 fuit
1532 5581 1678 5634 nobi-

181 5651 377 5720 lissimus
408 5652 618 5704 Mart-ns
652 5652 918 5711 Velserus,
959 5654 1041 5720 qui
1073 5653 1123 5702 iu
1159 5653 1342 5706 litteris
1372 5652 1677 5720 quibusdam

183 5719 370 5790 scribit,
415 5720 526 5772 hate
557 5735 712 5773 sacra
740 5719 1093 5775 carminasihi
1125 5720 1358 5788 apprime
1389 5719 1676 5789 placuisse,

181 5800 238 5838 uti
267 5799 314 5840 ut
349 5790 598 5843 interdum
631 5807 752 5861 ραι(
782 5791 1025 5862 lacrgmaa
1059 5793 1388 5859 m'castcrint,
1435 5794 1690 5863 antiquam

1253 5227 1600 5291 CANISIUS
1645 5230 1747 5291 AD
1794 5233 2097 5293 LECTOR
2111 5233 2238 5291 ΕΜ.

1784 5375 2010 5433 pietatem
2048 5390 2158 5425 rum
2197 5373 2379 5424 nostris
2417 5372 2714 5438 (corporibus
2746 5378 3015 5443 conferent:
3047 5413 3058 5435 ,
3106 5374 3175 5426 ita
3207 5375 3347 5428 enim

1784 5445 2013 5508 loquitur
2045 5444 2310 5495 Velserus.
2360 5443 2618 5497 Debemus
2651 5443 2763 5495 lrrc
2796 5443 3029 5495 carmina
3067 5443 3127 5493 ll.
3167 5443 3220 5493 I’.
3254 5446 3346 5498 ,Ιοε

1781 5513 1915 5565 duco
1946 5514 2216 5576 Metzlero,
2261 5515 2564 5567 monasterii
2598 5513 2776 5565 Sancti
2806 5512 2935 5566 Galli
2971 5513 3240 5576 professo,
3288 5526 3342 5569 et

1783 5598 2051 5635 sacrorum
2082 5596 2338 5635 canonum
2370 5583 2601 5641 ιΙ.ι‹;ι‹)ι·ἰ,
2646 5585 2734 5648 qui
2768 5585 2907 5634 misit
2942 5579 3178 5632 libellum
3233 5599 3336 5637 ms.

1783 5667 1938 5719 quem
1973 5653 2144 5704 studio
2192 5663 2244 5703 et
2291 5667 2471 5704 amore
2502 5652 2827 5718 antiquitatis
2859 5650 3204 5719 conscripsit,
3243 5669 3338 5704 vo-

1787 5718 1974 5786 catque
2003 5723 2302 5775 Memoriale
2334 5719 2612 5773 illustrium
2639 5721 2864 5770 virorum
2889 5718 3068 5771 Sancti
3099 5720 3256 5779 (lzilli,
3287 5724 3338 5773 in

1797 5792 1945 5861 cujus
1975 5794 2138 5862 prima
2171 5803 2315 5861 parte
2338 5792 2567 5845 illustres
2594 5798 2905 5857 sanctosque
2932 5789 3071 5841 viros
3097 5787 3341 5856 ejusdem
