3884 6240
221 417 278 472 33
655 425 1174 482 EPIGRASIMA'I‘A
1209 427 1340 482 εει]
1383 424 1591 480 IIYMNI
1631 417 1832 478 SACRI
1876 414 2097 482 ANTIQ.
2145 410 2425 469 l’ATilUM
2468 412 2629 466 ΜΘΝ.
2669 411 2728 467 S.
2771 391 2997 467 CALLI.
3049 416 3052 419 ’
3389 416 3456 471 3e

221 533 471 598 lartinus,
500 531 793 602 Proculus,
824 535 1116 600 Caesarius,
1152 537 1516 603 Eusebiusque

288 625 438 678 Orent
468 637 562 688 pro
590 625 804 680 nostris
831 626 1150 679 criminibus
1177 627 1354 679 variis.

218 714 342 772 Ordo
367 723 608 767 sacratus
633 716 1014 770 confessornm
1045 719 1456 785 prmeipuorum.

275 805 472 859 Auxilio
504 812 654 858 tutos
685 807 928 874 undique
956 806 1125 860 redde
1155 818 1295 860 tuos.

215 898 368 964 Atque
394 904 479 947 tua
511 903 732 975 nosmet
767 911 946 964 prece,
977 895 1297 950 dimittendo
1331 906 1560 961 reatum,

180 1021 186 1028 .
275 987 373 1039 Nos
399 983 616 1054 fragiles
649 985 887 1040 multum
911 986 1153 1041 cladibus
1183 988 1499 1056 omnigenis.

218 1075 388 1128 Paulus
414 1082 469 1128 et
501 1076 806 1140 Antonius,
837 1077 1160 1140 Maeharius,
1190 1075 1568 1146 Arseniusque,

275 1164 606 1231 Pachumius,
643 1164 818 1229 Beda,
851 1167 1049 1230 Attala,
1082 1167 1374 1227 Pafnutius.

217 1255 479 1317 Bertolfus.
513 1253 856 1322 Libertinos,
894 1257 1138 1318 Basilius,
1167 1266 1329 1324 atque

277 1347 619 1412 Hieronymus
650 1345 866 1410 doctor,
898 1360 996 1399 nos
1018 1346 1268 1398 miserate
1293 1359 1497 1412 precor.

217 1436 345 1491 Galle
368 1435 457 1488 Dei
478 1437 678 1489 summi
710 1437 869 1491 miles
895 1436 1184 1491 fortissime
1209 1435 1410 1490 Christi

275 1526 425 1582 Nobis
455 1540 598 1582 nunc
629 1523 849 1581 famulis
874 1527 1131 1580 auxiliare
1163 1526 1289 1581 tuis.

217 1618 287 1671 Nil
306 1619 377 1670 sic
406 1619 753 1686 perspicuum
781 1619 980 1687 poterit
1007 1631 1103 1672 nos
1124 1617 1266 1670 clara
1295 1616 1514 1682 referre,

279 1705 339 1762 Ut
366 1706 520 1761 decet
548 1708 601 1760 in
629 1708 726 1761 tali
756 1723 899 1762 nunc
926 1710 1092 1777 patris
1118 1708 1390 1776 obsequio.

218 1796 302 1851 llic
329 1795 418 1848 tibi
449 1801 731 1865 perpetuis
763 1806 1020 1852 resonent
1045 1799 1390 1852 concentibus
1415 1795 1558 1851 aedes
1587 1816 1602 1860 ;

280 1886 489 1940 Ossibus
517 1893 574 1940 et
596 1889 769 1942 sacris
795 1902 1008 1956 semper
1028 1887 1250 1942 habetur
1275 1889 1460 1940 honos.

217 1978 338 2031 Cum
363 1979 465 2031 lani
499 1977 684 2031 tanmli
717 1979 996 2033 celebrant
1021 1979 1104 2031 hic
1137 1978 1267 2031 festa
1295 1977 1522 2046 benigni,

281 2069 545 2123 Laudibus
567 2068 842 2123 instantes
866 2077 1040 2135 nocte,
1073 2068 1262 2136 dieque
1291 2068 1394 2122 tuis

224 2162 382 2231 Dirige
409 2160 571 2214 corda
603 2161 752 2232 pius,
781 2169 836 2216 et
865 2169 1101 2231 tempora
1127 2161 1292 2228 dirige
1321 2169 1498 2214 nostra

287 2253 447 2320 Atque
475 2251 595 2306 dies
625 2253 784 2307 lmtos
811 2253 1003 2306 ducere
1024 2251 1092 2306 da
1119 2250 1344 2306 famulos

224 2343 284 2400 Ut
307 2359 516 2412 semper
542 2344 767 2398 valeant
793 2343 1000 2399 tibimet
1023 2354 1235 2398 cantare
1261 2343 1443 2412 quieti,
1520 2338 1524 2342 ’

281 2430 351 2485 το
378 2447 590 2500 quoque
619 2433 834 2486 cmlesti
864 2445 1084 2487 cernere
1106 2433 1220 2487 luce
1246 2433 1369 2502 poli.

218 2524 257 2576 0
281 2522 477 2577 Dilecte
505 2522 601 2577 Dei
635 2524 859 2578 radians
887 2524 1080 2579 virtute
1103 2538 1344 2590 corusca,

282 2613 463 2666 Sancte
491 2613 759 2669 Otlmiare
788 2622 958 2684 pater,
982 2615 1143 2683 iunge
1174 2628 1356 2684 preces
1387 2615 1580 2683 pariter
1609 2633 1623 2680 ;

223 2705 477 2759 Intercede
504 2705 651 2774 pius,
688 2707 898 2761 veniam
929 2705 1198 2776 poscendo
1229 2707 1468 2774 misellis,

292 2799 531 2863 Aureque
551 2796 673 2863 jam
706 2797 895 2850 blanda
921 2797 1152 2850 carmina
1176 2797 1485 2866 percipiens.

222 2888 420 2939 Summe
447 2884 540 2939 Dei
564 2885 771 2952 cultor,
802 2887 1178 2940 monachorum
1208 2895 1405 2952 rector,
1429 2895 1484 2941 et
1514 2888 1682 2950 Abba,

283 2968 324 3022 Ο
348 2970 661 3037 Benedicto,
693 2985 867 3037 sacer,
895 2980 1053 3041 atque
1083 2972 1305 3042 benigne
1337 2983 1501 3040 pater.

223 3055 350 3111 Istud
375 3059 712 3127 coenobium,
743 3069 1042 3129 cmtumque
1083 3061 1173 3114 tibi
1202 3058 1560 3124 famulantum,

285 3149 577 3219 Nostraque
610 3150 957 3206 sanctificans
985 3157 1174 3205 cuncta
1206 3159 1353 3205 tuere
1381 3153 1555 3205 simul.
1586 3147 1590 3150 ’

226 3237 482 3304 Felicitas,
517 3239 700 3308 Felix,
731 3240 950 3305 Eulalia,
979 3240 1167 3308 Digna,
1200 3238 1423 3304 Verona,
1496 3253 1499 3258 '

287 3329 700 3399 l'etronellaque
730 3345 850 3384 cum
882 3331 964 3400 pia
994 3329 1280 3398 Perpetua,

227 3419 408 3488 Agnes,
433 3428 600 3488 atque
642 3420 892 3488 Agatbes,
915 3418 1234 3483 Christiana,
1265 3418 1548 3487 Euprepia,
1577 3416 1758 3482 Tecla,

292 3510 605 3576 Euphemia,
643 3509 865 3578 Regula,
897 3509 1126 3578 Eugenio
1151 3517 1312 3579 atque
1342 3508 1506 3563 Bona.

227 3600 532 3668 Virginitate
564 3601 767 3654 chorus
791 3599 1130 3667 reSplendens
1157 3599 1555 3652 candidularnm

288 3687 460 3740 Turba
493 3687 794 3754 puellarum
818 3685 1118 3754 integritate
1143 3687 1339 3740 nitens.

235 3777 352 3841 Quae
375 3777 601 3843 geminis
627 3774 824 3844 gaudes
846 3775 1115 3844 pulchrum
1142 3774 1386 3830 decorata
1415 3774 1622 3828 coronis

295 3865 463 3920 Laude
492 3865 792 3934 pudicitize,
825 3866 1164 3934 martyriique
1187 3864 1364 3919 simul.

230 3953 413 4008 Omnes
439 3970 584 4008 nunc
607 3958 778 4009 sancti
803 3957 994 4010 uestris
1032 3958 1326 4010 succurrite
1355 3954 1514 4023 lapsis

296 4044 357 4097 Et
382 4045 594 4098 veniam
628 4047 826 4097 eunt-tis
857 4045 988 4104 ferte
1006 4044 1238 4111 juvando
1262 4044 1440 4097 malis.

235 4136 352 4189 Nam
382 4136 578 4190 vestri!
612 4125 872 4203 precibus,
905 4134 1079 4202 petitis
1101 4149 1428 4202 qumcunqne
1450 4141 1692 4203 rogantes

295 4226 489 4278 Annuit
516 4228 637 4292 ipse
666 4225 804 4292 pius,
837 4223 1012 4290 nilque
1043 4234 1191 4292 negat
1219 4222 1490 4276 Dominus.

235 4315 410 4368 Pacem
437 4327 750 4384 perpetuam
777 4314 1058 4382 rogitamus
1088 4316 1331 4383 prospice
1357 4313 1590 4378 Christe,

304 4406 367 4458 Et
392 4421 535 4459 sanae
562 4408 687 4459 vitae
713 4407 894 4474 gaudia
923 4407 1071 4476 longa
1095 4406 1203 4458 diu.
1363 4416 1368 4420 '

234 4496 557 4562 Temperiem
586 4497 705 4549 cmli
741 4497 996 4560 tribuens,
1033 4504 1090 4546 ut
1117 4496 1268 4561 copia
1299 4493 1504 4563 frugum

297 4585 554 4640 Otnnibus
580 4583 826 4649 exundet,
860 4586 1018 4638 ubere
1045 4583 1246 4638 latitia.

239 4679 376 4742 Agne
405 4677 496 4730 Dei
530 4676 720 4744 patris,
753 4676 839 4744 qui
870 4675 1048 4728 mundi
1073 4676 1295 4729 crimina
1326 4674 1466 4728 tollis

301 4764 482 4830 Optata
512 4763 655 4832 pacis
679 4778 892 4816 munera
924 4763 1061 4817 dona
1090 4765 1214 4817 tuis.

240 4893 441 4948 Carmen
494 4893 813 4960 Suppliicum
852 4895 1113 4960 cuiusdam
1152 4895 1386 4948 monachi
1430 4895 1603 4948 Sancti
1651 4894 1787 4950 Galli

889 4966 1146 5033 anonymi.
1176 4994 1186 5004 -

437 5075 684 5127 Christus
712 5075 775 5127 ad
807 5083 1010 5128 nostras
1035 5075 1205 5130 veniat
1227 5090 1516 5144 cammnas,

371 5161 620 5215 Christus
646 5171 701 5217 et
731 5175 910 5216 vocem
941 5163 1129 5217 tribuat
1156 5165 1446 5231 salubrem,

371 5250 619 5307 Christus
645 5263 696 5308 et
720 5257 875 5306 vitam
903 5251 1059 5306 vehat
1085 5253 1149 5305 ad
1177 5269 1463 5320 perennem

787 5344 852 5396 Se
882 5341 1228 5397 modulantes.
1292 5382 1296 5386 .

455 5449 648 5504 Audiat
677 5461 878 5503 nosmet
899 5453 1089 5505 chorus
1119 5452 1446 5519 angelorum,

381 5538 630 5608 Protegat
660 5552 756 5590 nos
784 5539 926 5605 plebs
951 5549 1003 5592 et
1032 5541 1409 5607 apostolorum,

359 5628 705 5683 Patriarchai
731 5627 840 5691 Dei,
867 5627 1019 5680 simul
1044 5637 1100 5681 et
1124 5629 1396 5698 prophetat

223 5759 282 5786 ,ι
832 5717 956 5771 V'iee
976 5721 1207 5785 perenni.

455 5808 747 5878 Iertme
775 5807 954 5863 turbas
979 5807 1200 5878 petimus
1232 5821 1469 5876 serenas,

1801 536 1854 592 Α
2017 523 2304 593 Sanguinis
2331 523 2525 591 palma,
2559 521 2833 589 pretioque
2860 522 3053 584 claras,

2027 615 2182 669 Vocis
2209 622 2266 668 ut
2297 625 2498 666 nostra:
2529 611 2757 664 modulis
2781 613 3010 678 receptis

2408 701 2612 755 Gaudia
2638 712 2910 770 prazstent.

2093 815 2245 870 Nunc
2271 815 2603 879 sacerdotes,
2634 816 3027 882 monachosque
3056 817 3233 874 claros

2025 906 2105 962 Ad
2134 921 2321 974 preces
2351 915 2560 961 nostras
2583 907 2759 973 cupidi
2792 922 3065 971 vocamus,

2025 997 2246 1055 Nosmet
2276 1007 2333 1055 ut
2359 1013 2573 1068 semper
2602 999 2834 1062 foveant,
2868 1008 2922 1053 et
2953 1007 3133 1053 nostra

2503 1088 2640 1144 Pace
2670 1089 2816 1142 suavi

2094 1201 2369 1271 Virginum
2401 1201 2611 1265 dulces,
2653 1201 2953 1268 nitidosque
2984 1201 3144 1257 flores

2022 1291 2245 1359 Semper
2274 1291 2326 1344 in
2355 1299 2537 1343 nostro
2567 1291 2793 1357 petimus
2826 1290 3009 1344 favore

2026 1382 2156 1436 Esse
2187 1390 2475 1450 praesentes
2506 1380 2660 1433 simul
2691 1390 2741 1433 et
2769 1378 3011 1448 fugantes

2451 1473 2614 1527 Noxia
2640 1489 2880 1544 qumque.

2090 1581 2337 1635 Omnium
2369 1595 2497 1636 sane
2528 1585 2718 1637 rutilus
2749 1585 2956 1652 piorum

2023 1670 2209 1724 Coetus
2237 1671 2302 1724 ad
2336 1681 2572 1725 nostram
2604 1673 2783 1740 vigilet
2810 1674 3062 1741 salutem,

2027 1761 2268 1816 lnvidum
2300 1761 2505 1830 pellens
2538 1762 2883 1832 rabidumque
2915 1763 3105 1830 furem,

1812 1878 1857 1933 Β
2427 1851 2645 1906 Munere
2674 1851 2899 1906 Christi.

2093 1961 2328 2027 Christe,
2360 1975 2456 2016 nos
2481 1976 2668 2016 servos
2698 1963 2953 2016 miserare
2980 1961 3142 2027 fidos,

2023 2052 2105 2106 0b
2135 2065 2344 2120 precem
2374 2059 2572 2104 sancta:
2597 2051 2882 2121 nitidaque
2910 2052 3097 2120 plebis,

2025 2143 2167 2198 Inter
2195 2141 2294 2197 hos
2323 2141 2498 2211 Magni
2523 2140 2770 2195 meritum
2801 2141 3110 2208 recordans,
3150 2134 3158 2141 ’

2457 2233 2682 2286 Maxime
2709 2231 2900 2286 Judex.

2096 2345 2197 2400 Per
2225 2359 2438 2398 erucem
2465 2352 2724 2408 sanctam,
2761 2342 3036 2396 moderare
3063 2351 3299 2397 nostram

2027 2435 2286 2489 Conditor
2313 2434 2495 2497 vitam,
2526 2432 2766 2487 tribuens
2788 2431 3026 2502 quietem

2030 2526 2260 2580 I‘erditis
2283 2525 2439 2594 culpa
2469 2523 2676 2578 veniam
2706 2521 3005 2592 rependens

2443 2613 2689 2666 Luminis
2705 2623 2910 2665 auctor.
3100 2597 3106 2600 ’

2096 2721 2247 2774 Pacis
2273 2731 2612 2788 augmentum
2639 2720 2840 2772 tribuas
2871 2731 3140 2785 rogamus,

2031 2812 2200 2882 thue
2222 2813 2491 2867 salvemur
2517 2813 2712 2882 pariter
2743 2826 3040 2880 precamur,

2030 2911 2104 2958 Ac
2134 2905 2438 2958 remittendi
2464 2904 2627 2956 decus
2649 2902 2889 2956 exhiberi

2464 2993 2538 3047 'l‘e
2567 2994 2880 3053 miserante,

2107 3102 2345 3155 Etheris
2370 3101 2591 3156 blandos
2620 3101 2906 3170 facilesque
2933 3107 3129 3167 motus,
3161 3082 3172 3091 ’

1813 3212 1860 3272 η
2033 3191 2218 3262 Frugis
2239 3203 2291 3246 et
2315 3193 2488 3262 largos
2517 3207 2755 3247 remeare
2781 3202 3040 3261 quaestus,

2030 3283 2267 3352 liegibus
2298 3283 2483 3347 vitam,
2517 3282 2824 3352 populisque
2854 3295 3036 3350 pacem

2424 3374 2518 3441 Da,
2553 3373 2707 3441 Pater
2727 3372 2894 3426 orbis.

2096 3483 2320 3538 Prmsuli
2345 3494 2530 3538 nostro
2559 3482 2842 3536 dominans
2866 3483 3058 3544 taveto,

2031 3573 2268 3641 Iluicque
2293 3574 2564 3628 caelestem
2591 3572 2826 3626 tribuens
2857 3572 3114 3624 honorem

2030 3660 2377 3716 Posthumum
2404 3662 2544 3716 l'etri
2576 3664 2731 3713 l'acito
2758 3661 2978 3727 perenni

2489 3749 2663 3803 Laude
2688 3749 2848 3801 bcat'i.

2097 3844 2267 3908 Agne,
2290 3839 2377 3908 qui
2411 3839 2550 3891 tollis
2578 3840 2778 3892 facinus
2812 3853 3046 3903 reorum,

2025 3931 2280 3985 Conditor
2311 3930 2465 3994 lucis,
2496 3929 2750 3983 miserere
2779 3930 2951 3993 nobis,

2026 4024 2254 4087 Christe,
2288 4038 2383 4076 nos
2413 4023 2534 4075 audi
2565 4039 2578 4085 ;
2613 4023 2780 4074 Patris
2808 4024 2947 4074 alme
2981 4022 3101 4086 Fili,

2450 4113 2630 4182 Kyrie,
2661 4113 2884 4166 eleison.

1979 4244 2195 4298 Litanic
2219 4245 2470 4314 Anonymi
2500 4246 2762 4315 cujusdam
2799 4242 2968 4294 Putris
2993 4242 3155 4294 sancti
3184 4239 3340 4296 Galli.

3027 4362 3172 4430 ’ᾗῇ-ἕ,
3249 4368 3442 4423 Vincit.

3043 4448 3178 4518 X—ITS
3257 4459 3446 4512 Vincit.

3246 4547 3441 4601 Vincit.

3252 4636 3448 4693 Vincit.

3255 4724 3450 4787 Vincit.

1956 4374 2222 4427 Auxilium
2255 4383 2513 4434 nostrum,

1888 4462 2163 4516 Fortitudo
2193 4473 2396 4525 nostra,

1815 4553 1866 4613 D
1893 4551 2169 4604 Prudentia
2201 4560 2254 4603 et
2281 4553 2632 4618 temperantia
2663 4561 2867 4618 nostra.

1893 4640 2155 4696 Liberalia
2173 4651 2227 4694 et
2255 4642 2552 4710 redemptio
2581 4654 2781 4708 nostra,

1890 4730 2064 4783 Murus
2094 4741 2276 4784 noster
2308 4731 2752 4799 inexpugnabilis,

1891 4817 2119 4871 Victoria
2151 4829 2357 4882 nostra,
2640 4886 2652 4895 .
3250 4820 3444 4873 \‘incit.

1891 4909 2138 4964 Defensio
2169 4921 2226 4965 et
2248 4911 2500 4977 exaltatio
2531 4891 2730 4973 nostra,
3041 4891 3180 4962 )i—Iig
3250 4910 3441 4962 \‘incit-

1959 5000 2057 5068 Ipsi
2087 5002 2183 5054 soli
2210 4999 2506 5066 imperium,
2536 5001 2721 5068 gloria,
2753 5012 2805 5054 et
2838 5010 3090 5067 potestas,
3126 5016 3217 5067 per
3244 4999 3446 5054 infinita

1887 5090 2081 5143 smcula
2113 5089 2450 5141 saeculorum.
2483 5090 2676 5141 Amen.

1959 5179 2055 5244 Ipsi
2082 5179 2176 5230 soli
2204 5181 2337 5244 laus,
2365 5180 2552 5248 honor,
2572 5191 2623 5233 et
2639 5180 2884 5247 jubilatio
2906 5196 2997 5249 per
3022 5182 3225 5235 infinita
3244 5180 3436 5233 saecula

1887 5267 2222 5322 saeculorum.
2249 5271 2438 5323 Amen.

1960 5354 2061 5423 Ipsi
2089 5357 2186 5408 soli
2217 5357 2382 5410 virtus
2427 5367 2480 5410 ct
2506 5358 2774 5420 fortitudo,
2808 5368 2861 5412 et
2904 5359 3122 5412 victoria
3152 5345 3244 5430 per
3270 5359 3446 5412 omnia

1886 5444 2077 5498 saacula
2107 5449 2444 5500 saeculorum.
2477 5451 2665 5502 Amen.

1915 5593 1919 5604 ,
1956 5521 2089 5593 iii—5
2118 5539 2295 5605 vincit,
2485 5549 2686 5608 regnat,
2873 5540 3114 5607 imperat.
3142 5535 3353 5605 (Tribus
3377 5537 3450 5588 ri—

1795 5707 1800 5710 _
1886 5629 2068 5694 cibus.)

1954 5719 2181 5785 Christe,
2202 5721 2320 5772 audi
2355 5734 2469 5772 nos.
2501 5719 2704 5785 (Tribus
2726 5720 2959 5786 vicibus.)

1995 5806 2173 5876 liyrie,
2203 5809 2424 5866 eleison.
2449 5809 2678 5877 Christe,
2710 5810 2927 5866 elcison.
2960 5806 3138 5876 Kyrie,
3171 5807 3393 5861 eleison.
