3918 6380
458 484 529 537 52’»
1519 468 1861 523 APPENDIX
1904 466 1993 520 AD
2034 465 2090 518 S.
2135 464 2335 519 GALLI
2373 463 2681 521 SCRIPTA.

2054 582 2097 637 Α
2200 578 2298 632 Per
2327 588 2378 633 te
2403 580 2677 634 ctelestem
2706 580 2864 647 coepit
2891 578 3086 633 habere
3112 577 3250 631 diem

880 586 1001 642 Item
1031 588 1177 641 etiam
1208 584 1451 653 anonymi
1480 586 1602 637 alia.

460 706 609 759 Hunc
637 702 792 755 diem.
1359 694 1394 759 ti
1419 732 1431 747 .
1506 693 1694 746 Multos
1724 704 1911 744 annos.

463 796 611 848 liunc
637 794 791 845 diem.
1356 786 1390 851 ἢ
1414 822 1427 837 .
1504 784 1695 837 Multos
1726 796 1914 835 annos.

462 885 609 938 llunc
636 883 791 935 diem.
1354 875 1388 940 ἡ
1412 912 1424 925 .
1502 874 1690 927 Multos
1719 886 1908 925 annos.

461 979 613 1030 Istam
645 971 1099 1040 congregationem
1366 968 1402 1027 ἡ
1426 1004 1440 1019 .
1520 967 1657 1019 Deus
1686 972 1986 1019 conservet.

460 1064 613 1115 Istam
644 1063 1102 1127 congregationem
1358 1049 1395 1121 ἢ
1415 1095 1430 1107 .
1510 1054 1649 1107 Dens
1678 1062 1983 1107 conservet.

464 1154 617 1204 Istam
648 1147 1108 1216 congregationem
1367 1143 1404 1208 ιῆ
1426 1181 1439 1195 .
1519 1141 1656 1196 Deus
1685 1148 1986 1195 conservet.

463 1242 640 1293 Annos
666 1237 785 1289 vitae
1356 1232 1394 1298 πῆ
1418 1273 1431 1285 .
1512 1230 1648 1285 Deus
1678 1230 2015 1297 multiplicet.

464 1330 639 1381 Annos
667 1328 785 1378 vita:
1360 1321 1396 1389 ἢ
1424 1362 1435 1374 .
1516 1320 1653 1374 Deus
1680 1321 2019 1387 multiplicet.

465 1419 641 1472 Annos
664 1418 783 1471 vitm
1364 1412 1399 1469 ti
1423 1450 1439 1466 .
1517 1411 1655 1465 Deus
1690 1411 2018 1479 inultiplicet.

464 1490 731 1564 Feliciter.
1173 1501 1441 1557 Feliciter.
1518 1500 1784 1554 Feliciter.

602 1641 779 1692 Versus
803 1646 826 1673 ⁸
852 1638 1120 1691 iiarrsurt
1149 1637 1209 1689 de
1240 1638 1503 1702 festivitate
1534 1647 1698 1688 sancti
1723 1636 1884 1689 Galli.

466 1756 669 1813 Annua,
693 1757 871 1803 Sancte
906 1747 1016 1811 Dei,
1044 1748 1375 1801 celebremus
1402 1748 1531 1800 festa
1557 1746 1684 1811 diei,

533 1844 642 1906 Qua
671 1850 819 1905 pater
848 1852 878 1891 e
904 1836 1058 1889 terris
1081 1837 1279 1898 sidera,
1311 1836 1485 1893 Galle.
1518 1838 1674 1901 petis.

468 1932 602 1985 Ecce
629 1928 739 1983 dies
770 1927 972 1995 ponatis
1005 1927 1159 1978 micat
1192 1929 1301 1977 tunc
1331 1925 1667 1977 sanctissima
1698 1924 1912 1987 nostris,

542 2020 772 2083 Quorum
803 2026 854 2068 tu
884 2017 1125 2082 princeps
1151 2026 1335 2066 auctor
1361 2014 1423 2065 ad
1454 2022 1593 2065 astra
1628 2028 1794 2077 ineas,

477 2110 686 2163 Finibus
713 2108 954 2160 Occiduis
984 2108 1187 2167 abiens,
1218 2106 1455 2157 succedis
1492 2105 1632 2167 Eois,

549 2200 685 2253 Dans
716 2199 881 2249 lucem
918 2196 1081 2259 plebis
1112 2195 1369 2261 dogmatis
1410 2195 1527 2261 igne
1559 2197 1652 2246 tui.

472 2290 600 2355 Qua:
632 2288 902 2341 tenebrosa
935 2283 1027 2337 fuit
1058 2282 1175 2336 fidei
1199 2280 1295 2336 nec
1324 2283 1438 2336 luce
1459 2282 1685 2346 refulsit,

542 2454 564 2481 ο
596 2443 762 2495 Placet
796 2441 878 2494 ltic
908 2432 1061 2492 verba
1096 2438 1327 2491 Metzleri
1356 2437 1642 2499 ascribere,
1691 2452 1809 2504 qua:
1836 2438 1902 2491 de
1925 2438 2025 2490 lla-

472 2523 620 2581 perto
643 2521 695 2563 et
718 2518 908 2581 sancto
929 2507 1077 2561 Gallo
1104 2507 1405 2581 observavit
1430 2522 1443 2559 :
1475 2506 1733 2581 ttapcrtus
1765 2507 1843 2581 vir
1860 2508 2025 2561 unde-

470 2575 675 2650 quaque
703 2575 1055 2640 doctissimus,
1087 2575 1260 2650 gravis
1291 2576 1621 2650 etprudcns,
1657 2575 1854 2629 schola:
1887 2592 2024 2643 pro-

472 2644 565 2704 luit
593 2644 659 2702 in
694 2649 885 2701 multos
930 2660 1115 2705 annos,
1164 2645 1295 2697 adeo
1324 2644 1625 2711 diligenter,
1677 2654 1733 2696 tit
1778 2659 2023 2698 nonnon-

470 2737 624 2787 quam
657 2721 841 2771 missas
870 2726 923 2769 et
966 2728 1200 2787 cursum
1225 2715 1526 2787 negligeri-t,
1575 2715 1795 2787 dicens:
1856 2714 2023 2787 Bonas

471 2782 655 2843 missas
686 2790 923 2846 facimus,
969 2785 1013 2839 si
1040 2799 1131 2837 eas
1173 2782 1422 2836 docemus
1453 2782 1643 2835 facere.
1686 2782 1877 2835 Doctor
1908 2786 2020 2850 pla-

471 2875 567 2911 nos
614 2868 667 2909 et
711 2859 1029 2911 benevolus,
1078 2853 1365 2917 disciplinis
1409 2852 1665 2916 astterior.
1712 2852 2021 2920 Gorrigendi

474 2929 770 2980 facultatem
804 2922 967 2975 lenuit
994 2923 1043 2974 in
1072 2936 1150 2986 ca,
1174 2922 1321 2974 itulo.
1356 2921 1651 2986 Disciplina:
1679 2930 1732 2973 et
1766 2924 2021 2987 regularis

475 3000 591 3049 vitae
622 3008 795 3048 tenax.
844 2992 1023 3045 Tantae
1050 2991 1349 3044 stabilitatis
1378 3001 1432 3042 et
1476 2990 1793 3051 solitudinis,
1827 3000 1883 3041 ut
1911 3000 2023 3044 toto

471 3081 609 3119 anno
637 3081 739 3118 non
770 3062 865 3115 nisi
895 3077 1055 3115 unum
1089 3075 1179 3127 par
1197 3060 1489 3112 calceorum
1512 3068 1721 3111 tereret.
1755 3060 2022 3113 Excursiis

474 3146 716 3199 mortem,
752 3135 922 3185 labem
955 3130 1235 3199 maximam
1278 3130 1488 3181 claustri
1523 3129 1887 3195 impunitatem
1923 3144 2015 3181 vo-

475 3210 662 3259 citans.
704 3198 854 3256 Raro
880 3208 935 3253 et
971 3207 1163 3269 prtetcr
1203 3198 1389 3269 fratres
1419 3212 1680 3264 nunquam
1728 3202 2014 3269 claustrum

470 3244 845 3345 esiuegiessus.
881 3244 1320 3345 Etliilit_li_tauiattt
1350 3244 1595 3345 carmine
1622 3285 1635 3345 _:
1683 3268 1857 3345 Ardua
1900 3283 2014 3330 spes
2044 3244 2094 3307 (ἶ

474 3337 674 3405 mundi,
718 3356 871 3409 quam
904 3354 1038 3405 papa
1066 3337 1410 3409 Nicolauslil
1451 3337 1797 3409 canonizavit,
1846 3346 1899 3389 et
1925 3352 2017 3389 no-

475 3418 565 3466 stri
612 3403 783 3478 patres
828 3403 1136 3460 solemniter
1189 3406 1239 3457 in
1284 3405 1470 3457 diebus
1517 3403 1859 3478 [togatiounin
1914 3421 2015 3459 non

474 3485 588 3537 sine
614 3472 802 3535 affectu
836 3486 1047 3529 cantare
1088 3482 1487 3527 consueverunt.
1547 3473 1683 3525 Fecit
1715 3472 1870 3525 etiam
1903 3488 2017 3526 ver-

475 3568 564 3605 sus
610 3554 671 3602 ad
702 3548 1083 3615 processiones,
1114 3557 1335 3615 quorum
1384 3543 1588 3615 aliquos
1619 3541 1720 3593 vidi
1755 3544 1803 3593 in
1831 3542 2015 3615 biblio-

477 3626 644 3674 tlteca.
679 3612 907 3687 Hymuos
930 3615 1195 3687 desancto
1221 3612 1372 3664 Gallo
1397 3628 1407 3661 :
1458 3613 1635 3687 Annae
1662 3621 1851 3687 sanata
1878 3627 1922 3687 ;Δ
1948 3612 2016 3666 de

472 3700 651 3745 Sancto
673 3679 957 3742 Oiltmaro:
992 3680 1199 3734 Festum
1220 3690 1489 3734 sacratum.
1523 3679 1741 3743 Laudes,
1774 3681 2017 3746 Omnipo-

472 3773 599 3823 tens,
648 3761 876 3827 ferimus.
931 3754 1345 3827 Dictavitetiam
1377 3752 1518 3827 varia
1547 3752 1610 3827 ad
1650 3751 2016 3827 suscipiendos

474 3820 709 3896 reges,'et
736 3830 833 3878 alia
851 3825 1031 3896 multa.
1060 3822 1283 3896 Scripsit
1306 3832 1358 3873 et
1382 3820 1679 3896 Gbroiiicon
1708 3820 2016 3896 monasierii

473 3888 698 3966 graviter
714 3908 765 3966 et
786 3894 1004 3966 erudite,
1028 3890 1170 3966 Aquod
1199 3905 1223 3939 a
1248 3888 1594 3966 sanctoliallo
1607 3904 1767 3966 usque
1789 3891 1851 3941 ad
1886 3890 2015 3941 Der-

478 3958 694 4020 itardum
726 3965 764 4029 I,
796 3962 883 4030 qui
916 3960 1141 4030 pra-fuit
1162 3974 1245 4009 an.
1278 3962 1367 4030 ὅδε
1392 3972 1481 4030 sua
1514 3958 1752 4030 videlicet
1781 3968 2013 4022 tempora

478 4026 758 4101 perduxit,
785 4026 923 4100 quod
953 4044 1049 4081 ins.
1082 4028 1251 4079 adhuc
1280 4027 1330 4101 in
1360 4026 1668 4101 bibliotheca
1697 4038 1884 4101 quater
1905 4041 2015 4080 ser-

477 4094 624 4158 iator
672 4094 963 4155 tniniinutn.
1015 4098 1319 4163 Composuit
1359 4096 1513 4147 ctiam
1567 4094 1810 4148 ritbmice
1840 4094 2012 4163 lingua

474 4175 782 4229 Germanica
818 4169 984 4219 Vitam
1017 4168 1180 4217 sancti
1227 4164 1398 4227 Galli,
1449 4179 1601 4229 quam
1648 4166 1791 4217 dedit
1824 4168 2015 4231 potiqu

479 4244 682 4311 publice
713 4245 761 4293 iit
810 4237 1041 4290 Ecclesia
1068 4236 1400 4311 cautanilani,
1432 4247 1670 4311 qnzeper
1717 4232 2010 4285 Eckerltar-

476 4302 595 4363 ilum
622 4313 887 4364 iuniorem
918 4307 1163 4358 translata
1192 4302 1373 4354 Latine
1404 4310 1572 4352 exstat
1603 4303 1651 4351 iu
1683 4312 1897 4353 vetusto
1914 4318 2010 4353 ms.

474 4384 685 4437 (ltulice,
714 4389 760 4431 ct
784 4393 811 4429 a
840 4379 985 4427 tioltts
1010 4387 1172 4437 nuper
1204 4373 1449 4422 translata
1474 4380 1552 4421 est
1586 4372 1634 4419 itt
1662 4372 1878 4423 iambos.
1925 4372 2013 4423 llis

480 4453 634 4517 igitur
664 4457 717 4499 et
745 4444 1272 4517 sinulibnsnoctrinm
1301 4452 1352 4492 et
1390 4444 1630 4517 tirtutum
1660 4440 1847 4493 Studiis
1879 4440 2014 4492 invi-

478 4510 657 4585 gians,
695 4522 900 4585 tandem
930 4522 981 4563 et
1011 4511 1120 4585 ipse
1149 4519 1358 4585 sanctus
1391 4511 1523 4561 circa
1571 4510 1853 4585 claustrum
1884 4524 2009 4585 san-

2130 666 2223 720 llic
2254 668 2340 721 ubi
2371 670 2645 722 nocticola:
2677 679 2895 723 tenuere
2918 668 3109 723 cubilia
3142 669 3322 730 larvas,

2196 763 2274 816 Ad
2309 763 2518 816 laudem
2545 762 2738 817 Christi
2771 762 2948 830 psallit
2974 762 3167 830 ubique
3195 763 3413 815 chorus.

2057 867 2060 870 ’
2127 852 2220 906 llic
2250 852 2345 907 fuit
2366 869 2497 909 ecce
2521 855 2646 909 leris
2675 857 2839 908 statio
2866 854 3171 923 gratissima
3194 853 3348 906 saevis
3372 868 3391 919 ;

2194 942 2342 996 Nunc
2368 944 2523 997 sedes
2552 944 2755 998 sanctis
2786 955 2837 998 te
2868 951 3153 998 resonante
3178 950 3375 996 manet.

2125 1030 2199 1083 Tu
2229 1040 2377 1097 pater
2408 1031 2509 1083 huc
2540 1034 2778 1095 veniens,
2816 1032 2924 1086 fers
2952 1043 3125 1086 tecum
3157 1032 3299 1099 pacis
3330 1032 3561 1086 honores
3586 1046 3607 1097 ;

2195 1120 2326 1174 llinc
2355 1130 2521 1173 totunt
2548 1123 2752 1188 pellens
2781 1122 3039 1189 quidquid
3066 1122 3257 1176 adesse
3283 1132 3456 1175 nocet.

2122 1210 2418 1278 Expulerat;
2449 1225 2698 1276 nocuum,
2728 1211 3002 1279 complens
3028 1210 3308 1264 dulcedine
3335 1220 3523 1274 totum,

2198 1303 2313 1368 Quo
2342 1317 2535 1371 corpus
2572 1303 2837 1371 linquens,
2888 1303 3107 1369 spiritus
3139 1309 3277 1355 astra
3305 1301 3454 1369 petit.

2126 1393 2202 1445 En
2231 1393 2389 1446 Itodie
2414 1396 2662 1446 meritum
2696 1403 2751 1444 tu
2783 1402 2901 1459 post
2927 1391 3213 1444 certamina
3247 1392 3474 1458 palmam

2192 1482 2499 1549 Sumpsisti,
2531 1480 2693 1543 Galli,
2726 1490 2941 1549 protege
2973 1494 3065 1532 nos
3096 1480 3273 1534 hodie.

2124 1569 2237 1625 lam
2266 1584 2423 1637 super
2454 1579 2593 1623 astra
2626 1570 2799 1623 nitens
2831 1569 3148 1622 famulorum
3182 1571 3391 1638 suscipe
3419 1568 3633 1634 laudes,

2192 1662 2291 1729 Qui
2318 1662 2407 1714 tibi
2439 1661 2633 1715 devoto
2661 1674 2802 1714 nunc
2824 1661 3057 1729 jubilant
3083 1662 3321 1714 modulo.

2124 1751 2312 1817 Aspice
2342 1749 2598 1817 prepitius
2625 1760 2940 1804 venerantes
2975 1748 3149 1803 nobile
3179 1750 3394 1817 pignus,

2192 1842 2400 1907 Corpus
2428 1841 2759 1907 praaclarum,
2792 1840 2938 1894 Galle
2968 1843 3141 1905 beate,
3173 1851 3342 1901 tuum.

2058 1913 2102 1969 Β
2132 1929 2317 1995 Aspice
2340 1944 2455 1995 qum
2484 1929 2745 1994 canimus,
2780 1944 3020 1997 expugna
3048 1932 3203 1981 corda
3236 1931 3514 1998 benignus,

2197 2017 2252 2070 lu
2284 2017 2445 2071 rebus
2474 2018 2679 2070 cunctis
2710 2028 2887 2071 rector
2909 2018 3093 2071 adesto
3126 2019 3246 2073 tuis.

2128 2107 2257 2160 lliuc
2286 2106 2511 2160 Domino
2542 2108 2681 2159 trino
2715 2107 2821 2160 lmti
2854 2122 3141 2175 pangamus
3170 2119 3222 2161 et
3250 2124 3375 2175 uno,

2195 2196 2293 2262 Qui
2322 2210 2418 2249 nos
2446 2212 2584 2250 nunc
2613 2198 2770 2251 talem
2799 2197 2922 2252 fecit
2952 2199 3147 2252 habere
3175 2210 3401 2266 patrem.

2336 2288 2521 2341 Amen.

2125 2439 2344 2493 exstitit.
2397 2438 2495 2504 Qui
2541 2439 2852 2492 adolescens
2900 2439 2997 2491 sub
3048 2439 3352 2492 obctlientia
3405 2448 3455 2489 et
3506 2442 3689 2506 regula

2122 2509 2290 2580 Sancti
2322 2508 2653 2580 Columbam,
2689 2510 2739 2561 in
2771 2508 2944 2580 §cotia
2992 2510 3068 2580 [In
3096 2510 3328 2577 margine
3377 2507 3491 2560 haec
3523 2512 3689 2563 ctiam

2125 2577 2369 2645 ascripsit
2410 2577 2725 2632 Metzlcrns':
2763 2578 2933 2629 Didict’
2974 2577 3069 2629 Iioc
3098 2594 3160 2629 ex
3206 2586 3493 2629 nostrorum
3525 2580 3692 2631 homi-

2126 2662 2245 2697 num
2273 2647 2537 2698 traditione
2562 2685 2578 2709 ,
2621 2656 2667 2697 et
2716 2663 2777 2699 ex
2805 2650 3021 2712 quodam
3050 2648 3142 2697 viri
3173 2662 3270 2696 non
3301 2648 3561 2708 illiterate,
3603 2650 3692 2715 qui

2123 2731 2175 2766 se
2214 2718 2265 2765 id
2288 2716 2535 2767 audivisse
2571 2716 2660 2777 ait,
2690 2724 2737 2765 et
2768 2717 2946 2783 lengse
2988 2715 3153 2781 (Sicut
3178 2725 3225 2766 et
3250 2716 3471 2775 parentis
3500 2720 3691 2768 utrius—

2123 2800 2215 2851 que
2247 2786 2445 2851 nomen)
2491 2800 2551 2835 ex
2570 2782 2766 2852 illustri
2808 2794 2855 2835 et
2884 2785 3138 2852 religiosa
3184 2785 3389 2835 domina
3431 2788 3689 2837 contitiua

2127 2850 2175 2903 Μ
2188 2856 2317 2904 antis
2344 2850 2526 2915 sancti,
2560 2850 2810 2904 Friderici
2840 2850 3067 2905 moderni
3098 2864 3273 2905 matre.
3311 2852 3375 2904 Et
3400 2852 3551 2905 tradit
3572 2870 3689 2905 cum

2132 2922 2423 2988 Walafrido
2471 2925 2745 2973 communis
2795 2922 3011 2992 opinio],
3053 2925 3244 2989 Spretis
3287 2924 3549 2975 nobilibus
3596 2939 3688 2989 pa-

2129 2993 2387 3051 rentibus,
2421 2992 2707 3059 mundique
2736 2992 2963 3055 pompis,
2996 2994 3153 3043 vitam
3184 3004 3467 3056 pauperum
3493 2992 3679 3059 elegit,

2123 3068 2176 3113 et
2203 3072 2255 3112 ut
2280 3060 2389 3126 ipse
2420 3058 2633 3123 fatetur,
2660 3059 2938 3111 humilitati
2964 3066 3018 3112 et
3036 3060 3377 3123 obetlientize,
3404 3058 3685 3123 perfecta:-

2123 3144 2224 3198 que
2255 3128 2567 3197 subjectioui
2598 3127 2859 3181 indefesse
2886 3143 3095 3194 semper
3119 3129 3337 3181 studuit.
3372 3127 3531 3181 Venit
3564 3139 3683 3183 tan-

2124 3201 2243 3252 dem
2271 3214 2389 3251 cutn
2414 3200 2666 3265 magistro
2694 3212 2791 3250 suo
2816 3207 2868 3251 et
2898 3199 3140 3250 undecim
3172 3199 3289 3250 aliis
3312 3198 3562 3251 fratribus
3590 3212 3683 3264 per

2127 3270 2446 3321 Britanniam
2480 3278 2529 3320 et
2558 3267 2780 3319 Galliam
2814 3266 2867 3318 in
2900 3267 3263 3329 Germaniam,
3293 3276 3347 3319 et
3370 3268 3678 3333 aliquandiu

2120 3337 2216 3387 sub
2247 3338 2431 3389 eodem
2464 3336 2652 3387 abbate
2682 3335 2900 3401 degens,
2946 3335 3181 3397 tandem,
3225 3337 3451 3388 abeunte
3481 3336 3569 3388 illo
3625 3341 3679 3389 in

2120 3405 2343 3470 Italiam,
2396 3405 2543 3458 febre
2568 3414 2841 3469 correptus
2874 3405 2987 3471 ipse
3018 3420 3137 3456 cum
3179 3403 3383 3457 duobus
3413 3405 3572 3457 sociis
3628 3407 3681 3459 in

2120 3472 2398 3526 Germania
2429 3476 2735 3539 relinquitur
2766 3491 2779 3524 :
2810 3488 2873 3525 et
2914 3488 3013 3540 qua
3047 3484 3101 3524 ut
3129 3475 3417 3537 convaluit,
3453 3475 3502 3525 in
3538 3474 3679 3529 hunc

2119 3545 2312 3605 locum,
2358 3553 2483 3596 tunc
2512 3544 2780 3596 desertum
2813 3544 3039 3608 penitus,
3072 3542 3179 3595 Deo
3213 3544 3429 3596 liberius
3462 3555 3680 3595 vacatu-

2118 3628 2226 3677 rus,
2256 3613 2493 3675 secessit,
2538 3627 2693 3679 quem
2730 3611 2818 3663 ubi
2851 3610 3093 3663 triduano
3141 3610 3362 3675 jejunio,
3412 3622 3465 3665 et
3496 3613 3677 3665 multis

2118 3684 2445 3735 orationibus
2473 3682 2825 3743 coosecravit,
2874 3679 3158 3734 exstructis
3189 3679 3393 3731 cellulis
3437 3689 3489 3733 et
3518 3695 3682 3747 parvo

2118 3753 2351 3803 oratorio
2379 3761 2431 3804 et
2455 3752 2657 3804 olerum
2697 3752 2849 3802 liorto
2876 3751 3125 3813 excitato,
3159 3752 3317 3816 cmpit
3344 3750 3523 3802 vivere
3556 3749 3683 3803 fari-

2119 3823 2257 3884 nula,
2285 3820 2529 3886 panibus,
2581 3820 2813 3871 oleribus
2841 3828 2893 3870 et
2926 3816 3207 3884 pisciculis,
3259 3819 3309 3870 in
3342 3834 3531 3885 magna
3561 3821 3677 3885 qui-

2120 3891 2237 3940 dent
2269 3896 2591 3957 paupertate,
2628 3889 2729 3957 sed.
2746 3887 2906 3939 multa
2937 3886 3225 3957 patientia,
3269 3899 3321 3938 et
3347 3888 3569 3957 Spiritus
3597 3904 3680 3953 ju-

2118 3960 2406 4019 cunditate,
2453 3958 2502 4008 in
2546 3955 2655 4022 jttgi
2710 3955 2963 4007 Orationis
2986 3965 3041 4008 et
3072 3956 3362 4022 vigiliarum
3408 3956 3681 4020 instantia,

2116 4043 2306 4094 corpus
2336 4026 2601 4094 castigans
2647 4041 2748 4077 non
2781 4025 2938 4076 modo
2983 4024 3179 4089 inedia,
3222 4036 3350 4075 testu
3380 4033 3433 4076 et
3466 4024 3680 4092 frigore,

2117 4098 2209 4149 sed
2236 4106 2289 4149 et
2312 4093 2489 4149 cilicio
2509 4104 2561 4148 et
2586 4096 2742 4147 ferro.
2778 4093 3132 4147 Ambitionetn
3161 4103 3213 4146 et
3240 4108 3425 4147 vanam
3453 4094 3679 4161 gloriam

2117 4168 2247 4218 acleo
2277 4176 2432 4217 caute
2473 4165 2745 4218 declinans
2772 4173 2823 4216 et
2854 4164 3078 4230 fugiens,
3113 4172 3169 4215 nt
3196 4178 3363 4229 usque
3389 4165 3454 4215 ad
3476 4163 3678 4216 obitum

2118 4234 2232 4301 ejus
2266 4236 2443 4285 nullus
2473 4234 2845 4299 discipulorum
2877 4234 2942 4284 de
2966 4234 3138 4285 cilicio
3168 4240 3219 4283 ct
3250 4242 3458 4295 catena,
3490 4233 3682 4299 quibus

2117 4318 2173 4355 se
2199 4303 2460 4370 afﬂigebat
2500 4304 2659 4353 etiam
2692 4314 2854 4370 uSque
2884 4302 2946 4351 ad
2976 4303 3307 4366 sanguinem,
3358 4301 3554 4367 aliquid
3592 4316 3682 4355 co-

2117 4369 2411 4439 gnosceret.
2442 4371 2697 4424 Servabat
2724 4369 2863 4421 enim
2893 4384 2965 4439 ea,
2985 4370 3035 4421 in
3061 4370 3288 4436 capsella
3319 4384 3384 4422 ex
3422 4374 3569 4423 corio
3597 4370 3678 4423 fa-

2117 4451 2221 4502 cta,
2255 4456 2411 4506 quam
2443 4454 2765 4507 quocunque
2791 4440 2907 4501 iret,
2955 4438 3007 4491 in
3053 4440 3275 4491 bumeio
3317 4439 3538 4504 ferebat,
3568 4442 3679 4493 cla-

2121 4525 2239 4563 vent
2294 4509 2355 4561 ad
2403 4524 2589 4561 mnam
2636 4522 2784 4559 suam
2833 4508 3181 4574 suspendens.
3238 4509 3437 4561 Auctor
3481 4513 3680 4575 primus

480 4577 543 4641 Et:
580 4587 710 4641 Galli
740 4600 857 4637 cum
892 4580 1160 4648 languidus
1193 4579 1310 4639 iret,
1353 4590 1445 4629 nec
1477 4588 1645 4648 tamen
1689 4581 1877 4648 docere
1918 4582 2013 4630 de-
2050 4584 2099 4643 Ι)
2127 4578 2252 4631 Vita:
2282 4578 2417 4645 ejus,
2458 4577 2544 4643 qui
2574 4577 2781 4648 scripsit
2804 4591 2918 4629 eam
2941 4592 3007 4648 rex
3032 4590 3136 4648 ore
3178 4590 3485 4648 sanctorum
3508 4580 3679 4643 Magni

481 4664 694 4717 sineret,
729 4671 793 4707 XL
825 4646 1091 4715 discipulis
1121 4648 1383 4713 quondam
1416 4646 1533 4717 suis
1552 4647 1841 4710 canonicis,
1890 4657 2016 4700 tunc

482 4714 691 4793 quidem
721 4714 1061 4791 presbyteris,
1112 4719 1226 4793 loco
1257 4725 1469 4793 propter
1516 4714 1702 4792 festum
1733 4718 2015 4769 advenien—

484 4786 653 4857 tibus,
704 4786 929 4846 animam
977 4802 1121 4839 suam
1170 4786 1386 4852 singulis
1430 4786 1763 4857 commisit:
1794 4799 2016 4857 quorum

484 4853 703 4931 quisque
726 4864 935 4931 triginta
966 4859 1150 4908 missas
1177 4858 1385 4931 obitttro
1422 4853 1679 4931 promisit.
1714 4853 1901 4921 Sicque
1933 4856 2021 4908 ille

488 4924 783 4985 notissimus
804 4924 985 4981 'Deum
1018 4938 1069 4975 nt
1096 4940 1152 4977 se
1180 4926 1375 4975 diutius
1424 4924 1608 4975 morbo
1638 4934 1886 4988 coqueret
1935 4939 2018 4977 ro—

483 5020 629 5071 guns,
664 5004 808 5067 panis
839 4997 1031 5049 nitidus
1057 4993 1240 5071 factus,
1278 4998 1410 5043 inter
1431 4993 1801 5071 discipulorum
1836 5007 2020 5071 manus

486 5062 533 5124 iu
569 5062 881 5139 paradisum,
920 5074 987 5125 .ut
1028 5064 1314 5139 credimus,
1368 5062 1591 5139 transiit,
1639 5075 1795 5122 anno,
1846 5069 2021 5139 utnego

484 5129 728 5211 t-otijicio,
761 5139 862 5189 885
888 5152 900 5195 ;
934 5150 996 5186 c0
1022 5135 1159 5211 enim
1194 5147 1357 5211 nmine
1382 5131 1612 5211 scripsit,
1648 5145 1866 5211 pronquo
1893 5129 2017 5211 t‘iot-

486 5202 658 5273 kerus,
685 5202 767 5262 cui
800 5214 1048 5271 cognatus
1088 5204 1198 5273 fuit,
1232 5215 1282 5273 et
1315 5202 1521 5273 'lftitelo,
1555 5202 1809 5273 plusaliis
1836 5202 2022 5273 dolen-

486 5296 581 5339 trs.
645 5270 804 5332 multa
860 5270 1109 5325 fecerunt.
1170 5270 1532 5322 tickcrliardus
1563 5270 1857 5339 utrobique,
1898 5270 2023 5321 Bru‘

488 5352 681 5409 scitius.
712 5342 1245 5412 Stutnpbius._iiune
1281 5340 1563 5412 Itapertunt
1618 5338 2021 5412 fuitregiensem

486 5407 751 5485 appellant
778 5407 1005 5485 quidam.
1038 5408 1156 5485 fuit
1184 5410 1327 5485 alios
1353 5418 1470 5485 item
1490 5476 1499 5485 ι
1520 5411 1600 5457 Itic
1648 5407 2025 5485 Ilapcrtnsneo

491 5476 579 5551 In};
614 5476 983 5550 ttujospsancti
1035 5476 1591 5551 botkeridiscipulos.
1648 5488 1697 5525 et
1740 5478 1790 5528 in
1820 5478 2027 5551 dialogo

488 5548 550 5609 de,
584 5548 696 5607 Vita
728 5554 893 5605 sancti
926 5551 1052 5601 Galli
1082 5560 1195 5614 pust
1228 5548 1600 5609 Ilartmannum
1631 5554 1890 5596 mortuum
1914 5548 2028 5609 ejus

493 5629 847 5679 interlocutor.
903 5619 1022 5670 llmc
1047 5616 1269 5668 .lodocus
1314 5615 1609 5674 Mctzlcrus,
1642 5618 1727 5678 qui
1758 5617 1820 5664 de
1845 5624 2028 5665 sancto

493 5697 639 5747 tiallo
664 5698 817 5747 etiam
850 5694 961 5739 lucc
1000 5688 1186 5737 liabet:
1238 5684 1461 5736 Sanctus
1509 5682 1688 5733 Gallus
1737 5684 1931 5733 electus
1978 5693 2031 5733 et

494 5770 708 5818 dilectus
740 5762 828 5813 Dei
859 5757 1101 5815 famulus,
1137 5757 1332 5820 primus
1360 5766 1510 5804 torta:
1537 5751 1707 5826 liuius
1734 5765 1787 5803 et
1818 5752 1917 5802 loci
1948 5754 2031 5826 itt-

494 5840 628 5899 cola,
680 5830 959 5883 multorum
1002 5835 1299 5879 sanctorum
1345 5821 1717 5875 monachorum
1754 5831 1900 5887 pater
1948 5821 2027 5872 bic

2124 4658 2178 4700 et
2216 4648 2497 4710 'l‘licodori,
2530 4660 2648 4709 seu,
2685 4654 2739 4696 ut
2772 4647 2880 4712 ipse
2904 4647 2999 4709 ait,
3027 4646 3418 4701 Theodeodori.
3450 4646 3582 4698 Cum
3614 4648 3679 4699 ad

2126 4718 2415 4783 principem
2466 4724 2741 4783 vocaretur
2776 4714 3119 4783 aliquando,
3152 4716 3285 4768 clam
3335 4715 3401 4766 ad
3449 4724 3677 4782 tempus,

2126 4780 2327 4851 longius
2374 4800 2400 4835 a
2422 4798 2515 4837 sua
2544 4782 2730 4834 cellula
2759 4780 3061 4849 dilfngiens,
3092 4782 3227 4845 Quid
3256 4783 3401 4847 mihi,
3434 4783 3529 4847 ait,
3560 4780 3677 4835 cum

2126 4855 2447 4926 principibus
2478 4852 2652 4926 _liujus
2700 4852 2868 4926 secli?
2913 4852 2976 4926 Et
3022 4852 3145 4918 quia
3182 4853 3250 4926 in
3296 4854 3677 4926 grattttttaticis,

2126 4920 2362 4991 poeticis,
2395 4933 2446 4973 et
2473 4922 2759 4991 Scriptnris
2788 4920 2987 4991 sanctis,
3009 4921 3567 4991 canonibusque‘bene
3600 4924 3677 4975 itt-

2126 4989 2351 5045 Istructus
2380 4991 2495 5049 fuit,
2544 4990 2704 5039 multa
2734 5003 2851 5040 cum
2882 4990 3139 5053 sapientia
3170 4998 3224 5039 et
3246 4989 3560 5043 auctoritate
3585 4993 3679 5043 ob-

2127 5063 2285 5114 latum
2320 5062 2413 5112 Silll
2442 5060 2773 5123 episeopatus
2795 5056 3214 5109 Constantiensis
3238 5057 3515 5119 bonoretn,
3550 5061 3675 5124 quin

2127 5143 2180 5183 et
2217 5133 2433 5183 abbatis:
2468 5128 2805 5180 latxoviensis
2848 5125 3156 5194 dignitatem
3185 5140 3245 5177 ex
3288 5126 3399 5179 suis
3440 5126 3675 5179 humeris

2127 5200 2353 5252 excussit
2377 5200 2538 5249 sancti
2572 5195 2901 5259 Columbani,
2936 5196 3084 5262 cujus
3110 5196 3339 5247 animam
3366 5199 3556 5248 caelum
3590 5212 3679 5261 ρον

2131 5280 2324 5321 tentem
2353 5266 2478 5318 vidit
2508 5280 2662 5332 super
2690 5275 2919 5317 montem
2946 5264 3113 5316 sancti
3143 5263 3357 5315 Notkeri
3402 5266 3488 5316 ubi
3532 5266 3674 5317 rivus

2129 5338 2371 5389 Stcinalia
2405 5350 2493 5398 per
2537 5337 2677 5401 rupis
2701 5348 2929 5385 concava
2956 5333 3247 5395 descendit,
3300 5341 3355 5383 ut
3384 5334 3454 5384 ait
3486 5332 3674 5384 Ecker.

2132 5408 2221 5458 lib.
2266 5406 2710 5463 Itonetlictionum,
2766 5413 2819 5453 et
2867 5401 3123 5465 llapertus
3172 5407 3220 5452 in
3261 5404 3515 5453 carmine.
3567 5401 3677 5453 Ali-

2131 5476 2337 5542 quando
2369 5490 2395 5525 a
2430 5474 2657 5537 principe
2689 5473 2852 5521 multo
2893 5480 3108 5533 argento
3150 5482 3373 5542 etiauro
3420 5471 3671 5542 donatus,

2134 5538 2295 5595 totum
2327 5544 2461 5607 quod
2497 5541 2717 5607 accepit,
2750 5546 3029 5604 antequam
3056 5541 3119 5590 ad
3149 5540 3336 5592 cellam
3374 5540 3585 5600 rediret,
3624 5538 3675 5590 in

2136 5606 2387 5679 pauperes
2420 5606 2696 5662 dlSlrlDltil.
2722 5611 2987 5679 Atiumque
3018 5609 3293 5675 aliquando
3334 5620 3446 5679 non
3473 5609 3570 5659 nisi
3596 5607 3679 5660 di-

2136 5676 2350 5733 inittioni
2382 5680 2665 5729 sextarium
2714 5676 2892 5729 farina:
2940 5679 2991 5728 in
3035 5677 3394 5744 promptuario
3436 5677 3675 5742 haberet,

2136 5763 2185 5804 ct
2218 5765 2304 5801 scit
2337 5748 2522 5797 fratres
2559 5748 2620 5797 de
2655 5746 2886 5821 _Lu_xov_io
2931 5745 3287 5821 advenissent.
3333 5746 3405 5797 ait
3456 5744 3680 5821 cellar-Lg

2136 5821 2380 5888 quidnam
2412 5825 2549 5870 esset
2574 5818 2695 5884 ipsis
2720 5817 2771 5870 in
2797 5816 2988 5870 cibum.
3021 5817 3080 5869 Et
3107 5826 3161 5869 ut
3184 5827 3394 5869 omnem
3425 5813 3675 5870 substet};

3524 6186 3894 6365 μ
