3884 6240
187 405 237 455 37
608 399 1116 456 ΕΡΙΟΒΑΜΜᾹΤΛ
1161 403 1287 458 SEU
1330 402 1534 457 IIYMNI
1581 403 1706 458 ΒΜ]

1828 405 2041 470 AN'l'IQ.
2089 406 2364 462 PA'lilUM
2408 408 2563 465 MON.
2607 411 2665 467 S.
2709 413 2932 470 GALLI.
3171 377 3176 380 Ι
3318 420 3386 476 58

448 513 649 567 Notkcr
682 514 974 568 Lantberto
997 514 1143 568 fratri
1171 517 1414 572 salutem.

189 629 297 691 (laid
348 625 551 693 singulm
604 634 630 661 ⁸
689 628 878 677 [illene
945 629 996 676 in
1046 627 1466 693 superscriptione
1520 627 1715 692 signi/i.
1790 664 1794 668 .

241 708 334 747 mu
357 695 652 754 Cantileuu',
678 713 773 760 pro
795 705 849 745 ut
871 696 1015 760 potui
1027 699 1180 762 juxta
1202 705 1338 744 luam
1361 696 1650 761 p.-tilionem

689 765 970 830 explantare
996 764 1181 815 curavi.

244 861 292 906 Α.
318 855 377 910 Ut
403 855 556 907 altius
583 854 832 908 elevctur
887 854 1161 908 admonet.

242 952 290 1002 lt.
317 948 607 1002 Secundum
637 948 851 1000 litteras
882 948 1072 1016 quibus
1103 948 1405 1014 adjttngitur
1425 987 1438 1010 ,
1473 956 1527 999 ut
1590 947 1722 1001 bene

183 1041 368 1092 multum
419 1037 748 1102 extollatur,
814 1037 898 1091 vel
948 1045 1228 1104 gravetur,
1283 1037 1393 1089 sive
1451 1046 1714 1101 teneatur,

182 1132 389 1198 belgiett.

233 1223 285 1272 C.
327 1220 387 1274 Ut
411 1219 534 1280 cito,
565 1223 651 1272 vel
685 1220 941 1275 celeriter
973 1220 1193 1280 dicatur,
1230 1219 1502 1272 cet-tilicat.

237 1311 290 1365 D.
317 1310 372 1363 lit
388 1311 736 1375 deprimatur,
757 1310 1108 1364 demonstrat.

237 1405 288 1454 l-‘..
320 1403 374 1454 Ut
404 1401 678 1467 :equaliter
704 1403 1248 1470 souetur,eloquitur.

238 1491 284 1542 Ρ.
325 1490 384 1543 Ut
425 1505 542 1542 cum
591 1488 808 1558 fragore
861 1506 956 1546 seu
985 1491 1227 1545 frendere
1274 1493 1514 1557 feriatur,
1559 1491 1716 1546 efﬂa-

178 1587 300 1648 εἰμι.

237 1671 289 1722 C.
343 1671 404 1724 Ut
451 1671 502 1724 in
548 1680 766 1740 gutture
825 1672 1082 1741 gradatim
1140 1674 1436 1741 garrulelur
1492 1676 1716 1740 genuine

177 1763 452 1832 gr..tulatur.
859 1747 865 1751 i

234 1857 288 1908 ll.
320 1856 381 1908 Ut
406 1864 610 1907 tantum
654 1856 708 1908 in
738 1856 1002 1923 scriptura
1035 1856 1262 1923 aspirat,
1312 1868 1379 1910 ita
1431 1868 1480 1912 et
1512 1857 1561 1911 in
1590 1839 1711 1911 nota
1751 1881 1792 1940 Β
1823 1897 1885 1935 ,ηδ

176 1947 370 2012 illipsmn
403 1944 625 1998 habitat.

237 2037 491 2088 LJussum
528 2035 608 2087 vel
657 2034 883 2087 inferius
934 2036 1183 2099 insinuat,
1238 2031 1718 2104 gratitudinemque

177 2139 257 2187 pro
273 2142 300 2193 9
321 2125 578 2178 interdum
610 2123 830 2178 iudicat.
1399 2135 1404 2140 ‘

238 2216 291 2268 κ.
323 2215 462 2268 Licet
509 2215 648 2281 apud
684 2215 902 2268 Latinos
950 2216 1076 2268 nihil
1108 2217 1295 2278 valeat,
1325 2217 1460 2283 apud
1513 2232 1608 2269 nos
1637 2227 1718 2269 ta-

178 2319 278 2358 men
333 2306 652 2357 Alamannos
706 2319 804 2372 pro
851 2327 900 2367 κ,
942 2319 1106 2373 graeca
1156 2306 1383 2374 positum
1441 2307 1717 2374 cblcnrge,

174 2399 351 2463 clause,
376 2395 630 2479 cltttuitat.

235 2489 285 2538 l..
311 2486 520 2548 Levare,
554 2489 789 2539 lzetatur.

233 2579 294 2630 ιι.
323 2577 674 2638 Mediocriter,
703 2576 1010 2639 melodiam,
1035 2576 1314 2641 moderari,
1342 2579 1714 2642 mendicando,

176 2677 422 2720 memorat.
1226 2665 1230 2668 ’

333 2759 542 2823 Nature,
576 2761 676 2813 boc
703 2772 812 2825 est;
836 2759 1114 2824 noscitare,
1144 2760 1398 2810 natiiicat.

171 2915 300 2968 tum,
339 2921 453 2973 qua:
480 2908 703 2975 praefata
738 2917 940 2961 tantum
980 2906 1144 2960 farina
1175 2907 1292 2972 fuit,
1323 2908 1590 2972 indicavit,
1643 2911 1716 2965 ait

172 2976 232 3026 illi
269 2987 318 3029 ut
347 2979 466 3030 inde
509 2995 703 3045 panem
745 2987 1012 3044 caqueret,
1047 2988 1234 3044 potens
1282 2989 1362 3031 est
1406 2983 1547 3032 enim
1579 2981 1716 3035 Deus

171 3061 334 3110 parare
377 3063 618 3101 mensam
668 3052 722 3102 in
756 3051 990 3102 deserto.
1045 3052 1105 3100 lit
1137 3048 1320 3101 abiens
1351 3048 1414 3098 ad
1448 3053 1709 3115 gurgitem

170 3115 224 3166 ad
252 3117 542 3170 Australem
595 3123 807 3185 plagam
858 3120 1183 3181 monasterii,
1231 3118 1370 3184 cepit
1419 3121 1614 3184 piscem
1663 3124 1711 3172 in

172 3186 357 3238 noviolo
403 3201 473 3239 xu
527 3189 693 3254 pedes
744 3190 1002 3252 longum}
1031 3196 1082 3240 et
1126 3202 1175 3239 tv
1223 3188 1406 3247 latum,
1450 3199 1703 3254 superve-

1751 525 1796 579 Λ
1896 520 1958 572 0.
2005 519 2246 587 Figuram
2278 525 2359 576 sui
2395 525 2445 577 in
2476 541 2568 580 ore
2589 530 2849 582 cantantis
2876 531 3107 585 ordinat.

1900 612 1953 663 P.
1986 613 2337 681 Prcssionem,
2373 617 2452 670 vel
2491 618 2844 685 prensionem,
2906 624 3174 688 prwdieat.

1896 701 1954 763 ρ.
2023 701 2074 754 In
2126 703 2593 770 significationibus
2652 719 2894 762 notarum
2933 726 3029 764 cur
3074 717 3383 781 qumratur?

1825 802 1942 840 cum
1976 792 2132 843 etiam
2177 794 2228 845 in
2261 795 2438 849 verbis
2464 797 2528 848 ad
2561 797 2689 852 nihil
2719 799 2858 852 aliud
2887 800 3166 867 scribatur,
3195 806 3291 858 nisi
3320 818 3379 859 ut

1830 895 2059 948 sequens
2083 900 2109 934 v
2141 885 2243 937 vim
2293 901 2440 939 suam
2471 889 2715 943 amittere
2755 893 3029 959 qumritnr.

1897 972 1960 1023 ll.
1998 974 2386 1030 llectitudinem
2417 978 2495 1031 vel
2528 994 2767 1033 rasuram
2799 997 2902 1035 non
2934 983 3253 1052 abolitionis,
3289 988 3382 1042 sed

1825 1064 2162 1130 crispatioois
2194 1069 2402 1135 rogitat.

1894 1155 1951 1206 S.
1986 1141 2178 1209 Susum
2208 1158 2289 1210 vel
2318 1172 2525 1212 sursum
2551 1162 2808 1216 scandere
2830 1164 3030 1219 sibilat.

1895 1242 1954 1295 Τ.
1981 1243 2216 1298 Trahere
2239 1248 2319 1300 vel
2351 1259 2529 1302 tenere
2549 1250 2744 1304 debere
2768 1260 3008 1308 testatur.

1896 1334 1956 1386 V.
1993 1335 2136 1390 Licet
2163 1337 2352 1391 amissa
2386 1341 2436 1392 in
2487 1355 2601 1403 sua,
2655 1343 2812 1412 veluti
2847 1343 3002 1399 valde
3055 1360 3153 1401 vau
3184 1345 3392 1416 Gra'ca,

1823 1425 1899 1474 ve!
1934 1424 2172 1490 llebrzca,
2209 1429 2458 1484 veblicat.

1896 1515 1958 1568 X.
2015 1516 2267 1583 Quamvis
2299 1521 2481 1577 Latina
2510 1525 2667 1579 verba
2701 1540 2793 1595 per
2821 1541 2880 1584 se
2912 1528 3142 1592 inchoet,
3208 1541 3385 1587 tamen

1822 1619 2129 1672 exspectare
2157 1622 2376 1676 expetit.

1893 1697 1955 1749 Y.
1986 1700 2134 1767 Apud
2165 1701 2379 1757 Latinos
2408 1705 2536 1758 nihil
2556 1706 2845 1775 bymnizat.

1890 1790 1946 1842 Ζ.
1987 1791 2121 1845 Vero
2154 1793 2273 1848 licet
2298 1805 2350 1849 et
2397 1797 2508 1864 ipsa
2556 1813 2700 1852 mere
2731 1800 2937 1867 (irznca,
2968 1812 3020 1855 et
3050 1802 3118 1857 ob
3149 1803 3201 1857 id
3253 1804 3390 1859 baud

1890 1886 2119 1938 cessaria
2173 1885 2440 1955 Romanis,
2499 1901 2716 1958 propter
2771 1885 3074 1960 pra-dictam
3133 1904 3306 1952 tamen
3360 1916 3386 1950 r

1825 1974 2009 2028 litterae
2040 1978 2444 2046 occupationem
2474 1982 2538 2034 ad
2589 1983 2690 2036 alia
2724 1987 3013 2053 requirere.
3047 1987 3104 2039 In
3146 2002 3239 2041 sua
3288 1990 3386 2043 lin-

1821 2079 1922 2131 gua
1953 2067 2107 2120 zitise
2139 2070 2376 2136 require.

1895 2155 2206 2226 Ubicunque
2261 2171 2438 2215 autem
2497 2163 2656 2229 dum,
2714 2168 2795 2221 vel
2850 2176 2955 2223 tres
2989 2213 3002 2234 ,
3061 2179 3151 2225 aut
3210 2171 3388 2239 p'urcs

1825 2245 2016 2300 littera:
2049 2259 2317 2315 ponuntur
2347 2253 2398 2305 in
2425 2269 2527 2306 uno
2559 2255 2698 2316 loco,
2730 2271 2794 2308 ex
2825 2259 3101 2324 superiore
3127 2259 3387 2326 interpre-

1825 2338 2041 2403 tatione,
2085 2342 2417 2408 maximeque
2468 2345 2577 2406 illa,
2611 2360 2767 2412 quam
2796 2346 2862 2398 de
2892 2349 2918 2398 ὸ
2945 2348 3070 2409 dixi,
3104 2350 3225 2417 quid
3279 2352 3383 2404 sibi

1822 2429 1986 2480 velint
2016 2429 2169 2483 facile
2201 2433 2391 2497 poterit
2418 2432 2640 2485 adverti.
2670 2433 2910 2489 Salutant
2937 2448 2988 2490 te
3017 2437 3225 2492 Elinici
3267 2439 3371 2494 fra—

1827 2527 1954 2580 tres,
1999 2529 2281 2575 monentes
2313 2531 2362 2575 te
2397 2523 2509 2576 fieri
2532 2523 2597 2577 de
2650 2527 2852 2578 ratione
2884 2528 3180 2584 embolismi
3229 2531 3390 2585 trien-

1823 2609 1924 2670 nis,
1978 2619 2033 2660 ut
2088 2610 2288 2679 absque
2317 2626 2497 2664 errore
2535 2627 2732 2680 gnarus
2777 2631 2894 2670 esse
2955 2619 3127 2673 valcas
3180 2621 3392 2675 bienni:

1821 2710 2129 2767 contempto
2159 2705 2327 2770 pretio
2345 2703 2646 2758 divitiarum
2681 2705 2890 2762 Xerxis.

1818 2913 2116 2973 sermonem
2147 2916 2305 2969 super
2334 2901 2527 2969 Evang.
2580 2897 2710 2956 Ecce
2739 2920 2830 2955 nos
2864 2905 3158 2973 reliquimus
3189 2910 3378 2972 θυι-οἱα,

1819 2972 1906 3035 qui
1949 2982 1999 3042 et
2033 2973 2262 3025 humilia:
2310 2973 2427 3025 loco
2476 2975 2663 3042 legitur
2721 2974 2771 3026 in
2823 2972 3104 3028 festivitate
3135 2979 3250 3040 ejus
3281 2982 3378 3030 sub

1822 3039 2035 3109 nomine
2060 3042 2252 3104 Betim;
2307 3042 2446 3109 quod
2496 3039 2670 3096 tamen
2703 3043 2786 3096 vix
2839 3045 3045 3098 videtur
3093 3039 3380 3100 admitten-

1819 3106 1965 3176 dum,
2017 3109 2115 3163 nisi
2145 3111 2287 3163 dicas
2316 3106 2436 3164 eum
2466 3123 2784 3176 mutuatum,
2839 3116 3055 3168 mutatis
3098 3117 3384 3169 mutandis.

1822 3175 1960 3229 Beda
1988 3186 2165 3248 tamen
2218 3194 2543 3247 nequaquam
2599 3184 2840 3248 indignus
2869 3193 2950 3235 est
2988 3198 3185 3236 sermo.
3241 3187 3387 3238 Scri-

173 3234 1701 3323 “leguminis;King;;.".i¢}.;'u3;.a;cii;5animila.
1731 3234 1776 3296 (ἶ
1813 3245 2032 3323 ὺυιξψο
2061 3234 2863 3323 ω),ῌξεςιιίυριμῖυιεβοηιηιὲιιις».Δ
2882 3261 3098 3323 sanctus
3123 3252 3384 3308 Notkerus

170 3325 307 3377 cados
335 3326 462 3386 vini,
503 3338 612 3380 etc.
647 3328 853 3389 Latine,
895 3326 1121 3391 Scelice,
1153 3327 1541 3382 etGermanice
1567 3330 1707 3395 loqui

171 3396 282 3467 satis
307 3397 509 3467 doetus.
565 3397 719 3451 Unde
757 3399 915 3449 etiam
960 3397 1169 3462 scripsit
1216 3396 1505 3451 orationem
1536 3409 1587 3452 et
1615 3415 1709 3467 gu-

176 3464 431 3517 bernanda:
479 3467 736 3520 Ecclesia:
777 3468 1018 3518 formam.
1067 3467 1194 3519 Cum
1228 3468 1452 3520 Arbonte
1492 3468 1543 3522 in
1574 3464 1708 3522 festo

173 3534 315 3606 sancti
345 3536 618 3590 Michaelis
646 3547 764 3603 past
791 3549 1020 3606 sacrum,
1052 3548 1108 3589 ut
1137 3533 1377 3600 aitEck.,
1410 3538 1495 3589 ubi
1520 3553 1701 3606 supra,

174 3604 458 3675 concionem
507 3596 806 3670 habuisset,
857 3596 1015 3658 febre
1041 3607 1231 3659 ibidem
1259 3596 1561 3673 corripituf,
1590 3596 1707 3675 qua:

174 3673 309 3725 etiam
338 3688 454 3727 eum
489 3691 588 3738 per
616 3678 726 3728 dies
754 3690 837 3727 xw
869 3675 1032 3740 magis
1071 3678 1460 3742 ingravescens,
1494 3673 1703 3743 plenum

173 3744 443 3806 sanctitate,
477 3747 776 3798 innumeris
802 3743 1001 3796 elatum
1035 3743 1330 3811 miraculis,
1372 3745 1508 3799 inter
1538 3747 1707 3798 diSt-i-

174 3813 389 3872 [alterum
420 3827 616 3866 manus
646 3816 694 3866 itt
727 3813 1011 3881 parochiali
1057 3813 1216 3867 domo
1245 3815 1521 3883 exstinxit,
1568 3831 1707 3869 anno

169 3895 263 3932 sua
303 3883 469 3938 aetatis
508 3883 608 3948 95,
657 3884 851 3939 Cbrisd
903 3898 1028 3937 vero
1076 3885 1201 3947 640,
1255 3885 1512 3941 ineolatus
1542 3886 1704 3940 eremi

177 3948 518 4024 lU,_adventus
544 3956 630 4007 sui
664 3956 716 4009 in
744 3953 1084 4007 Germaniam
1109 3952 1202 4016 26,
1239 3956 1341 4016 vel,
1372 3959 1510 4021 quod
1541 3958 1707 4024 magis

168 4021 327 4091 credo,
359 4025 422 4078 13
450 4037 544 4077 aut
582 4024 672 4078 Η.
721 4024 828 4077 Nec
876 4025 1016 4077 enim
1058 4027 1174 4091 lego
1201 4038 1319 4078 eum
1354 4025 1445 4076 diu
1492 4021 1708 4078 haesisse

169 4088 236 4139 κει
264 4088 529 4156 Tnconize,
555 4093 642 4145 vel
667 4094 892 4146 Arbonaa
919 4109 933 4156 ;
967 4088 1247 4159 Brigantiae
1272 4107 1398 4145 vero
1429 4107 1520 4159 per
1545 4095 1706 4146 trien-

169 4162 293 4211 niutn
317 4175 417 4216 etc.
467 4163 648 4217 Habes
691 4164 756 4218 de
785 4176 849 4217 eo
895 4163 1287 4231 gravissimum,
1321 4176 1439 4218 meo
1483 4161 1704 4231 judicio,

1821 3330 1873 3369 Ill
1905 3316 2104 3391 libros;
2141 3317 2694 3391 Walal'ridusﬂStrabo,
2738 3321 2918 3391 Augia:
2947 3321 3131 3383 abbas,
3163 3324 3250 3390 qui
3292 3335 3376 3377 est

1818 3388 1955 3454 apud
2003 3391 2231 3452 Surium,
2287 3401 2412 3443 tom.
2462 3390 2540 3452 V;
2589 3388 2945 3454 Marcellinus,
2995 3391 3044 3446 in
3084 3388 3194 3446 Vita
3241 3392 3380 3448 Swi-

1821 3457 1951 3510 berti
1982 3469 2163 3514 auctor
2191 3461 2317 3514 Vitzn
2341 3462 2505 3515 sancti
2533 3463 2814 3515 Burcliardi
2842 3478 2857 3521 ;
2890 3461 3070 3525 Jollas.
3105 3463 3155 3516 in
3187 3474 3372 3518 sancto

1817 3527 2181 3593 Columbano;
2219 3532 2374 3591 Beda,
2411 3544 2589 3585 noster
2621 3532 2773 3583 Pater
2804 3533 3133 3596 Theodorus,
3166 3533 3216 3585 in
3248 3548 3375 3587 san-

1817 3608 1902 3650 eto
1931 3598 2115 3666 Magno
2142 3617 2155 3664 ;
2191 3602 2445 3669 Hapertus
2478 3604 2600 3654 item
2637 3602 2788 3655 l’ater
2819 3610 2994 3654 noster
3026 3612 3078 3654 et
3106 3601 3374 3656 Ekerbar-

1816 3669 1915 3719 dus
1946 3669 2152 3732 Junior,
2204 3672 2294 3724 lib.
2347 3671 2795 3732 Benedimionutn,
2846 3680 2900 3721 et
2940 3671 3103 3732 alibi;
3154 3671 3371 3726 Tritbe-

1820 3738 1980 3799 mins,
2014 3739 2287 3803 Baronitts,
2333 3739 2562 3792 Joannes
2594 3738 2848 3800 Leslazus,
2892 3737 2983 3791 lib.
3015 3754 3085 3803 iv,
3120 3739 3170 3792 in
3200 3740 3373 3793 Clien-

1816 3821 1938 3860 ueto
1967 3823 2110 3876 rege.
2158 3809 2526 3878 Martyrologia
2575 3824 2707 3877 pene
2734 3807 2930 3862 omnia.
2973 3808 3142 3874 Quem
3185 3810 3375 3862 merito

1817 3879 2091 3932 Alemanni
2141 3894 2293 3934 suum
2347 3880 2643 3947 apostolum
2693 3890 2903 3933 vocant.
2957 3878 3082 3932 Haec
3137 3877 3370 3933 Jodocus

1815 3949 2115 4005 Melzlerus.

1886 4031 1911 4056 σι
1943 4021 2070 4085 Qua:
2098 4021 2203 4073 sint
2247 4019 2351 4071 illa:
2380 4019 2565 4070 litterae
2596 4019 2905 4078 Cantuenaa.
2939 4032 3043 4071 non
3073 4018 3225 4086 capio
3252 4032 3372 4085 ego,

1818 4091 2041 4144 fideliter
2065 4101 2239 4142 tamen
2264 4089 2524 4153 descripta
2560 4096 2702 4156 sunt,
2724 4102 3050 4156 quzecunque
3074 4090 3370 4154 sequeban—

1817 4173 1919 4225 tur,
1951 4159 2198 4228 praecedit
2220 4167 2419 4220 autem,
2462 4155 2642 4210 litania
2684 4155 2975 4212 Auxilium.
3013 4155 3144 4212 CAN.

242 4312 3375 4336 ww“

1393 4445 1669 4521 NOTA
1718 4443 2140 4520 CANISII.‘

228 4652 286 4707 Ut
309 4649 572 4719 intelligas
604 4646 721 4717 quis
765 4646 850 4719 hic
886 4645 1167 4713 Notkerus,
1218 4659 1269 4704 et
1319 4665 1434 4714 quae
1465 4652 1570 4704 sint
1627 4657 1706 4707 ha:

1828 4643 1984 4719 imico
2012 4637 2218 4719 cuidam
2277 4636 2477 4692 litteras
2531 4639 2842 4719 anlpltabeti,‘
2870 4653 3000 4706 quas
3050 4638 3367 4719 quibusdam

166 4727 357 4775 musica:
413 4717 611 4773 litierze
647 4760 661 4781 ,
725 4717 1038 4785 subiungam
1098 4734 1213 4786 qua:
1264 4719 1421 4774 habet
1470 4720 1702 4774 Jodocus

168 4792 456 4846 lctzlerus:
494 4787 765 4842 Notkerus
795 4797 1013 4858 Vocatus
1037 4788 1302 4858 Balbulus,
1347 4790 1516 4858 Magni
1553 4790 1701 4844 Otto-

168 4863 234 4914 nis
259 4876 432 4927 nepos,
465 4870 626 4911 natus
653 4858 702 4909 in
726 4866 897 4927 eastro
927 4857 1198 4927 lleiligovv,
1231 4858 1415 4927 abbati
1444 4857 1700 4913 'Grimal-

169 4933 227 4981 do
251 4924 447 4982 oblatus
477 4937 563 4980 est
596 4924 926 4990 iuvenculos,
974 4939 1105 4978 voce
1160 4925 1422 4988 balbulus,
1475 4943 1699 4994 corpore

167 4998 372 5064 gracilis,
417 4997 483 5050 ad
549 4995 829 5064 repentina
856 4993 1142 5059 timidulus,
1193 4997 1318 5050 solis
1370 4993 1698 5052 daemonibus

166 5062 395 5134 exceptis,
417 5062 626 5134 quibus
649 5079 707 5134 se
736 5062 980 5116 audacter
1000 5064 1205 5119 occulte
1232 5076 1283 5118 et
1310 5065 1586 5121 manileSte
1620 5069 1698 5120 in-

167 5133 447 5189 iectantibus
469 5133 795 5202 opponebat.
819 5133 1038 5202 Auditor
1070 5135 1335 5190 studiosus
1353 5137 1449 5192 fuit
1467 5137 1629 5190 Isonis
1651 5146 1704 5190 et

165 5203 390 5259 Marcelli.
423 5205 480 5258 ln
512 5202 739 5266 orando,
774 5201 1010 5266 legendo,
1044 5202 1289 5272 dictando
1309 5208 1512 5272 creber,
1544 5216 1615 5268 et,
1646 5217 1701 5259 ut

167 5276 305 5328 verbo
353 5276 551 5334 dicam,
612 5287 733 5326 vere
781 5271 948 5324 saneti
1001 5271 1229 5338 Spiritus
1262 5275 1354 5327 fuit
1404 5277 1694 5338 vasculum,

167 5344 247 5396 fait
291 5344 447 5398 etiam
497 5343 793 5410 prophetiae
845 5341 1031 5406 spiritu
1085 5341 1316 5407 plenum.
1367 5342 1578 5398 Nescias
1628 5359 1694 5399 an

167 5413 310 5482 magis
331 5413 542 5468 ireris
585 5423 886 5482 geritispan
937 5412 1251 5478 doctrinam,
1304 5426 1370 5466 an
1419 5413 1688 5482 virtutem.

169 5479 876 5566 Laena-enicesieiie
1025 5483 1326 5566 §9‘l“e“!i“
1372 5481 1686 5566 πιοαυρεηειεε

168 5547 529 5619 quasipse‘ad
575 5547 969 5619 distinctionem
1025 5547 1335 5606 Metensium
1392 5552 1688 5619 appellabat

169 5615 407 5688 ιδ’ήιῶη
436 5629 533 5674 aut
553 5617 938 5688 Occidentanz,
961 5633 1092 5685 quas
1112 5629 1167 5674 et
1202 5622 1335 5675 inter
1357 5615 1684 5681 sanctissima

169 5686 392 5756 mimis
419 5690 582 5747 toties
622 5686 852 5744 Ecclesia
897 5690 1112 5756 repetit.
1169 5690 1478 5746 Dilucidavit
1522 5692 1681 5746 etiam

1813 4709 2005 4764 netulis
2057 4707 2463 4774 antiphonarum
2496 4711 2771 4777 alllnxerat
2808 4711 3072 4761 ltomanus
3124 4709 3361 4777 quidam,

1804 4784 1892 4845 qui
1916 4783 1983 4832 ab
2015 4777 2248 4832 Adriano
2303 4792 2434 4843 papa
2484 4780 2547 4828 ad
2603 4776 2902 4829 instantiam
2957 4778 3130 4829 Caroli
3191 4777 3363 4847 Magni

1803 4860 1986 4900 cantor
2039 4848 2299 4902 Eeclesias
2342 4847 2627 4899 Galliarum
2677 4847 2726 4898 in
2757 4857 2912 4900 cantu
2941 4846 3004 4898 ad
3059 4846 3365 4914 primaszm

1803 4919 2018 4986 modum
2077 4918 2462 4986 Gregorianum
2521 4917 2806 4970 reducebat
2861 4917 3189 4971 aberrantes.
3255 4921 3358 4984 Qui

1801 4983 2071 5040 Romanus
2120 4983 2296 5053 postea
2329 4989 2378 5038 in
2413 4988 2730 5039 monasterio
2763 4989 2947 5039 morbo
2996 4988 3217 5053 primum
3263 4983 3356 5042 de-

1801 5065 1995 5118 tentus,
2019 5058 2234 5111 omnino
2256 5056 2412 5108 etiam
2441 5055 2659 5122 iubente
2688 5056 2878 5109 Carolo
2909 5057 2976 5109 ibi
3004 5058 3174 5109 hazsit.
3214 5057 3353 5110 Prte-

1814 5136 1890 5178 ter
1918 5128 2004 5179 illa
2041 5141 2160 5194 qua:
2214 5125 2297 5177 bie
2344 5126 2478 5178 edita
2510 5134 2652 5188 sunt,
2704 5126 2917 5191 scripsit
2959 5127 3023 5179 de
3068 5127 3355 5188 expositio-

1809 5196 1963 5249 nibus
1991 5208 2156 5247 sacrte
2184 5194 2467 5260 Scriptura:
2492 5194 2580 5247 lib.
2614 5212 2628 5248 ι
2664 5213 2675 5246 :
2712 5194 2835 5247 Cum
2871 5198 3106 5259 prudens.
3143 5194 3217 5247 De
3242 5211 3358 5247 tutt-

1805 5266 1912 5316 sica
1945 5275 1999 5319 et
2025 5265 2337 5333 symphonia
2367 5264 2458 5317 lib.
2512 5281 2556 5329 t;
2605 5267 2943 5333 epistolarum
2995 5266 3058 5316 ad
3117 5266 3358 5317 diversos

1803 5333 1894 5386 lib.
1927 5352 1938 5386 ι
1970 5351 1983 5397 ;
2016 5334 2082 5387 de
2115 5335 2227 5387 Vita
2258 5337 2423 5387 sancti
2453 5335 2700 5387 Fridoliui
2731 5337 2850 5387 abb.
2907 5335 2996 5385 lib.
3028 5347 3040 5384 I
3077 5348 3090 5393 ;
3123 5335 3188 5387 de
3242 5334 3357 5386 Vita

1798 5407 1966 5472 sancti
1991 5403 2151 5466 Galli,
2182 5405 2269 5456 lib.
2300 5419 2375 5464 ιιι,
2399 5404 2844 5472 Martyrologium,
2865 5411 2916 5453 et
2943 5402 3042 5454 alia
3077 5404 3351 5455 nonnulla.

1797 5471 1875 5526 Ex
1907 5474 2090 5527 Graeco
2141 5478 2295 5526 vertit
2347 5474 2504 5527 libros
2536 5471 2980 5540 peribermenias
3032 5472 3350 5525 Aristotelis.

1795 5543 1893 5596 Per
1920 5543 2120 5597 litteras
2163 5542 2452 5597 sciscitanti
2503 5543 2675 5614 abbati
2704 5540 2952 5608 Augiensi
2993 5543 3163 5610 qualis
3211 5551 3354 5614 esset

1791 5614 1843 5666 in
1875 5614 1970 5667 bac
1995 5617 2204 5680 regione
2229 5623 2387 5678 terra,
2414 5612 2682 5681 respondit
2705 5629 2716 5661 :

1914 5707 2042 5754 Dura
2065 5707 2202 5766 viris,
2226 5715 2273 5754 et
2299 5705 2415 5753 dura
2439 5705 2551 5764 lide,
2578 5704 2828 5753 durissima
2852 5704 3012 5764 gleba.
