3884 6240
572 405 638 461 3)
1575 396 1907 453 APPENDIX
1947 396 2033 450 AD
2070 397 2129 451 S.
2168 394 2371 451 GALLI
2406 394 2706 449 SCRIPTA.
3684 405 3741 454 tu

640 518 772 571 Cum
807 527 964 582 super
1003 508 1325 582 quihusdam
1340 506 1511 561 causis
1531 506 2101 582 imperatornnuntium
2130 511 2179 570 Α
2207 504 2681 582 Ρςιιιξρίεερηειηηο
2898 499 3058 568 Cujus
3104 500 3361 555 festivitas
3390 503 3637 558 translata
3669 521 3740 561 est

571 598 626 641 et
652 589 849 641 litteras
873 575 1098 651 quadam
1128 585 1238 635 vice
1265 578 1334 651 ad
1358 590 1492 651 cum_
1514 577 1786 651 dedisse_t,_
1820 575 1927 635 ille,
1954 576 2101 651 quasi

573 655 702 709 nihil
737 654 862 705 illud
893 643 1158 719 reputans,
1191 647 1373 702 nuntio
1413 647 1618 719 abituro
1648 643 1812 719 noluit
1856 647 1964 707 regi
2020 657 2104 719 re:

572 724 830 792 spondere
855 712 1071 792 scripto,
1093 719 1187 792 sed
1215 726 1431 792 tantum.
1456 712 1615 781 jussit
1653 714 1832 792 dicere
1884 721 1937 762 ut
1966 713 2103 776 quod

570 782 629 847 se
658 792 865 845 videbat
909 782 1118 842 nuntius
1147 786 1337 849 facere,
1367 784 1589 849 idipsum
1615 782 1770 835 etiam
1822 782 2104 845 imperator

571 864 787 916 faceret.
820 858 1112 915 Laborabat
1152 866 1324 909 autem
1352 855 1403 905 in
1433 848 1601 913 horto,
1633 861 1685 903 et
1714 848 1945 902 radicum
1976 849 2105 901 alias

567 931 854 991 inserebat,
886 928 1016 981 alias
1058 926 1333 978 evellebat.
1390 922 1514 974 Post
1558 924 1717 970 multa
1748 932 1877 991 cum_
1913 930 2099 991 _c_a__rne,

565 998 759 1052 mundo
790 984 853 1051 et.
894 995 1120 1057 diabolo,
1169 994 1255 1060 qui
1304 1006 1425 1043 eum
1476 993 1779 1060 plerumque
1832 984 2103 1060 visibiliter

567 1068 865 1135 appetebat,
895 1052 1430 1135 patrata'certamina,
1462 1052 1631 1135 senio,
1656 1052 1728 1118 et,
1760 1065 1816 1107 ut
1837 1052 2104 1135 creditur,

567 1122 975 1196 li'tt'erarum','et
1030 1133 1377 1199 lacrymarum
1429 1126 1603 1178 studio
1636 1139 1823 1199 ‘ca‘cus
1868 1122 2103 1199 edemus,

567 1207 725 1257 multa
756 1190 1033 1256 sanctitate
1076 1190 1205 1252 obiit
1258 1201 1307 1249 in
1366 1194 1686 1248 monasterio
1733 1193 1897 1244 sancti
1928 1190 2060 1243 Galli
2086 1234 2101 1256 ,

566 1275 797 1340 sepultus
824 1276 873 1325 in
902 1270 1150 1340 Ecclesia
1175 1266 1341 1340 sancti
1370 1265 1597 1340 Peli-iud
1619 1263 1893 1340 sinistrum
1927 1260 2107 1312 altaris

563 1331 745 1409 cornu,
798 1343 868 1393 uti
900 1341 1069 1409 adhuc
1107 1339 1285 1390 videre
1314 1344 1416 1389 est.
1466 1333 1593 1409 Ubi_
1620 1331 1939 1409 sicut_etia'm
1989 1339 2130 1405 ante.

561 1397 759 1465 obitum
788 1426 962 1472 suum,
996 1408 1279 1459 innumeris
1312 1400 1687 1469 prepemodutn
1719 1400 1919 1472 claruit
1951 1397 2106 1472 mira-

560 1482 711 1541 culis,
742 1466 967 1532 masime
994 1477 1044 1528 in
1069 1475 1227 1527 variis
1259 1466 1598 1540 languoribus
1625 1478 1675 1521 et
1698 1466 2099 1541 doloribus_tol-

564 1536 747 1602 lendis.
779 1547 986 1600 Floruit
1031 1559 1168 1596 anno
1199 1542 1323 1605 850,
1350 1536 1426 1593 'et
1464 1548 1545 1592 est
1582 1538 1933 1605 canonizatus
1976 1536 2108 1586 intra

564 1618 868 1672 nioaasterii
918 1624 1061 1681 septa
1090 1622 1144 1666 et
1171 1614 1286 1681 ejus
1311 1603 1482 1663 totam
1521 1608 1770 1681 ditionem
1820 1603 2106 1681 subjectus-

560 1703 663 1753 que
718 1676 994 1739 Ecclesias'
1026 1676 1232 1753 omnes,
1262 1679 1411 1753 jussu
1463 1678 1728 1753 variorum
1779 1676 2103 1749 pontificum,

562 1740 788 1808 maxime
813 1769 936 1805 vero
964 1753 1152 1804 Leonis
1182 1740 1229 1801 Χ
1249 1740 1361 1810 ,'ab
1393 1748 1642 1813 episcOpo
1691 1740 2103 1813 (Σοιίειίιιιιιιῃιξι2

558 1832 848 1891 imperante
870 1820 1219 1874 Maximiliano
1240 1808 1492 1885 Augusto,
1515 1808 1777 1867 et'abbate
1792 1812 1959 1864 sancti
1975 1808 2109 1860 Galli

2204 573 2271 624 ad
2329 572 2647 624 llominicain
2699 570 2949 633 .luhilate,
2975 570 3253 637 quotannis
3284 572 3588 625 solemniter
3623 579 3745 628 cete.

2203 642 2422 701 branda,
2448 642 2566 691 licet
2592 640 2702 703 ipse
2729 639 3071 692 obdormierit
3098 640 3128 690 7
3154 639 3351 705 Aprilis
3378 656 3515 693 anno
3536 640 3655 696 9l'2.
3685 647 3747 700 De

2201 710 2432 763 Notkero
2461 708 2795 771 Contractus,
2837 706 3175 761 Eckerartlus‘
3205 710 3412 775 Junior,
3468 712 3517 762 in
3548 713 3746 768 Casibus

2204 780 2507 831 monasterii
2532 788 2583 828 et
2606 776 2699 830 lib.
2726 776 3185 839 Benedictionum;
3211 778 3555 842 Trithemius,
3587 782 3746 833 Stom-

2204 848 2360 913 phius
2391 885 2406 907 ,
2440 846 2719 907 Vadianus,
2764 846 3068 898 Bruschius.
3107 846 3288 900 Codex
3321 859 3500 900 noster
3525 856 3641 899 ante
3663 865 3748 902 au-

2205 930 2448 993 nos‘pccc
2474 914 3132 993 descriptus,Stephanus
3174 916 3453 993 Dur-antes,
3494 917 3558 969 de
3588 917 3747 972 Missa.

2280 982 2448 1063 Vitam
2481 987 2648 1035 sancti
2699 982 2952 1063 Fridolin'i
3005 984 3505 1063 scrips_it_llalterus
3543 985 3749 1040 Seeltin-

2204 1053 2402 1119 gensis,
2436 1066 2662 1119 eamque
2688 1059 2872 1119 sancto
2902 1050 3133 1104 Notkcro
3158 1053 3440 1114 dedicavit,
3474 1055 3623 1119 cujus
3662 1056 3749 1110 hoc

2204 1117 2287 1174 est
2326 1120 2568 1172 initium:
2613 1118 2837 1169 Notkero
2882 1119 3129 1189 doctrina?
3182 1122 3361 1189 sophia
3406 1117 3782 1189 fantasissimop

2206 1191 2590 1254 meritorumque
2637 1189 2900 1241 sanctitate
2939 1187 3224 1242 beatissimo
3278 1187 3517 1243 Balterus
3561 1187 3749 1255 inﬁmus

2206 1275 2461 1312 servorum
2496 1258 2587 1309 Dei
2632 1255 2881 1308 servulus.
2942 1257 3157 1310 Fatetur
3203 1271 3387 1311 auctor
3412 1272 3470 1312 se
3500 1259 3553 1312 in
3584 1274 3750 1312 mona-

2204 1328 2367 1380 sterio
2395 1332 2534 1395 (utar
2565 1327 2738 1378 verbis
2778 1325 2936 1393 'ejus)
2982 1328 3150 1379 sancti
3195 1326 3353 1389 Galli,
3405 1326 3553 1393 juxta
3600 1317 3748 1394 pEdes

2206 1396 2419 1448 Notkeri
2445 1406 2499 1448 et
2537 1405 2850 1447 cancrorum
2884 1395 3252 1461 magistrorum
3284 1397 3617 1451 scholastica:
3679 1402 3751 1449 di-

2207 1466 2443 1528 sciplina:
2476 1477 2710 1515 vacasse.
2747 1463 2901 1515 Forte
2926 1465 3038 1516 bzec
3069 1479 3168 1516 una
3198 1475 3282 1518 est
3315 1465 3425 1516 Vita
3448 1466 3613 1517 sancti
3640 1465 3746 1516 Fri-

2207 1533 2367 1586 dolini
2399 1576 2411 1595 ,
2446 1541 2499 1584 et
2550 1546 2650 1584 nou
2703 1531 2768 1583 ab
2817 1534 2930 1598 ipso
2976 1532 3203 1585 Notkero
3233 1575 3249 1595 ,
3300 1537 3393 1587 sed
3431 1536 3496 1587 ad
3575 1534 3751 1586 Notkc-

2208 1618 2323 1653 rum
2369 1604 2586 1667 scripta.
2619 1602 2724 1653 Sed
2769 1611 2977 1653 veteres
3033 1611 3087 1653 et
3133 1604 3451 1654 recentiores
3498 1616 3680 1653 omnes
3723 1618 3748 1653 a

2207 1670 2442 1723 Notkero
2479 1671 2732 1734 scriptam
2762 1678 3023 1731 asserunt,
3056 1683 3120 1721 ex
3159 1670 3345 1734 quibus
3376 1672 3531 1722 etiam
3573 1670 3747 1722 Petrus

2186 1741 2449 1795 ,Cauisius
2482 1739 2699 1805 prologo
2742 1738 2794 1790 in
2851 1737 3087 1790 eamdem
3124 1736 3314 1792 Vitam.
3364 1739 3485 1792 llaec
3532 1739 3753 1794 Jodocus

2211 1809 2512 1860 Metzlerus.

630 1965 654 1993 ο
680 1954 883 2009 Litania
940 1950 1173 2021 Ilatperti
1209 1945 1668 2027 adprocessionem
1713 1941 1887 1995 diebus
1918 1937 2099 1992 Dami-
2131 1950 2179 2009 Β
2207 1937 2350 2003 Ague
2381 1936 2474 1989 Dei
2504 1935 2689 2000 Patris,
2731 1934 2881 1989 nobis
2910 1929 3159 1989 miserere
3186 1936 3409 2004 pusillis.

1190 2014 1319 2071 uicis
1350 2032 1413 2070 ex
1443 2014 1547 2070 Ms.

559 2132 733 2186 Ardua
762 2144 881 2198 spes
902 2126 1101 2192 mundi,
1128 2125 1379 2181 solidatur
1405 2132 1458 2178 et
1481 2124 1675 2191 inclyte
1698 2121 1843 2183 cmli,

626 2223 854 2287 Christe,
882 2219 1072 2273 exaudi
1102 2232 1197 2272 nos
1229 2216 1482 2285 propitius
1513 2213 1756 2267 famulos.

561 2312 719 2380 Virgo
751 2312 839 2365 Dei
867 2309 1101 2365 Genitrix
1132 2307 1352 2361 rutilans
1383 2306 1433 2357 in
1457 2303 1660 2357 honore
1684 2299 1957 2369 perennis,

626 2402 730 2454 Ora
784 2413 875 2467 pro
929 2398 1154 2461 famulis,
1184 2404 1362 2448 sancta
1395 2394 1574 2455 Maria,
1606 2390 1728 2442 tuis.
1942 2384 2097 2438 XRE.

559 2486 755 2555 Angele
774 2498 976 2540 summe
1006 2482 1099 2537 Dei
1127 2480 1366 2547 MLcha‘el,
1399 2477 1724 2533 miserescito
1753 2476 1939 2539 nostri,

627 2578 852 2647 Adjuvet
869 2586 923 2630 et
946 2574 1175 2640 Gabriel,
1201 2584 1359 2637 atque
1380 2571 1496 2640 pius
1530 2569 1785 2639 llaphael.
1904 2566 2100 2620 Ardua.

560 2673 747 2738 Aspice
774 2684 869 2723 nos
893 2681 1094 2731 omnes,
1126 2667 1357 2720 clemens
1383 2662 1616 2730 Baptista
1665 2660 1919 2721 Joannes;

633 2761 905 2826 Petreque,
939 2773 1055 2810 cum
1086 2756 1245 2809 Paulo
1276 2769 1344 2808 no
1371 2767 1493 2820 rege
1518 2752 1842 2817 doctiloquo.
2035 2743 2099 2796 X-

558 2850 738 2902 Caatus
760 2846 1079 2915 apostolicus
1105 2845 1172 2897 sit
1199 2844 1349 2896 nobis
1378 2843 1568 2904 fautor,
1593 2850 1646 2893 et
1675 2837 1865 2901 omnis,

632 2946 705 2994 Ac
736 2938 1167 3008 patriarcharum,
1196 2932 1636 3002 pr0pheticusque
1663 2927 1891 2989 chorus,
2037 2923 2101 2976 A.

562 3034 786 3086 Poscere
817 3043 954 3083 nunc
993 3026 1315 3095 Stephanum
1360 3021 1663 3077 Studeamus
1703 3016 1935 3071 carmine
1957 3027 2104 3067 sum-

1916 3104 2025 3174 [mu
2033 3119 2079 3155 ιιι
2090 3142 2101 3153 .

629 3211 695 3265 Ut
718 3184 835 3263 cum
869 3205 1187 3275 martyribus
1209 3216 1304 3256 nos
1332 3205 1475 3270 juvct
1500 3202 1613 3268 ipse
1643 3198 1780 3264 pius.
2031 3190 2101 3243 Χ.

558 3301 753 3366 lnelyte
780 3295 1027 3349 Laurenti
1058 3292 1147 3360 qui
1176 3292 1411 3344 ﬂammas
1435 3287 1754 3354 exuperasti,

631 3391 807 3443 Victor
846 3387 911 3440 ab
939 3385 1170 3437 :ethereo
1199 3395 1295 3438 nos
1330 3379 1575 3432 miserate
1605 3375 1785 3429 choro.
2040 3369 2104 3420 A.

561 3480 843 3549 Splendide
870 3477 1144 3538 Silvester,
1173 3471 1391 3539 Gregori
1414 3483 1476 3522 ac
1501 3476 1679 3522 sancte
1702 3464 1964 3533 Magister,

632 3571 735 3623 Nos
755 3581 964 3636 quoque
991 3579 1109 3618 cum
1141 3562 1299 3615 sociis
1322 3560 1455 3614 ferte
1490 3556 1716 3625 juvenda
1742 3556 1891 3623 polis.

557 3665 601 3718 0
629 3661 906 3716 Benedicte
937 3666 1082 3725 pater
1110 3653 1507 3713 monachorum,
1533 3649 1781 3714 Gallcque
1811 3645 1971 3698 frater

630 3750 761 3803 Cum
783 3747 993 3814 reliquis
1027 3744 1183 3798 sociis
1208 3757 1304 3795 nos
1334 3738 1564 3794 refovete
1594 3738 1749 3807 polis.

566 3842 784 3895 Maxime
811 3838 877 3889 de
906 3836 1112 3899 Suevis,
1153 3832 1359 3899 superis
1383 3832 1664 3897 eonjuncte
1718 3816 1963 3888 catervis,

564 3982 567 3986 Α
630 3930 821 3984 Sancte
855 3925 1126 3989 Othmare,
1181 3930 1323 3974 tuum
1354 3920 1557 3973 la'tilica
1588 3917 1857 3984 pupulum.
2037 3910 2100 3961 Χ.

562 4019 755 4084 .iclyte
782 4016 983 4081 Magne,
1007 4008 1150 4065 tuam
1189 4011 1422 4064 clemens
1466 4023 1603 4062 nunc
1627 4004 1828 4074 respice
1872 4002 2099 4071 plebem,

633 4108 865 4161 Auxilios
894 4112 1031 4157 tutos
1064 4102 1293 4167 undique
1322 4098 1482 4152 redde
1511 4107 1649 4150 tuos.
2036 4092 2097 4141 A.

577 4196 837 4264 u’irgineos
860 4194 1037 4257 flores,
1066 4192 1239 4258 Agnes
1291 4187 1623 4255 Agathesque
1656 4184 1889 4244 ferentes

632 4284 839 4338 Auxilio
869 4283 1055 4336 vestris
1082 4279 1259 4333 addite
1286 4292 1381 4330 nos
1406 4273 1582 4328 sociis.
2034 4268 2099 4319 Χ.

564 4375 819 4428 Innocuos
849 4384 1037 4438 pueros
1064 4381 1371 4421 rcsonemus
1393 4365 1542 4419 laude
1568 4374 1825 4433 peractos,

631 4464 729 4529 Qui
761 4461 918 4515 modo
958 4474 1052 4537 nos
1074 4472 1265 4527 pueros
1294 4458 1420 4508 dant
1460 4468 1707 4509 resonare
1741 4454 1927 4508 melos.

561 4558 758 4611 Omnes
784 4570 815 4608 ο
835 4553 1022 4617 sancti,
1046 4562 1238 4604 nostra:
1267 4548 1552 4601 succurrite
1573 4547 1713 4609 vitae,

633 4647 833 4714 Perque
852 4656 1059 4697 crucem
1090 4649 1321 4694 sanctam
1345 4638 1488 4692 salva
1512 4651 1631 4703 nos,
1660 4637 1865 4691 Christe
1894 4638 2071 4689 redem
2088 4663 2103 4671 -

1942 4725 2101 4796 [ptem

567 4826 643 4878 Ira
665 4824 834 4893 deque
862 4831 948 4875 tua
980 4824 1211 4874 clemens
1236 4833 1330 4873 nos
1362 4820 1524 4887 eripe,
1557 4815 1784 4878 Christe,

565 4912 671 4967 Nos
698 4919 997 4982 peccatores
1018 4906 1159 4968 audi,
1204 4916 1252 4959 te
1282 4907 1508 4968 Christe,
1540 4917 1802 4971 rogamus.
2038 4901 2099 4953 Χ.

567 5004 631 5055 llt
663 5014 839 5069 pacem
878 4997 1028 5053 nobis
1056 4996 1249 5061 dones,
1296 5005 1346 5049 te
1372 4995 1596 5058 Christe,
1632 5006 1890 5061 rogamus.

563 5094 772 5148 Crimen
798 5102 851 5143 ut
872 5105 1028 5144 omne
1057 5092 1157 5142 tuis
1179 5089 1369 5150 solvas,
1396 5098 1445 5139 te
1471 5085 1698 5149 Christe,
1725 5096 1991 5153 rogamus.

568 5187 717 5234 Aura:
749 5191 803 5235 ut
830 5181 1134 5247 temperiem
1163 5177 1347 5238 dones,
1377 5186 1425 5227 te
1452 5175 1663 5228 Christe
1685 5213 1699 5234 .
1730 5186 1991 5240 rogamus.

568 5268 634 5322 Ut
662 5267 839 5334 fruges
858 5278 1009 5322 terrm
1034 5266 1216 5328 dones,
1251 5273 1302 5316 te
1332 5264 1539 5315 Christe
1558 5302 1572 5322 ,
1595 5274 1855 5325 rogamus.

570 5358 633 5412 Ut
666 5356 910 5424 populum
940 5365 1178 5409 cunctum
1212 5354 1399 5413 salves,
1434 5361 1485 5405 te
1507 5351 1732 5413 Christe,
1758 5362 2025 5417 rogamus.

571 5444 960 5513 Eeclesiamque
990 5454 1131 5498 tuam
1164 5445 1358 5509 firmes,
1394 5451 1443 5494 te
1470 5440 1699 5505 Christe,
1734 5454 1994 5509 rogamus,

573 5556 668 5608 Fili
692 5553 1013 5620 celsithroni,
1041 5568 1134 5607 nos
1162 5554 1281 5607 audi
1322 5563 1371 5607 te
1398 5560 1447 5606 te
1473 5565 1739 5619 rogamus.

642 5690 664 5716 °
695 5683 748 5736 Si
777 5684 979 5748 opinari
1009 5683 1489 5746 liceret,crederent
1520 5695 1635 5735 esse
1666 5679 1899 5748 llatperti
1923 5678 2135 5731 Iunios-

573 5750 644 5805 ris
670 5754 1053 5810 interlocutoris
1080 5764 1131 5810 et
1162 5752 1401 5821 discipuli
1429 5750 1469 5807 ι.
1521 5750 1757 5814 Notkeri,
1792 5763 1897 5805 non
1927 5756 2101 5802 autem

2205 2028 2433 2090 Christe,
2464 2026 2653 2080 exaudi
2684 2039 2798 2091 nos,
2818 2039 2849 2078 ο
2878 2022 3222 2094 liyricleyson
3250 2034 3479 2080 Ελευσον.

2297 2159 2543 2226 Ejusdem
2571 2157 2805 2225 Ratperti
2830 2159 2896 2209 ad
2923 2156 3296 2210 Eacharistiam
3351 2165 3660 2214 sumendam.

2207 2248 2412 2301 Laudes
2444 2288 2460 2312 ,
2492 2248 2849 2315 omnipotens,
2879 2247 3091 2299 ferimus
3121 2248 3237 2311 tibi,
3288 2249 3426 2301 dona
3455 2252 3688 2304 colentes

2273 2334 2523 2403 Corporis
2556 2337 2817 2400 immensi,
2847 2336 3114 2403 sanguinis
3138 2347 3293 2406 atque
3321 2339 3413 2391 tui.

2204 2427 2490 2494 'l‘angimus
2545 2441 2668 2480 ecce
2714 2436 2893 2498 tuam,
2926 2436 3101 2481 rector
3128 2429 3479 2495 sanetissitne,
3524 2446 3750 2485 mensam

2271 2516 2348 2568 Tu
2380 2517 2502 2571 licet
2532 2517 2758 2585 indignis
2783 2517 3069 2585 pr0pitiare
3100 2519 3221 2571 tuis.
3588 2522 3747 2577 Laud.

2206 2604 2503 2671 Propitiare
2544 2608 2678 2673 pius,
2711 2616 2920 2673 peccata
2950 2608 3163 2661 absolve
3186 2609 3462 2675 benignus,

2274 2692 2449 2745 Possit
2478 2703 2532 2745 ut
2566 2692 2771 2747 invictis
2799 2696 3110 2762 appropiare
3139 2697 3324 2750 sacris.
3598 2699 3749 2766 Corp.

2202 2783 2433 2849 Angelus
2457 2783 2699 2840 aztltereis
2724 2795 2936 2837 sanctus
2961 2784 3232 2839 descendit
3264 2788 3329 2841 ab
3355 2790 3511 2843 astris

2276 2873 2566 2947 Puriticans
2594 2871 2807 2940 corpus,
2838 2889 2932 2928 cor
2956 2878 3257 2945 pariterque
3285 2879 3420 2945 pius.
3695 2879 3749 2934 L.

2206 2960 2329 3014 ιιωε
2354 2961 2608 3015 medicina
2641 2970 2827 3030 potens
2857 2966 2977 3017 caeli
3009 2979 3105 3017 nos
3148 2966 3303 3019 ducat
3334 2969 3386 3019 in
3412 2981 3585 3034 arces,

2276 3050 2476 3103 Interea
2506 3052 2659 3105 terris
2681 3051 2811 3105 dans
2841 3053 3170 3108 medicamen
3202 3056 3337 3123 opis.
3688 3059 3743 3112 C.

2205 3142 2355 3207 Quod
2385 3142 2605 3195 colimus
2624 3143 2831 3210 fragiles
2862 3145 3127 3209 Salvator,
3158 3146 3361 3213 respice
3389 3148 3644 3213 clemens,

2276 3230 2594 3298 Stimmeque
2619 3242 2913 3298 pascentes,
2942 3241 3182 3301 protege,
3209 3244 3391 3301 pastor
3418 3250 3568 3289 ores.
3696 3234 3752 3289 L.

2209 3318 2430 3386 Protege
2452 3333 2584 3385 quas
2631 3332 2862 3383 recreas,
2892 3319 3059 3374 hostis
3086 3336 3152 3376 ne
3180 3333 3412 3388 proterat
3442 3326 3584 3392 illas,

2277 3405 2624 3460 Consolidans
2653 3407 2793 3461 dono
2823 3422 2918 3461 nos
2947 3409 3062 3463 sine
3102 3409 3206 3463 line
3235 3419 3355 3463 tuo.
3695 3414 3755 3470 C.

2208 3496 2337 3549 Nam
2367 3511 2549 3549 sumus
2579 3497 2796 3565 indigni,
2821 3512 2952 3564 quos
2976 3512 3162 3552 omnes
3189 3513 3410 3555 munere
3439 3501 3532 3554 tali

2279 3584 2356 3637 Tu
2386 3585 2573 3651 pietate
2606 3594 2713 3649 tua,
2744 3599 2859 3649 rex,
2890 3601 3012 3655 rege
3032 3595 3202 3641 castra
3228 3598 3334 3643 tua.
3699 3591 3752 3641 L.

2213 3674 2344 3738 lloc,
2395 3674 2547 3727 Pater
2590 3676 2939 3744 omnipotens,
2984 3691 3101 3731 cum
3146 3676 3357 3731 Christo
3402 3669 3599 3770 perfice
3651 3680 3756 3730 cle-

3567 3762 3755 3818 tinens,

2276 3831 2504 3898 Spiritus
2530 3840 2687 3897 atque
2726 3842 2929 3897 potens,
2963 3802 3129 3885 trinus
3166 3838 3230 3887 et
3260 3839 3393 3886 unus
3427 3802 3588 3902 apex:

2288 3942 2465 3995 Versus
2497 3946 2561 3994 ad
2592 3960 2753 4014 regem
2776 3943 3176 4015 suscipiendum,
3209 3955 3262 3997 ut
3283 3946 3523 4010 arbitror,
3552 3948 3690 4015 ejus-

2789 4014 2899 4063 dem
2928 4011 3180 4079 liatperti.

2276 4124 2453 4187 Salve,
2481 4126 2655 4189 proles
2681 4138 2859 4189 regum
2887 4122 3357 4189 invictissimorum
3394 4139 3407 4173 :

2276 4212 2527 4269 Dominus
2551 4214 2683 4265 Deus
2703 4212 3025 4263 exercituum
3046 4212 3355 4264 memoriale
3372 4221 3539 4265 tuum.
3581 4213 3755 4267 Salve.

2207 4307 2271 4361 Et
2298 4316 2349 4358 tu
2376 4305 2440 4358 ad
2471 4306 2745 4357 Dominum
2778 4304 2939 4356 Deum
2970 4313 3113 4354 tuum
3144 4305 3489 4358 converteris.
3576 4306 3752 4361 Salve.

2206 4394 2617 4448 Misericordiam
2651 4404 2703 4447 et
2728 4393 2979 4460 judicium
3010 4390 3237 4444 custodi.
3584 4395 3755 4450 salve.

2210 4484 2274 4535 Et
2304 4482 2537 4549 spera‘in
2569 4480 2786 4533 Domino
2818 4482 2925 4534 Deo
2956 4489 3045 4532 tuo
3074 4494 3302 4547 semper.
3578 4483 3754 4538 Salve.

2130 4549 2181 4609 Ῐ)
2206 4573 2377 4635 Salve,
2414 4570 2589 4638 proles
2618 4584 2796 4637 regum
2826 4568 3309 4621 invictissimorum.

2581 4656 2709 4708 Item
2738 4660 2796 4707 de
2834 4654 2999 4706 Veteri
3037 4655 3370 4707 Testamento.
3434 4642 3444 4653 ’

2210 4750 2524 4801 Benedictus
2554 4747 2662 4799 eris
2691 4743 3010 4811 ingrediens,
3036 4753 3089 4797 et
3111 4743 3415 4798 benedictus
3444 4748 3757 4814 egrediens;

2276 4836 2588 4889 Benedictus
2615 4835 2666 4886 in
2698 4834 2927 4899 civitate,
2956 4842 3008 4885 et
3038 4834 3343 4887 benedictus
3373 4834 3424 4887 in
3453 4849 3584 4904 agro
3619 4855 3631 4888 :

2211 4924 2517 4977 Benedictus
2552 4921 2750 4973 fructus
2787 4924 2981 4973 ventris
3011 4921 3106 4984 tui,
3138 4932 3188 4973 et
3217 4922 3415 4975 fructus
3444 4933 3605 4979 terra:
3636 4933 3758 4981 tuae.

2278 5013 2553 5066 Benedicta
2582 5010 2788 5072 horrea,
2818 5020 2871 5061 et
2900 5009 3169 5063 benedicta
3197 5011 3408 5064 cellaria
3438 5021 3546 5064 tua.

2209 5101 2355 5154 Dabit
2375 5100 2625 5152 Dominus
2639 5099 2812 5151 hostes
2830 5110 2943 5152 tuos
2958 5102 3326 5153 corruentesin
3341 5112 3629 5169 conspectu
3650 5114 3758 5158 tuo.

2279 5189 2454 5241 Faciat
2484 5197 2534 5240 te
2564 5187 2816 5241 Dominus
2840 5188 3187 5241 excelsiorem
3220 5191 3424 5243 cunctis
3450 5192 3724 5259 gentibus.

2729 5278 2941 5329 Notkeri
2971 5277 3225 5343 Magistri.

2554 5368 2687 5426 Ave,
2730 5366 2863 5415 beati
2902 5366 3149 5431 germinis

2484 5455 2679 5506 Invicto
2707 5468 2797 5505 rex
2832 5462 2882 5505 et
2911 5455 3119 5522 inclyte.

2482 5546 2665 5597 otnms
2694 5545 2784 5596 tibi
2825 5516 3033 5597 minus
3431 5516 3468 5551 ’

2206 5675 2426 5729 senioris
2457 5683 2668 5739 propter
2696 5676 2909 5743 stylum.
2944 5675 3005 5727 Et
3054 5676 3186 5728 hanc
3226 5675 3453 5730 litaniam
3475 5688 3506 5731 a
3531 5672 3758 5732 Nicolao

2166 5752 2171 5753 ’
2208 5745 2272 5799 ιιι
2302 5760 2417 5800 esse
2443 5745 2799 5799 canonizatain
2833 5744 2906 5796 ait
2936 5744 3234 5799 Metzlerus.
