3884 6240
151 373 228 430 ss
635 382 1172 446 EPIGRAMMATA
1215 392 1342 450 seu
1387 393 1600 452 HYMNI
1642 397 1841 454 SACRI
1884 399 2124 471 anno,
2163 382 2442 457 ruenti
2484 403 2642 461 non.
2685 405 2740 460 s.
2784 405 3010 464 GALLI.

742 502 774 551 ,Ι
787 506 988 556 ucund.
1021 516 1068 558 et
1095 509 1253 562 exult.

546 586 610 639 In
641 590 972 659 angelorum
1003 597 1148 649 curia

552 677 814 736 Perfecta
847 684 1189 740 immortalia.

741 769 807 823 Et
837 776 1043 827 nomine
1067 787 1270 831 (eterna.

559 857 741 924 Quem
769 861 959 916 dilexit
987 879 1094 932 pra!
1124 868 1368 922 omnibus

565 948 776 1005 Unicus
806 953 898 1007 Dei
932 955 1096 1009 Filius
1129 973 1142 1008 :
1576 949 1614 969 ί

685 1043 934 1098 Dominus
963 1044 1098 1100 Deus
1126 1056 1315 1100 noster.

565 1135 617 1185 0
648 1136 888 1191 Joannes
921 1139 1185 1202 theologe,

576 1223 626 1278 0
652 1223 861 1281 Chris'e
889 1227 1010 1281 dilet
1031 1230 1250 1294 tissime,

573 1313 709 1367 Tuis
739 1315 884 1369 laetos
914 1318 1189 1370 solemniis

575 1404 716 1458 (Σωιί
735 1408 999 1477 _conjunge
1024 1409 1251 1477 gaudiis.

155 1512 488 1580 Anonymi,
544 1516 615 1568 de
679 1515 970 1586 Epiphania
1025 1537 1280 1589 exponens
1340 1519 1601 1576 lectionem
1656 1521 1796 1576 Isaia

821 1590 992 1659 Surge
1023 1591 1193 1644 illum.

571 1695 856 1753 Praesentis
884 1699 1001 1754 festi
1033 1702 1239 1768 gaudia,

571 1784 792 1841 Eterna
818 1790 934 1844 luce
956 1792 1254 1859 splendida,
1299 1781 1301 1784 i

575 1876 653 1930 lta
681 1881 858 1946 pandit
885 1881 1146 1944 Ecclesia.

562 1967 678 2021 Sub
707 1969 1000 2028 Jerusalem
1036 1975 1232 2042 specie,

565 2061 650 2127 Qu
669 2079 698 2115 c
723 2060 933 2131 jacebat
963 2065 1012 2118 in
1042 2068 1276 2121 tenebris

570 2150 674 2205 Per
696 2152 851 2217 primi
880 2155 1091 2222 culpam
1123 2155 1370 2208 hominis.

317 2241 537 2309 Surge,
573 2253 707 2308 etc.,
737 2245 903 2314 gloria
939 2245 1148 2301 Domini
1173 2264 1320 2318 super
1344 2259 1390 2301 te
1421 2258 1530 2301 orta
1560 2259 1631 2304 est

565 2335 644 2390 De
670 2336 911 2406 virginali
946 2348 1126 2403 utero,

554 2426 924 2481 Ubumbrante
955 2428 1236 2495 Paraelito,
1258 2487 1270 2490 _

547 2514 718 2570 Teste
741 2526 919 2570 vatum
944 2520 1234 2586 praeconio.

648 2609 782 2673 Quia
809 2625 926 2662 ecce
950 2611 1167 2663 lenebrw
1188 2611 1428 2678 operient,
1453 2621 1562 2667 etc.

554 2697 742 2752 Judaea
773 2700 916 2752 enim
955 2701 1177 2768 perﬁda,

557 2789 801 2849 Peccatis
829 2791 1235 2856 obscurissima,

547 2879 886 2948 Contempsit
918 2881 1033 2935 lucc
1063 2884 1360 2951 przesentia,

545 2971 799 3024 Caelestis
828 2973 982 3041 regni
1007 2973 1225 3026 lumina.
1310 3004 1318 3013 ο

636 3062 806 3131 Super
835 3072 884 3115 te
913 3073 1082 3116 autem
1112 3065 1297 3136 orietur
1328 3063 1501 3119 Densa

541 3148 715 3218 Cujus
742 3159 865 3204 ortu
895 3151 1191 3219 tripudians

533 3242 879 3310 Angelorum
922 3245 1261 3314 symphonia,

542 3333 661 3386 Sub
690 3335 867 3388 noctis
898 3336 1186 3390 canticinio

544 3423 704 3478 Dulci
727 3425 1064 3492 deprompsit
1094 3442 1312 3495 organo.

710 3515 772 3568 Et
808 3518 1127 3582 ambulante,
1161 3528 1264 3575 etc.
1307 3570 1314 3574 .

539 3607 715 3662 Stella
747 3610 987 3670 ducente
1014 3613 1205 3674 przevia

535 3701 620 3752 Ad
653 3706 805 3768 pueri
841 3703 1135 3765 cunabula,

3401 413 3472 469 5i

1823 519 1872 573 Α
2259 516 2354 569 Ubi
2384 517 2541 569 lactat
2574 532 2828 586 puerpera

2256 605 2435 677 Ipsum
2461 609 2546 670 qui
2582 609 2712 677 regit
2737 610 2948 664 saecula.
2981 669 2986 676 ,

2325 697 2479 759 Lata,
2512 706 2639 760 etc.,
2662 710 2900 751 venerunt
2923 677 3030 754 tibi.

2259 793 2323 850 Ut
2356 789 2476 847 ﬁdei
2506 803 2603 860 per
2624 788 2846 858 gratiam

2258 883 2620 937 l’roveiiantur
2648 888 2711 940 ad
2744 881 2989 948 gloriam.

2365 975 2492 1029 Filii
2519 977 2591 1029 tui
2615 979 2678 1030 de
2707 977 2874 1049 longe,
2911 983 3013 1033 etc.

2255 1065 2498 1134 Supremi
2528 1067 2684 1138 Regis
2708 1072 2897 1141 gratia,
2971 1133 2974 1136 ί

2255 1156 2354 1220 Qui
2382 1173 2678 1224 prmconum
2705 1161 2954 1217 instantia

2256 1248 2326 1300 lix
2351 1250 2552 1316 quadro
2581 1252 2759 1305 mundi
2785 1252 2948 1306 latere

2250 1335 2385 1389 Intra
2411 1335 2581 1392 sinum
2617 1340 2864 1395 Ecclesia:

2257 1427 2440 1479 Multos
2476 1428 2523 1480 in
2558 1429 2659 1483 tide
2688 1432 2910 1505 colligit,

2257 1517 2311 1571 Et
2343 1520 2461 1571 cmli
2485 1520 2626 1574 cives
2650 1521 2832 1580 efﬁcit.

2078 1606 2216 1659 Tum:
2243 1609 2445 1673 videbis,
2479 1622 2609 1679 elc.,
2641 1632 2811 1671 omnes
2834 1619 2897 1672 de
2918 1594 3060 1675 Salui
3077 1622 3285 1679 venient.

2244 1696 2373 1753 Cum
2410 1705 2621 1770 myrrha
2646 1705 2958 1774 impntribili

2255 1793 2333 1844 Ad
2359 1794 2660 1859 sepulcrum
2691 1797 2921 1862 Domini,

2253 1873 2554 1939 Cum°Deus
2581 1896 2634 1940 et
2663 1902 2754 1942 rex
2783 1891 2967 1957 gloriae

2258 1975 2519 2029 Adoratur
2549 1976 2601 2030 in
2634 1976 2867 2035 homine.

2382 2100 2580 2176 Trapus
2607 2109 2671 2160 de
2693 2107 2742 2162 Ν
2749 2112 2990 2166 aliuitate.

2249 2241 2546 2297 Laudemus
2569 2259 2754 2300 omnes
2787 2247 3088 2312 Dominum,

2248 2337 2347 2396 Qui
2380 2337 2610 2406 Virginis
2639 2353 2735 2407 per
2764 2351 2970 2394 uterum

2254 2426 2451 2481 Parvus
2483 2429 2533 2481 in
2561 2429 2815 2484 mundum
2847 2441 3063 2496 venerat

2251 2518 2498 2572 Mnndum
2528 2534 2716 2589 regens
2741 2536 2895 2588 quem
2924 2519 3141 2578 fecerat.

2160 2649 2300 2704 Alius
2329 2652 2391 2704 de
2415 2662 2588 2705 sancto
2617 2650 2814 2708 Joanne
2839 2655 3165 2727 evangelista.

2248 2785 2475 2842 Dilecms
2503 2790 2602 2842 iste
2631 2781 2837 2844 Domini

2243 2875 2472 2930 Joannes
2501 2887 2582 2931 est
2608 2881 2902 2946 apostolus,

2241 2955 2462 3033 Scriptis
2491 2969 2641 3035 cujus
2672 2979 2727 3041 et
2752 2971 2966 3026 monitis

2245 3055 2412 3108 Pollet
2438 3057 2600 3112 decus
2631 3058 2904 3114 Ecclesiae.

1807 3201 1857 3263 ο
2268 3190 2410 3244 Alius
2432 3194 2493 3245 de
2523 3191 2816 3266 Epiphania
2845 3196 3076 3256 Domini.

2246 3323 2432 3378 Forma
2464 3326 2906 3394 spcciosissimus,

2235 3415 2491 3484 Mauuque
2516 3420 2936 3487 potentissimus,

2245 3509 2321 3563 Et
2354 3509 2562 3564 Davidis
2591 3511 2798 3580 origine

2239 3588 2400 3656 Natus
2425 3603 2588 3668 Maria
2620 3604 2821 3671 virgine
2851 3608 2898 3662 ⁸.

215 3880 238 3902 ³
277 3876 639 3952 lluju_smodi,
693 3886 752 3928 ιιι
783 3877 1093 3952 appetant,
1125 3887 1304 3947 tropos
1344 3878 1522 3946 plures
1561 3880 1768 3952 dictavit
1877 3882 2199 3947 autipliouze.
2245 3882 2429 3938 Utrum
2458 3899 2588 3938 vero
2623 3885 2781 3938 etiam
2817 3885 2912 3940 iIOS
2945 3887 3146 3952 leceiit,
3183 3887 3308 3943 milii
3349 3891 3440 3945 in-

141 3957 373 3999 sanctus
421 3945 635 4012 Tutelo,
692 3962 842 4014 quos
890 3947 1090 4014 ubique
1127 3945 1414 4015 sequuntur
1443 3951 1770 4018 gravissima:

1877 3962 2227 4022 compertum,
2257 3955 2348 4008 sed
2379 3954 2526 4008 valde
2553 3956 2804 4010 credibile
2831 3967 2928 4010 est.
2954 3957 3163 4014 Μετῑι.

3357 4106 3435 4120 -ς

1450 4197 1716 4273 ΝΟΤᾹ
1767 4195 2181 4271 CANISII.

216 4425 357 4490 Quia
391 4423 516 4487 hos,
545 4433 606 4475 ut
644 4422 969 4491 appellant,
997 4431 1192 4488 tropos,
1231 4421 1458 4477 Joducus
1485 4421 1764 4477 Metzlerus

142 4505 294 4562 putat
323 4508 354 4546 a
382 4503 578 4546 sancto
594 4493 888 4547 Tutelone
905 4494 1273 4560 conscriptos,
1297 4494 1459 4556 volui,
1487 4504 1542 4545 ιιι
1565 4495 1763 4546 sciatur

140 4569 265 4634 quis
298 4563 626 4634 Tutelosit,
656 4563 1147 4634 subiungereqntn
1177 4563 1452 4634 lletyertis
1481 4562 1639 4616 habet
1668 4563 1756 4616 lib.

139 4630 210 4688 de
243 4635 466 4687 illustr.
497 4632 640 4685 Viris
662 4630 844 4686 sancti
871 4630 1040 4686 Galli.
1073 4631 1257 4684 Beatus
1277 4630 1466 4697 Tutelo
1492 4635 1600 4700 (qui
1631 4634 1757 4684 olim

142 4707 314 4773 vulgo
358 4703 545 4756 sancti
587 4701 811 4767 Gem),
846 4715 1163 4768 magnorum
1191 4712 1242 4755 et
1277 4702 1529 4773 nobilium
1563 4717 1755 4773 paren-

144 4771 262 4829 ιιιιιὶ
316 4773 501 4835 ﬁlius,
552 4775 884 4827 monachum
935 4774 985 4824 in
1038 4781 1216 4824 sancto
1261 4772 1413 4825 Gallo
1461 4771 1752 4839 professus,

145 4853 352 4912 pictor,
384 4833 580 4914 poeta,
604 4854 806 4906 orator,
835 4842 1072 4894 musicus
1090 4853 1139 4892 et
1159 4845 1398 4909 egregius
1417 4833 1598 4914 ἀῦαγλύ
1609 4833 1754 4914 ncnc,
1789 4833 1836 4892 D

145 4918 197 4968 in
230 4925 486 4979 utraque
516 4911 696 4980 lingua
740 4925 956 4978 potens,
991 4920 1258 4978 promptus
1300 4911 1676 4975 natura,'serio
1705 4922 1758 4965 et

139 4985 268 5053 joco
291 4983 567 5043 (estivus,
599 4996 729 5053 voce
748 4983 948 5047 clarus,
974 4981 1219 5034 caalatura
1242 4981 1472 5053 elegans.
1502 4981 1756 5053 ﬁngebat

142 5051 467 5120 aliquando
501 5053 557 5105 in
590 5052 908 5106 Metensium
941 5053 1072 5105 urbe
1102 5053 1378 5119 imaginem
1407 5052 1464 5104 Ι).
1502 5051 1752 5118 Virginis,

142 5136 197 5178 et
225 5138 372 5179 ecce
406 5122 527 5175 duo
554 5123 728 5190 angeli
761 5122 828 5174 ad
862 5123 1033 5190 ipsum
1066 5123 1116 5174 in
1149 5122 1324 5174 habitu
1358 5121 1750 5189 peregrinorum

143 5193 500 5247 accedentes
547 5191 951 5260 eleemosynam
1006 5201 1203 5255 petunt,
1258 5206 1356 5259 qua
1413 5199 1627 5256 accepta
1686 5191 1750 5242 ad

253 5263 462 5316 Iudam
489 5261 755 5315 clericum
806 5273 929 5312 sese
958 5269 1294 5324 convertunt,
1343 5271 1397 5313 et
1439 5262 1589 5313 aiunt
1633 5261 1746 5312 il’i:

225 5335 390 5387 mina
423 5331 541 5394 illa,
571 5345 696 5398 qua:
736 5330 811 5384 illi
843 5328 1021 5383 radios
1047 5331 1113 5381 ita
1143 5327 1206 5381 ad
1237 5344 1447 5382 manum
1473 5330 1580 5389 dat,
1615 5345 1750 5382 nun-

145 5406 276 5471 quid
323 5403 487 5456 illius
517 5414 679 5454 soror
702 5401 820 5454 est?
842 5401 1079 5471 stupens
1103 5399 1327 5471 clericus
1353 5399 1494 5468 (quia
1525 5400 1594 5452 ibi
1621 5414 1750 5471 conf

147 5467 358 5528 iistats
411 5471 552 5524 nihil
597 5472 778 5523 simile
805 5467 1484 5538 videratlappropinquat,
1529 5470 1747 5535 etquod

147 5553 310 5596 antea
343 5542 536 5606 latuit,
584 5542 749 5593 etiam
779 5539 856 5592 illi
891 5541 950 5590 tit
983 5537 1168 5605 palam.
1212 5537 1371 5593 Unde
1402 5553 1461 5592 se
1499 5540 1749 5592 cohibere

152 5627 258 5666 In.
279 5612 506 5675 valens,
529 5611 610 5664 ait
629 5607 704 5663 illi
736 5627 748 5660 :
776 5607 1094 5661 Benedictus
1123 5616 1199 5676 lu,
1223 5607 1439 5661 Domine
1466 5619 1633 5676 pater,
1659 5610 1746 5676 qui

155 5679 242 5750 mi
273 5682 552 5750 magistra
606 5678 780 5734 uteris
811 5678 878 5730 ad
910 5678 1106 5750 operai
1134 5677 1229 5741 Qui
1273 5691 1390 5729 cum
1419 5679 1587 5750 ipsos
1625 5679 1746 5750 quid

155 5747 402 5808 dicerent
446 5751 668 5804 nescire
697 5754 989 5808 assereret,
1028 5747 1363 5800 vehementer
1418 5747 1466 5798 in
1518 5749 1632 5800 illos
1674 5747 1753 5800 iu—

156 5831 365 5890 ncus,
403 5837 471 5875 nc
498 5821 591 5874 cui
626 5820 738 5872 tale
789 5815 918 5884 quid
968 5816 1198 5869 dicereut
1241 5817 1601 5871 interminatus
1645 5827 1744 5871 est.

1870 4421 2058 4474 Statim
2112 4419 2372 4487 peregrini
2407 4427 2740 4473 transeuntes
2771 4417 3159 4486 disparuerunt.
3213 4419 3264 4473 In
3314 4436 3430 4475 Cra.

1868 4494 2064 4562 stinum
2090 4499 2270 4562 autem
2298 4505 2414 4562 cum
2449 4491 2667 4557 gloriam
2703 4490 2857 4562 talem
2891 4489 2958 4543 de
2991 4503 3050 4544 se
3082 4490 3259 4562 plures
3288 4492 3431 4545 audi-

1868 4571 1948 4613 ret
1977 4559 2241 4621 dictitare,
2267 4560 2473 4613 occulte
2502 4575 2620 4612 sese
2645 4559 2982 4621 subtrahens,
3007 4562 3163 4613 cessit
3187 4576 3216 4614 e
3235 4559 3430 4626 medio,

1868 4646 2040 4698 neque
2064 4630 2172 4697 jam
2203 4631 2336 4682 ultra
2369 4631 2418 4682 in
2453 4631 2579 4682 urbe
2610 4630 2695 4682 illa
2722 4632 2927 4695 operari
2968 4631 3195 4682 volebat.
3229 4631 3280 4682 In
3315 4634 3428 4698 pla-

1863 4704 1989 4754 nitie
2017 4712 2190 4753 autem
2226 4700 2335 4764 ipsa
2380 4715 2539 4752 aurea
2567 4713 2683 4752 cum
2714 4700 3012 4763 reliquisset
3038 4699 3292 4752 circulum
3335 4718 3429 4754 va-

1860 4784 2036 4834 cuum,
2070 4771 2250 4822 nescio
2277 4770 2425 4837 cujus
2454 4777 2567 4821 arte
2597 4769 2726 4821 tales
2755 4769 2925 4821 caelati
2957 4777 3080 4821 sunt
3106 4769 3286 4837 apices
3313 4785 3327 4822 :

1985 4880 2086 4928 Hoc
2109 4881 2363 4941 pantliema
2389 4880 2461 4940 pia
2487 4879 2740 4928 ctelaverat
2764 4880 2864 4940 ipsa
2889 4879 3051 4954 llaria.

1931 4983 1994 5036 Et
2025 4984 2303 5052 imaginem
2333 4983 2540 5049 quidem
2572 4983 2720 5050 quasi
2747 4982 3015 5035 sedentem
3049 4984 3254 5036 cunctis
3284 4987 3424 5050 aspi-

1857 5055 2116 5107 cientibus
2147 5054 2276 5106 mire
2309 5054 2663 5106 venerandam
2710 5061 2953 5118 tanquam
2985 5055 3153 5106 vivam
3189 5056 3418 5119 reliquit.

1859 5122 1912 5175 In
1963 5125 2132 5176 reditu
2173 5130 2345 5175 autem
2389 5125 2452 5174 ad
2499 5123 2872 5174 monasterium
2912 5122 3179 5191 (dieelmtt
3216 5123 3417 5188 Patres?

1853 5209 1972 5245 cum
2003 5193 2205 5258 signmn
2237 5192 2298 5243 ad
2333 5191 2542 5243 missam
2576 5193 2809 5253 daretur,
2842 5194 2890 5243 iu
2926 5194 3044 5245 villa
3075 5191 3296 5257 qundam
3329 5209 3408 5257 pet

1855 5262 2239 5315 invocationem
2262 5263 2428 5314 sancti
2459 5261 2592 5314 Galli
2616 5262 2932 5314 daemonium
2962 5277 3081 5314 enin
3106 5261 3328 5324 eiecisse
3351 5279 3406 5316 er

1853 5334 2077 5400 quodam
2107 5334 2156 5384 in
2191 5332 2386 5396 templo
2416 5332 2506 5383 illo
2535 5340 2656 5383 tunc
2681 5329 3057 5384 debacchantc.
3085 5333 3208 5382 Erat
3235 5331 3283 5384 in
3321 5349 3406 5396 νυ·

1855 5401 1987 5454 hlieo
2017 5403 2187 5467 laetus,
2217 5402 2268 5454 in
2291 5401 2490 5468 angulis
2514 5401 2858 5468 Iacrymnsus,
2885 5402 2934 5452 in
2961 5402 3125 5454 choro
3147 5411 3408 5460 strenuus,
3485 5401 3492 5408 '

1852 5471 2066 5524 honoris
2116 5471 2206 5523 Dei
2254 5471 2452 5523 zelator
2481 5470 2666 5522 mirus.
2712 5470 2928 5521 Etcum
2978 5472 3186 5538 egregie
3229 5471 3410 5521 doctus

1852 5549 2010 5604 esset,
2035 5541 2199 5594 edidit
2225 5555 2327 5591 non
2355 5553 2514 5606 pauca
2545 5539 2736 5606 ingenii
2766 5547 2819 5591 et
2847 5539 3138 5592 devotionis
3164 5553 3270 5590 sua:
3299 5555 3411 5589 mo-

1855 5622 2123 5671 numenta,
2149 5623 2211 5662 ex
2235 5609 2424 5678 quibus
2450 5618 2571 5663 sunt
2596 5609 2738 5661 multi
2763 5610 2896 5678 tropi
2922 5620 2974 5662 et
3003 5608 3259 5667 includite,
3287 5624 3414 5675 qua—

1856 5694 1970 5732 rum
2000 5684 2155 5733 etiam
2189 5680 2238 5732 in
2271 5690 2450 5733 sancta
2492 5680 2651 5732 missa
2684 5693 2809 5730 usus
2837 5689 2934 5731 est.
2983 5680 3140 5741 Cujus
3173 5678 3413 5730 universa

1856 5749 2046 5803 dictata
2076 5750 2352 5817 singularis
2381 5759 2432 5802 et
2471 5748 2807 5817 agnoscibilis
2849 5748 3084 5800 melodis:
3123 5754 3263 5817 sunt,
3293 5748 3410 5807 quia

1855 5833 1946 5885 per
1995 5815 2319 5886 psalterium,
2365 5832 2458 5872 seu
2510 5815 2602 5885 per
2657 5827 2820 5872 rotam
2859 5818 3058 5883 (lcxlus
3116 5815 3257 5868 habet
3304 5825 3411 5867 rot—
