3884 6240
517 390 583 446 55
849 456 864 475 δ
1493 357 1496 360 ’
1547 395 1881 452 ΑΡΡιῑΝυιΧ
1921 394 2010 448 AD
2049 395 2059 444 ε

2200 359 2348 447 ALLI
2387 359 2691 448 scalpra.
3688 390 3750 443 5r.

518 511 706 574 ibam);
757 525 855 575 qua
915 498 1172 573 potentior
1221 513 1329 574 ipse
1385 520 1516 570 erat,
1570 519 1808 558 ncunmta
1861 507 2066 556 invi-uta
2100 511 2143 565 Α
2178 504 2342 556 sancti
2369 505 2646 576 Ttttelonis
2691 505 2927 576 VOCJIUI')
2958 508 3020 558 ad
3053 509 3294 561 dextrum
3325 509 3517 560 altaris
3562 520 3752 562 cornu,

517 577 749 630 dulciora
801 589 942 636 sunt.
993 587 1048 630 ιιι
1078 588 1295 644 apparet
1324 579 1371 630 in
1420 579 1586 629 Hodie
1615 577 1894 628 can‘amlttr
1920 586 1988 626 est
2020 583 2072 625 ct

455 663 458 666 λ
519 647 758 717 Omnium
780 648 1015 699 virtutum
1039 649 1266 717 gummis,
1292 662 1422 713 quos
1447 649 1658 717 quidem
1682 655 1857 709 tropos
1879 644 2069 717 Carolo

515 717 625 779 regi
659 716 721 766 ad
762 713 1108 778 offerendum,
1140 732 1294 781 quem
1344 718 1453 778 ipse
1501 732 1587 767 rex
1639 715 1850 771 fet-erat.
1885 713 2070 762 obtult

517 787 797 837 emendos.
824 787 922 852 Qui
956 801 1042 838 rex
1075 786 1252 844 etiam,
1300 786 1401 836 Viri
1426 784 1625 838 Galilwi
1658 799 1774 835 eum
1799 782 2064 852 dictasset.

519 853 759 905 'l'ttteloui
792 851 975 906 versus
1005 854 1197 906 addere
1229 855 1472 920 injuuxit,
1507 866 1564 905 ut
1593 856 1738 904 aiunt
1771 869 1784 901 :
1821 851 2068 910 Quoniam

522 922 761 974 Dominus
805 921 950 974 Iesus
984 939 1095 974 cum
1125 932 1270 981 esset,
1306 924 1634 989 Omnipotens
1678 921 1892 989 genitor,
1935 922 2067 989 fans,
2104 965 2106 968 ,

517 1001 561 1044 ει
593 995 754 1065 origo,
788 1008 904 1043 t'ttttt
946 992 1304 1056 sequentibus,
1337 986 1466 1065 etc.,
1523 986 1780 1065 hoseitun
1813 988 1954 1065 solos
2001 986 2065 1037 li-

517 1061 624 1112 buit
649 1059 878 1121 adferre,
905 1073 977 1123 ut,
1005 1062 1046 1112 si
1075 1063 1302 1112 musicus
1324 1061 1415 1123 sis,
1442 1071 1594 1125 quam
1618 1059 1794 1124 di~par
1815 1059 1928 1119 ejus
1957 1070 2067 1106 me—

520 1130 656 1181 lodia
683 1132 751 1182 sit
795 1131 992 1181 videas.
1046 1129 1277 1182 Mortuus
1307 1138 1389 1182 est
1415 1129 1664 1192 opinione
1692 1128 1922 1178 omnium
1949 1139 2071 1176 salt-

518 1210 657 1264 ctus,
700 1209 753 1251 et
792 1201 1026 1263 sepultus
1068 1200 1116 1250 itt
1170 1199 1490 1252 monasteiio
1540 1200 1589 1249 in
1636 1197 1831 1249 sacello
1876 1203 2072 1246 sanetae

516 1263 812 1321 (Litltaritta:
838 1267 998 1337 (quod
1029 1267 1163 1320 sicut
1193 1279 1243 1320 et
1274 1267 1634 1321 cmmeterium
1669 1267 1740 1317 illi
1769 1263 2070 1329 contiguum

527 1402 710 1454 Versus
731 1404 780 1454 in
802 1402 1078 1454 Nntiritale
1094 1401 1296 1453 Domini
1311 1401 1521 1453 canendi
1544 1403 1595 1453 in
1617 1402 2011 1468 proccssionibus
2030 1404 2051 1427 "

447 1491 459 1511 ‘
519 1493 672 1546 Salve
700 1494 978 1546 mirificum
1005 1508 1216 1560 semper
1241 1495 1376 1546 heus
1400 1495 1448 1544 in
1477 1492 1634 1545 Patre
1667 1492 1916 1554 Verbum,

591 1583 810 1634 Mirilieo
836 1591 980 1648 partu
1009 1581 1115 1649 j‘tlll
1147 1597 1270 1634 caro
1298 1597 1454 1634 carne
1475 1592 1666 1633 satum.

524 1672 722 1723 Venisti
753 1670 946 1722 mundo
976 1685 1106 1722 nova
1139 1671 1321 1736 gaudia
1346 1671 1575 1723 condere
1600 1680 1808 1733 mmsto,

595 1765 654 1814 ltlt
689 1763 779 1814 tibi
807 1764 1006 1815 devotis
1040 1764 1269 1829 pandere
1301 1771 1350 1817 te
1382 1764 1609 1817 famulis.

525 1853 817 1904 Peisnltent
841 1866 1031 1905 uosmn
1057 1854 1170 1911 tibi,
1202 1856 1345 1920 virgo
1377 1855 1556 1914 Maria,
1589 1868 1866 1912 cammnze,

592 1946 719 2007 Qua:
742 1943 925 1996 rutilas
957 1944 1114 1994 tantis
1142 1957 1372 2010 congrua
1405 1945 1689 2012 mysteriis.

526 2035 628 2086 Sed
658 2049 775 2102 quae
802 2034 1093 2101 eondignas
1120 2034 1210 2086 tibi
1242 2035 1414 2102 lingua
1445 2035 1736 2103 rependere
1763 2035 1942 2087 laudes

595 2124 870 2186 Prtevalet,
895 2123 1151 2177 extollens
1179 2139 1364 2177 nomen
1397 2124 1460 2178 ad
1489 2133 1628 2176 astra
1655 2133 1796 2176 tuum
1821 2125 1844 2173 2’
1887 2116 1894 2176 Ῐ

526 2214 690 2276 Quem
721 2229 822 2266 non
857 2214 1095 2267 immensi
1117 2229 1196 2274 cat
1221 2215 1296 2266 iat
1325 2224 1465 2267 teres
1492 2215 1660 2267 orbita
1692 2213 1871 2266 muttdi

596 2301 646 2352 In
676 2312 757 2353 tua
783 2318 841 2355 se
869 2303 1056 2354 clausit
1085 2303 1282 2355 viscera
1316 2303 1480 2356 factus
1514 2304 1686 2355 homo.

527 2393 729 2444 (Icelum
759 2393 1014 2453 curvavit,
1047 2393 1157 2444 sola
1193 2393 1332 2455 fecit,
1363 2405 1414 2446 et
1453 2407 1662 2459 :equora
1691 2391 1842 2455 fudit,

599 2481 839 2547 Principii
865 2481 1127 2549 princeps,
1149 2495 1306 2535 omne
1335 2483 1470 2550 quod
1495 2491 1577 2536 est
1608 2483 1824 2536 faciens.

533 2571 860 2622 Exerescens
895 2571 1044 2638 lapis,
1077 2571 1274 2638 absque
1307 2587 1462 2624 manu
1490 2573 1554 2625 de
1581 2583 1759 2626 monte
1790 2575 2049 2637 revulsus,

604 2663 734 2714 Mole
765 2662 843 2714 sui
873 2662 1122 2714 mundttm
1155 2661 1378 2713 obtinuit
1407 2664 1707 2728 stupidum;

531 2753 752 2817 Semper
781 2767 897 2803 cum
921 2752 1078 2804 Patre
1105 2753 1185 2805 cui
1221 2753 1383 2805 virtus
1408 2763 1459 2806 et
1484 2754 1672 2821 gloria,
1702 2769 1943 2821 sorsque.

607 2840 917 2906 Ieqtipat‘ct
947 2855 1186 2908 regnum,
1217 2842 1485 2907 splendor,
1520 2845 1708 2908 honor,
1742 2843 1950 2896 solium.

1104 2930 1166 2981 In
1201 2928 1510 2996 Epiphania.

533 3019 687 3071 Salve
714 3018 990 3071 ntitiftcum
1013 3033 1221 3086 semper
1247 3019 1380 3072 Dctts
1404 3021 1452 3072 itt
1485 3021 1634 3073 f‘atre
1665 3021 1915 3084 Verbum,

604 3108 820 3160 Ilirilico
850 3119 996 3175 partu
1015 3107 1121 3173 jam
1151 3123 1271 3161 caro
1298 3123 1455 3163 carne
1483 3121 1671 3163 satum.

539 3198 645 3250 lloc
670 3198 965 3260 fecundata,
988 3207 1040 3251 ct
1069 3199 1267 3253 cmlesti
1288 3200 1352 3253 ex
1389 3215 1505 3254 rore
1529 3203 1691 3266 rigata

607 3288 902 3350 Flurtteras,
939 3286 1092 3354 Virgo
1122 3298 1172 3338 tu
1204 3289 1473 3341 benedicta
1506 3290 1630 3344 lico.

535 3378 718 3428 Natum
745 3377 967 3440 lactasti,
998 3377 1300 3444 gremioque
1330 3376 1553 3431 fovendo
1586 3382 1788 3443 locasti,

603 3468 698 3530 Qui
729 3478 847 3519 tuus
874 3476 954 3518 cst
978 3471 1192 3529 Auctor.
1228 3469 1390 3520 Filius
1417 3482 1463 3522 et
1497 3472 1768 3524 l'tntninus.

539 3559 772 3620 lttgraJus
805 3573 952 3609 noxae
980 3559 1133 3610 timor
1160 3561 1334 3610 omnis
1364 3561 1546 3612 abesto
1578 3572 1823 3614 veterane.

605 3649 714 3700 Jnm
745 3650 948 3701 novitas
972 3661 1171 3713 regnat,
1204 3661 1342 3703 tutus
1371 3664 1420 3704 et
1443 3653 1584 3705 mltis
1613 3666 1754 3704 orat.

538 3740 612 3788 lin
638 3739 785 3790 .lcsse
809 3740 1005 3801 virgam
1035 3739 1251 3790 decorat
1281 3741 1412 3792 bene
1445 3740 1511 3791 llo
1544 3742 1690 3794 culus
1741 3745 1904 3808 illam,

613 3827 750 3878 Vatis
783 3839 836 3876 ttt
865 3842 1048 3878 exorsa
1083 3827 1402 3891 prmi-iuuere
1435 3846 1487 3877 ιιι
1527 3847 1600 3882 νει.

541 3917 862 3969 Εξοινοεςριιε
905 3915 1058 3981 lapis,
1087 3917 1285 3982 absque
1317 3934 1469 3967 manu
1505 3919 1569 3969 de
1619 3931 1792 3972 t:-o::te
1847 3924 2085 3976 revulsus

611 4007 742 4058 Mole
772 4007 850 4057 sui
885 4006 1132 4056 mundum
1160 4007 1378 4058 obtinuit
1405 4010 1690 4075 stupidum.

544 4095 618 4146 Eu
652 4109 787 4145 nunc
810 4093 1046 4159 implevit
1071 4094 1208 4159 quod
1237 4111 1296 4145 ea
1330 4110 1418 4160 t-er
1448 4099 1704 4164 enigmata
1735 4102 1944 4166 clausit,

613 4185 796 4238 Pandit
826 4195 877 4238 et
905 4185 1123 4238 obscura
1154 4185 1320 4250 gratia
1355 4184 1470 4238 luce
1509 4201 1659 4238 nova.

543 4276 788 4329 Testzztttr
807 4275 921 4327 fidis
945 4276 1116 4342 gregis
1141 4275 1358 4340 angelus
1389 4276 1497 4339 ipse
1530 4279 1816 4343 tnagietris,

615 4364 738 4430 Ejus
769 4365 818 4415 iu
849 4373 1031 4416 exortu
1068 4363 1181 4414 luce
1207 4365 1404 4416 micans
1433 4365 1640 4417 rutilus.

546 4452 655 4504 lloc
684 4451 871 4503 festum
906 4453 1034 4503 tanti
1063 4452 1203 4505 canit
1251 4453 1313 4503 Ιι..
1333 4468 1361 4504 c
1393 4453 1472 4519 pia
1504 4465 1619 4528 vota
1648 4455 1777 4518 dici,

614 4538 774 4593 Stella
807 4543 989 4594 recens
1017 4541 1226 4601 clamat,
1256 4551 1406 4593 aucta
1434 4542 1547 4595 dies
1572 4545 1774 4609 jubilat.

546 4625 763 4694 Semper
793 4645 910 4681 cum
942 4629 1094 4682 Patre
1125 4630 1207 4681 cui
1236 4631 1423 4694 virtus,
1448 4639 1548 4684 etc.
1577 4672 1590 4693 ,
1618 4643 1668 4684 ut
1699 4651 1874 4700 supra.

919 4718 979 4769 In
1013 4720 1274 4785 [cuit-itote
1301 4722 1461 4771 sancti
1489 4721 1742 4784 Utltnt:.rt',

976 4807 1160 4858 Versus
1188 4809 1253 4857 αξι
1295 4810 1671 4871 processionem.

900 4897 1110 4949 Festttttt
1135 4907 1395 4950 saet'atuttt
1418 4900 1706 4964 psallimus,

828 4985 1035 5036 Christo
1061 4998 1307 5038 canentes
1337 4988 1598 5052 laudibus,

827 5079 922 5140 Qui
951 5077 1038 5130 tlat
1063 5095 1307 5130 coronam
1339 5083 1582 5143 test'lius,

828 5169 986 5221 Nobis
1015 5172 1104 5220 det
1131 5171 1524 5236 indulgentiam.

901 5257 1182 5311 Otbmarus
1212 5261 1373 5311 abbas
1395 5258 1607 5312 vocibus

835 5349 1072 5402 Orautltts
1097 5361 1176 5402 est
1204 5352 1572 5412 concordibus,

835 5439 1001 5501 Quem
1034 5437 1218 5491 Factor
1249 5441 1362 5507 ipse
1400 5443 1605 5495 caelitus

832 5529 1047 5581 Donavit
1075 5530 1158 5582 hic
1204 5533 1498 5585 virtutibus.

903 5623 1046 5675 llttnc
1078 5636 1190 5675 esse
1221 5634 1417 5690 patrem
1460 5626 1641 5693 patria:

2176 575 2274 624 hoc
2300 573 2564 640 epitaphio
2598 593 2609 625 ς

2296 663 2742 730 Virginia-almam
2765 669 2913 726 pictor
2940 672 3174 730 egregius
3189 669 3368 719 Toleto

2356 724 2610 772 Excellens
2632 724 2818 776 meritis
2835 739 2883 776 et
2909 724 3090 789 pietate
3120 740 3304 788 potens.

2294 783 2446 850 Nemo
2471 791 2756 850 trlstisvabit,
2780 792 2860 850 qui
2886 783 2933 837 te
2959 791 3075 838 colit
3095 783 3141 838 et
3167 799 3451 846 veneratur,

2355 845 2475 892 Fers
2491 851 2674 895 cunctis
2692 845 2917 909 placidam
2942 854 3126 911 quippe
3146 853 3311 900 salutis
3330 845 3495 912 «imm.

2248 924 2450 976 Floruit
2503 937 2740 994 tempore
2793 933 2956 982 sancti
3011 931 3248 994 Noakcri,
3307 933 3409 985 sub
3470 927 3758 982 Bettzardo

2177 994 2384 1055 abbate,
2425 997 2561 1047 circa
2605 1014 2693 1049 an.
2738 999 2861 1052 883'.
2896 1002 2964 1051 De
2996 1016 3061 1053 eo
3108 1001 3481 1054 Eckerbardus
3519 1001 3573 1050 in
3613 997 3761 1048 Sibtis

2176 1063 2397 1124 Casuutu
2425 1073 2477 1116 et
2499 1067 2959 1130 Βριιθάὶριὶοιιυιηζ
2987 1079 3038 1120 et
3062 1069 3233 1122 Codex
3263 1083 3385 1123 autc
3411 1085 3550 1124 accc
3582 1080 3757 1118 annos

2177 1133 2422 1206 scriptus,
2458 1135 2762 1206 Bruschius,
2792 1148 2894 1188 etc.
2927 1138 3051 1189 llzee
3080 1139 3376 1198 Mctzlerus,
3402 1140 3761 1206 qni'diligcn-

2181 1204 2382 1252 tissime
2406 1217 2470 1254 ex
2501 1205 2727 1271 antiquis
2750 1209 3102 1259 monumentis
3122 1208 3348 1276 collegit.

2462 1409 2693 1461 Laetetur
2721 1409 2892 1461 omnis
2919 1406 3130 1472 Sueria,

2463 1497 2553 1550 llis
2582 1508 2756 1560 natus,
2799 1498 2894 1550 hos
2925 1514 3063 1553 nunc
3088 1499 3356 1562 confovet,

2463 1588 2727 1641 Placando
2754 1587 3025 1640 Christum
3089 1589 3348 1655 plebiluts.

2532 1677 2628 1729 llic
2657 1675 2793 1728 dona
2823 1679 2990 1729 sancti
3025 1679 3268 1744 Spiritus,

2469 1765 2683 1830 Accepit
2709 1766 2860 1817 anuis
2882 1768 3146 1833 parvulus,

2464 1853 2635 1917 Ipsum
2667 1853 2909 1906 Datorem
2939 1871 3212 1909 munerum

2464 1942 2730 2018 Spargens
2756 1945 2804 1997 in
2837 1959 2958 1997 oras
2983 1958 3213 1999 exteras.

2381 2025 2383 2028 ⁴
2535 2034 2731 2089 Omnes
2753 2038 2946 2104 gradus
2971 2038 3055 2091 hic
3079 2038 3353 2106 presbyter

2467 2125 2629 2178 Orant
2659 2127 2826 2180 beatis
2855 2129 3110 2189 moribus,

2466 2215 2603 2266 Patri
2635 2229 2818 2282 preces
2857 2219 3152 2270 cmlestium

2472 2303 2615 2356 Votis
2643 2304 2842 2358 litando
2874 2322 3166 2358 munerum.

2534 2393 2844 2446 Communis
2877 2394 2958 2446 hic
2991 2397 3108 2447 vita:
3136 2406 3280 2447 sator

2455 2481 2559 2534 Seu
2585 2496 2801 2551 magnus
2824 2493 2992 2536 exstat
3021 2487 3279 2548 conditor,

2471 2569 2726 2621 Pradatus
2751 2571 2916 2624 abbas
2942 2572 3127 2624 incolis

2474 2659 2636 2725 Hujus
2667 2661 2765 2714 loci
2799 2665 3120 2728 praenobilis.

2540 2752 2621 2803 Fit
2653 2768 2848 2820 pauper
2882 2755 2964 2807 hic
2997 2771 3090 2822 pro
3121 2772 3366 2822 paupere,

2463 2842 2696 2895 Cunctos
2728 2855 2942 2912 egentes
2968 2846 3284 2910 conferens,

2469 2931 2598 2982 Dum
2630 2934 2767 2996 quod
2799 2933 2888 2985 tlat
2915 2937 2992 2986 eis
3023 2938 3274 3000 parvulis,

2467 3017 2729 3072 Christum
2762 3032 3024 3088 respectat
3050 3024 3316 3077 fratribus.

2536 3110 2683 3164 Nunc
2710 3114 2897 3181 gaudet
2924 3114 2972 3168 in
3009 3132 3167 3185 regno
3191 3117 3279 3172 Dei

2471 3203 2701 3256 Functus
2733 3219 2926 3258 corOna
2974 3211 3195 3272 praemii.

2468 3291 2634 3354 Quam
2663 3292 2907 3347 Christus
2930 3295 3004 3348 illi
3046 3299 3288 3363 reddidit,

2477 3379 2578 3431 Pro
2609 3395 2713 3447 quo
2745 3383 2952 3436 labores
2982 3387 3209 3441 sustulit.

2549 3470 2701 3524 Gallo
2734 3473 2873 3524 Patri
2907 3475 3154 3528 laudabili

2469 3560 2749 3614 Uthmarus
2790 3563 2949 3616 abbas
2995 3565 3246 3634 jungitur,

2473 3649 2627 3702 Istum
2655 3651 2823 3704 locum
2854 3656 2939 3720 qui
2963 3653 3160 3723 jugiter

2467 3737 2746 3804 Tutentur,
2779 3752 2830 3793 et
2862 3759 2958 3796 nos
3003 3748 3286 3813 suppliCcs.
3341 3733 3343 3736 i

2547 3827 2748 3882 Virtute
2777 3841 2946 3884 semet
2977 3833 3152 3888 virere

2474 3915 2800 3970 Demonstrat
2823 3921 2905 3973 hic
2932 3924 3286 3990 credentibus,

2468 4006 2679 4059 Certum
2715 4008 2814 4061 fide
2842 4012 2979 4076 quod
3023 4000 3322 4080 qua'rimus,

2401 4104 2404 4105 ⁷
2473 4103 2674 4157 Praebet
2699 4105 2853 4159 Pater
2879 4109 3263 4164 s.mctissimus.

2545 4194 2765 4250 Etfuude
2793 4213 2964 4263 voces,
2996 4202 3142 4267 plebs
3175 4204 3285 4265 ltei,

2467 4283 2759 4339 Commissa
2787 4287 2922 4341 delle
2955 4291 3128 4351 nux-iu,

2479 4380 2624 4428 Asta!
2656 4389 2866 4446 rogator
2894 4382 3094 4445 gratim,

2477 4466 2718 4519 Reddens
2746 4485 2950 4535 aequum
2983 4473 3118 4538 quod
3142 4475 3378 4542 suscipit.

2548 4555 2790 4618 Absolve,
2818 4560 3253 4624 clementissime,

2474 4642 2618 4694 Nexu
2647 4643 2832 4715 ligatos
2860 4649 3113 4711 criminis,

2473 4733 2663 4787 Delens
2682 4737 2876 4788 malum
2909 4740 3043 4804 quod
3096 4743 3319 4809 respuis,

2480 4825 2691 4878 Addcns
2720 4827 2917 4880 bonum
2946 4830 3080 4896 quod
3113 4832 3352 4898 respicis.

2545 4913 2678 4964 Laus
2707 4917 3028 4982 sempiterno
3057 4923 3124 4970 sit
3155 4921 3292 4972 Patri

2473 5000 2578 5053 Nec
2610 5018 2710 5053 tton
2739 5006 2952 5068 perenni
2988 5005 3142 5066 Filio,

2476 5092 2771 5161 Sancteque
2801 5095 2867 5146 sit
2891 5095 3196 5163 Spiramini,

2473 5183 2571 5235 Per
2598 5187 2908 5239 saeculorum
2939 5190 3150 5240 smcula.

2626 5316 2683 5369 In
2726 5322 3038 5385 susceptione
3068 5321 3323 5388 principis.

2199 5423 2371 5489 Salve,
2404 5426 2532 5478 festa
2556 5427 2686 5489 dies,
2719 5428 3011 5491 laudabilis,
3036 5439 3192 5497 atque
3224 5433 3394 5491 beata,

2267 5515 2374 5580 Qua
2423 5515 2555 5567 Detts
2603 5516 2654 5567 in
2686 5530 2891 5568 servum
2926 5519 3052 5569 vidit
3081 5521 3146 5568 ab
3177 5520 3296 5570 arce
3325 5533 3497 5570 suttttt.

2202 5606 2335 5660 Ecce
2367 5605 2500 5657 redit
2525 5607 2768 5672 princeps
2791 5606 3078 5660 laudandus
3102 5609 3334 5660 carmine
3363 5619 3563 5669 nostro,

629 5762 649 5789 ⁸
679 5755 960 5822 llabetttur,
989 5759 1116 5810 sicut
1145 5768 1189 5811 cl
1214 5770 1317 5813 tres
1342 5770 1617 5826 sequentes
1641 5761 1816 5829 hymni
1845 5763 1893 5815 in
1925 5764 2278 5816 vetustissimo
2310 5760 2402 5811 Ms.
2436 5760 2614 5819 ebore,
2655 5770 2888 5828 argento.
2934 5762 3152 5820 gemmis
3201 5777 3328 5814 auro
3364 5763 3482 5813 nli'tt
3528 5762 3750 5818 vestito.
