3884 6240
138 322 190 376 Gl

266 441 492 493 lasciuo
535 454 758 509 spreto,
803 447 1071 517 celerique
1107 452 1300 518 gaudet

674 535 899 591 Munere
923 541 1113 594 sancti.

334 621 541 676 Paulus
563 633 787 689 autem,
825 627 1054 681 Palladia
1087 643 1272 685 sorore

263 712 332 766 Se
358 727 454 778 per
482 715 691 768 orbem
721 719 1013 772 comitante
1042 719 1229 785 latum,

263 805 527 870 Stephani
565 816 711 860 nutu
743 809 920 861 caruit
959 820 1208 876 tremore,

693 904 771 955 Ac
811 917 963 955 soror
997 904 1133 969 ipsa.
1253 889 1261 900 ’

335 987 463 1040 Ilaec
490 988 637 1042 mihi
675 990 874 1044 doctor
913 992 1094 1044 retulit
1125 992 1342 1058 peritus,

266 1078 474 1132 Numen
509 1081 756 1150 Augusti
792 1084 983 1136 merito
1017 1094 1304 1148 retentans,

262 1169 390 1234 Qua:
421 1169 542 1232 tibi,
579 1174 791 1238 praesul
826 1173 1124 1227 venerande
1157 1174 1516 1237 lluodhreckt,

641 1324 649 1332 ,
679 1263 866 1331 Pango
895 1263 1138 1317 tenenda.

142 1351 360 1420 Hymnus
384 1364 608 1420 quartus
655 1357 728 1407 de
766 1355 1027 1474 miracublis
1052 1356 1278 1422 ejusdem
1333 1358 1381 1407 in
1429 1354 1728 1434 (Jismm'inis

809 1437 943 1474 DITU
983 1441 1057 1474 tta.

809 1443 842 1493 p
862 1437 1057 1476 trimus.

338 1513 566 1567 Ordinis
596 1516 753 1569 sacri
785 1516 1088 1583 Stephanus
1120 1515 1322 1568 honora:

269 1605 523 1659 Partibus
558 1607 784 1673 pollens
816 1607 950 1660 Asia:
979 1608 1204 1660 calentis

273 1694 491 1750 Finibus
525 1699 763 1751 tandem
796 1699 1032 1752 occiduis
1069 1715 1307 1753 rosarum

681 1783 894 1856 Sparsit
923 1791 1128 1842 odores.

339 1877 491 1943 Quos
523 1880 732 1933 volens
765 1881 1005 1945 plantare
1036 1883 1215 1934 beatus
1246 1881 1334 1934 ille

272 1971 448 2023 Verna
481 1972 734 2035 Martini,
770 1974 998 2041 vigilans
1028 1976 1076 2026 in
1109 1977 1272 2036 omni,

277 2063 346 2116 De
375 2079 500 2118 sera
536 2068 764 2133 accepit
791 2068 910 2129 sine
939 2067 1104 2128 clave,
1127 2067 1319 2121 clausit

689 2157 759 2212 Et
785 2160 901 2211 sine
925 2159 1090 2212 clave.

260 2315 276 2339 χ
351 2249 454 2315 Qui
489 2252 829 2318 precabatur
859 2254 1063 2306 veniam
1097 2253 1360 2320 imperitis

281 2337 397 2402 Ipse
431 2348 760 2405 protervum
791 2342 1090 2410 Stephanus
1127 2344 1403 2409 repressit,

279 2428 612 2481 Innocentes
638 2431 900 2495 eripiens,
927 2446 1176 2499 reumque

681 2519 838 2574 Fune
867 2531 1153 2576 retentans.

349 2609 406 2661 In
441 2612 588 2662 mari
638 2610 791 2664 navis
821 2614 1034 2681 propior
1063 2615 1297 2681 periclis,

279 2697 382 2750 Per
409 2713 642 2752 manum
683 2703 854 2753 sancti
887 2703 1141 2765 Stephani
1176 2713 1425 2768 retracta,

277 2789 384 2840 Aut
418 2802 592 2854 canes
623 2778 844 2858 Scyllre,
875 2799 966 2844 aut
1005 2791 1202 2846 rabiem
1229 2793 1527 2862 Charybdis

251 2881 260 2885 ’
687 2876 846 2931 Salva
880 2879 1087 2948 refugit.

349 2966 446 3019 Est
485 2967 700 3020 Domus
737 2969 911 3022 blattis
941 2971 1192 3038 Stephani
1224 2988 1413 3028 cruore

279 3055 468 3119 Sacra,
501 3073 632 3126 qua:
665 3067 869 3110 tantum
901 3074 1180 3128 superesse
1205 3061 1339 3116 diris

281 3148 470 3202 l’usset
512 3148 837 3203 Hunnorum
867 3149 1078 3218 gladiis,
1106 3153 1372 3221 rogisque,

692 3239 963 3310 Sanguine
991 3251 1119 3294 tuta.

344 3331 480 3396 Quae
514 3330 675 3384 ducis
705 3340 906 3393 natam,
931 3333 1225 3387 medicante
1256 3332 1408 3388 Gallo

280 3421 600 3474 Liberatam
632 3423 899 3499 dmmonio
927 3423 1211 3486 furentem,

281 3511 441 3580 Regis
473 3511 751 3565 abstraxit
781 3512 1046 3578 thalamis,
1075 3529 1256 3568 amore

693 3602 1027 3668 Integritatis.

353 3691 549 3744 Fontis
581 3689 826 3757 Hispani,
858 3692 1128 3761 Stephano
1160 3704 1423 3762 patrantc,

289 3785 483 3838 Munus
514 3793 784 3837 eternum
827 3799 1126 3840 memorare
1151 3785 1365 3854 dignum

281 3878 380 3942 Qui
412 3876 667 3931 lavandis
700 3875 942 3945 proﬂuit,
968 3886 1129 3944 atque
1158 3877 1281 3933 Iutis

683 3967 945 4020 Conditur
972 3969 1111 4033 alte;

285 4058 389 4112 Sed
421 4073 551 4113 cum
583 4058 682 4112 hoc
715 4054 1086 4124 baptisterium
1113 4059 1330 4113 caballis-

287 4149 574 4215 Improbus
603 4149 817 4218 quidam
856 4150 1118 4204 stabulum
1151 4162 1383 4218 pararet,

290 4240 461 4295 Fcbre
493 4251 818 4309 correptus,
848 4239 1130 4295 Dominum
1172 4244 1387 4311 prmibat

690 4329 771 4384 Ad
799 4330 1176 4399 Phlegethonta
1197 4373 1213 4396 ,
1289 4374 1326 4416 .

363 4419 477 4473 IIoc
506 4421 655 4484 loco,
679 4419 911 4473 cultrum
937 4421 1084 4475 scuio
1116 4419 1332 4475 retraxit

291 4511 582 4577 lmpudens
623 4511 857 4578 quidam.
891 4526 1060 4570 vacua
1090 4513 1181 4565 sed
1211 4529 1341 4565 urna

295 4604 476 4656 Mente
511 4611 798 4671 praes-pta,
839 4601 1115 4668 Stephano
1139 4603 1379 4673 jubente,

693 4693 940 4748 lieddidit
977 4693 1169 4762 ipsum.

369 4807 539 4874 Eger
561 4817 615 4859 et
641 4817 666 4842 ι
699 4807 903 4870 balbus,
935 4807 1188 4878 vitiisque
1239 4809 1450 4876 plcnns,

301 4897 405 4947 Ore
453 4894 660 4960 polluto
688 4894 948 4963 Stephani
982 4897 1285 4964 triumphos

303 4985 503 5038 Notker
533 4984 782 5056 indignus
810 4987 1000 5051 cecini,
1026 4987 1238 5043 volente

706 5075 932 5128 Przesule
977 5087 1157 5129 sancto
1176 5116 1194 5142 ,

382 5164 544 5220 Flore
572 5164 914 5219 Ruodbertus
939 5163 1189 5231 juvenale
1213 5166 1301 5234 qui
1333 5182 1474 5221 nunc.

312 5260 417 5314 Cor
444 5275 644 5314 senum
677 5270 911 5330 gestans,
951 5259 1158 5314 senium
1198 5261 1402 5322 beatus.

315 5353 391 5404 Ac
417 5352 520 5420 piis
553 5353 752 5420 plenus
784 5351 998 5417 meritis,
1029 5351 1208 5407 videre

722 5437 1094 5493 Promereatur.
1111 5425 1114 5446 ³

394 5532 558 5584 Pacis
589 5537 788 5596 optata
816 5530 1007 5595 potiens
1041 5513 1245 5598 quiete,

321 5620 498 5673 Ilostis
531 5630 594 5675 et
619 5619 784 5673 diros
812 5625 1046 5687 superans
1073 5635 1366 5680 mucrones.

309 5770 440 5824 "HIC
473 5778 637 5838 patet
664 5782 766 5819 cur
810 5766 960 5821 dictus
1000 5768 1062 5820 sit
1107 5765 1362 5820 Notltcrns
1391 5764 1657 5818 “albulus.

613 326 1128 388 EPIGRAMMATA
1173 335 1300 391 SEU
1345 338 1552 395 lIYMNI
1593 341 1789 398 SACRI
1831 345 2052 414 ANTIQ.
2099 348 2370 407 l’A'I‘IIl'M
2415 356 2568 409 ΜΘΝ.
2611 359 2668 414 8.
2710 362 2926 418 GALLI.

1752 462 1796 514 A

3007 440 3013 448 ι
3313 373 3381 426 02

1965 462 2128 529 Quem
2172 467 2283 520 Iure
2309 484 2349 521 is
2381 472 2520 524 misit
2555 475 2746 528 Boreas
2778 478 3054 547 fugandum

2365 562 2455 616 Vel
2490 567 2867 629 perimendum.

2046 646 2109 701 Ut
2139 649 2410 704 Trinitatis
2442 655 2573 707 bene
2595 656 2714 710 Iicta
2747 659 2908 711 virtus

1975 737 2197 791 Aﬁdihua
2226 743 2454 805 cutictis,
2485 745 2832 816 domibusque
2861 753 3063 805 t-tmctis

1974 826 2072 881 Per
2115 843 2297 896 preces
2347 835 2516 899 magni
2569 834 2847 903 Stephani,
2895 854 3112 894 canatur

2358 924 2618 996 'l'emporc
2651 930 2823 1001 longo.

2855 1025 3040 1077 Amen.

1827 1122 1881 1174 Si
1914 1122 2038 1179 mibi
2069 1139 2170 1176 non
2211 1126 2388 1190 vultis,
2419 1129 2588 1181 oculis
2623 1131 2702 1183 vel
2736 1133 2934 1185 credite
2964 1136 3170 1187 vestris.

1829 1214 2152 1270 Vos‘sabem
2179 1217 2326 1270 binas
2350 1221 2505 1286 piscis
2527 1222 2651 1274 mihi
2689 1223 2880 1277 mittite
2901 1206 3097 1293 spinas.

1902 1325 2007 1378 llos
2044 1327 2174 1380 tluos
2206 1343 2392 1383 versus
2420 1330 2685 1386 Nutkerus
2717 1315 2976 1389 Balbulus'
3009 1337 3253 1393 fratribus
3284 1344 3391 1394 An-

1829 1414 2100 1482 gicnsihus
2131 1420 2271 1472 misit
2299 1434 2418 1474 cmn
2447 1421 2609 1491 fungo
2630 1441 2786 1492 quem
2818 1429 3032 1481 moruch
3068 1441 3288 1496 vocant,
3338 1434 3386 1482 in

1831 1509 2022 1575 angulo
2077 1511 2215 1578 apud
2273 1523 2513 1566 sanctum
2563 1514 2770 1570 Gallum
2819 1519 3036 1573 fratrum
3093 1525 3288 1592 pyralis
3336 1527 3386 1576 in

1834 1599 2008 1652 hieme
2041 1602 2186 1656 nasci
2225 1602 2424 1670 aliquot
2454 1605 2608 1658 annis
2635 1609 2787 1660 Solito
2827 1609 2940 1664 loco
2966 1626 3080 1663 suo.
3111 1613 3238 1666 Nam
3267 1628 3382 1666 cum

1831 1690 1926 1758 ipsi
1957 1702 2270 1753 assererem.
2304 1697 2354 1747 in
2401 1695 2698 1766 Alaspaclt,
2759 1702 2949 1766 piscem
3004 1719 3157 1772 quem
3213 1709 3384 1759 a'andt

1736 1800 1809 1855 ιδ
1837 1798 2016 1838 vocant
2046 1826 2059 1848 ,
2112 1799 2183 1838 xu
2234 1787 2525 1853 palmorum
2566 1792 2989 1862 apprehensum,
3036 1797 3153 1850 loco
3199 1815 3385 1850 nonmn

1838 1873 2074 1938 dedisse,
2100 1875 2212 1942 ipse
2238 1877 2563 1932 incredibilia
2609 1884 2964 1949 narrantibus,
2996 1881 3146 1938 etiam
3170 1889 3236 1939 de
3265 1905 3386 1941 san-

1835 1965 1904 2017 cti
1935 1962 2071 2020 Galli
2103 1968 2216 2021 loco
2245 1955 2320 2022 se;
2351 1969 2479 2022 mira
2527 1986 2645 2025 esse
2693 1973 2953 2026 dicturum
2989 1978 3287 2042 restioxrdit,
3337 1968 3390 2029 et

1833 2069 1994 2120 supra
2024 2055 2150 2110 dicti
2189 2058 2417 2110 nominis
2473 2060 2689 2129 fungum
2736 2063 2784 2115 in
2810 2063 3058 2116 Januario
3107 2067 3174 2119 ibi
3209 2078 3384 2120 natum

1831 2158 1891 2198 se
1917 2144 2113 2198 vidisse
2161 2148 2460 2213 subiunxit,
2497 2151 2653 2218 idque
2694 2152 2863 2220 ipsum
2908 2155 3043 2208 illico
3082 2157 3226 2222 quasi
3259 2157 3390 2209 falso

1832 2234 2059 2288 loculum
2092 2237 2201 2302 pari
2254 2251 2382 2289 voce
2430 2238 2688 2302 dicentes,
2740 2241 2935 2294 derisui
2972 2243 3266 2308 habebant;
3297 2248 3386 2297 sed

1831 2323 1966 2390 ipse,
2001 2333 2056 2379 ut
2080 2309 2233 2394 dixi‘,
2274 2328 2518 2395 sequenti
2566 2343 2704 2383 anno
2736 2331 2912 2385 itidem
2948 2335 3012 2385 ibi
3059 2335 3216 2404 fungo
3247 2349 3391 2399 nato,

1831 2412 1970 2466 dicta
2008 2414 2158 2469 factis
2202 2419 2616 2484 compensavit,‘
2648 2419 2864 2490 fungum
2917 2425 3148 2488 mittens,
3185 2437 3235 2480 et
3263 2422 3386 2479 seri;

1832 2505 1961 2557 bens
2014 2504 2112 2559 hoc
2141 2505 2429 2559 distichon.
2479 2507 2645 2574 Causa
2680 2518 2852 2562 tamen
2882 2521 2998 2565 erat
3051 2512 3189 2582 fungi
3221 2517 3269 2567 in
3301 2531 3390 2566 an-

1831 2582 1953 2662 gulo
1987 2595 2076 2649 illo
2103 2596 2300 2665 pyralis
2328 2596 2470 2648 nasci
2495 2597 2662 2660 soliti,
2692 2601 2830 2666 quod
2857 2602 3196 2668 aquthuctus
3245 2621 3390 2657 enm-

1832 2685 1951 2752 dcm
1980 2688 2232 2754 angulum
2261 2687 2626 2752 prazteriluens
2675 2689 2882 2758 rigavit,
2915 2702 2968 2745 et
3017 2693 3165 2745 calor
3197 2699 3388 2764 pyralis

1833 2795 1938 2833 non
1969 2780 2185 2846 nimius,
2209 2781 2301 2835 sed
2333 2794 2578 2851 caumate
2606 2801 2756 2853 aqum
2787 2780 2992 2856 mistus,
3027 2792 3169 2845 illum
3201 2797 3389 2863 alllgil,

1833 2881 1887 2925 et
1910 2872 2019 2924 l’otu
2055 2873 2141 2926 tali
2175 2888 2361 2941 parere
2391 2889 2727 2945 praecoquam
2758 2888 2954 2934 terram
3003 2883 3157 2951 fecit,
3183 2897 3234 2939 et
3273 2889 3390 2940 tutt-

1832 2978 1926 3030 gos
1950 2964 2164 3031 quidem
2200 2965 2468 3030 primitus,
2497 2983 2616 3020 mox
2641 2971 2797 3022 etiam
2815 2981 2867 3023 ct
2896 2973 3131 3040 gramina
3153 2978 3389 3043 qumdam

1835 3053 2078 3118 virentia,
2111 3053 2274 3107 stiriis
2313 3065 2365 3108 et
2392 3058 2560 3123 glacie
2599 3057 2727 3113 foris
2771 3061 2869 3114 sub
2915 3061 3036 3116 divo
3081 3065 3389 3132 rigentibus,

1758 3142 1802 3201 C
1834 3160 1995 3212 vapor
2019 3146 2154 3200 idem
2186 3147 2448 3214 produxit.

1831 3257 1943 3318 [Hic
1986 3260 2203 3326 Canisius
2235 3262 2395 3326 habet
2436 3275 2630 3326 carmen
2669 3262 2726 3308 ad
2753 3263 3000 3313 It‘odolium
3024 3269 3150 3326 quod
3177 3269 3393 3315 dedimus

1897 3323 2136 3445 tuter/£918]
2168 3323 2442 3372 tiolumbani
2487 3326 2719 3386 carmina,
2746 3326 2824 3373 ubi
2868 3323 3179 3376 sideris‘tom.
3208 3329 3390 3389 LXXX,

1890 3395 1980 3431 co.
2101 3421 2113 3433 .
2193 3409 2196 3412 ~

1836 3506 2199 3578 Fragmentum
2228 3506 2480 3562 Carminis
2519 3511 2681 3562 sancti
2727 3509 2939 3563 Notkeri
2986 3513 3049 3564 de
3081 3513 3388 3582 psulmodia.

1833 3664 1885 3715 Si
1927 3662 2064 3730 quod
2095 3674 2218 3714 voce
2247 3671 2423 3722 sonat,
2455 3662 2557 3714 lido
2601 3675 2751 3715 tuens
2780 3672 2993 3730 pectore
3025 3676 3250 3730 promat,

1833 3754 1938 3806 Nec
1969 3753 2167 3804 clamor
2188 3750 2401 3821 Domini
2431 3760 2632 3804 tantum
2674 3752 2915 3806 sublimis
2946 3753 3007 3805 ad
3039 3771 3211 3818 aures,
3299 3820 3302 3823 ‘

1834 3848 2093 3910 Quantum
2126 3857 2225 3896 vox
2271 3843 2483 3895 humilis
2528 3842 2735 3910 placido
2775 3845 2840 3897 de
2868 3846 3026 3898 corde
3059 3848 3388 3914 pt'Opiuquat.

1837 3956 2131 4008 Mmroriole
2183 3955 2608 4008 Rerercndissimi
2656 3952 2723 4005 D.
2766 3954 3016 4006 Bernardi
3059 3958 3251 4008 abbatis
3303 3959 3392 4010 Se-
3451 3968 3453 3970 '

1907 4027 2078 4087 (undi,
2112 4026 2247 4092 quod
2276 4025 2412 4076 dedit
2436 4023 2638 4074 cuidam
2662 4025 2812 4091 fratri
2839 4029 3104 4087 monac/to,
3138 4044 3249 4078 cum
3276 4044 3390 4080 eum

1905 4097 1971 4164 qd
2001 4096 2326 4146 Actutentiam
2358 4095 2636 4146 litterarum
2661 4109 2816 4147 causa
2845 4096 3086 4148 mitteret.

1907 4189 1955 4240 l.
2006 4186 2251 4239 Studium
2304 4187 2512 4252 pietatis
2563 4185 2632 4236 sit
2687 4185 2774 4238 tibi
2808 4186 3076 4254 inmrimis
3124 4203 3391 4242 commcn-

1831 4278 2033 4330 datum.

1905 4372 1961 4423 9..
1993 4368 2361 4437 Cog‘nitionem
2416 4361 2620 4421 Domini
2669 4366 2975 4432 Creatoris,
3027 4369 3389 4437 Redemptoris

1763 4496 1808 4553 υ
1838 4479 1898 4516 ac
1926 4462 2225 4516 Servatoris
2258 4461 2330 4513 tui
2381 4461 2769 4514 ferventissimo
2814 4461 2974 4512 animi
3005 4460 3269 4514 desiderio
3295 4481 3382 4524 :tp-

1841 4567 2017 4622 petas;
2059 4550 2228 4618 adque
2266 4567 2382 4605 eam
2432 4553 2725 4620 pervenire,
2764 4562 3015 4619 quantum
3045 4551 3154 4604 ﬁeri
3189 4564 3382 4618 potest,

1836 4646 2140 4701 cernendas.

1904 4738 1955 4790 5.
1989 4736 2063 4789 'I‘e
2093 4737 2286 4804 ipsum,
2317 4720 2491 4799 atque.
2514 4731 2750 4786 defectus
2781 4741 2920 4805 tuos,
2973 4742 3026 4786 et
3054 4733 3214 4787 malas
3263 4749 3387 4786 con-

1836 4825 2162 4889 suctudines,
2193 4824 2473 4890 diligenter
2496 4820 2762 4887 inspicias,
2786 4831 2840 4876 et
2868 4837 3179 4891 cognoscas,
3211 4838 3384 4876 enimt-

1835 4913 2066 4979 dareque
2097 4912 2238 4966 omni
2268 4923 2458 4964 conatu
2493 4912 2726 4964 studeas.

1907 5005 1958 5058 4.
1997 5005 2241 5057 Habitum
2275 5003 2484 5056 virtutis
2513 5003 2593 5053 fac
2620 5003 2882 5069 acquiras.

1912 5095 1964 5148 5.
1996 5094 2338 5146 Difﬁcultates
2363 5095 2704 5144 occurrentes
2732 5091 2951 5144 viriliter
2979 5093 3176 5144 vincas.

1909 5187 1961 5238 6.
1996 5185 2051 5236 In
2084 5185 2248 5237 bonas
2287 5183 2492 5235 litteras
2522 5182 2706 5235 sedqu
2739 5181 3028 5234 incumbas.

1913 5277 1962 5327 7.
1998 5277 2039 5328 A
2076 5277 2236 5327 nimio
2267 5276 2410 5336 vino,
2444 5282 2687 5339 tanqumt
2718 5287 2744 5322 a
2780 5288 3002 5334 veneno,
3032 5272 3316 5325 abstineas.

1909 5367 1961 5418 8.
1992 5368 2330 5420 Vocationem
2389 5380 2450 5418 ac
2499 5363 2875 5431 proleSsioncm
2932 5375 3070 5414 tuam
3110 5364 3298 5430 Smltllts
3335 5365 3382 5412 in

1837 5459 2069 5511 animum
2103 5465 2246 5507 tuum
2276 5470 2514 5508 revoces.

1915 5548 1966 5600 9.
2005 5548 2201 5599 Verum
2233 5561 2464 5598 amorem
2496 5545 2797 5596 monasticae
2824 5543 3111 5608 disriplinm
3143 5540 3379 5594 imbihas.

1842 5649 2140 5704 statumque
2173 5648 2315 5690 tuum
2353 5637 2430 5687 fac
2461 5636 2657 5701 optime
2707 5648 3007 5700 Cognoscas.
