  <div class='ocr_page' id='page_1' title='image "/cluster/home/n/w/nwhite01/storage/ocr_20150623/87-88/uva.x000827073/044.png"; bbox 0 0 3884 6240; ppageno 0'>
   <div class='ocr_carea' id='block_1_1' title="bbox 133 430 1706 516">
    <p class='ocr_par' dir='ltr' id='par_1_1' title="bbox 133 435 1706 515">
     <span class='ocr_line' id='line_1_1' title="bbox 133 435 1706 515; baseline -0.007 -3"><span class='ocrx_word' id='word_1_1' title='bbox 133 464 186 515; x_wconf 77' lang='grc' dir='ltr'><strong>τ;</strong></span> <span class='ocrx_word' id='word_1_2' title='bbox 695 435 698 438; x_wconf 71' lang='grc'><strong>’</strong></span> <span class='ocrx_word' id='word_1_3' title='bbox 1062 437 1067 441; x_wconf 85' lang='grc'><strong>’</strong></span> <span class='ocrx_word' id='word_1_4' title='bbox 1379 448 1645 505; x_wconf 57' lang='grc' dir='ltr'>λυιιιίδ</span> <span class='ocrx_word' id='word_1_5' title='bbox 1690 446 1706 501; x_wconf 94' lang='lat' dir='ltr'><strong>l</strong></span> 
     </span>
    </p>
   </div>
   <div class='ocr_carea' id='block_1_2' title="bbox 1800 430 3345 516">
    <p class='ocr_par' dir='ltr' id='par_1_2' title="bbox 1800 430 3345 516">
     <span class='ocr_line' id='line_1_2' title="bbox 1800 430 3345 516; baseline -0.005 -18"><span class='ocrx_word' id='word_1_6' title='bbox 1800 438 2064 498; x_wconf 73' lang='lat' dir='ltr'><strong>Totum.</strong></span> <span class='ocrx_word' id='word_1_7' title='bbox 2149 509 2152 516; x_wconf 21' lang='lat'><strong><em>‘</em></strong></span> <span class='ocrx_word' id='word_1_8' title='bbox 3131 485 3138 492; x_wconf 88' lang='lat'><strong>.</strong></span> <span class='ocrx_word' id='word_1_9' title='bbox 3277 430 3345 490; x_wconf 74' lang='grc' dir='ltr'>τι</span> 
     </span>
    </p>
   </div>
   <div class='ocr_carea' id='block_1_3' title="bbox 131 548 3346 636">
    <p class='ocr_par' dir='ltr' id='par_1_3' title="bbox 131 548 3346 636">
     <span class='ocr_line' id='line_1_3' title="bbox 131 548 3346 636; baseline -0.008 -8"><span class='ocrx_word' id='word_1_10' title='bbox 131 584 173 628; x_wconf 85' lang='lat' dir='ltr'><strong>el</strong></span> <span class='ocrx_word' id='word_1_11' title='bbox 195 570 387 626; x_wconf 86' lang='lat' dir='ltr'><strong>ultum</strong></span> <span class='ocrx_word' id='word_1_12' title='bbox 434 566 777 620; x_wconf 71' lang='lat' dir='ltr'><strong>misericors.</strong></span> <span class='ocrx_word' id='word_1_13' title='bbox 813 566 974 636; x_wconf 83' lang='lat' dir='ltr'><strong>llujus</strong></span> <span class='ocrx_word' id='word_1_14' title='bbox 1004 562 1674 634; x_wconf 55' lang='lat' dir='ltr'><strong>teinporibusdhlauritius</strong></span> <span class='ocrx_word' id='word_1_15' title='bbox 1705 557 1926 625; x_wconf 78' lang='lat' dir='ltr'><strong>Ajuxta</strong></span> <span class='ocrx_word' id='word_1_16' title='bbox 1978 553 2246 606; x_wconf 84' lang='lat' dir='ltr'><strong>civitatem</strong></span> <span class='ocrx_word' id='word_1_17' title='bbox 2300 549 2658 604; x_wconf 89' lang='lat' dir='ltr'><strong>Ravennatem</strong></span> <span class='ocrx_word' id='word_1_18' title='bbox 2716 548 2767 602; x_wconf 93' lang='lat' dir='ltr'><strong>in</strong></span> <span class='ocrx_word' id='word_1_19' title='bbox 2818 548 3104 617; x_wconf 74' lang='lat' dir='ltr'><strong>locumqnl</strong></span> <span class='ocrx_word' id='word_1_20' title='bbox 3155 548 3346 602; x_wconf 85' lang='lat' dir='ltr'><strong>dicitur</strong></span> 
     </span>
    </p>
   </div>
   <div class='ocr_carea' id='block_1_4' title="bbox 132 653 1675 728">
    <p class='ocr_par' dir='ltr' id='par_1_4' title="bbox 132 653 1675 728">
     <span class='ocr_line' id='line_1_4' title="bbox 132 653 1675 728; baseline -0.006 -12"><span class='ocrx_word' id='word_1_21' title='bbox 132 659 454 723; x_wconf 71' lang='lat' dir='ltr'><strong>chartularius,</strong></span> <span class='ocrx_word' id='word_1_22' title='bbox 488 673 584 728; x_wconf 88' lang='lat' dir='ltr'><strong>per</strong></span> <span class='ocrx_word' id='word_1_23' title='bbox 611 673 785 726; x_wconf 88' lang='lat' dir='ltr'><strong>quem</strong></span> <span class='ocrx_word' id='word_1_24' title='bbox 816 660 975 712; x_wconf 87' lang='lat' dir='ltr'><strong>multa</strong></span> <span class='ocrx_word' id='word_1_25' title='bbox 1015 659 1149 712; x_wconf 89' lang='lat' dir='ltr'><strong>mala</strong></span> <span class='ocrx_word' id='word_1_26' title='bbox 1180 665 1431 724; x_wconf 75' lang='lat' dir='ltr'><strong>operatus</strong></span> <span class='ocrx_word' id='word_1_27' title='bbox 1458 663 1542 710; x_wconf 83' lang='lat' dir='ltr'><strong>est</strong></span> <span class='ocrx_word' id='word_1_28' title='bbox 1570 653 1675 708; x_wconf 85' lang='lat' dir='ltr'><strong>lsa-</strong></span> 
     </span>
    </p>
   </div>
   <div class='ocr_carea' id='block_1_5' title="bbox 131 747 1672 820">
    <p class='ocr_par' dir='ltr' id='par_1_5' title="bbox 131 747 1672 820">
     <span class='ocr_line' id='line_1_5' title="bbox 131 747 1672 820; baseline -0.008 -11"><span class='ocrx_word' id='word_1_29' title='bbox 131 755 219 809; x_wconf 71' lang='grc' dir='ltr'>ειυς</span> <span class='ocrx_word' id='word_1_30' title='bbox 260 751 507 820; x_wconf 79' lang='lat' dir='ltr'><strong>patritius,</strong></span> <span class='ocrx_word' id='word_1_31' title='bbox 554 765 682 804; x_wconf 88' lang='lat' dir='ltr'><strong>cum</strong></span> <span class='ocrx_word' id='word_1_32' title='bbox 723 752 838 818; x_wconf 86' lang='lat' dir='ltr'><strong>jam</strong></span> <span class='ocrx_word' id='word_1_33' title='bbox 877 751 1260 804; x_wconf 87' lang='lat' dir='ltr'><strong>inerebuissent</strong></span> <span class='ocrx_word' id='word_1_34' title='bbox 1289 757 1500 817; x_wconf 85' lang='lat' dir='ltr'><strong>peccata</strong></span> <span class='ocrx_word' id='word_1_35' title='bbox 1531 747 1672 815; x_wconf 85' lang='lat' dir='ltr'><strong>ejus,</strong></span> 
     </span>
    </p>
   </div>
   <div class='ocr_carea' id='block_1_6' title="bbox 132 838 1674 911">
    <p class='ocr_par' dir='ltr' id='par_1_6' title="bbox 132 838 1674 911">
     <span class='ocr_line' id='line_1_6' title="bbox 132 838 1674 911; baseline -0.006 -11"><span class='ocrx_word' id='word_1_36' title='bbox 132 849 257 899; x_wconf 83' lang='lat' dir='ltr'><strong>beato</strong></span> <span class='ocrx_word' id='word_1_37' title='bbox 284 843 431 898; x_wconf 85' lang='lat' dir='ltr'><strong>Petro</strong></span> <span class='ocrx_word' id='word_1_38' title='bbox 458 840 712 908; x_wconf 90' lang='lat' dir='ltr'><strong>apostolo</strong></span> <span class='ocrx_word' id='word_1_39' title='bbox 746 841 1123 911; x_wconf 70' lang='lat' dir='ltr'><strong>[increvisxent</strong></span> <span class='ocrx_word' id='word_1_40' title='bbox 1150 849 1335 892; x_wconf 83' lang='lat' dir='ltr'><strong>contra</strong></span> <span class='ocrx_word' id='word_1_41' title='bbox 1369 838 1428 890; x_wconf 74' lang='lat' dir='ltr'><strong>lt.</strong></span> <span class='ocrx_word' id='word_1_42' title='bbox 1461 838 1674 890; x_wconf 84' lang='lat' dir='ltr'><strong>Petrum</strong></span> 
     </span>
    </p>
   </div>
   <div class='ocr_carea' id='block_1_7' title="bbox 130 927 1677 1001">
    <p class='ocr_par' dir='ltr' id='par_1_7' title="bbox 130 927 1677 1001">
     <span class='ocr_line' id='line_1_7' title="bbox 130 927 1677 1001; baseline -0.005 -14"><span class='ocrx_word' id='word_1_43' title='bbox 130 928 430 1001; x_wconf 68' lang='lat' dir='ltr'><strong>ajmtolum],</strong></span> <span class='ocrx_word' id='word_1_44' title='bbox 477 941 533 983; x_wconf 90' lang='lat' dir='ltr'><strong>ut</strong></span> <span class='ocrx_word' id='word_1_45' title='bbox 561 944 661 983; x_wconf 85' lang='lat' dir='ltr'><strong>eos</strong></span> <span class='ocrx_word' id='word_1_46' title='bbox 691 930 869 1001; x_wconf 60' lang='lat' dir='ltr'><strong>[eum]</strong></span> <span class='ocrx_word' id='word_1_47' title='bbox 899 929 1230 983; x_wconf 66' lang='lat' dir='ltr'><strong>haereditaret</strong></span> <span class='ocrx_word' id='word_1_48' title='bbox 1259 928 1396 998; x_wconf 79' lang='lat' dir='ltr'><strong>ignis</strong></span> <span class='ocrx_word' id='word_1_49' title='bbox 1418 927 1677 980; x_wconf 74' lang='lat' dir='ltr'><strong>inexstin-</strong></span> 
     </span>
    </p>
   </div>
   <div class='ocr_carea' id='block_1_8' title="bbox 130 1016 1674 1095">
    <p class='ocr_par' dir='ltr' id='par_1_8' title="bbox 130 1016 1674 1095">
     <span class='ocr_line' id='line_1_8' title="bbox 130 1016 1674 1095; baseline -0.005 -18"><span class='ocrx_word' id='word_1_50' title='bbox 130 1024 326 1095; x_wconf 79' lang='lat' dir='ltr'><strong>guibilis,</strong></span> <span class='ocrx_word' id='word_1_51' title='bbox 351 1020 570 1076; x_wconf 79' lang='lat' dir='ltr'><strong>consilio</strong></span> <span class='ocrx_word' id='word_1_52' title='bbox 600 1019 807 1074; x_wconf 88' lang='lat' dir='ltr'><strong>ductus</strong></span> <span class='ocrx_word' id='word_1_53' title='bbox 832 1020 1220 1087; x_wconf 50' lang='lat' dir='ltr'><strong>suprascripto;</strong></span> <span class='ocrx_word' id='word_1_54' title='bbox 1252 1016 1524 1070; x_wconf 82' lang='lat' dir='ltr'><strong>Mauritius</strong></span> <span class='ocrx_word' id='word_1_55' title='bbox 1554 1030 1674 1070; x_wconf 88' lang='lat' dir='ltr'><strong>cum</strong></span> 
     </span>
    </p>
   </div>
   <div class='ocr_carea' id='block_1_9' title="bbox 131 1109 1677 1181">
    <p class='ocr_par' dir='ltr' id='par_1_9' title="bbox 131 1109 1677 1181">
     <span class='ocr_line' id='line_1_9' title="bbox 131 1109 1677 1181; baseline -0.005 -14"><span class='ocrx_word' id='word_1_56' title='bbox 131 1114 239 1181; x_wconf 77' lang='lat' dir='ltr'><strong>ipsis</strong></span> <span class='ocrx_word' id='word_1_57' title='bbox 269 1113 447 1180; x_wconf 78' lang='lat' dir='ltr'><strong>quibus</strong></span> <span class='ocrx_word' id='word_1_58' title='bbox 473 1119 630 1163; x_wconf 83' lang='lat' dir='ltr'><strong>antea</strong></span> <span class='ocrx_word' id='word_1_59' title='bbox 655 1111 1036 1164; x_wconf 80' lang='lat' dir='ltr'><strong>devastaverat</strong></span> <span class='ocrx_word' id='word_1_60' title='bbox 1059 1109 1338 1163; x_wconf 56' lang='lat' dir='ltr'><strong>ecclesiam</strong></span> <span class='ocrx_word' id='word_1_61' title='bbox 1363 1109 1453 1161; x_wconf 86' lang='lat' dir='ltr'><strong>Dei</strong></span> <span class='ocrx_word' id='word_1_62' title='bbox 1482 1117 1496 1144; x_wconf 72' lang='grc' dir='ltr'>ί</span> <span class='ocrx_word' id='word_1_63' title='bbox 1517 1109 1677 1160; x_wconf 84' lang='lat' dir='ltr'><strong>intar-</strong></span> 
     </span>
    </p>
   </div>
   <div class='ocr_carea' id='block_1_10' title="bbox 133 1195 1675 1268">
    <p class='ocr_par' dir='ltr' id='par_1_10' title="bbox 133 1195 1675 1268">
     <span class='ocr_line' id='line_1_10' title="bbox 133 1195 1675 1268; baseline -0.007 -11"><span class='ocrx_word' id='word_1_64' title='bbox 133 1203 283 1257; x_wconf 73' lang='lat' dir='ltr'><strong>tixavit</strong></span> <span class='ocrx_word' id='word_1_65' title='bbox 306 1199 551 1256; x_wconf 78' lang='lat' dir='ltr'><strong>adversus</strong></span> <span class='ocrx_word' id='word_1_66' title='bbox 594 1196 801 1268; x_wconf 79' lang='lat' dir='ltr'><strong>[erexit</strong></span> <span class='ocrx_word' id='word_1_67' title='bbox 827 1213 908 1260; x_wconf 82' lang='lat' dir='ltr'><strong>se,</strong></span> <span class='ocrx_word' id='word_1_68' title='bbox 935 1196 1300 1268; x_wconf 68' lang='lat' dir='ltr'><strong>tyranniaivt]</strong></span> <span class='ocrx_word' id='word_1_69' title='bbox 1333 1195 1554 1250; x_wconf 88' lang='lat' dir='ltr'><strong>lsacium</strong></span> <span class='ocrx_word' id='word_1_70' title='bbox 1583 1211 1675 1261; x_wconf 87' lang='lat' dir='ltr'><strong>pa-</strong></span> 
     </span>
    </p>
   </div>
   <div class='ocr_carea' id='block_1_11' title="bbox 133 1286 1677 1356">
    <p class='ocr_par' dir='ltr' id='par_1_11' title="bbox 133 1286 1677 1356">
     <span class='ocr_line' id='line_1_11' title="bbox 133 1286 1677 1356; baseline -0.003 -12"><span class='ocrx_word' id='word_1_71' title='bbox 133 1293 322 1352; x_wconf 87' lang='lat' dir='ltr'><strong>tritium,</strong></span> <span class='ocrx_word' id='word_1_72' title='bbox 376 1299 429 1340; x_wconf 92' lang='lat' dir='ltr'><strong>et</strong></span> <span class='ocrx_word' id='word_1_73' title='bbox 481 1288 630 1340; x_wconf 81' lang='lat' dir='ltr'><strong>misit</strong></span> <span class='ocrx_word' id='word_1_74' title='bbox 682 1302 780 1355; x_wconf 89' lang='lat' dir='ltr'><strong>per</strong></span> <span class='ocrx_word' id='word_1_75' title='bbox 827 1289 1001 1341; x_wconf 82' lang='lat' dir='ltr'><strong>omnia</strong></span> <span class='ocrx_word' id='word_1_76' title='bbox 1030 1296 1224 1350; x_wconf 90' lang='lat' dir='ltr'><strong>castra,</strong></span> <span class='ocrx_word' id='word_1_77' title='bbox 1256 1303 1374 1356; x_wconf 75' lang='lat' dir='ltr'><strong>qua:</strong></span> <span class='ocrx_word' id='word_1_78' title='bbox 1400 1297 1554 1340; x_wconf 90' lang='lat' dir='ltr'><strong>erant</strong></span> <span class='ocrx_word' id='word_1_79' title='bbox 1578 1286 1677 1340; x_wconf 89' lang='lat' dir='ltr'><strong>sub</strong></span> 
     </span>
    </p>
   </div>
   <div class='ocr_carea' id='block_1_12' title="bbox 132 1375 1671 1444">
    <p class='ocr_par' dir='ltr' id='par_1_12' title="bbox 132 1375 1671 1444">
     <span class='ocr_line' id='line_1_12' title="bbox 132 1375 1671 1444; baseline -0.005 -12"><span class='ocrx_word' id='word_1_80' title='bbox 132 1381 312 1433; x_wconf 75' lang='lat' dir='ltr'><strong>civitate</strong></span> <span class='ocrx_word' id='word_1_81' title='bbox 352 1375 584 1430; x_wconf 88' lang='lat' dir='ltr'><strong>Romana</strong></span> <span class='ocrx_word' id='word_1_82' title='bbox 635 1391 742 1444; x_wconf 86' lang='lat' dir='ltr'><strong>per</strong></span> <span class='ocrx_word' id='word_1_83' title='bbox 769 1377 1067 1438; x_wconf 77' lang='lat' dir='ltr'><strong>circuitum,</strong></span> <span class='ocrx_word' id='word_1_84' title='bbox 1117 1388 1169 1428; x_wconf 89' lang='lat' dir='ltr'><strong>et</strong></span> <span class='ocrx_word' id='word_1_85' title='bbox 1197 1376 1671 1443; x_wconf 69' lang='lat' dir='ltr'><strong>congregavitem,</strong></span> 
     </span>
    </p>
   </div>
   <div class='ocr_carea' id='block_1_13' title="bbox 133 1453 1668 1536">
    <p class='ocr_par' dir='ltr' id='par_1_13' title="bbox 133 1453 1668 1536">
     <span class='ocr_line' id='line_1_13' title="bbox 133 1453 1668 1536; baseline -0.003 -14"><span class='ocrx_word' id='word_1_86' title='bbox 133 1484 177 1522; x_wconf 81' lang='lat' dir='ltr'><strong>et</strong></span> <span class='ocrx_word' id='word_1_87' title='bbox 214 1466 506 1522; x_wconf 76' lang='lat' dir='ltr'><strong>constrinxit</strong></span> <span class='ocrx_word' id='word_1_88' title='bbox 536 1481 597 1519; x_wconf 87' lang='lat' dir='ltr'><strong>se</strong></span> <span class='ocrx_word' id='word_1_89' title='bbox 626 1481 756 1520; x_wconf 91' lang='lat' dir='ltr'><strong>cum</strong></span> <span class='ocrx_word' id='word_1_90' title='bbox 791 1467 924 1533; x_wconf 85' lang='lat' dir='ltr'><strong>ipsis</strong></span> <span class='ocrx_word' id='word_1_91' title='bbox 956 1468 1005 1518; x_wconf 90' lang='lat' dir='ltr'><strong>in</strong></span> <span class='ocrx_word' id='word_1_92' title='bbox 1033 1453 1233 1536; x_wconf 82' lang='lat' dir='ltr'><strong>[secum</strong></span> <span class='ocrx_word' id='word_1_93' title='bbox 1265 1466 1406 1530; x_wconf 82' lang='lat' dir='ltr'><strong>ipsos</strong></span> <span class='ocrx_word' id='word_1_94' title='bbox 1437 1462 1554 1536; x_wconf 91' lang='lat' dir='ltr'><strong>per]</strong></span> <span class='ocrx_word' id='word_1_95' title='bbox 1580 1482 1668 1517; x_wconf 77' lang='lat' dir='ltr'><strong>sa—</strong></span> 
     </span>
    </p>
   </div>
   <div class='ocr_carea' id='block_1_14' title="bbox 133 1554 1677 1626">
    <p class='ocr_par' dir='ltr' id='par_1_14' title="bbox 133 1554 1677 1626">
     <span class='ocr_line' id='line_1_14' title="bbox 133 1554 1677 1626; baseline -0.004 -14"><span class='ocrx_word' id='word_1_96' title='bbox 133 1566 418 1612; x_wconf 81' lang='lat' dir='ltr'><strong>eramentuni</strong></span> <span class='ocrx_word' id='word_1_97' title='bbox 442 1554 860 1626; x_wconf 83' lang='lat' dir='ltr'><strong>[sacramento],</strong></span> <span class='ocrx_word' id='word_1_98' title='bbox 907 1565 959 1608; x_wconf 90' lang='lat' dir='ltr'><strong>ut</strong></span> <span class='ocrx_word' id='word_1_99' title='bbox 981 1554 1231 1621; x_wconf 81' lang='lat' dir='ltr'><strong>deinceps</strong></span> <span class='ocrx_word' id='word_1_100' title='bbox 1258 1555 1431 1607; x_wconf 89' lang='lat' dir='ltr'><strong>nullus</strong></span> <span class='ocrx_word' id='word_1_101' title='bbox 1460 1571 1520 1608; x_wconf 79' lang='lat' dir='ltr'><strong>ex</strong></span> <span class='ocrx_word' id='word_1_102' title='bbox 1549 1554 1677 1622; x_wconf 91' lang='lat' dir='ltr'><strong>ipsis</strong></span> 
     </span>
    </p>
   </div>
   <div class='ocr_carea' id='block_1_15' title="bbox 135 1643 1675 1714">
    <p class='ocr_par' dir='ltr' id='par_1_15' title="bbox 135 1643 1675 1714">
     <span class='ocr_line' id='line_1_15' title="bbox 135 1643 1675 1714; baseline -0.003 -14"><span class='ocrx_word' id='word_1_103' title='bbox 135 1648 408 1702; x_wconf 74' lang='lat' dir='ltr'><strong>‘debuisset</strong></span> <span class='ocrx_word' id='word_1_104' title='bbox 449 1643 678 1700; x_wconf 87' lang='lat' dir='ltr'><strong>obedire</strong></span> <span class='ocrx_word' id='word_1_105' title='bbox 737 1646 930 1709; x_wconf 83' lang='lat' dir='ltr'><strong>lsacio,</strong></span> <span class='ocrx_word' id='word_1_106' title='bbox 983 1660 1154 1714; x_wconf 88' lang='lat' dir='ltr'><strong>neque</strong></span> <span class='ocrx_word' id='word_1_107' title='bbox 1205 1644 1503 1698; x_wconf 83' lang='lat' dir='ltr'><strong>hominibus</strong></span> <span class='ocrx_word' id='word_1_108' title='bbox 1537 1643 1675 1712; x_wconf 86' lang='lat' dir='ltr'><strong>ejus,</strong></span> 
     </span>
    </p>
   </div>
   <div class='ocr_carea' id='block_1_16' title="bbox 135 1735 1678 1806">
    <p class='ocr_par' dir='ltr' id='par_1_16' title="bbox 135 1735 1678 1806">
     <span class='ocr_line' id='line_1_16' title="bbox 135 1735 1678 1806; baseline -0.004 -17"><span class='ocrx_word' id='word_1_109' title='bbox 135 1738 207 1806; x_wconf 79' lang='lat' dir='ltr'><strong>qui</strong></span> <span class='ocrx_word' id='word_1_110' title='bbox 243 1735 564 1790; x_wconf 79' lang='lat' dir='ltr'><strong>afﬁrmabant</strong></span> <span class='ocrx_word' id='word_1_111' title='bbox 613 1750 768 1798; x_wconf 90' lang='lat' dir='ltr'><strong>eum,</strong></span> <span class='ocrx_word' id='word_1_112' title='bbox 805 1735 930 1804; x_wconf 88' lang='lat' dir='ltr'><strong>quia</strong></span> <span class='ocrx_word' id='word_1_113' title='bbox 987 1735 1085 1788; x_wconf 85' lang='lat' dir='ltr'><strong>sibi</strong></span> <span class='ocrx_word' id='word_1_114' title='bbox 1141 1750 1306 1804; x_wconf 77' lang='lat' dir='ltr'><strong>regnu</strong></span> <span class='ocrx_word' id='word_1_115' title='bbox 1333 1755 1362 1785; x_wconf 88' lang='grc' dir='ltr'><strong>ιι</strong></span> <span class='ocrx_word' id='word_1_116' title='bbox 1405 1735 1678 1801; x_wconf 79' lang='lat' dir='ltr'><strong>imponere</strong></span> 
     </span>
    </p>
   </div>
   <div class='ocr_carea' id='block_1_17' title="bbox 135 1823 1678 1896">
    <p class='ocr_par' dir='ltr' id='par_1_17' title="bbox 135 1823 1678 1896">
     <span class='ocr_line' id='line_1_17' title="bbox 135 1823 1678 1896; baseline -0.003 -15"><span class='ocrx_word' id='word_1_117' title='bbox 135 1829 152 1858; x_wconf 84' lang='grc'><strong><em>⁸</em></strong></span> <span class='ocrx_word' id='word_1_118' title='bbox 167 1829 388 1881; x_wconf 69' lang='lat' dir='ltr'><strong>noluisset</strong></span> <span class='ocrx_word' id='word_1_119' title='bbox 411 1825 554 1896; x_wconf 80' lang='lat' dir='ltr'><strong>[quia</strong></span> <span class='ocrx_word' id='word_1_120' title='bbox 580 1823 898 1879; x_wconf 83' lang='lat' dir='ltr'><strong>afﬁrmabat</strong></span> <span class='ocrx_word' id='word_1_121' title='bbox 913 1840 1030 1879; x_wconf 90' lang='lat' dir='ltr'><strong>eum</strong></span> <span class='ocrx_word' id='word_1_122' title='bbox 1055 1823 1153 1877; x_wconf 81' lang='lat' dir='ltr'><strong>sibi</strong></span> <span class='ocrx_word' id='word_1_123' title='bbox 1172 1839 1384 1892; x_wconf 77' lang='lat' dir='ltr'><strong>regnum</strong></span> <span class='ocrx_word' id='word_1_124' title='bbox 1405 1823 1678 1888; x_wconf 74' lang='lat' dir='ltr'><strong>imponere</strong></span> 
     </span>
    </p>
   </div>
   <div class='ocr_carea' id='block_1_18' title="bbox 1777 643 3342 717">
    <p class='ocr_par' dir='ltr' id='par_1_18' title="bbox 1777 643 3342 717">
     <span class='ocr_line' id='line_1_18' title="bbox 1777 643 3342 717; baseline -0.003 -16"><span class='ocrx_word' id='word_1_125' title='bbox 1777 658 1799 686; x_wconf 74' lang='grc' dir='ltr'><strong>ο</strong></span> <span class='ocrx_word' id='word_1_126' title='bbox 1822 648 2059 701; x_wconf 82' lang='lat' dir='ltr'><strong>Ficuclas</strong></span> <span class='ocrx_word' id='word_1_127' title='bbox 2084 643 2351 717; x_wconf 81' lang='lat' dir='ltr'><strong>[Ficudas]</strong></span> <span class='ocrx_word' id='word_1_128' title='bbox 2382 645 2694 698; x_wconf 87' lang='lat' dir='ltr'><strong>duodecimo</strong></span> <span class='ocrx_word' id='word_1_129' title='bbox 2725 643 2970 696; x_wconf 89' lang='lat' dir='ltr'><strong>milliario</strong></span> <span class='ocrx_word' id='word_1_130' title='bbox 2991 657 3019 696; x_wconf 69' lang='grc' dir='ltr'><strong>ε</strong></span> <span class='ocrx_word' id='word_1_131' title='bbox 3038 644 3268 706; x_wconf 86' lang='lat' dir='ltr'><strong>civitate,</strong></span> <span class='ocrx_word' id='word_1_132' title='bbox 3290 655 3342 696; x_wconf 92' lang='lat' dir='ltr'><strong>ct</strong></span> 
     </span>
    </p>
   </div>
   <div class='ocr_carea' id='block_1_19' title="bbox 1775 733 3337 803">
    <p class='ocr_par' dir='ltr' id='par_1_19' title="bbox 1775 733 3337 803">
     <span class='ocr_line' id='line_1_19' title="bbox 1775 733 3337 803; baseline -0.003 -11"><span class='ocrx_word' id='word_1_133' title='bbox 1775 737 1846 792; x_wconf 90' lang='lat' dir='ltr'><strong>ibi</strong></span> <span class='ocrx_word' id='word_1_134' title='bbox 1893 738 2293 791; x_wconf 84' lang='lat' dir='ltr'><strong>deeollaverunt</strong></span> <span class='ocrx_word' id='word_1_135' title='bbox 2350 735 2672 797; x_wconf 76' lang='lat' dir='ltr'><strong>Mauritium,</strong></span> <span class='ocrx_word' id='word_1_136' title='bbox 2717 734 2837 803; x_wconf 88' lang='lat' dir='ltr'><strong>quia</strong></span> <span class='ocrx_word' id='word_1_137' title='bbox 2885 733 3042 787; x_wconf 88' lang='lat' dir='ltr'><strong>sicin</strong></span> <span class='ocrx_word' id='word_1_138' title='bbox 3074 735 3337 789; x_wconf 88' lang='lat' dir='ltr'><strong>mandatis</strong></span> 
     </span>
    </p>
   </div>
   <div class='ocr_carea' id='block_1_20' title="bbox 1775 825 3340 896">
    <p class='ocr_par' dir='ltr' id='par_1_20' title="bbox 1775 825 3340 896">
     <span class='ocr_line' id='line_1_20' title="bbox 1775 825 3340 896; baseline -0.003 -14"><span class='ocrx_word' id='word_1_139' title='bbox 1775 838 2091 896; x_wconf 88' lang='lat' dir='ltr'><strong>acceperant</strong></span> <span class='ocrx_word' id='word_1_140' title='bbox 2119 844 2146 880; x_wconf 90' lang='lat' dir='ltr'><strong>a</strong></span> <span class='ocrx_word' id='word_1_141' title='bbox 2195 827 2556 894; x_wconf 86' lang='lat' dir='ltr'><strong>suprascripto</strong></span> <span class='ocrx_word' id='word_1_142' title='bbox 2602 826 2790 886; x_wconf 86' lang='lat' dir='ltr'><strong>lsacio.</strong></span> <span class='ocrx_word' id='word_1_143' title='bbox 2823 835 2879 878; x_wconf 92' lang='lat' dir='ltr'><strong>ut</strong></span> <span class='ocrx_word' id='word_1_144' title='bbox 2903 825 3054 878; x_wconf 89' lang='lat' dir='ltr'><strong>vivus</strong></span> <span class='ocrx_word' id='word_1_145' title='bbox 3074 825 3340 879; x_wconf 88' lang='lat' dir='ltr'><strong>civitatem</strong></span> 
     </span>
    </p>
   </div>
   <div class='ocr_carea' id='block_1_21' title="bbox 1779 913 3342 982">
    <p class='ocr_par' dir='ltr' id='par_1_21' title="bbox 1779 913 3342 982">
     <span class='ocr_line' id='line_1_21' title="bbox 1779 913 3342 982; baseline -0.003 -12"><span class='ocrx_word' id='word_1_146' title='bbox 1779 918 2141 972; x_wconf 76' lang='lat' dir='ltr'><strong>Ravennatem</strong></span> <span class='ocrx_word' id='word_1_147' title='bbox 2187 933 2290 970; x_wconf 89' lang='lat' dir='ltr'><strong>non</strong></span> <span class='ocrx_word' id='word_1_148' title='bbox 2328 915 2712 982; x_wconf 79' lang='lat' dir='ltr'><strong>ingrederetur.</strong></span> <span class='ocrx_word' id='word_1_149' title='bbox 2750 914 2816 967; x_wconf 85' lang='lat' dir='ltr'><strong>Et</strong></span> <span class='ocrx_word' id='word_1_150' title='bbox 2844 924 3116 982; x_wconf 81' lang='lat' dir='ltr'><strong>postquam</strong></span> <span class='ocrx_word' id='word_1_151' title='bbox 3161 913 3342 967; x_wconf 87' lang='lat' dir='ltr'><strong>decol-</strong></span> 
     </span>
    </p>
   </div>
   <div class='ocr_carea' id='block_1_22' title="bbox 1778 1001 3342 1073">
    <p class='ocr_par' dir='ltr' id='par_1_22' title="bbox 1778 1001 3342 1073">
     <span class='ocr_line' id='line_1_22' title="bbox 1778 1001 3342 1073; baseline -0.004 -13"><span class='ocrx_word' id='word_1_152' title='bbox 1778 1006 1912 1060; x_wconf 89' lang='lat' dir='ltr'><strong>latus</strong></span> <span class='ocrx_word' id='word_1_153' title='bbox 1957 1016 2058 1069; x_wconf 85' lang='lat' dir='ltr'><strong>est,</strong></span> <span class='ocrx_word' id='word_1_154' title='bbox 2104 1006 2342 1060; x_wconf 78' lang='lat' dir='ltr'><strong>levantes</strong></span> <span class='ocrx_word' id='word_1_155' title='bbox 2385 1012 2544 1072; x_wconf 89' lang='lat' dir='ltr'><strong>caput</strong></span> <span class='ocrx_word' id='word_1_156' title='bbox 2568 1002 2708 1072; x_wconf 84' lang='lat' dir='ltr'><strong>ejus,</strong></span> <span class='ocrx_word' id='word_1_157' title='bbox 2739 1001 3342 1073; x_wconf 82' lang='lat' dir='ltr'><strong>duxerunt[portarunt[</strong></span> 
     </span>
    </p>
   </div>
   <div class='ocr_carea' id='block_1_23' title="bbox 1778 1093 3343 1163">
    <p class='ocr_par' dir='ltr' id='par_1_23' title="bbox 1778 1093 3343 1163">
     <span class='ocr_line' id='line_1_23' title="bbox 1778 1093 3343 1163; baseline -0.004 -12"><span class='ocrx_word' id='word_1_158' title='bbox 1778 1099 2108 1154; x_wconf 76' lang='lat' dir='ltr'><strong>llavennam.</strong></span> <span class='ocrx_word' id='word_1_159' title='bbox 2141 1098 2337 1154; x_wconf 76' lang='lat' dir='ltr'><strong>Videas</strong></span> <span class='ocrx_word' id='word_1_160' title='bbox 2370 1107 2546 1152; x_wconf 89' lang='lat' dir='ltr'><strong>autem</strong></span> <span class='ocrx_word' id='word_1_161' title='bbox 2581 1096 2772 1151; x_wconf 87' lang='lat' dir='ltr'><strong>lsacius</strong></span> <span class='ocrx_word' id='word_1_162' title='bbox 2801 1105 2958 1163; x_wconf 89' lang='lat' dir='ltr'><strong>caput</strong></span> <span class='ocrx_word' id='word_1_163' title='bbox 2987 1093 3229 1160; x_wconf 82' lang='lat' dir='ltr'><strong>Mauritii,</strong></span> <span class='ocrx_word' id='word_1_164' title='bbox 3255 1110 3343 1162; x_wconf 79' lang='lat' dir='ltr'><strong>ga-</strong></span> 
     </span>
    </p>
   </div>
   <div class='ocr_carea' id='block_1_24' title="bbox 1778 1185 3343 1250">
    <p class='ocr_par' dir='ltr' id='par_1_24' title="bbox 1778 1185 3343 1250">
     <span class='ocr_line' id='line_1_24' title="bbox 1778 1185 3343 1250; baseline -0.004 -10"><span class='ocrx_word' id='word_1_165' title='bbox 1778 1191 1919 1244; x_wconf 82' lang='lat' dir='ltr'><strong>visus</strong></span> <span class='ocrx_word' id='word_1_166' title='bbox 1966 1185 2087 1244; x_wconf 44' lang='lat' dir='ltr'><strong>est.</strong></span> <span class='ocrx_word' id='word_1_167' title='bbox 2131 1189 2196 1243; x_wconf 85' lang='lat' dir='ltr'><strong>Et</strong></span> <span class='ocrx_word' id='word_1_168' title='bbox 2221 1189 2346 1243; x_wconf 87' lang='lat' dir='ltr'><strong>fecit</strong></span> <span class='ocrx_word' id='word_1_169' title='bbox 2371 1189 2435 1242; x_wconf 92' lang='lat' dir='ltr'><strong>ad</strong></span> <span class='ocrx_word' id='word_1_170' title='bbox 2465 1187 2763 1250; x_wconf 78' lang='lat' dir='ltr'><strong>exemplum</strong></span> <span class='ocrx_word' id='word_1_171' title='bbox 2801 1188 3090 1238; x_wconf 91' lang='lat' dir='ltr'><strong>multorum</strong></span> <span class='ocrx_word' id='word_1_172' title='bbox 3122 1186 3172 1238; x_wconf 92' lang='lat' dir='ltr'><strong>in</strong></span> <span class='ocrx_word' id='word_1_173' title='bbox 3199 1185 3343 1237; x_wconf 90' lang='lat' dir='ltr'><strong>circo</strong></span> 
     </span>
    </p>
   </div>
   <div class='ocr_carea' id='block_1_25' title="bbox 1778 1275 3344 1348">
    <p class='ocr_par' dir='ltr' id='par_1_25' title="bbox 1778 1275 3344 1348">
     <span class='ocr_line' id='line_1_25' title="bbox 1778 1275 3344 1348; baseline -0.006 -16"><span class='ocrx_word' id='word_1_174' title='bbox 1778 1280 2085 1334; x_wconf 88' lang='lat' dir='ltr'><strong>Ravennate</strong></span> <span class='ocrx_word' id='word_1_175' title='bbox 2135 1281 2185 1332; x_wconf 85' lang='lat' dir='ltr'><strong>in</strong></span> <span class='ocrx_word' id='word_1_176' title='bbox 2233 1279 2468 1346; x_wconf 77' lang='lat' dir='ltr'><strong>Stipitem</strong></span> <span class='ocrx_word' id='word_1_177' title='bbox 2522 1277 2665 1345; x_wconf 90' lang='lat' dir='ltr'><strong>poni.</strong></span> <span class='ocrx_word' id='word_1_178' title='bbox 2718 1275 2838 1348; x_wconf 80' lang='lat' dir='ltr'><strong>lllps</strong></span> <span class='ocrx_word' id='word_1_179' title='bbox 2877 1285 3075 1335; x_wconf 85' lang='lat' dir='ltr'><strong>autem,</strong></span> <span class='ocrx_word' id='word_1_180' title='bbox 3105 1275 3193 1340; x_wconf 88' lang='lat' dir='ltr'><strong>qui</strong></span> <span class='ocrx_word' id='word_1_181' title='bbox 3226 1287 3344 1327; x_wconf 87' lang='lat' dir='ltr'><strong>cum</strong></span> 
     </span>
    </p>
   </div>
   <div class='ocr_carea' id='block_1_26' title="bbox 1779 1365 3350 1438">
    <p class='ocr_par' dir='ltr' id='par_1_26' title="bbox 1779 1365 3350 1438">
     <span class='ocr_line' id='line_1_26' title="bbox 1779 1365 3350 1438; baseline -0.006 -14"><span class='ocrx_word' id='word_1_182' title='bbox 1779 1371 1896 1438; x_wconf 91' lang='lat' dir='ltr'><strong>ipso</strong></span> <span class='ocrx_word' id='word_1_183' title='bbox 1929 1371 2112 1424; x_wconf 81' lang='lat' dir='ltr'><strong>directi</strong></span> <span class='ocrx_word' id='word_1_184' title='bbox 2140 1374 2367 1437; x_wconf 84' lang='lat' dir='ltr'><strong>fuerant,</strong></span> <span class='ocrx_word' id='word_1_185' title='bbox 2391 1383 2578 1422; x_wconf 80' lang='lat' dir='ltr'><strong>omnes</strong></span> <span class='ocrx_word' id='word_1_186' title='bbox 2605 1368 2886 1421; x_wconf 83' lang='lat' dir='ltr'><strong>iniboiatos</strong></span> <span class='ocrx_word' id='word_1_187' title='bbox 2910 1365 3162 1436; x_wconf 74' lang='lat' dir='ltr'><strong>[bojatosj</strong></span> <span class='ocrx_word' id='word_1_188' title='bbox 3192 1367 3350 1433; x_wconf 87' lang='lat' dir='ltr'><strong>jussit</strong></span> 
     </span>
    </p>
   </div>
   <div class='ocr_carea' id='block_1_27' title="bbox 1778 1460 3350 1527">
    <p class='ocr_par' dir='ltr' id='par_1_27' title="bbox 1778 1460 3350 1527">
     <span class='ocr_line' id='line_1_27' title="bbox 1778 1460 3350 1527; baseline -0.007 -11"><span class='ocrx_word' id='word_1_189' title='bbox 1778 1474 1923 1519; x_wconf 87' lang='lat' dir='ltr'><strong>arcta</strong></span> <span class='ocrx_word' id='word_1_190' title='bbox 1982 1463 2224 1518; x_wconf 88' lang='lat' dir='ltr'><strong>custodia</strong></span> <span class='ocrx_word' id='word_1_191' title='bbox 2265 1462 2316 1515; x_wconf 91' lang='lat' dir='ltr'><strong>in</strong></span> <span class='ocrx_word' id='word_1_192' title='bbox 2346 1476 2619 1516; x_wconf 86' lang='lat' dir='ltr'><strong>carcerem</strong></span> <span class='ocrx_word' id='word_1_193' title='bbox 2653 1462 2806 1522; x_wconf 88' lang='lat' dir='ltr'><strong>mi:ti,</strong></span> <span class='ocrx_word' id='word_1_194' title='bbox 2836 1460 3074 1527; x_wconf 82' lang='lat' dir='ltr'><strong>cogitans</strong></span> <span class='ocrx_word' id='word_1_195' title='bbox 3103 1472 3196 1510; x_wconf 86' lang='lat' dir='ltr'><strong>eos</strong></span> <span class='ocrx_word' id='word_1_196' title='bbox 3218 1473 3350 1525; x_wconf 81' lang='lat' dir='ltr'><strong>quo-</strong></span> 
     </span>
    </p>
   </div>
   <div class='ocr_carea' id='block_1_28' title="bbox 1781 1549 3350 1626">
    <p class='ocr_par' dir='ltr' id='par_1_28' title="bbox 1781 1549 3350 1626">
     <span class='ocr_line' id='line_1_28' title="bbox 1781 1549 3350 1626; baseline -0.006 -16"><span class='ocrx_word' id='word_1_197' title='bbox 1781 1559 1938 1611; x_wconf 89' lang='lat' dir='ltr'><strong>modo</strong></span> <span class='ocrx_word' id='word_1_198' title='bbox 1969 1557 2202 1626; x_wconf 81' lang='lat' dir='ltr'><strong>puniret,</strong></span> <span class='ocrx_word' id='word_1_199' title='bbox 2244 1555 2336 1609; x_wconf 89' lang='lat' dir='ltr'><strong>sed</strong></span> <span class='ocrx_word' id='word_1_200' title='bbox 2365 1569 2482 1609; x_wconf 87' lang='lat' dir='ltr'><strong>cum</strong></span> <span class='ocrx_word' id='word_1_201' title='bbox 2514 1569 2575 1606; x_wconf 87' lang='lat' dir='ltr'><strong>ea</strong></span> <span class='ocrx_word' id='word_1_202' title='bbox 2606 1561 2907 1620; x_wconf 79' lang='lat' dir='ltr'><strong>agerentur,</strong></span> <span class='ocrx_word' id='word_1_203' title='bbox 2941 1564 3060 1603; x_wconf 78' lang='lat' dir='ltr'><strong>mox</strong></span> <span class='ocrx_word' id='word_1_204' title='bbox 3093 1549 3180 1602; x_wconf 86' lang='lat' dir='ltr'><strong>Dei</strong></span> <span class='ocrx_word' id='word_1_205' title='bbox 3207 1549 3350 1616; x_wconf 81' lang='lat' dir='ltr'><strong>judi-</strong></span> 
     </span>
    </p>
   </div>
   <div class='ocr_carea' id='block_1_29' title="bbox 1778 1635 3350 1716">
    <p class='ocr_par' dir='ltr' id='par_1_29' title="bbox 1778 1635 3350 1716">
     <span class='ocr_line' id='line_1_29' title="bbox 1778 1635 3350 1716; baseline -0.011 -14"><span class='ocrx_word' id='word_1_206' title='bbox 1778 1648 1861 1702; x_wconf 92' lang='lat' dir='ltr'><strong>cio</strong></span> <span class='ocrx_word' id='word_1_207' title='bbox 1890 1648 2015 1716; x_wconf 78' lang='lat' dir='ltr'><strong>ipsis</strong></span> <span class='ocrx_word' id='word_1_208' title='bbox 2045 1646 2233 1699; x_wconf 89' lang='lat' dir='ltr'><strong>diebus</strong></span> <span class='ocrx_word' id='word_1_209' title='bbox 2263 1660 2544 1714; x_wconf 82' lang='lat' dir='ltr'><strong>percussus</strong></span> <span class='ocrx_word' id='word_1_210' title='bbox 2577 1642 2757 1695; x_wconf 80' lang='lat' dir='ltr'><strong>divino</strong></span> <span class='ocrx_word' id='word_1_211' title='bbox 2795 1641 2897 1694; x_wconf 90' lang='lat' dir='ltr'><strong>ictu</strong></span> <span class='ocrx_word' id='word_1_212' title='bbox 2931 1637 3134 1692; x_wconf 72' lang='lat' dir='ltr'><strong>interiit</strong></span> <span class='ocrx_word' id='word_1_213' title='bbox 3157 1635 3350 1692; x_wconf 67' lang='lat' dir='ltr'><strong>lsacius</strong></span> 
     </span>
    </p>
   </div>
   <div class='ocr_carea' id='block_1_30' title="bbox 1779 1729 3347 1796">
    <p class='ocr_par' dir='ltr' id='par_1_30' title="bbox 1779 1729 3347 1796">
     <span class='ocr_line' id='line_1_30' title="bbox 1779 1729 3347 1796; baseline -0.01 -7"><span class='ocrx_word' id='word_1_214' title='bbox 1779 1747 1833 1789; x_wconf 89' lang='lat' dir='ltr'><strong>et</strong></span> <span class='ocrx_word' id='word_1_215' title='bbox 1858 1747 2095 1789; x_wconf 62' lang='lat' dir='ltr'><strong>mortuus</strong></span> <span class='ocrx_word' id='word_1_216' title='bbox 2140 1743 2241 1788; x_wconf 81' lang='lat' dir='ltr'><strong>est.</strong></span> <span class='ocrx_word' id='word_1_217' title='bbox 2279 1733 2314 1785; x_wconf 93' lang='lat' dir='ltr'><strong>li</strong></span> <span class='ocrx_word' id='word_1_218' title='bbox 2346 1745 2543 1795; x_wconf 88' lang='lat' dir='ltr'><strong>autem,</strong></span> <span class='ocrx_word' id='word_1_219' title='bbox 2573 1733 2657 1796; x_wconf 86' lang='lat' dir='ltr'><strong>qui</strong></span> <span class='ocrx_word' id='word_1_220' title='bbox 2687 1729 2877 1782; x_wconf 84' lang='lat' dir='ltr'><strong>reclusi</strong></span> <span class='ocrx_word' id='word_1_221' title='bbox 2899 1736 3069 1785; x_wconf 86' lang='lat' dir='ltr'><strong>erant.</strong></span> <span class='ocrx_word' id='word_1_222' title='bbox 3094 1738 3347 1779; x_wconf 73' lang='lat' dir='ltr'><strong>exeuntes</strong></span> 
     </span>
    </p>
   </div>
   <div class='ocr_carea' id='block_1_31' title="bbox 1780 1817 3347 1890">
    <p class='ocr_par' dir='ltr' id='par_1_31' title="bbox 1780 1817 3347 1890">
     <span class='ocr_line' id='line_1_31' title="bbox 1780 1817 3347 1890; baseline -0.007 -11"><span class='ocrx_word' id='word_1_223' title='bbox 1780 1827 1846 1879; x_wconf 88' lang='lat' dir='ltr'><strong>de</strong></span> <span class='ocrx_word' id='word_1_224' title='bbox 1886 1840 2121 1890; x_wconf 82' lang='lat' dir='ltr'><strong>carcere,</strong></span> <span class='ocrx_word' id='word_1_225' title='bbox 2173 1824 2375 1877; x_wconf 73' lang='lat' dir='ltr'><strong>revt:rsi</strong></span> <span class='ocrx_word' id='word_1_226' title='bbox 2409 1833 2533 1876; x_wconf 89' lang='lat' dir='ltr'><strong>sunt</strong></span> <span class='ocrx_word' id='word_1_227' title='bbox 2575 1821 2764 1889; x_wconf 79' lang='lat' dir='ltr'><strong>singuli</strong></span> <span class='ocrx_word' id='word_1_228' title='bbox 2796 1836 2886 1888; x_wconf 82' lang='lat' dir='ltr'><strong>per</strong></span> <span class='ocrx_word' id='word_1_229' title='bbox 2917 1820 3027 1872; x_wconf 78' lang='lat' dir='ltr'><strong>loca</strong></span> <span class='ocrx_word' id='word_1_230' title='bbox 3053 1833 3162 1870; x_wconf 87' lang='lat' dir='ltr'><strong>sua.</strong></span> <span class='ocrx_word' id='word_1_231' title='bbox 3192 1817 3216 1853; x_wconf 74' lang='grc' dir='ltr'><em>ά</em></span> <span class='ocrx_word' id='word_1_232' title='bbox 3243 1820 3347 1869; x_wconf 78' lang='grc' dir='ltr'>Λιι-</span> 
     </span>
    </p>
   </div>
   <div class='ocr_carea' id='block_1_32' title="bbox 137 1909 3348 1989">
    <p class='ocr_par' dir='ltr' id='par_1_32' title="bbox 137 1909 3348 1989">
     <span class='ocr_line' id='line_1_32' title="bbox 137 1909 3348 1989; baseline -0.003 -16"><span class='ocrx_word' id='word_1_233' title='bbox 137 1917 285 1989; x_wconf 73' lang='lat' dir='ltr'><strong>ielle].</strong></span> <span class='ocrx_word' id='word_1_234' title='bbox 325 1915 554 1970; x_wconf 79' lang='lat' dir='ltr'><strong>Audiens</strong></span> <span class='ocrx_word' id='word_1_235' title='bbox 585 1917 705 1970; x_wconf 70' lang='lat' dir='ltr'><strong>haec</strong></span> <span class='ocrx_word' id='word_1_236' title='bbox 735 1909 938 1969; x_wconf 77' lang='lat' dir='ltr'><strong>[sai-ius</strong></span> <span class='ocrx_word' id='word_1_237' title='bbox 970 1914 1230 1983; x_wconf 84' lang='lat' dir='ltr'><strong>patritius,</strong></span> <span class='ocrx_word' id='word_1_238' title='bbox 1265 1928 1329 1968; x_wconf 88' lang='lat' dir='ltr'><strong>eo</strong></span> <span class='ocrx_word' id='word_1_239' title='bbox 1352 1917 1491 1982; x_wconf 86' lang='lat' dir='ltr'><strong>quod</strong></span> <span class='ocrx_word' id='word_1_240' title='bbox 1524 1914 1675 1968; x_wconf 74' lang='lat' dir='ltr'><strong>Mau-</strong></span> <span class='ocrx_word' id='word_1_241' title='bbox 1712 1909 1754 1968; x_wconf 82' lang='grc' dir='ltr'><strong>Β</strong></span> <span class='ocrx_word' id='word_1_242' title='bbox 1782 1921 1934 1973; x_wconf 88' lang='lat' dir='ltr'><strong>diens</strong></span> <span class='ocrx_word' id='word_1_243' title='bbox 1975 1921 2074 1972; x_wconf 91' lang='lat' dir='ltr'><strong>hoc</strong></span> <span class='ocrx_word' id='word_1_244' title='bbox 2117 1916 2422 1988; x_wconf 82' lang='lat' dir='ltr'><strong>[Constans]</strong></span> <span class='ocrx_word' id='word_1_245' title='bbox 2477 1919 2763 1982; x_wconf 77' lang='lat' dir='ltr'><strong>imperatur</strong></span> <span class='ocrx_word' id='word_1_246' title='bbox 2804 1913 2923 1981; x_wconf 86' lang='lat' dir='ltr'><strong>quia</strong></span> <span class='ocrx_word' id='word_1_247' title='bbox 2952 1912 3233 1966; x_wconf 85' lang='lat' dir='ltr'><strong>defunctus</strong></span> <span class='ocrx_word' id='word_1_248' title='bbox 3263 1924 3348 1964; x_wconf 76' lang='grc' dir='ltr'><strong>εει</strong></span> 
     </span>
    </p>
   </div>
   <div class='ocr_carea' id='block_1_33' title="bbox 137 2004 1675 2071">
    <p class='ocr_par' dir='ltr' id='par_1_33' title="bbox 137 2004 1675 2071">
     <span class='ocr_line' id='line_1_33' title="bbox 137 2004 1675 2071; baseline -0.006 -9"><span class='ocrx_word' id='word_1_249' title='bbox 137 2011 236 2062; x_wconf 84' lang='lat' dir='ltr'><strong>ritio</strong></span> <span class='ocrx_word' id='word_1_250' title='bbox 274 2008 437 2062; x_wconf 83' lang='lat' dir='ltr'><strong>omnis</strong></span> <span class='ocrx_word' id='word_1_251' title='bbox 481 2007 762 2060; x_wconf 78' lang='lat' dir='ltr'><strong>exercitus</strong></span> <span class='ocrx_word' id='word_1_252' title='bbox 811 2005 976 2058; x_wconf 81' lang='lat' dir='ltr'><strong>Italia:</strong></span> <span class='ocrx_word' id='word_1_253' title='bbox 1033 2013 1367 2058; x_wconf 86' lang='lat' dir='ltr'><strong>sacramenta</strong></span> <span class='ocrx_word' id='word_1_254' title='bbox 1419 2004 1675 2071; x_wconf 87' lang='lat' dir='ltr'><strong>dedisset,</strong></span> 
     </span>
    </p>
   </div>
   <div class='ocr_carea' id='block_1_34' title="bbox 137 2096 1680 2164">
    <p class='ocr_par' dir='ltr' id='par_1_34' title="bbox 137 2096 1680 2164">
     <span class='ocr_line' id='line_1_34' title="bbox 137 2096 1680 2164; baseline -0.003 -13"><span class='ocrx_word' id='word_1_255' title='bbox 137 2099 257 2152; x_wconf 83' lang='lat' dir='ltr'><strong>misit</strong></span> <span class='ocrx_word' id='word_1_256' title='bbox 279 2097 468 2151; x_wconf 87' lang='lat' dir='ltr'><strong>Donum</strong></span> <span class='ocrx_word' id='word_1_257' title='bbox 501 2096 829 2164; x_wconf 78' lang='lat' dir='ltr'><strong>magistrum</strong></span> <span class='ocrx_word' id='word_1_258' title='bbox 854 2096 1077 2148; x_wconf 90' lang='lat' dir='ltr'><strong>militum</strong></span> <span class='ocrx_word' id='word_1_259' title='bbox 1101 2107 1152 2150; x_wconf 91' lang='lat' dir='ltr'><strong>et</strong></span> <span class='ocrx_word' id='word_1_260' title='bbox 1168 2096 1498 2149; x_wconf 89' lang='lat' dir='ltr'><strong>sacellarium</strong></span> <span class='ocrx_word' id='word_1_261' title='bbox 1523 2110 1680 2149; x_wconf 83' lang='lat' dir='ltr'><strong>suum</strong></span> 
     </span>
    </p>
   </div>
   <div class='ocr_carea' id='block_1_35' title="bbox 136 2186 1680 2253">
    <p class='ocr_par' dir='ltr' id='par_1_35' title="bbox 136 2186 1680 2253">
     <span class='ocr_line' id='line_1_35' title="bbox 136 2186 1680 2253; baseline 0 -13"><span class='ocrx_word' id='word_1_262' title='bbox 136 2191 187 2241; x_wconf 76' lang='lat' dir='ltr'><strong>ad</strong></span> <span class='ocrx_word' id='word_1_263' title='bbox 216 2189 464 2241; x_wconf 84' lang='lat' dir='ltr'><strong>civitatein</strong></span> <span class='ocrx_word' id='word_1_264' title='bbox 513 2186 748 2239; x_wconf 75' lang='lat' dir='ltr'><strong>Ruinam</strong></span> <span class='ocrx_word' id='word_1_265' title='bbox 810 2202 930 2240; x_wconf 88' lang='lat' dir='ltr'><strong>cum</strong></span> <span class='ocrx_word' id='word_1_266' title='bbox 960 2188 1217 2240; x_wconf 54' lang='grc' dir='ltr'>εχει-ειμι.</span> <span class='ocrx_word' id='word_1_267' title='bbox 1252 2187 1347 2253; x_wconf 86' lang='lat' dir='ltr'><strong>Qui</strong></span> <span class='ocrx_word' id='word_1_268' title='bbox 1380 2188 1597 2240; x_wconf 87' lang='lat' dir='ltr'><strong>veniens</strong></span> <span class='ocrx_word' id='word_1_269' title='bbox 1629 2187 1680 2240; x_wconf 90' lang='lat' dir='ltr'><strong>in</strong></span> 
     </span>
    </p>
   </div>
   <div class='ocr_carea' id='block_1_36' title="bbox 137 2274 1684 2345">
    <p class='ocr_par' dir='ltr' id='par_1_36' title="bbox 137 2274 1684 2345">
     <span class='ocr_line' id='line_1_36' title="bbox 137 2274 1684 2345; baseline 0.001 -16"><span class='ocrx_word' id='word_1_270' title='bbox 137 2277 365 2329; x_wconf 77' lang='lat' dir='ltr'><strong>tivitatem</strong></span> <span class='ocrx_word' id='word_1_271' title='bbox 417 2274 746 2338; x_wconf 84' lang='lat' dir='ltr'><strong>Romanam,</strong></span> <span class='ocrx_word' id='word_1_272' title='bbox 802 2291 989 2329; x_wconf 89' lang='lat' dir='ltr'><strong>omnes</strong></span> <span class='ocrx_word' id='word_1_273' title='bbox 1028 2276 1254 2345; x_wconf 87' lang='lat' dir='ltr'><strong>judices,</strong></span> <span class='ocrx_word' id='word_1_274' title='bbox 1287 2292 1380 2330; x_wconf 91' lang='lat' dir='ltr'><strong>seu</strong></span> <span class='ocrx_word' id='word_1_275' title='bbox 1412 2278 1684 2331; x_wconf 75' lang='lat' dir='ltr'><strong>exercitus</strong></span> 
     </span>
    </p>
   </div>
   <div class='ocr_carea' id='block_1_37' title="bbox 139 2365 1678 2438">
    <p class='ocr_par' dir='ltr' id='par_1_37' title="bbox 139 2365 1678 2438">
     <span class='ocr_line' id='line_1_37' title="bbox 139 2365 1678 2438; baseline 0 -17"><span class='ocrx_word' id='word_1_276' title='bbox 139 2370 372 2421; x_wconf 75' lang='lat' dir='ltr'><strong>Romanus</strong></span> <span class='ocrx_word' id='word_1_277' title='bbox 408 2365 710 2438; x_wconf 78' lang='lat' dir='ltr'><strong>[Romani],</strong></span> <span class='ocrx_word' id='word_1_278' title='bbox 763 2369 853 2434; x_wconf 90' lang='lat' dir='ltr'><strong>qui</strong></span> <span class='ocrx_word' id='word_1_279' title='bbox 900 2368 1043 2434; x_wconf 92' lang='lat' dir='ltr'><strong>prius</strong></span> <span class='ocrx_word' id='word_1_280' title='bbox 1085 2382 1144 2421; x_wconf 90' lang='lat' dir='ltr'><strong>se</strong></span> <span class='ocrx_word' id='word_1_281' title='bbox 1171 2383 1290 2421; x_wconf 89' lang='lat' dir='ltr'><strong>cum</strong></span> <span class='ocrx_word' id='word_1_282' title='bbox 1316 2367 1559 2422; x_wconf 85' lang='lat' dir='ltr'><strong>Mauritio</strong></span> <span class='ocrx_word' id='word_1_283' title='bbox 1589 2383 1678 2421; x_wconf 86' lang='lat' dir='ltr'><strong>sa-</strong></span> 
     </span>
    </p>
   </div>
   <div class='ocr_carea' id='block_1_38' title="bbox 139 2460 1683 2526">
    <p class='ocr_par' dir='ltr' id='par_1_38' title="bbox 139 2460 1683 2526">
     <span class='ocr_line' id='line_1_38' title="bbox 139 2460 1683 2526; baseline 0.003 -14"><span class='ocrx_word' id='word_1_284' title='bbox 139 2471 374 2513; x_wconf 80' lang='lat' dir='ltr'><strong>cramento</strong></span> <span class='ocrx_word' id='word_1_285' title='bbox 426 2460 888 2526; x_wconf 79' lang='lat' dir='ltr'><strong>constrinxerant,</strong></span> <span class='ocrx_word' id='word_1_286' title='bbox 940 2463 1130 2514; x_wconf 89' lang='lat' dir='ltr'><strong>timore</strong></span> <span class='ocrx_word' id='word_1_287' title='bbox 1170 2461 1311 2514; x_wconf 90' lang='lat' dir='ltr'><strong>ducti</strong></span> <span class='ocrx_word' id='word_1_288' title='bbox 1354 2462 1683 2517; x_wconf 75' lang='lat' dir='ltr'><strong>ditnittentes</strong></span> 
     </span>
    </p>
   </div>
   <div class='ocr_carea' id='block_1_39' title="bbox 138 2539 1682 2621">
    <p class='ocr_par' dir='ltr' id='par_1_39' title="bbox 138 2539 1682 2621">
     <span class='ocr_line' id='line_1_39' title="bbox 138 2539 1682 2621; baseline 0.001 -17"><span class='ocrx_word' id='word_1_289' title='bbox 138 2551 399 2605; x_wconf 77' lang='lat' dir='ltr'><strong>llauritinm</strong></span> <span class='ocrx_word' id='word_1_290' title='bbox 417 2599 432 2603; x_wconf 30' lang='grc' dir='ltr'><strong>ι</strong></span> <span class='ocrx_word' id='word_1_291' title='bbox 454 2551 876 2617; x_wconf 84' lang='lat' dir='ltr'><strong>chartularium,</strong></span> <span class='ocrx_word' id='word_1_292' title='bbox 901 2566 1086 2605; x_wconf 89' lang='lat' dir='ltr'><strong>omnes</strong></span> <span class='ocrx_word' id='word_1_293' title='bbox 1108 2566 1165 2605; x_wconf 88' lang='lat' dir='ltr'><strong>se</strong></span> <span class='ocrx_word' id='word_1_294' title='bbox 1187 2567 1306 2605; x_wconf 90' lang='lat' dir='ltr'><strong>cum</strong></span> <span class='ocrx_word' id='word_1_295' title='bbox 1341 2539 1488 2604; x_wconf 84' lang='lat' dir='ltr'><strong>Dono</strong></span> <span class='ocrx_word' id='word_1_296' title='bbox 1513 2553 1533 2580; x_wconf 67' lang='grc'>³</span> <span class='ocrx_word' id='word_1_297' title='bbox 1560 2554 1682 2621; x_wconf 87' lang='lat' dir='ltr'><strong>jun-</strong></span> 
     </span>
    </p>
   </div>
   <div class='ocr_carea' id='block_1_40' title="bbox 141 2641 1684 2718">
    <p class='ocr_par' dir='ltr' id='par_1_40' title="bbox 141 2641 1684 2718">
     <span class='ocr_line' id='line_1_40' title="bbox 141 2641 1684 2718; baseline 0.003 -26"><span class='ocrx_word' id='word_1_298' title='bbox 141 2652 302 2694; x_wconf 72' lang='lat' dir='ltr'><strong>xerunt</strong></span> <span class='ocrx_word' id='word_1_299' title='bbox 329 2641 533 2711; x_wconf 85' lang='lat' dir='ltr'><strong>[omnes</strong></span> <span class='ocrx_word' id='word_1_300' title='bbox 574 2656 640 2696; x_wconf 88' lang='lat' dir='ltr'><strong>se</strong></span> <span class='ocrx_word' id='word_1_301' title='bbox 676 2643 742 2694; x_wconf 88' lang='lat' dir='ltr'><strong>ad</strong></span> <span class='ocrx_word' id='word_1_302' title='bbox 775 2644 915 2718; x_wconf 77' lang='lat' dir='ltr'><strong>dona</strong></span> <span class='ocrx_word' id='word_1_303' title='bbox 943 2641 1251 2711; x_wconf 77' lang='lat' dir='ltr'><strong>verterunt].</strong></span> <span class='ocrx_word' id='word_1_304' title='bbox 1282 2642 1603 2712; x_wconf 61' lang='lat' dir='ltr'><strong>Etingresso</strong></span> <span class='ocrx_word' id='word_1_305' title='bbox 1619 2659 1684 2696; x_wconf 88' lang='lat' dir='ltr'><strong>eo</strong></span> 
     </span>
    </p>
   </div>
   <div class='ocr_carea' id='block_1_41' title="bbox 139 2731 1684 2801">
    <p class='ocr_par' dir='ltr' id='par_1_41' title="bbox 139 2731 1684 2801">
     <span class='ocr_line' id='line_1_41' title="bbox 139 2731 1684 2801; baseline 0.001 -16"><span class='ocrx_word' id='word_1_306' title='bbox 139 2734 331 2786; x_wconf 79' lang='lat' dir='ltr'><strong>Romam</strong></span> <span class='ocrx_word' id='word_1_307' title='bbox 370 2731 498 2801; x_wconf 79' lang='lat' dir='ltr'><strong>fugit</strong></span> <span class='ocrx_word' id='word_1_308' title='bbox 539 2733 826 2786; x_wconf 73' lang='lat' dir='ltr'><strong>Mauritius</strong></span> <span class='ocrx_word' id='word_1_309' title='bbox 854 2733 918 2785; x_wconf 89' lang='lat' dir='ltr'><strong>ad</strong></span> <span class='ocrx_word' id='word_1_310' title='bbox 960 2734 1166 2787; x_wconf 87' lang='lat' dir='ltr'><strong>beatam</strong></span> <span class='ocrx_word' id='word_1_311' title='bbox 1199 2733 1416 2786; x_wconf 81' lang='lat' dir='ltr'><strong>Mariam</strong></span> <span class='ocrx_word' id='word_1_312' title='bbox 1445 2734 1509 2786; x_wconf 92' lang='lat' dir='ltr'><strong>ad</strong></span> <span class='ocrx_word' id='word_1_313' title='bbox 1545 2733 1684 2786; x_wconf 64' lang='lat' dir='ltr'><strong>Prte-</strong></span> 
     </span>
    </p>
   </div>
   <div class='ocr_carea' id='block_1_42' title="bbox 140 2822 1686 2892">
    <p class='ocr_par' dir='ltr' id='par_1_42' title="bbox 140 2822 1686 2892">
     <span class='ocr_line' id='line_1_42' title="bbox 140 2822 1686 2892; baseline -0.001 -15"><span class='ocrx_word' id='word_1_314' title='bbox 140 2839 264 2890; x_wconf 79' lang='lat' dir='ltr'><strong>sepe,</strong></span> <span class='ocrx_word' id='word_1_315' title='bbox 311 2839 462 2892; x_wconf 86' lang='lat' dir='ltr'><strong>quem</strong></span> <span class='ocrx_word' id='word_1_316' title='bbox 510 2824 768 2877; x_wconf 89' lang='lat' dir='ltr'><strong>tollentes</strong></span> <span class='ocrx_word' id='word_1_317' title='bbox 813 2824 879 2875; x_wconf 87' lang='lat' dir='ltr'><strong>de</strong></span> <span class='ocrx_word' id='word_1_318' title='bbox 910 2823 1134 2878; x_wconf 85' lang='lat' dir='ltr'><strong>ecclesia</strong></span> <span class='ocrx_word' id='word_1_319' title='bbox 1167 2824 1428 2877; x_wconf 82' lang='lat' dir='ltr'><strong>miserunt</strong></span> <span class='ocrx_word' id='word_1_320' title='bbox 1459 2822 1483 2860; x_wconf 68' lang='grc' dir='ltr'><strong>ιι</strong></span> <span class='ocrx_word' id='word_1_321' title='bbox 1513 2824 1686 2876; x_wconf 87' lang='lat' dir='ltr'><strong>boiam</strong></span> 
     </span>
    </p>
   </div>
   <div class='ocr_carea' id='block_1_43' title="bbox 140 2910 1688 2980">
    <p class='ocr_par' dir='ltr' id='par_1_43' title="bbox 140 2910 1688 2980">
     <span class='ocr_line' id='line_1_43' title="bbox 140 2910 1688 2980; baseline -0.001 -15"><span class='ocrx_word' id='word_1_322' title='bbox 140 2914 182 2965; x_wconf 93' lang='lat' dir='ltr'><strong>in</strong></span> <span class='ocrx_word' id='word_1_323' title='bbox 220 2912 394 2965; x_wconf 86' lang='lat' dir='ltr'><strong>collum</strong></span> <span class='ocrx_word' id='word_1_324' title='bbox 439 2911 575 2980; x_wconf 82' lang='lat' dir='ltr'><strong>ejus.</strong></span> <span class='ocrx_word' id='word_1_325' title='bbox 631 2911 900 2967; x_wconf 81' lang='lat' dir='ltr'><strong>Similiter</strong></span> <span class='ocrx_word' id='word_1_326' title='bbox 942 2922 994 2965; x_wconf 92' lang='lat' dir='ltr'><strong>et</strong></span> <span class='ocrx_word' id='word_1_327' title='bbox 1023 2925 1231 2976; x_wconf 75' lang='lat' dir='ltr'><strong>omnes,</strong></span> <span class='ocrx_word' id='word_1_328' title='bbox 1259 2912 1348 2978; x_wconf 88' lang='lat' dir='ltr'><strong>qui</strong></span> <span class='ocrx_word' id='word_1_329' title='bbox 1381 2911 1432 2964; x_wconf 93' lang='lat' dir='ltr'><strong>in</strong></span> <span class='ocrx_word' id='word_1_330' title='bbox 1463 2910 1688 2964; x_wconf 72' lang='lat' dir='ltr'><strong>consilio</strong></span> 
     </span>
    </p>
   </div>
   <div class='ocr_carea' id='block_1_44' title="bbox 142 3000 1691 3074">
    <p class='ocr_par' dir='ltr' id='par_1_44' title="bbox 142 3000 1691 3074">
     <span class='ocr_line' id='line_1_44' title="bbox 142 3000 1691 3074; baseline 0.001 -20"><span class='ocrx_word' id='word_1_331' title='bbox 142 3018 242 3055; x_wconf 72' lang='lat' dir='ltr'><strong>cum</strong></span> <span class='ocrx_word' id='word_1_332' title='bbox 285 3003 393 3070; x_wconf 73' lang='lat' dir='ltr'><strong>ipso</strong></span> <span class='ocrx_word' id='word_1_333' title='bbox 449 3005 688 3068; x_wconf 88' lang='lat' dir='ltr'><strong>fuerant,</strong></span> <span class='ocrx_word' id='word_1_334' title='bbox 721 3003 1004 3057; x_wconf 88' lang='lat' dir='ltr'><strong>imboiatos</strong></span> <span class='ocrx_word' id='word_1_335' title='bbox 1035 3000 1283 3074; x_wconf 75' lang='lat' dir='ltr'><strong>[bojatos]</strong></span> <span class='ocrx_word' id='word_1_336' title='bbox 1316 3001 1458 3054; x_wconf 90' lang='lat' dir='ltr'><strong>misit</strong></span> <span class='ocrx_word' id='word_1_337' title='bbox 1486 3000 1691 3056; x_wconf 80' lang='lat' dir='ltr'><strong>Raven-</strong></span> 
     </span>
    </p>
   </div>
   <div class='ocr_carea' id='block_1_45' title="bbox 145 3094 1690 3165">
    <p class='ocr_par' dir='ltr' id='par_1_45' title="bbox 145 3094 1690 3165">
     <span class='ocr_line' id='line_1_45' title="bbox 145 3094 1690 3165; baseline 0 -18"><span class='ocrx_word' id='word_1_338' title='bbox 145 3109 244 3147; x_wconf 81' lang='lat' dir='ltr'><strong>nam</strong></span> <span class='ocrx_word' id='word_1_339' title='bbox 275 3111 360 3162; x_wconf 88' lang='lat' dir='ltr'><strong>per</strong></span> <span class='ocrx_word' id='word_1_340' title='bbox 384 3110 573 3150; x_wconf 87' lang='lat' dir='ltr'><strong>manus</strong></span> <span class='ocrx_word' id='word_1_341' title='bbox 606 3095 838 3149; x_wconf 75' lang='lat' dir='ltr'><strong>Maurini</strong></span> <span class='ocrx_word' id='word_1_342' title='bbox 862 3095 1144 3158; x_wconf 89' lang='lat' dir='ltr'><strong>scribonis,</strong></span> <span class='ocrx_word' id='word_1_343' title='bbox 1177 3105 1230 3149; x_wconf 92' lang='lat' dir='ltr'><strong>et</strong></span> <span class='ocrx_word' id='word_1_344' title='bbox 1252 3096 1492 3149; x_wconf 88' lang='lat' dir='ltr'><strong>&#39;l‘bomati</strong></span> <span class='ocrx_word' id='word_1_345' title='bbox 1525 3094 1690 3165; x_wconf 84' lang='lat' dir='ltr'><strong>[&#39;l‘ho-&#39;</strong></span> 
     </span>
    </p>
   </div>
   <div class='ocr_carea' id='block_1_46' title="bbox 1784 1999 3350 2074">
    <p class='ocr_par' dir='ltr' id='par_1_46' title="bbox 1784 1999 3350 2074">
     <span class='ocr_line' id='line_1_46' title="bbox 1784 1999 3350 2074; baseline -0.008 -11"><span class='ocrx_word' id='word_1_346' title='bbox 1784 2011 2003 2074; x_wconf 89' lang='lat' dir='ltr'><strong>lsacius,</strong></span> <span class='ocrx_word' id='word_1_347' title='bbox 2054 2008 2197 2061; x_wconf 89' lang='lat' dir='ltr'><strong>misit</strong></span> <span class='ocrx_word' id='word_1_348' title='bbox 2235 2007 2575 2060; x_wconf 85' lang='lat' dir='ltr'><strong>Theodorum</strong></span> <span class='ocrx_word' id='word_1_349' title='bbox 2622 2004 2889 2072; x_wconf 76' lang='lat' dir='ltr'><strong>pall‘ilillm</strong></span> <span class='ocrx_word' id='word_1_350' title='bbox 2928 2001 3233 2062; x_wconf 90' lang='lat' dir='ltr'><strong>esarcbum,</strong></span> <span class='ocrx_word' id='word_1_351' title='bbox 3267 1999 3350 2051; x_wconf 86' lang='lat' dir='ltr'><strong>cui</strong></span> 
     </span>
    </p>
   </div>
   <div class='ocr_carea' id='block_1_47' title="bbox 1782 2091 3352 2168">
    <p class='ocr_par' dir='ltr' id='par_1_47' title="bbox 1782 2091 3352 2168">
     <span class='ocr_line' id='line_1_47' title="bbox 1782 2091 3352 2168; baseline -0.004 -17"><span class='ocrx_word' id='word_1_352' title='bbox 1782 2106 2188 2168; x_wconf 80' lang='lat' dir='ltr'><strong>cognomentum</strong></span> <span class='ocrx_word' id='word_1_353' title='bbox 2235 2095 2493 2161; x_wconf 88' lang='lat' dir='ltr'><strong>Calliopa,</strong></span> <span class='ocrx_word' id='word_1_354' title='bbox 2552 2096 2614 2146; x_wconf 88' lang='lat' dir='ltr'><strong>ad</strong></span> <span class='ocrx_word' id='word_1_355' title='bbox 2665 2092 2950 2161; x_wconf 78' lang='lat' dir='ltr'><strong>regendam</strong></span> <span class='ocrx_word' id='word_1_356' title='bbox 2997 2107 3207 2144; x_wconf 91' lang='lat' dir='ltr'><strong>omnem</strong></span> <span class='ocrx_word' id='word_1_357' title='bbox 3242 2091 3352 2144; x_wconf 87' lang='lat' dir='ltr'><strong>Ita-</strong></span> 
     </span>
    </p>
   </div>
   <div class='ocr_carea' id='block_1_48' title="bbox 1783 2182 3352 2253">
    <p class='ocr_par' dir='ltr' id='par_1_48' title="bbox 1783 2182 3352 2253">
     <span class='ocr_line' id='line_1_48' title="bbox 1783 2182 3352 2253; baseline -0.001 -12"><span class='ocrx_word' id='word_1_358' title='bbox 1783 2187 1926 2242; x_wconf 87' lang='lat' dir='ltr'><strong>liam.</strong></span> <span class='ocrx_word' id='word_1_359' title='bbox 1952 2209 1954 2211; x_wconf 28' lang='lat'><strong><em>»</em></strong></span> <span class='ocrx_word' id='word_1_360' title='bbox 1980 2188 2001 2215; x_wconf 75' lang='lat'>°</span> <span class='ocrx_word' id='word_1_361' title='bbox 2057 2185 2186 2253; x_wconf 62' lang='lat' dir='ltr'><strong>Ipsis</strong></span> <span class='ocrx_word' id='word_1_362' title='bbox 2236 2186 2564 2253; x_wconf 87' lang='lat' dir='ltr'><strong>temporibus</strong></span> <span class='ocrx_word' id='word_1_363' title='bbox 2615 2184 2762 2236; x_wconf 90' lang='lat' dir='ltr'><strong>venit</strong></span> <span class='ocrx_word' id='word_1_364' title='bbox 2791 2183 3025 2250; x_wconf 81' lang='lat' dir='ltr'><strong>Pyrrhus</strong></span> <span class='ocrx_word' id='word_1_365' title='bbox 3055 2199 3120 2234; x_wconf 79' lang='lat' dir='ltr'><strong>ex</strong></span> <span class='ocrx_word' id='word_1_366' title='bbox 3153 2182 3352 2239; x_wconf 79' lang='lat' dir='ltr'><strong>Africa.</strong></span> 
     </span>
    </p>
   </div>
   <div class='ocr_carea' id='block_1_49' title="bbox 1784 2274 3348 2348">
    <p class='ocr_par' dir='ltr' id='par_1_49' title="bbox 1784 2274 3348 2348">
     <span class='ocr_line' id='line_1_49' title="bbox 1784 2274 3348 2348; baseline -0.004 -15"><span class='ocrx_word' id='word_1_367' title='bbox 1784 2280 1873 2348; x_wconf 88' lang='lat' dir='ltr'><strong>qui</strong></span> <span class='ocrx_word' id='word_1_368' title='bbox 1926 2279 2089 2332; x_wconf 86' lang='lat' dir='ltr'><strong>fuerat</strong></span> <span class='ocrx_word' id='word_1_369' title='bbox 2123 2279 2416 2347; x_wconf 82' lang='lat' dir='ltr'><strong>patriarcha</strong></span> <span class='ocrx_word' id='word_1_370' title='bbox 2439 2278 2548 2330; x_wconf 86' lang='lat' dir='ltr'><strong>Con</strong></span> <span class='ocrx_word' id='word_1_371' title='bbox 2583 2276 3055 2342; x_wconf 85' lang='lat' dir='ltr'><strong>tantin0p0|itanus</strong></span> <span class='ocrx_word' id='word_1_372' title='bbox 3085 2275 3134 2325; x_wconf 91' lang='lat' dir='ltr'><strong>in</strong></span> <span class='ocrx_word' id='word_1_373' title='bbox 3168 2274 3348 2328; x_wconf 87' lang='lat' dir='ltr'><strong>urbem</strong></span> 
     </span>
    </p>
   </div>
   <div class='ocr_carea' id='block_1_50' title="bbox 1789 2353 3352 2441">
    <p class='ocr_par' dir='ltr' id='par_1_50' title="bbox 1789 2353 3352 2441">
     <span class='ocr_line' id='line_1_50' title="bbox 1789 2353 3352 2441; baseline -0.006 -15"><span class='ocrx_word' id='word_1_374' title='bbox 1789 2371 2012 2427; x_wconf 86' lang='lat' dir='ltr'><strong>Romam</strong></span> <span class='ocrx_word' id='word_1_375' title='bbox 2064 2370 2322 2441; x_wconf 79' lang='lat' dir='ltr'><strong>[Pyrrhus</strong></span> <span class='ocrx_word' id='word_1_376' title='bbox 2385 2369 2679 2438; x_wconf 83' lang='lat' dir='ltr'><strong>patriarcha</strong></span> <span class='ocrx_word' id='word_1_377' title='bbox 2734 2353 3352 2434; x_wconf 72' lang='lat' dir='ltr'><strong>Constantinapi-litantis</strong></span> 
     </span>
    </p>
   </div>
   <div class='ocr_carea' id='block_1_51' title="bbox 1785 2459 3353 2532">
    <p class='ocr_par' dir='ltr' id='par_1_51' title="bbox 1785 2459 3353 2532">
     <span class='ocr_line' id='line_1_51' title="bbox 1785 2459 3353 2532; baseline -0.006 -15"><span class='ocrx_word' id='word_1_378' title='bbox 1785 2468 1931 2519; x_wconf 91' lang='lat' dir='ltr'><strong>venit</strong></span> <span class='ocrx_word' id='word_1_379' title='bbox 1958 2461 2204 2532; x_wconf 79' lang='lat' dir='ltr'><strong>Romam]</strong></span> <span class='ocrx_word' id='word_1_380' title='bbox 2236 2462 2300 2516; x_wconf 89' lang='lat' dir='ltr'><strong>ad</strong></span> <span class='ocrx_word' id='word_1_381' title='bbox 2333 2463 2510 2515; x_wconf 87' lang='lat' dir='ltr'><strong>limina</strong></span> <span class='ocrx_word' id='word_1_382' title='bbox 2537 2461 2915 2528; x_wconf 75' lang='lat' dir='ltr'><strong>apostolorum.</strong></span> <span class='ocrx_word' id='word_1_383' title='bbox 2961 2459 3059 2522; x_wconf 87' lang='lat' dir='ltr'><strong>Qui</strong></span> <span class='ocrx_word' id='word_1_384' title='bbox 3086 2461 3353 2526; x_wconf 78' lang='lat' dir='ltr'><strong>ingressus</strong></span> 
     </span>
    </p>
   </div>
   <div class='ocr_carea' id='block_1_52' title="bbox 1786 2550 3354 2617">
    <p class='ocr_par' dir='ltr' id='par_1_52' title="bbox 1786 2550 3354 2617">
     <span class='ocr_line' id='line_1_52' title="bbox 1786 2550 3354 2617; baseline -0.007 -6"><span class='ocrx_word' id='word_1_385' title='bbox 1786 2555 2019 2612; x_wconf 88' lang='lat' dir='ltr'><strong>libellum</strong></span> <span class='ocrx_word' id='word_1_386' title='bbox 2073 2556 2264 2608; x_wconf 88' lang='lat' dir='ltr'><strong>obtulit</strong></span> <span class='ocrx_word' id='word_1_387' title='bbox 2313 2569 2432 2608; x_wconf 91' lang='lat' dir='ltr'><strong>cum</strong></span> <span class='ocrx_word' id='word_1_388' title='bbox 2485 2568 2578 2606; x_wconf 86' lang='lat' dir='ltr'><strong>sua</strong></span> <span class='ocrx_word' id='word_1_389' title='bbox 2607 2552 3002 2617; x_wconf 87' lang='lat' dir='ltr'><strong>subscriptione</strong></span> <span class='ocrx_word' id='word_1_390' title='bbox 3053 2550 3354 2616; x_wconf 71' lang='lat' dir='ltr'><strong>apostolicm</strong></span> 
     </span>
    </p>
   </div>
   <div class='ocr_carea' id='block_1_53' title="bbox 1787 2640 3354 2712">
    <p class='ocr_par' dir='ltr' id='par_1_53' title="bbox 1787 2640 3354 2712">
     <span class='ocr_line' id='line_1_53' title="bbox 1787 2640 3354 2712; baseline -0.007 -12"><span class='ocrx_word' id='word_1_391' title='bbox 1787 2658 1982 2700; x_wconf 77' lang='lat' dir='ltr'><strong>nostra:</strong></span> <span class='ocrx_word' id='word_1_392' title='bbox 2012 2646 2122 2700; x_wconf 86' lang='lat' dir='ltr'><strong>sedi</strong></span> <span class='ocrx_word' id='word_1_393' title='bbox 2152 2646 2203 2698; x_wconf 92' lang='lat' dir='ltr'><strong>in</strong></span> <span class='ocrx_word' id='word_1_394' title='bbox 2236 2643 2516 2712; x_wconf 82' lang='lat' dir='ltr'><strong>pr.eseotia</strong></span> <span class='ocrx_word' id='word_1_395' title='bbox 2547 2644 2721 2695; x_wconf 91' lang='lat' dir='ltr'><strong>cuncti</strong></span> <span class='ocrx_word' id='word_1_396' title='bbox 2749 2642 2879 2695; x_wconf 88' lang='lat' dir='ltr'><strong>cieri</strong></span> <span class='ocrx_word' id='word_1_397' title='bbox 2912 2651 2964 2694; x_wconf 93' lang='lat' dir='ltr'><strong>et</strong></span> <span class='ocrx_word' id='word_1_398' title='bbox 2997 2640 3195 2708; x_wconf 71' lang='lat' dir='ltr'><strong>pepuli,</strong></span> <span class='ocrx_word' id='word_1_399' title='bbox 3227 2652 3354 2692; x_wconf 62' lang='lat' dir='ltr'><strong>eone</strong></span> 
     </span>
    </p>
   </div>
   <div class='ocr_carea' id='block_1_54' title="bbox 1787 2729 3355 2797">
    <p class='ocr_par' dir='ltr' id='par_1_54' title="bbox 1787 2729 3355 2797">
     <span class='ocr_line' id='line_1_54' title="bbox 1787 2729 3355 2797; baseline -0.006 -8"><span class='ocrx_word' id='word_1_400' title='bbox 1787 2737 2048 2789; x_wconf 87' lang='lat' dir='ltr'><strong>demnans</strong></span> <span class='ocrx_word' id='word_1_401' title='bbox 2101 2734 2151 2787; x_wconf 90' lang='lat' dir='ltr'><strong>in</strong></span> <span class='ocrx_word' id='word_1_402' title='bbox 2198 2733 2386 2787; x_wconf 90' lang='lat' dir='ltr'><strong>eodem</strong></span> <span class='ocrx_word' id='word_1_403' title='bbox 2441 2733 2619 2785; x_wconf 91' lang='lat' dir='ltr'><strong>libello</strong></span> <span class='ocrx_word' id='word_1_404' title='bbox 2671 2733 2850 2783; x_wconf 86' lang='lat' dir='ltr'><strong>omnia</strong></span> <span class='ocrx_word' id='word_1_405' title='bbox 2899 2745 3014 2797; x_wconf 84' lang='lat' dir='ltr'><strong>qua:</strong></span> <span class='ocrx_word' id='word_1_406' title='bbox 3043 2747 3068 2780; x_wconf 91' lang='lat' dir='ltr'><strong>a</strong></span> <span class='ocrx_word' id='word_1_407' title='bbox 3098 2744 3175 2788; x_wconf 88' lang='lat' dir='ltr'><strong>se.</strong></span> <span class='ocrx_word' id='word_1_408' title='bbox 3218 2729 3298 2781; x_wconf 86' lang='lat' dir='ltr'><strong>vel</strong></span> <span class='ocrx_word' id='word_1_409' title='bbox 3327 2743 3355 2780; x_wconf 89' lang='lat' dir='ltr'><strong>a</strong></span> 
     </span>
    </p>
   </div>
   <div class='ocr_carea' id='block_1_55' title="bbox 1787 2820 3352 2890">
    <p class='ocr_par' dir='ltr' id='par_1_55' title="bbox 1787 2820 3352 2890">
     <span class='ocr_line' id='line_1_55' title="bbox 1787 2820 3352 2890; baseline -0.004 -13"><span class='ocrx_word' id='word_1_410' title='bbox 1787 2827 2156 2880; x_wconf 86' lang='lat' dir='ltr'><strong>decessoribus</strong></span> <span class='ocrx_word' id='word_1_411' title='bbox 2185 2824 2293 2877; x_wconf 72' lang='lat' dir='ltr'><strong>suis</strong></span> <span class='ocrx_word' id='word_1_412' title='bbox 2319 2824 2532 2890; x_wconf 83' lang='lat' dir='ltr'><strong>scripta,</strong></span> <span class='ocrx_word' id='word_1_413' title='bbox 2568 2821 2648 2875; x_wconf 88' lang='lat' dir='ltr'><strong>vel</strong></span> <span class='ocrx_word' id='word_1_414' title='bbox 2673 2832 2788 2874; x_wconf 87' lang='lat' dir='ltr'><strong>acta</strong></span> <span class='ocrx_word' id='word_1_415' title='bbox 2818 2829 2939 2873; x_wconf 89' lang='lat' dir='ltr'><strong>sunt</strong></span> <span class='ocrx_word' id='word_1_416' title='bbox 2968 2820 3224 2872; x_wconf 83' lang='lat' dir='ltr'><strong>adversus</strong></span> <span class='ocrx_word' id='word_1_417' title='bbox 3254 2820 3352 2871; x_wconf 87' lang='lat' dir='ltr'><strong>im-</strong></span> 
     </span>
    </p>
   </div>
   <div class='ocr_carea' id='block_1_56' title="bbox 1792 2908 3357 2979">
    <p class='ocr_par' dir='ltr' id='par_1_56' title="bbox 1792 2908 3357 2979">
     <span class='ocr_line' id='line_1_56' title="bbox 1792 2908 3357 2979; baseline -0.006 -9"><span class='ocrx_word' id='word_1_418' title='bbox 1792 2917 2106 2970; x_wconf 89' lang='lat' dir='ltr'><strong>maculatam</strong></span> <span class='ocrx_word' id='word_1_419' title='bbox 2137 2923 2372 2968; x_wconf 89' lang='lat' dir='ltr'><strong>nostram</strong></span> <span class='ocrx_word' id='word_1_420' title='bbox 2407 2913 2587 2966; x_wconf 82' lang='lat' dir='ltr'><strong>fidem.</strong></span> <span class='ocrx_word' id='word_1_421' title='bbox 2609 2911 2698 2964; x_wconf 91' lang='lat' dir='ltr'><strong>llis</strong></span> <span class='ocrx_word' id='word_1_422' title='bbox 2723 2912 2900 2979; x_wconf 87' lang='lat' dir='ltr'><strong>itaque</strong></span> <span class='ocrx_word' id='word_1_423' title='bbox 2927 2909 2993 2962; x_wconf 89' lang='lat' dir='ltr'><strong>ab</strong></span> <span class='ocrx_word' id='word_1_424' title='bbox 3013 2925 3077 2961; x_wconf 92' lang='lat' dir='ltr'><strong>eo</strong></span> <span class='ocrx_word' id='word_1_425' title='bbox 3109 2908 3357 2976; x_wconf 80' lang='lat' dir='ltr'><strong>peractis,</strong></span> 
     </span>
    </p>
   </div>
   <div class='ocr_carea' id='block_1_57' title="bbox 1795 2996 3356 3084">
    <p class='ocr_par' dir='ltr' id='par_1_57' title="bbox 1795 2996 3356 3084">
     <span class='ocr_line' id='line_1_57' title="bbox 1795 2996 3356 3084; baseline -0.004 -26"><span class='ocrx_word' id='word_1_426' title='bbox 1795 3004 1921 3059; x_wconf 86' lang='lat' dir='ltr'><strong>fecit</strong></span> <span class='ocrx_word' id='word_1_427' title='bbox 1967 3020 2086 3059; x_wconf 89' lang='lat' dir='ltr'><strong>eum</strong></span> <span class='ocrx_word' id='word_1_428' title='bbox 2137 3018 2354 3058; x_wconf 89' lang='lat' dir='ltr'><strong>munera</strong></span> <span class='ocrx_word' id='word_1_429' title='bbox 2400 3017 2621 3073; x_wconf 79' lang='lat' dir='ltr'><strong>erogare</strong></span> <span class='ocrx_word' id='word_1_430' title='bbox 2659 3006 2709 3054; x_wconf 92' lang='lat' dir='ltr'><strong>in</strong></span> <span class='ocrx_word' id='word_1_431' title='bbox 2742 3002 2985 3070; x_wconf 88' lang='lat' dir='ltr'><strong>populum</strong></span> <span class='ocrx_word' id='word_1_432' title='bbox 3014 2996 3272 3084; x_wconf 66' lang='lat' dir='ltr'><strong>[pOpqu],</strong></span> <span class='ocrx_word' id='word_1_433' title='bbox 3307 3010 3356 3052; x_wconf 88' lang='lat' dir='ltr'><strong>et</strong></span> 
     </span>
    </p>
   </div>
   <div class='ocr_carea' id='block_1_58' title="bbox 1794 3091 3356 3161">
    <p class='ocr_par' dir='ltr' id='par_1_58' title="bbox 1794 3091 3356 3161">
     <span class='ocr_line' id='line_1_58' title="bbox 1794 3091 3356 3161; baseline -0.006 -11"><span class='ocrx_word' id='word_1_434' title='bbox 1794 3096 2094 3150; x_wconf 82' lang='lat' dir='ltr'><strong>cathedram</strong></span> <span class='ocrx_word' id='word_1_435' title='bbox 2143 3095 2192 3148; x_wconf 90' lang='lat' dir='ltr'><strong>ei</strong></span> <span class='ocrx_word' id='word_1_436' title='bbox 2240 3094 2359 3159; x_wconf 91' lang='lat' dir='ltr'><strong>poni</strong></span> <span class='ocrx_word' id='word_1_437' title='bbox 2410 3095 2554 3161; x_wconf 77' lang='lat' dir='ltr'><strong>juxta</strong></span> <span class='ocrx_word' id='word_1_438' title='bbox 2603 3094 2806 3154; x_wconf 88' lang='lat' dir='ltr'><strong>altare,</strong></span> <span class='ocrx_word' id='word_1_439' title='bbox 2859 3091 3126 3144; x_wconf 84' lang='lat' dir='ltr'><strong>honorans</strong></span> <span class='ocrx_word' id='word_1_440' title='bbox 3150 3105 3270 3143; x_wconf 87' lang='lat' dir='ltr'><strong>eum</strong></span> <span class='ocrx_word' id='word_1_441' title='bbox 3304 3101 3356 3141; x_wconf 89' lang='grc' dir='ltr'><strong>ιιι</strong></span> 
     </span>
    </p>
   </div>
   <div class='ocr_carea' id='block_1_59' title="bbox 146 3181 3357 3255">
    <p class='ocr_par' dir='ltr' id='par_1_59' title="bbox 146 3181 3357 3255">
     <span class='ocr_line' id='line_1_59' title="bbox 146 3181 3357 3255; baseline -0 -20"><span class='ocrx_word' id='word_1_442' title='bbox 146 3182 292 3251; x_wconf 75' lang='lat' dir='ltr'><strong>aiasii]</strong></span> <span class='ocrx_word' id='word_1_443' title='bbox 339 3181 676 3238; x_wconf 87' lang='lat' dir='ltr'><strong>cbartularii.</strong></span> <span class='ocrx_word' id='word_1_444' title='bbox 711 3183 812 3249; x_wconf 87' lang='lat' dir='ltr'><strong>Qui</strong></span> <span class='ocrx_word' id='word_1_445' title='bbox 839 3183 1161 3238; x_wconf 87' lang='lat' dir='ltr'><strong>deducentes</strong></span> <span class='ocrx_word' id='word_1_446' title='bbox 1202 3197 1295 3242; x_wconf 83' lang='lat' dir='ltr'><strong>eos</strong></span> <span class='ocrx_word' id='word_1_447' title='bbox 1328 3195 1685 3250; x_wconf 86' lang='lat' dir='ltr'><strong>pervenerunt</strong></span> <span class='ocrx_word' id='word_1_448' title='bbox 1716 3185 1763 3247; x_wconf 88' lang='lat' dir='ltr'><strong>C</strong></span> <span class='ocrx_word' id='word_1_449' title='bbox 1791 3187 2120 3242; x_wconf 80' lang='lat' dir='ltr'><strong>sacerdmem</strong></span> <span class='ocrx_word' id='word_1_450' title='bbox 2171 3187 2328 3255; x_wconf 74' lang='lat' dir='ltr'><strong>regia:</strong></span> <span class='ocrx_word' id='word_1_451' title='bbox 2380 3185 2623 3236; x_wconf 83' lang='lat' dir='ltr'><strong>civitatis.</strong></span> <span class='ocrx_word' id='word_1_452' title='bbox 2676 3181 2695 3219; x_wconf 72' lang='grc' dir='ltr'><em>τ</em></span> <span class='ocrx_word' id='word_1_453' title='bbox 2731 3183 2920 3236; x_wconf 81' lang='lat' dir='ltr'><strong>Postea</strong></span> <span class='ocrx_word' id='word_1_454' title='bbox 2970 3196 3153 3236; x_wconf 90' lang='lat' dir='ltr'><strong>rursus</strong></span> <span class='ocrx_word' id='word_1_455' title='bbox 3207 3195 3357 3235; x_wconf 85' lang='lat' dir='ltr'><strong>more</strong></span> 
     </span>
    </p>
   </div>
   <div class='ocr_carea' id='block_1_60' title="bbox 1007 3307 2498 3375">
    <p class='ocr_par' dir='ltr' id='par_1_60' title="bbox 1007 3307 2498 3375">
     <span class='ocr_line' id='line_1_60' title="bbox 1007 3307 2498 3375; baseline 0.004 -13"><span class='ocrx_word' id='word_1_456' title='bbox 1007 3307 1384 3366; x_wconf 72' lang='lat' dir='ltr'><strong>LECTIO&#39;NES</strong></span> <span class='ocrx_word' id='word_1_457' title='bbox 1426 3310 1817 3375; x_wconf 58' lang='lat' dir='ltr'><strong>VARIANTES</strong></span> <span class='ocrx_word' id='word_1_458' title='bbox 1858 3319 1943 3373; x_wconf 77' lang='lat' dir='ltr'><strong>EX</strong></span> <span class='ocrx_word' id='word_1_459' title='bbox 1985 3316 2134 3372; x_wconf 84' lang='lat' dir='ltr'><strong>CtlD.</strong></span> <span class='ocrx_word' id='word_1_460' title='bbox 2177 3316 2324 3371; x_wconf 71' lang='lat' dir='ltr'><strong>LUC.</strong></span> <span class='ocrx_word' id='word_1_461' title='bbox 2374 3315 2498 3368; x_wconf 67' lang='grc'><strong>490.</strong></span> 
     </span>
    </p>
   </div>
   <div class='ocr_carea' id='block_1_61' title="bbox 206 3401 542 3454">
    <p class='ocr_par' dir='ltr' id='par_1_61' title="bbox 206 3401 542 3454">
     <span class='ocr_line' id='line_1_61' title="bbox 206 3401 542 3454; baseline -0.006 -1"><span class='ocrx_word' id='word_1_462' title='bbox 206 3405 221 3431; x_wconf 91' lang='grc'>¹</span> <span class='ocrx_word' id='word_1_463' title='bbox 246 3401 542 3454; x_wconf 73' lang='lat' dir='ltr'><strong>lntntimit.</strong></span> 
     </span>
    </p>
   </div>
   <div class='ocr_carea' id='block_1_62' title="bbox 209 3469 696 3524">
    <p class='ocr_par' dir='ltr' id='par_1_62' title="bbox 209 3469 696 3524">
     <span class='ocr_line' id='line_1_62' title="bbox 209 3469 696 3524; baseline -0.002 -1"><span class='ocrx_word' id='word_1_464' title='bbox 209 3473 226 3502; x_wconf 81' lang='grc'>¹</span> <span class='ocrx_word' id='word_1_465' title='bbox 255 3472 473 3524; x_wconf 77' lang='lat' dir='ltr'><strong>Ubediret</strong></span> <span class='ocrx_word' id='word_1_466' title='bbox 498 3469 696 3523; x_wconf 71' lang='lat' dir='ltr'><strong>Isaac.</strong></span> 
     </span>
    </p>
   </div>
   <div class='ocr_carea' id='block_1_63' title="bbox 209 3541 512 3595">
    <p class='ocr_par' dir='ltr' id='par_1_63' title="bbox 209 3541 512 3595">
     <span class='ocr_line' id='line_1_63' title="bbox 209 3541 512 3595; baseline 0 -3"><span class='ocrx_word' id='word_1_467' title='bbox 209 3542 225 3570; x_wconf 85' lang='grc'><strong>³</strong></span> <span class='ocrx_word' id='word_1_468' title='bbox 260 3541 512 3595; x_wconf 73' lang='lat' dir='ltr'><strong>Valuisset.</strong></span> 
     </span>
    </p>
   </div>
   <div class='ocr_carea' id='block_1_64' title="bbox 1828 3406 3358 3491">
    <p class='ocr_par' dir='ltr' id='par_1_64' title="bbox 1828 3406 3358 3491">
     <span class='ocr_line' id='line_1_64' title="bbox 1828 3406 3358 3491; baseline -0.001 -30"><span class='ocrx_word' id='word_1_469' title='bbox 1828 3481 1838 3491; x_wconf 41' lang='lat' dir='ltr'><strong>I</strong></span> <span class='ocrx_word' id='word_1_470' title='bbox 1874 3412 1894 3439; x_wconf 69' lang='grc'><strong><em>³</em></strong></span> <span class='ocrx_word' id='word_1_471' title='bbox 1926 3409 2191 3462; x_wconf 77' lang='lat' dir='ltr'><strong>Fecerunt.</strong></span> <span class='ocrx_word' id='word_1_472' title='bbox 2237 3406 2300 3460; x_wconf 76' lang='lat' dir='ltr'><strong>Et</strong></span> <span class='ocrx_word' id='word_1_473' title='bbox 2343 3408 2557 3460; x_wconf 71' lang='lat' dir='ltr'><strong>omni-it.</strong></span> <span class='ocrx_word' id='word_1_474' title='bbox 2617 3407 2750 3460; x_wconf 82' lang='lat' dir='ltr'><strong>Sede</strong></span> <span class='ocrx_word' id='word_1_475' title='bbox 2800 3423 2902 3460; x_wconf 71' lang='lat' dir='ltr'><strong>iure</strong></span> <span class='ocrx_word' id='word_1_476' title='bbox 2943 3408 3251 3475; x_wconf 70' lang='lat' dir='ltr'><strong>depasilione</strong></span> <span class='ocrx_word' id='word_1_477' title='bbox 3279 3409 3358 3462; x_wconf 82' lang='lat' dir='ltr'><strong>ul-</strong></span> 
     </span>
    </p>
   </div>
   <div class='ocr_carea' id='block_1_65' title="bbox 1801 3492 2088 3544">
    <p class='ocr_par' dir='ltr' id='par_1_65' title="bbox 1801 3492 2088 3544">
     <span class='ocr_line' id='line_1_65' title="bbox 1801 3492 2088 3544; baseline -0.01 -11"><span class='ocrx_word' id='word_1_478' title='bbox 1801 3492 1951 3544; x_wconf 70' lang='lat' dir='ltr'><strong>traue,</strong></span> <span class='ocrx_word' id='word_1_479' title='bbox 1987 3492 2088 3533; x_wconf 79' lang='lat' dir='ltr'><strong>ete.</strong></span> 
     </span>
    </p>
   </div>
   <div class='ocr_carea' id='block_1_66' title="bbox 1355 3647 2119 3706">
    <p class='ocr_par' dir='ltr' id='par_1_66' title="bbox 1355 3647 2119 3706">
     <span class='ocr_line' id='line_1_66' title="bbox 1355 3647 2119 3706; baseline -0.003 -4"><span class='ocrx_word' id='word_1_480' title='bbox 1355 3647 1556 3703; x_wconf 68' lang='grc' dir='ltr'><strong>ΝυΤτΕ</strong></span> <span class='ocrx_word' id='word_1_481' title='bbox 1594 3650 1902 3706; x_wconf 68' lang='lat' dir='ltr'><strong>SEVERINI</strong></span> <span class='ocrx_word' id='word_1_482' title='bbox 1949 3649 2119 3703; x_wconf 75' lang='lat' dir='ltr'><strong>lllNll.</strong></span> 
     </span>
    </p>
   </div>
   <div class='ocr_carea' id='block_1_67' title="bbox 159 3757 1693 3829">
    <p class='ocr_par' dir='ltr' id='par_1_67' title="bbox 159 3757 1693 3829">
     <span class='ocr_line' id='line_1_67' title="bbox 159 3757 1693 3829; baseline 0.007 -25"><span class='ocrx_word' id='word_1_483' title='bbox 159 3762 294 3827; x_wconf 64' lang='lat' dir='ltr'><strong>[quin]</strong></span> <span class='ocrx_word' id='word_1_484' title='bbox 315 3762 484 3829; x_wconf 69' lang='lat' dir='ltr'><strong>Typus</strong></span> <span class='ocrx_word' id='word_1_485' title='bbox 515 3757 845 3829; x_wconf 82' lang='lat' dir='ltr'><strong>appellatur)</strong></span> <span class='ocrx_word' id='word_1_486' title='bbox 878 3767 1210 3824; x_wconf 81' lang='lat' dir='ltr'><strong>preponeret,</strong></span> <span class='ocrx_word' id='word_1_487' title='bbox 1240 3773 1346 3826; x_wconf 90' lang='lat' dir='ltr'><strong>quo</strong></span> <span class='ocrx_word' id='word_1_488' title='bbox 1371 3760 1693 3828; x_wconf 80' lang='lat' dir='ltr'><strong>significare-</strong></span> 
     </span>
    </p>
   </div>
   <div class='ocr_carea' id='block_1_68' title="bbox 159 3828 1695 3893">
    <p class='ocr_par' dir='ltr' id='par_1_68' title="bbox 159 3828 1695 3893">
     <span class='ocr_line' id='line_1_68' title="bbox 159 3828 1695 3893; baseline 0.002 -12"><span class='ocrx_word' id='word_1_489' title='bbox 159 3842 229 3882; x_wconf 88' lang='lat' dir='ltr'><strong>tur</strong></span> <span class='ocrx_word' id='word_1_490' title='bbox 266 3828 532 3884; x_wconf 87' lang='lat' dir='ltr'><strong>tacendum</strong></span> <span class='ocrx_word' id='word_1_491' title='bbox 586 3843 714 3883; x_wconf 88' lang='lat' dir='ltr'><strong>esse</strong></span> <span class='ocrx_word' id='word_1_492' title='bbox 758 3828 825 3880; x_wconf 88' lang='lat' dir='ltr'><strong>de</strong></span> <span class='ocrx_word' id='word_1_493' title='bbox 869 3843 929 3880; x_wconf 87' lang='lat' dir='ltr'><strong>ea</strong></span> <span class='ocrx_word' id='word_1_494' title='bbox 964 3829 1320 3892; x_wconf 82' lang='lat' dir='ltr'><strong>altercatione,</strong></span> <span class='ocrx_word' id='word_1_495' title='bbox 1347 3846 1468 3893; x_wconf 75' lang='lat' dir='ltr'><strong>qua:</strong></span> <span class='ocrx_word' id='word_1_496' title='bbox 1492 3833 1556 3885; x_wconf 85' lang='lat' dir='ltr'><strong>de</strong></span> <span class='ocrx_word' id='word_1_497' title='bbox 1595 3848 1695 3884; x_wconf 89' lang='lat' dir='ltr'><strong>una</strong></span> 
     </span>
    </p>
   </div>
   <div class='ocr_carea' id='block_1_69' title="bbox 158 3897 1694 3966">
    <p class='ocr_par' dir='ltr' id='par_1_69' title="bbox 158 3897 1694 3966">
     <span class='ocr_line' id='line_1_69' title="bbox 158 3897 1694 3966; baseline 0.003 -16"><span class='ocrx_word' id='word_1_498' title='bbox 158 3916 235 3953; x_wconf 73' lang='lat' dir='ltr'><strong>seu</strong></span> <span class='ocrx_word' id='word_1_499' title='bbox 278 3901 340 3954; x_wconf 88' lang='lat' dir='ltr'><strong>de</strong></span> <span class='ocrx_word' id='word_1_500' title='bbox 391 3899 600 3952; x_wconf 85' lang='lat' dir='ltr'><strong>duabus</strong></span> <span class='ocrx_word' id='word_1_501' title='bbox 653 3897 1019 3950; x_wconf 78' lang='lat' dir='ltr'><strong>voluntatibus</strong></span> <span class='ocrx_word' id='word_1_502' title='bbox 1061 3899 1109 3950; x_wconf 93' lang='lat' dir='ltr'><strong>in</strong></span> <span class='ocrx_word' id='word_1_503' title='bbox 1138 3899 1348 3952; x_wconf 77' lang='lat' dir='ltr'><strong>Christo</strong></span> <span class='ocrx_word' id='word_1_504' title='bbox 1371 3903 1694 3966; x_wconf 84' lang='lat' dir='ltr'><strong>vertebatur,</strong></span> 
     </span>
    </p>
   </div>
   <div class='ocr_carea' id='block_1_70' title="bbox 160 3968 1696 4034">
    <p class='ocr_par' dir='ltr' id='par_1_70' title="bbox 160 3968 1696 4034">
     <span class='ocr_line' id='line_1_70' title="bbox 160 3968 1696 4034; baseline 0.003 -14"><span class='ocrx_word' id='word_1_505' title='bbox 160 3972 219 4020; x_wconf 84' lang='lat' dir='ltr'><strong>ita</strong></span> <span class='ocrx_word' id='word_1_506' title='bbox 243 3969 458 4021; x_wconf 78' lang='lat' dir='ltr'><strong>futurum</strong></span> <span class='ocrx_word' id='word_1_507' title='bbox 491 3968 848 4032; x_wconf 67' lang='lat' dir='ltr'><strong>pollicebatur</strong></span> <span class='ocrx_word' id='word_1_508' title='bbox 888 3968 1215 4034; x_wconf 86' lang='lat' dir='ltr'><strong>imperatori,</strong></span> <span class='ocrx_word' id='word_1_509' title='bbox 1246 3979 1300 4020; x_wconf 90' lang='lat' dir='ltr'><strong>ut</strong></span> <span class='ocrx_word' id='word_1_510' title='bbox 1331 3984 1516 4023; x_wconf 87' lang='lat' dir='ltr'><strong>omnes</strong></span> <span class='ocrx_word' id='word_1_511' title='bbox 1545 3971 1696 4024; x_wconf 86' lang='lat' dir='ltr'><strong>Chri-</strong></span> 
     </span>
    </p>
   </div>
   <div class='ocr_carea' id='block_1_71' title="bbox 161 4037 1696 4107">
    <p class='ocr_par' dir='ltr' id='par_1_71' title="bbox 161 4037 1696 4107">
     <span class='ocr_line' id='line_1_71' title="bbox 161 4037 1696 4107; baseline 0.002 -18"><span class='ocrx_word' id='word_1_512' title='bbox 161 4039 289 4090; x_wconf 80' lang='lat' dir='ltr'><strong>stiani</strong></span> <span class='ocrx_word' id='word_1_513' title='bbox 316 4039 455 4091; x_wconf 86' lang='lat' dir='ltr'><strong>orbis</strong></span> <span class='ocrx_word' id='word_1_514' title='bbox 486 4039 746 4090; x_wconf 70' lang='lat' dir='ltr'><strong>Ecclesia:</strong></span> <span class='ocrx_word' id='word_1_515' title='bbox 768 4039 816 4088; x_wconf 93' lang='lat' dir='ltr'><strong>in</strong></span> <span class='ocrx_word' id='word_1_516' title='bbox 846 4051 1002 4089; x_wconf 90' lang='lat' dir='ltr'><strong>unam</strong></span> <span class='ocrx_word' id='word_1_517' title='bbox 1026 4037 1365 4107; x_wconf 85' lang='lat' dir='ltr'><strong>eamdemque</strong></span> <span class='ocrx_word' id='word_1_518' title='bbox 1381 4041 1696 4093; x_wconf 87' lang='lat' dir='ltr'><strong>sententiam</strong></span> 
     </span>
    </p>
   </div>
   <div class='ocr_carea' id='block_1_72' title="bbox 161 4106 1694 4174">
    <p class='ocr_par' dir='ltr' id='par_1_72' title="bbox 161 4106 1694 4174">
     <span class='ocr_line' id='line_1_72' title="bbox 161 4106 1694 4174; baseline 0.001 -16"><span class='ocrx_word' id='word_1_519' title='bbox 161 4109 423 4161; x_wconf 84' lang='lat' dir='ltr'><strong>unirentur.</strong></span> <span class='ocrx_word' id='word_1_520' title='bbox 459 4108 645 4160; x_wconf 74' lang='lat' dir='ltr'><strong>Paruit</strong></span> <span class='ocrx_word' id='word_1_521' title='bbox 683 4107 970 4169; x_wconf 79' lang='lat' dir='ltr'><strong>imperator</strong></span> <span class='ocrx_word' id='word_1_522' title='bbox 997 4106 1264 4172; x_wconf 86' lang='lat' dir='ltr'><strong>episeopo,</strong></span> <span class='ocrx_word' id='word_1_523' title='bbox 1287 4106 1474 4174; x_wconf 67' lang='lat' dir='ltr'><strong>typum</strong></span> <span class='ocrx_word' id='word_1_524' title='bbox 1507 4109 1694 4168; x_wconf 85' lang='lat' dir='ltr'><strong>edidit,</strong></span> 
     </span>
    </p>
   </div>
   <div class='ocr_carea' id='block_1_73' title="bbox 163 4175 1694 4241">
    <p class='ocr_par' dir='ltr' id='par_1_73' title="bbox 163 4175 1694 4241">
     <span class='ocr_line' id='line_1_73' title="bbox 163 4175 1694 4241; baseline 0.003 -16"><span class='ocrx_word' id='word_1_525' title='bbox 163 4193 356 4241; x_wconf 77' lang='lat' dir='ltr'><strong>eumque</strong></span> <span class='ocrx_word' id='word_1_526' title='bbox 400 4177 646 4229; x_wconf 84' lang='lat' dir='ltr'><strong>Romano</strong></span> <span class='ocrx_word' id='word_1_527' title='bbox 690 4175 916 4240; x_wconf 77' lang='lat' dir='ltr'><strong>pontifici</strong></span> <span class='ocrx_word' id='word_1_528' title='bbox 945 4176 1245 4228; x_wconf 88' lang='lat' dir='ltr'><strong>insinuavit.</strong></span> <span class='ocrx_word' id='word_1_529' title='bbox 1282 4176 1514 4228; x_wconf 76' lang='lat' dir='ltr'><strong>Pontifex</strong></span> <span class='ocrx_word' id='word_1_530' title='bbox 1546 4194 1694 4230; x_wconf 82' lang='lat' dir='ltr'><strong>acce-</strong></span> 
     </span>
    </p>
   </div>
   <div class='ocr_carea' id='block_1_74' title="bbox 165 4244 1691 4314">
    <p class='ocr_par' dir='ltr' id='par_1_74' title="bbox 165 4244 1691 4314">
     <span class='ocr_line' id='line_1_74' title="bbox 165 4244 1691 4314; baseline 0.005 -23"><span class='ocrx_word' id='word_1_531' title='bbox 165 4256 238 4308; x_wconf 85' lang='lat' dir='ltr'><strong>pto</strong></span> <span class='ocrx_word' id='word_1_532' title='bbox 264 4256 374 4313; x_wconf 76' lang='lat' dir='ltr'><strong>typo</strong></span> <span class='ocrx_word' id='word_1_533' title='bbox 395 4246 666 4314; x_wconf 72' lang='lat' dir='ltr'><strong>synodum</strong></span> <span class='ocrx_word' id='word_1_534' title='bbox 688 4246 1015 4314; x_wconf 75' lang='lat' dir='ltr'><strong>convoeavit,</strong></span> <span class='ocrx_word' id='word_1_535' title='bbox 1048 4244 1098 4296; x_wconf 94' lang='lat' dir='ltr'><strong>in</strong></span> <span class='ocrx_word' id='word_1_536' title='bbox 1123 4260 1218 4311; x_wconf 77' lang='lat' dir='ltr'><strong>qua</strong></span> <span class='ocrx_word' id='word_1_537' title='bbox 1253 4245 1432 4314; x_wconf 81' lang='lat' dir='ltr'><strong>Patres</strong></span> <span class='ocrx_word' id='word_1_538' title='bbox 1463 4262 1691 4314; x_wconf 82' lang='lat' dir='ltr'><strong>congre-</strong></span> 
     </span>
    </p>
   </div>
   <div class='ocr_carea' id='block_1_75' title="bbox 165 4311 1695 4381">
    <p class='ocr_par' dir='ltr' id='par_1_75' title="bbox 165 4311 1695 4381">
     <span class='ocr_line' id='line_1_75' title="bbox 165 4311 1695 4381; baseline 0.003 -17"><span class='ocrx_word' id='word_1_539' title='bbox 165 4316 250 4374; x_wconf 64' lang='lat' dir='ltr'><strong>gati</strong></span> <span class='ocrx_word' id='word_1_540' title='bbox 284 4311 524 4366; x_wconf 76' lang='lat' dir='ltr'><strong>eumdem</strong></span> <span class='ocrx_word' id='word_1_541' title='bbox 562 4327 751 4381; x_wconf 77' lang='lat' dir='ltr'><strong>typum</strong></span> <span class='ocrx_word' id='word_1_542' title='bbox 797 4313 952 4365; x_wconf 86' lang='lat' dir='ltr'><strong>simul</strong></span> <span class='ocrx_word' id='word_1_543' title='bbox 983 4328 1102 4365; x_wconf 91' lang='lat' dir='ltr'><strong>cum</strong></span> <span class='ocrx_word' id='word_1_544' title='bbox 1136 4314 1294 4364; x_wconf 85' lang='lat' dir='ltr'><strong>Paulo</strong></span> <span class='ocrx_word' id='word_1_545' title='bbox 1321 4311 1695 4368; x_wconf 81' lang='lat' dir='ltr'><strong>Constantino-</strong></span> 
     </span>
    </p>
   </div>
   <div class='ocr_carea' id='block_1_76' title="bbox 168 4381 1698 4449">
    <p class='ocr_par' dir='ltr' id='par_1_76' title="bbox 168 4381 1698 4449">
     <span class='ocr_line' id='line_1_76' title="bbox 168 4381 1698 4449; baseline 0.003 -17"><span class='ocrx_word' id='word_1_546' title='bbox 168 4385 366 4446; x_wconf 83' lang='lat' dir='ltr'><strong>politano</strong></span> <span class='ocrx_word' id='word_1_547' title='bbox 389 4385 647 4449; x_wconf 78' lang='lat' dir='ltr'><strong>episc0po</strong></span> <span class='ocrx_word' id='word_1_548' title='bbox 668 4386 1108 4435; x_wconf 79' lang='lat' dir='ltr'><strong>condemnarunt:</strong></span> <span class='ocrx_word' id='word_1_549' title='bbox 1134 4381 1361 4446; x_wconf 82' lang='lat' dir='ltr'><strong>dumque</strong></span> <span class='ocrx_word' id='word_1_550' title='bbox 1383 4387 1698 4438; x_wconf 87' lang='lat' dir='ltr'><strong>sententiam</strong></span> 
     </span>
    </p>
   </div>
   <div class='ocr_carea' id='block_1_77' title="bbox 168 4451 1697 4522">
    <p class='ocr_par' dir='ltr' id='par_1_77' title="bbox 168 4451 1697 4522">
     <span class='ocr_line' id='line_1_77' title="bbox 168 4451 1697 4522; baseline 0.004 -20"><span class='ocrx_word' id='word_1_551' title='bbox 168 4452 345 4504; x_wconf 79' lang='lat' dir='ltr'><strong>ioniilii</strong></span> <span class='ocrx_word' id='word_1_552' title='bbox 375 4453 688 4522; x_wconf 80' lang='lat' dir='ltr'><strong>imperaturi</strong></span> <span class='ocrx_word' id='word_1_553' title='bbox 716 4460 767 4503; x_wconf 89' lang='lat' dir='ltr'><strong>et</strong></span> <span class='ocrx_word' id='word_1_554' title='bbox 789 4451 1097 4522; x_wconf 72' lang='lat' dir='ltr'><strong>patriarcha:</strong></span> <span class='ocrx_word' id='word_1_555' title='bbox 1130 4451 1500 4522; x_wconf 71' lang='lat' dir='ltr'><strong>insinuassent,</strong></span> <span class='ocrx_word' id='word_1_556' title='bbox 1532 4456 1697 4522; x_wconf 85' lang='lat' dir='ltr'><strong>impe-</strong></span> 
     </span>
    </p>
   </div>
   <div class='ocr_carea' id='block_1_78' title="bbox 171 4519 1698 4588">
    <p class='ocr_par' dir='ltr' id='par_1_78' title="bbox 171 4519 1698 4588">
     <span class='ocr_line' id='line_1_78' title="bbox 171 4519 1698 4588; baseline 0.005 -19"><span class='ocrx_word' id='word_1_557' title='bbox 171 4533 289 4572; x_wconf 80' lang='lat' dir='ltr'><strong>ratur</strong></span> <span class='ocrx_word' id='word_1_558' title='bbox 310 4533 358 4573; x_wconf 91' lang='lat' dir='ltr'><strong>et</strong></span> <span class='ocrx_word' id='word_1_559' title='bbox 387 4521 699 4588; x_wconf 73' lang='lat' dir='ltr'><strong>patriarcha</strong></span> <span class='ocrx_word' id='word_1_560' title='bbox 730 4519 889 4586; x_wconf 91' lang='lat' dir='ltr'><strong>(quod</strong></span> <span class='ocrx_word' id='word_1_561' title='bbox 917 4520 1051 4571; x_wconf 87' lang='lat' dir='ltr'><strong>male</strong></span> <span class='ocrx_word' id='word_1_562' title='bbox 1079 4520 1300 4573; x_wconf 73' lang='lat' dir='ltr'><strong>refertur</strong></span> <span class='ocrx_word' id='word_1_563' title='bbox 1322 4522 1371 4575; x_wconf 90' lang='lat' dir='ltr'><strong>in</strong></span> <span class='ocrx_word' id='word_1_564' title='bbox 1401 4525 1512 4577; x_wconf 77' lang='lat' dir='ltr'><strong>Vita</strong></span> <span class='ocrx_word' id='word_1_565' title='bbox 1534 4519 1698 4577; x_wconf 84' lang='lat' dir='ltr'><strong>sancti</strong></span> 
     </span>
    </p>
   </div>
   <div class='ocr_carea' id='block_1_79' title="bbox 173 4589 1700 4659">
    <p class='ocr_par' dir='ltr' id='par_1_79' title="bbox 173 4589 1700 4659">
     <span class='ocr_line' id='line_1_79' title="bbox 173 4589 1700 4659; baseline 0.003 -20"><span class='ocrx_word' id='word_1_566' title='bbox 173 4590 351 4642; x_wconf 72' lang='lat' dir='ltr'><strong>Martini</strong></span> <span class='ocrx_word' id='word_1_567' title='bbox 399 4594 569 4657; x_wconf 67' lang='lat' dir='ltr'><strong>papa!)</strong></span> <span class='ocrx_word' id='word_1_568' title='bbox 630 4590 679 4640; x_wconf 93' lang='lat' dir='ltr'><strong>in</strong></span> <span class='ocrx_word' id='word_1_569' title='bbox 709 4589 1072 4653; x_wconf 84' lang='lat' dir='ltr'><strong>apocrisiarius</strong></span> <span class='ocrx_word' id='word_1_570' title='bbox 1098 4590 1361 4644; x_wconf 82' lang='lat' dir='ltr'><strong>Theodori</strong></span> <span class='ocrx_word' id='word_1_571' title='bbox 1395 4607 1540 4659; x_wconf 70' lang='lat' dir='ltr'><strong>papae</strong></span> <span class='ocrx_word' id='word_1_572' title='bbox 1565 4594 1700 4643; x_wconf 81' lang='lat' dir='ltr'><strong>Con-</strong></span> 
     </span>
    </p>
   </div>
   <div class='ocr_carea' id='block_1_80' title="bbox 173 4659 1706 4727">
    <p class='ocr_par' dir='ltr' id='par_1_80' title="bbox 173 4659 1706 4727">
     <span class='ocr_line' id='line_1_80' title="bbox 173 4659 1706 4727; baseline 0.003 -18"><span class='ocrx_word' id='word_1_573' title='bbox 173 4661 482 4727; x_wconf 78' lang='lat' dir='ltr'><strong>stantinopoli</strong></span> <span class='ocrx_word' id='word_1_574' title='bbox 532 4666 792 4726; x_wconf 74' lang='lat' dir='ltr'><strong>degentes</strong></span> <span class='ocrx_word' id='word_1_575' title='bbox 847 4659 1015 4711; x_wconf 84' lang='lat' dir='ltr'><strong>furore</strong></span> <span class='ocrx_word' id='word_1_576' title='bbox 1061 4672 1389 4721; x_wconf 78' lang='lat' dir='ltr'><strong>exarserunt,</strong></span> <span class='ocrx_word' id='word_1_577' title='bbox 1420 4665 1586 4714; x_wconf 83' lang='lat' dir='ltr'><strong>altare</strong></span> <span class='ocrx_word' id='word_1_578' title='bbox 1615 4677 1706 4714; x_wconf 77' lang='lat' dir='ltr'><strong>eo-</strong></span> 
     </span>
    </p>
   </div>
   <div class='ocr_carea' id='block_1_81' title="bbox 177 4728 1708 4796">
    <p class='ocr_par' dir='ltr' id='par_1_81' title="bbox 177 4728 1708 4796">
     <span class='ocr_line' id='line_1_81' title="bbox 177 4728 1708 4796; baseline 0.002 -17"><span class='ocrx_word' id='word_1_579' title='bbox 177 4731 385 4782; x_wconf 84' lang='lat' dir='ltr'><strong>rumdem</strong></span> <span class='ocrx_word' id='word_1_580' title='bbox 419 4733 469 4781; x_wconf 92' lang='lat' dir='ltr'><strong>in</strong></span> <span class='ocrx_word' id='word_1_581' title='bbox 502 4733 707 4796; x_wconf 84' lang='lat' dir='ltr'><strong>palatio</strong></span> <span class='ocrx_word' id='word_1_582' title='bbox 740 4728 998 4790; x_wconf 69' lang='lat' dir='ltr'><strong>Placidim,</strong></span> <span class='ocrx_word' id='word_1_583' title='bbox 1021 4732 1105 4794; x_wconf 82' lang='lat' dir='ltr'><strong>ubi</strong></span> <span class='ocrx_word' id='word_1_584' title='bbox 1138 4731 1462 4789; x_wconf 87' lang='lat' dir='ltr'><strong>habitabant,</strong></span> <span class='ocrx_word' id='word_1_585' title='bbox 1489 4733 1708 4784; x_wconf 85' lang='lat' dir='ltr'><strong>subver-</strong></span> 
     </span>
    </p>
   </div>
   <div class='ocr_carea' id='block_1_82' title="bbox 181 4798 1706 4867">
    <p class='ocr_par' dir='ltr' id='par_1_82' title="bbox 181 4798 1706 4867">
     <span class='ocr_line' id='line_1_82' title="bbox 181 4798 1706 4867; baseline 0.005 -21"><span class='ocrx_word' id='word_1_586' title='bbox 181 4809 350 4859; x_wconf 84' lang='lat' dir='ltr'><strong>terunt,</strong></span> <span class='ocrx_word' id='word_1_587' title='bbox 373 4802 683 4852; x_wconf 77' lang='lat' dir='ltr'><strong>sacrilicare</strong></span> <span class='ocrx_word' id='word_1_588' title='bbox 710 4798 920 4849; x_wconf 80' lang='lat' dir='ltr'><strong>eosdem</strong></span> <span class='ocrx_word' id='word_1_589' title='bbox 948 4812 1048 4849; x_wconf 93' lang='lat' dir='ltr'><strong>non</strong></span> <span class='ocrx_word' id='word_1_590' title='bbox 1083 4800 1448 4860; x_wconf 87' lang='lat' dir='ltr'><strong>permiserunt;</strong></span> <span class='ocrx_word' id='word_1_591' title='bbox 1469 4812 1540 4865; x_wconf 88' lang='lat' dir='ltr'><strong>et,</strong></span> <span class='ocrx_word' id='word_1_592' title='bbox 1567 4803 1706 4867; x_wconf 86' lang='lat' dir='ltr'><strong>quod</strong></span> 
     </span>
    </p>
   </div>
   <div class='ocr_carea' id='block_1_83' title="bbox 179 4867 1709 4932">
    <p class='ocr_par' dir='ltr' id='par_1_83' title="bbox 179 4867 1709 4932">
     <span class='ocr_line' id='line_1_83' title="bbox 179 4867 1709 4932; baseline 0.003 -14"><span class='ocrx_word' id='word_1_593' title='bbox 179 4867 304 4932; x_wconf 75' lang='lat' dir='ltr'><strong>pejus</strong></span> <span class='ocrx_word' id='word_1_594' title='bbox 349 4878 442 4924; x_wconf 77' lang='lat' dir='ltr'><strong>est.</strong></span> <span class='ocrx_word' id='word_1_595' title='bbox 493 4868 838 4919; x_wconf 81' lang='lat' dir='ltr'><strong>sacerdotum</strong></span> <span class='ocrx_word' id='word_1_596' title='bbox 879 4867 1258 4917; x_wconf 75' lang='lat' dir='ltr'><strong>catholiciirum</strong></span> <span class='ocrx_word' id='word_1_597' title='bbox 1291 4868 1417 4919; x_wconf 85' lang='lat' dir='ltr'><strong>alios</strong></span> <span class='ocrx_word' id='word_1_598' title='bbox 1449 4874 1498 4920; x_wconf 87' lang='lat' dir='ltr'><strong>in</strong></span> <span class='ocrx_word' id='word_1_599' title='bbox 1527 4885 1709 4923; x_wconf 74' lang='lat' dir='ltr'><strong>carce—</strong></span> 
     </span>
    </p>
   </div>
   <div class='ocr_carea' id='block_1_84' title="bbox 181 4934 1709 5004">
    <p class='ocr_par' dir='ltr' id='par_1_84' title="bbox 181 4934 1709 5004">
     <span class='ocr_line' id='line_1_84' title="bbox 181 4934 1709 5004; baseline 0.003 -20"><span class='ocrx_word' id='word_1_600' title='bbox 181 4952 274 4987; x_wconf 76' lang='lat' dir='ltr'><strong>rem</strong></span> <span class='ocrx_word' id='word_1_601' title='bbox 309 4937 684 4994; x_wconf 76' lang='lat' dir='ltr'><strong>detruserunt,</strong></span> <span class='ocrx_word' id='word_1_602' title='bbox 737 4935 865 4986; x_wconf 88' lang='lat' dir='ltr'><strong>alios</strong></span> <span class='ocrx_word' id='word_1_603' title='bbox 914 4934 964 4985; x_wconf 93' lang='lat' dir='ltr'><strong>in</strong></span> <span class='ocrx_word' id='word_1_604' title='bbox 1005 4935 1248 4988; x_wconf 82' lang='lat' dir='ltr'><strong>exsiliunt</strong></span> <span class='ocrx_word' id='word_1_605' title='bbox 1277 4938 1709 5004; x_wconf 84' lang='lat' dir='ltr'><strong>deportaverunt,</strong></span> 
     </span>
    </p>
   </div>
   <div class='ocr_carea' id='block_1_85' title="bbox 179 5004 1710 5073">
    <p class='ocr_par' dir='ltr' id='par_1_85' title="bbox 179 5004 1710 5073">
     <span class='ocr_line' id='line_1_85' title="bbox 179 5004 1710 5073; baseline 0.005 -19"><span class='ocrx_word' id='word_1_606' title='bbox 179 5004 292 5056; x_wconf 72' lang='lat' dir='ltr'><strong>alios</strong></span> <span class='ocrx_word' id='word_1_607' title='bbox 327 5005 550 5071; x_wconf 83' lang='lat' dir='ltr'><strong>denique</strong></span> <span class='ocrx_word' id='word_1_608' title='bbox 611 5005 914 5057; x_wconf 72' lang='lat' dir='ltr'><strong>verberibus</strong></span> <span class='ocrx_word' id='word_1_609' title='bbox 968 5006 1233 5072; x_wconf 81' lang='lat' dir='ltr'><strong>Subjectos</strong></span> <span class='ocrx_word' id='word_1_610' title='bbox 1282 5009 1426 5073; x_wconf 70' lang='lat' dir='ltr'><strong>gravi</strong></span> <span class='ocrx_word' id='word_1_611' title='bbox 1476 5010 1710 5061; x_wconf 87' lang='lat' dir='ltr'><strong>cruciatu</strong></span> 
     </span>
    </p>
   </div>
   <div class='ocr_carea' id='block_1_86' title="bbox 180 5075 1710 5143">
    <p class='ocr_par' dir='ltr' id='par_1_86' title="bbox 180 5075 1710 5143">
     <span class='ocr_line' id='line_1_86' title="bbox 180 5075 1710 5143; baseline 0.003 -18"><span class='ocrx_word' id='word_1_612' title='bbox 180 5079 391 5143; x_wconf 77' lang='lat' dir='ltr'><strong>corporis</strong></span> <span class='ocrx_word' id='word_1_613' title='bbox 419 5076 738 5129; x_wconf 72' lang='lat' dir='ltr'><strong>allecerunt.</strong></span> <span class='ocrx_word' id='word_1_614' title='bbox 772 5075 891 5126; x_wconf 73' lang='grc' dir='ltr'><strong>ΙΙ.εο</strong></span> <span class='ocrx_word' id='word_1_615' title='bbox 922 5089 984 5126; x_wconf 82' lang='lat' dir='ltr'><strong>ex</strong></span> <span class='ocrx_word' id='word_1_616' title='bbox 1009 5076 1137 5128; x_wconf 84' lang='lat' dir='ltr'><strong>actis</strong></span> <span class='ocrx_word' id='word_1_617' title='bbox 1151 5079 1490 5143; x_wconf 80' lang='lat' dir='ltr'><strong>synodalibus</strong></span> <span class='ocrx_word' id='word_1_618' title='bbox 1505 5080 1710 5130; x_wconf 78' lang='lat' dir='ltr'><strong>concilii</strong></span> 
     </span>
    </p>
   </div>
   <div class='ocr_carea' id='block_1_87' title="bbox 184 5142 1710 5214">
    <p class='ocr_par' dir='ltr' id='par_1_87' title="bbox 184 5142 1710 5214">
     <span class='ocr_line' id='line_1_87' title="bbox 184 5142 1710 5214; baseline 0.005 -23"><span class='ocrx_word' id='word_1_619' title='bbox 184 5142 529 5214; x_wconf 48' lang='lat' dir='ltr'><strong>l9teranensis</strong></span> <span class='ocrx_word' id='word_1_620' title='bbox 568 5153 771 5214; x_wconf 64' lang='lat' dir='ltr'><strong>secret.</strong></span> <span class='ocrx_word' id='word_1_621' title='bbox 814 5157 849 5199; x_wconf 88' lang='grc' dir='ltr'>ι.</span> <span class='ocrx_word' id='word_1_622' title='bbox 898 5153 948 5194; x_wconf 88' lang='grc' dir='ltr'><strong>ει</strong></span> <span class='ocrx_word' id='word_1_623' title='bbox 985 5145 1151 5195; x_wconf 86' lang='lat' dir='ltr'><strong>sancti</strong></span> <span class='ocrx_word' id='word_1_624' title='bbox 1184 5142 1394 5198; x_wconf 73' lang='lat' dir='ltr'><strong>Maximi</strong></span> <span class='ocrx_word' id='word_1_625' title='bbox 1431 5145 1543 5200; x_wconf 86' lang='lat' dir='ltr'><strong>Vita</strong></span> <span class='ocrx_word' id='word_1_626' title='bbox 1575 5147 1710 5214; x_wconf 89' lang='lat' dir='ltr'><strong>apud</strong></span> 
     </span>
    </p>
   </div>
   <div class='ocr_carea' id='block_1_88' title="bbox 182 5211 1711 5276">
    <p class='ocr_par' dir='ltr' id='par_1_88' title="bbox 182 5211 1711 5276">
     <span class='ocr_line' id='line_1_88' title="bbox 182 5211 1711 5276; baseline 0.006 -15"><span class='ocrx_word' id='word_1_627' title='bbox 182 5211 372 5267; x_wconf 84' lang='lat' dir='ltr'><strong>Surium</strong></span> <span class='ocrx_word' id='word_1_628' title='bbox 397 5251 413 5270; x_wconf 83' lang='lat'><strong>,</strong></span> <span class='ocrx_word' id='word_1_629' title='bbox 469 5226 520 5265; x_wconf 74' lang='lat' dir='ltr'><strong>et</strong></span> <span class='ocrx_word' id='word_1_630' title='bbox 561 5229 633 5266; x_wconf 60' lang='lat' dir='ltr'><strong>es</strong></span> <span class='ocrx_word' id='word_1_631' title='bbox 677 5213 992 5276; x_wconf 75' lang='lat' dir='ltr'><strong>&#39;l&#39;heuphane</strong></span> <span class='ocrx_word' id='word_1_632' title='bbox 1028 5223 1080 5264; x_wconf 88' lang='lat' dir='ltr'><strong>et</strong></span> <span class='ocrx_word' id='word_1_633' title='bbox 1121 5216 1397 5267; x_wconf 82' lang='lat' dir='ltr'><strong>Anastasio</strong></span> <span class='ocrx_word' id='word_1_634' title='bbox 1438 5211 1711 5270; x_wconf 77' lang='lat' dir='ltr'><strong>llaronius.</strong></span> 
     </span>
    </p>
   </div>
   <div class='ocr_carea' id='block_1_89' title="bbox 243 5280 1713 5353">
    <p class='ocr_par' dir='ltr' id='par_1_89' title="bbox 243 5280 1713 5353">
     <span class='ocr_line' id='line_1_89' title="bbox 243 5280 1713 5353; baseline 0.005 -21"><span class='ocrx_word' id='word_1_635' title='bbox 243 5289 266 5353; x_wconf 52' lang='grc' dir='ltr'><strong>ἒ</strong></span> <span class='ocrx_word' id='word_1_636' title='bbox 297 5281 562 5333; x_wconf 61' lang='lat' dir='ltr'><strong>“Rutilius</strong></span> <span class='ocrx_word' id='word_1_637' title='bbox 598 5280 1072 5353; x_wconf 68' lang='lat' dir='ltr'><strong>cltertulnrius._llic</strong></span> <span class='ocrx_word' id='word_1_638' title='bbox 1100 5292 1180 5334; x_wconf 89' lang='lat' dir='ltr'><strong>est</strong></span> <span class='ocrx_word' id='word_1_639' title='bbox 1212 5283 1297 5336; x_wconf 89' lang='lat' dir='ltr'><strong>ille</strong></span> <span class='ocrx_word' id='word_1_640' title='bbox 1328 5283 1601 5339; x_wconf 80' lang='lat' dir='ltr'><strong>Mauritins</strong></span> <span class='ocrx_word' id='word_1_641' title='bbox 1628 5289 1713 5353; x_wconf 89' lang='lat' dir='ltr'><strong>qui</strong></span> 
     </span>
    </p>
   </div>
   <div class='ocr_carea' id='block_1_90' title="bbox 187 5349 1714 5416">
    <p class='ocr_par' dir='ltr' id='par_1_90' title="bbox 187 5349 1714 5416">
     <span class='ocr_line' id='line_1_90' title="bbox 187 5349 1714 5416; baseline 0.005 -17"><span class='ocrx_word' id='word_1_642' title='bbox 187 5351 273 5403; x_wconf 74' lang='lat' dir='ltr'><strong>sub</strong></span> <span class='ocrx_word' id='word_1_643' title='bbox 313 5353 623 5416; x_wconf 68' lang='lat' dir='ltr'><strong>mmihi-aut</strong></span> <span class='ocrx_word' id='word_1_644' title='bbox 679 5351 910 5404; x_wconf 82' lang='lat' dir='ltr'><strong>Severini</strong></span> <span class='ocrx_word' id='word_1_645' title='bbox 966 5349 1368 5408; x_wconf 87' lang='lat' dir='ltr'><strong>Lateranensem</strong></span> <span class='ocrx_word' id='word_1_646' title='bbox 1423 5349 1714 5409; x_wconf 67' lang='lat' dir='ltr'><strong>Ecclesium</strong></span> 
     </span>
    </p>
   </div>
   <div class='ocr_carea' id='block_1_91' title="bbox 188 5416 1718 5488">
    <p class='ocr_par' dir='ltr' id='par_1_91' title="bbox 188 5416 1718 5488">
     <span class='ocr_line' id='line_1_91' title="bbox 188 5416 1718 5488; baseline 0.006 -18"><span class='ocrx_word' id='word_1_647' title='bbox 188 5423 448 5486; x_wconf 38' lang='lat' dir='ltr'><strong>etpilavit.‘</strong></span> <span class='ocrx_word' id='word_1_648' title='bbox 473 5422 708 5485; x_wconf 77' lang='lat' dir='ltr'><strong>iiJquue</strong></span> <span class='ocrx_word' id='word_1_649' title='bbox 750 5424 884 5485; x_wconf 57' lang='lat' dir='ltr'><strong>justa</strong></span> <span class='ocrx_word' id='word_1_650' title='bbox 914 5421 999 5471; x_wconf 87' lang='lat' dir='ltr'><strong>Dei</strong></span> <span class='ocrx_word' id='word_1_651' title='bbox 1024 5421 1217 5474; x_wconf 87' lang='lat' dir='ltr'><strong>ultione</strong></span> <span class='ocrx_word' id='word_1_652' title='bbox 1245 5421 1294 5472; x_wconf 92' lang='lat' dir='ltr'><strong>io</strong></span> <span class='ocrx_word' id='word_1_653' title='bbox 1326 5436 1536 5488; x_wconf 72' lang='lat' dir='ltr'><strong>pinnam</strong></span> <span class='ocrx_word' id='word_1_654' title='bbox 1569 5416 1718 5478; x_wconf 85' lang='lat' dir='ltr'><strong>com-</strong></span> 
     </span>
    </p>
   </div>
   <div class='ocr_carea' id='block_1_92' title="bbox 193 5489 1720 5557">
    <p class='ocr_par' dir='ltr' id='par_1_92' title="bbox 193 5489 1720 5557">
     <span class='ocr_line' id='line_1_92' title="bbox 193 5489 1720 5557; baseline 0.007 -20"><span class='ocrx_word' id='word_1_655' title='bbox 369 5490 637 5557; x_wconf 73' lang='lat' dir='ltr'><strong>sacrilegii</strong></span> <span class='ocrx_word' id='word_1_656' title='bbox 683 5489 748 5536; x_wconf 82' lang='lat' dir='ltr'><strong>ab</strong></span> <span class='ocrx_word' id='word_1_657' title='bbox 794 5489 1008 5541; x_wconf 87' lang='lat' dir='ltr'><strong>ecclesia</strong></span> <span class='ocrx_word' id='word_1_658' title='bbox 1060 5490 1476 5553; x_wconf 81' lang='lat' dir='ltr'><strong>abstrahebatur,</strong></span> <span class='ocrx_word' id='word_1_659' title='bbox 1509 5497 1720 5557; x_wconf 87' lang='lat' dir='ltr'><strong>quando</strong></span> 
     </span>
    </p>
   </div>
   <div class='ocr_carea' id='block_1_93' title="bbox 191 5557 1719 5629">
    <p class='ocr_par' dir='ltr' id='par_1_93' title="bbox 191 5557 1719 5629">
     <span class='ocr_line' id='line_1_93' title="bbox 191 5557 1719 5629; baseline 0.006 -20"><span class='ocrx_word' id='word_1_660' title='bbox 191 5557 249 5629; x_wconf 58' lang='lat' dir='ltr'><strong>ad</strong></span> <span class='ocrx_word' id='word_1_661' title='bbox 287 5559 440 5623; x_wconf 79' lang='lat' dir='ltr'><strong>ipsam</strong></span> <span class='ocrx_word' id='word_1_662' title='bbox 499 5575 618 5629; x_wconf 15' lang='lat' dir='ltr'><strong>pm,</strong></span> <span class='ocrx_word' id='word_1_663' title='bbox 646 5560 818 5629; x_wconf 79' lang='lat' dir='ltr'><strong>salute</strong></span> <span class='ocrx_word' id='word_1_664' title='bbox 843 5557 1167 5629; x_wconf 66' lang='lat' dir='ltr'><strong>confugiens</strong></span> <span class='ocrx_word' id='word_1_665' title='bbox 1212 5561 1462 5614; x_wconf 66' lang='lat' dir='ltr'><strong>auxilium</strong></span> <span class='ocrx_word' id='word_1_666' title='bbox 1496 5574 1719 5629; x_wconf 82' lang='lat' dir='ltr'><strong>peteret.</strong></span> 
     </span>
    </p>
   </div>
   <div class='ocr_carea' id='block_1_94' title="bbox 197 5625 890 5689">
    <p class='ocr_par' dir='ltr' id='par_1_94' title="bbox 197 5625 890 5689">
     <span class='ocr_line' id='line_1_94' title="bbox 197 5625 890 5689; baseline -0.004 -13"><span class='ocrx_word' id='word_1_667' title='bbox 197 5626 388 5689; x_wconf 63' lang='lat' dir='ltr'><strong>Raram,</strong></span> <span class='ocrx_word' id='word_1_668' title='bbox 420 5644 562 5680; x_wconf 78' lang='lat' dir='ltr'><strong>anno</strong></span> <span class='ocrx_word' id='word_1_669' title='bbox 590 5625 720 5683; x_wconf 58' lang='grc'><strong>045.</strong></span> <span class='ocrx_word' id='word_1_670' title='bbox 755 5641 806 5677; x_wconf 87' lang='lat' dir='ltr'><strong>n.</strong></span> <span class='ocrx_word' id='word_1_671' title='bbox 839 5626 890 5675; x_wconf 66' lang='grc' dir='ltr'><strong>ἰ).</strong></span> 
     </span>
    </p>
   </div>
   <div class='ocr_carea' id='block_1_95' title="bbox 255 5695 1002 5751">
    <p class='ocr_par' dir='ltr' id='par_1_95' title="bbox 255 5695 1002 5751">
     <span class='ocr_line' id='line_1_95' title="bbox 255 5695 1002 5751; baseline -0.003 -6"><span class='ocrx_word' id='word_1_672' title='bbox 255 5695 278 5728; x_wconf 66' lang='grc'>⁸</span> <span class='ocrx_word' id='word_1_673' title='bbox 305 5695 496 5749; x_wconf 78' lang='lat' dir='ltr'><strong>Boiam.</strong></span> <span class='ocrx_word' id='word_1_674' title='bbox 530 5698 585 5749; x_wconf 76' lang='lat' dir='ltr'><strong>Id</strong></span> <span class='ocrx_word' id='word_1_675' title='bbox 617 5707 699 5751; x_wconf 80' lang='lat' dir='ltr'><strong>est</strong></span> <span class='ocrx_word' id='word_1_676' title='bbox 726 5697 1002 5746; x_wconf 86' lang='lat' dir='ltr'><strong>vinculum.</strong></span> 
     </span>
    </p>
   </div>
   <div class='ocr_carea' id='block_1_96' title="bbox 263 5762 1724 5838">
    <p class='ocr_par' dir='ltr' id='par_1_96' title="bbox 263 5762 1724 5838">
     <span class='ocr_line' id='line_1_96' title="bbox 263 5762 1724 5838; baseline 0.007 -24"><span class='ocrx_word' id='word_1_677' title='bbox 263 5771 282 5798; x_wconf 75' lang='grc' dir='ltr'>ί</span> <span class='ocrx_word' id='word_1_678' title='bbox 312 5762 564 5838; x_wconf 63' lang='lat' dir='ltr'><strong>limatus.</strong></span> <span class='ocrx_word' id='word_1_679' title='bbox 624 5769 713 5817; x_wconf 59' lang='lat' dir='ltr'><strong>tua</strong></span> <span class='ocrx_word' id='word_1_680' title='bbox 749 5768 962 5817; x_wconf 77' lang='lat' dir='ltr'><strong>ecclesia</strong></span> <span class='ocrx_word' id='word_1_681' title='bbox 980 5763 1316 5838; x_wconf 50' lang='lat' dir='ltr'><strong>ficodensis,</strong></span> <span class='ocrx_word' id='word_1_682' title='bbox 1349 5770 1502 5828; x_wconf 87' lang='lat' dir='ltr'><strong>hodie</strong></span> <span class='ocrx_word' id='word_1_683' title='bbox 1531 5768 1724 5828; x_wconf 85' lang='lat' dir='ltr'><strong>Cervia</strong></span> 
     </span>
    </p>
   </div>
   <div class='ocr_carea' id='block_1_97' title="bbox 205 5833 1269 5899">
    <p class='ocr_par' dir='ltr' id='par_1_97' title="bbox 205 5833 1269 5899">
     <span class='ocr_line' id='line_1_97' title="bbox 205 5833 1269 5899; baseline 0.008 -14"><span class='ocrx_word' id='word_1_684' title='bbox 205 5834 464 5890; x_wconf 75' lang='lat' dir='ltr'><strong>nominata.</strong></span> <span class='ocrx_word' id='word_1_685' title='bbox 499 5839 776 5896; x_wconf 78' lang='lat' dir='ltr'><strong>Baronius.</strong></span> <span class='ocrx_word' id='word_1_686' title='bbox 808 5848 944 5887; x_wconf 90' lang='lat' dir='ltr'><strong>anno</strong></span> <span class='ocrx_word' id='word_1_687' title='bbox 973 5833 1096 5899; x_wconf 69' lang='lat' dir='ltr'><strong>(iii,</strong></span> <span class='ocrx_word' id='word_1_688' title='bbox 1127 5852 1179 5889; x_wconf 89' lang='grc' dir='ltr'>ιι.</span> <span class='ocrx_word' id='word_1_689' title='bbox 1217 5838 1269 5894; x_wconf 85' lang='lat'><strong>5.</strong></span> 
     </span>
    </p>
   </div>
   <div class='ocr_carea' id='block_1_98' title="bbox 505 5925 1189 5989">
    <p class='ocr_par' dir='ltr' id='par_1_98' title="bbox 505 5925 1189 5989">
     <span class='ocr_line' id='line_1_98' title="bbox 505 5925 1189 5989; baseline 0 -1"><span class='ocrx_word' id='word_1_690' title='bbox 505 5930 781 5989; x_wconf 71' lang='grc' dir='ltr'>ιἈτιιοι..</span> <span class='ocrx_word' id='word_1_691' title='bbox 817 5925 1189 5988; x_wconf 72' lang='lat' dir='ltr'><strong>LXXXVII.</strong></span> 
     </span>
    </p>
   </div>
   <div class='ocr_carea' id='block_1_99' title="bbox 1873 3757 3439 3828">
    <p class='ocr_par' dir='ltr' id='par_1_99' title="bbox 1873 3757 3439 3828">
     <span class='ocr_line' id='line_1_99' title="bbox 1873 3757 3439 3828; baseline 0.003 -15"><span class='ocrx_word' id='word_1_692' title='bbox 1873 3763 1895 3800; x_wconf 81' lang='grc' dir='ltr'>ι¹</span> <span class='ocrx_word' id='word_1_693' title='bbox 1930 3763 2153 3813; x_wconf 78' lang='lat' dir='ltr'><strong>Audiens</strong></span> <span class='ocrx_word' id='word_1_694' title='bbox 2203 3763 2294 3812; x_wconf 84' lang='lat' dir='ltr'><strong>hoc</strong></span> <span class='ocrx_word' id='word_1_695' title='bbox 2344 3763 2615 3828; x_wconf 76' lang='lat' dir='ltr'><strong>imperator</strong></span> <span class='ocrx_word' id='word_1_696' title='bbox 2641 3762 2758 3825; x_wconf 80' lang='lat' dir='ltr'><strong>quin</strong></span> <span class='ocrx_word' id='word_1_697' title='bbox 2788 3761 3055 3826; x_wconf 76' lang='lat' dir='ltr'><strong>defunctus</strong></span> <span class='ocrx_word' id='word_1_698' title='bbox 3072 3771 3143 3812; x_wconf 69' lang='lat' dir='ltr'><strong>es!</strong></span> <span class='ocrx_word' id='word_1_699' title='bbox 3168 3763 3359 3817; x_wconf 73' lang='lat' dir='ltr'><strong>lsnrius</strong></span> <span class='ocrx_word' id='word_1_700' title='bbox 3436 3757 3439 3759; x_wconf 23' lang='grc' dir='ltr'><strong>ί</strong></span> 
     </span>
    </p>
   </div>
   <div class='ocr_carea' id='block_1_100' title="bbox 1799 3830 3354 3896">
    <p class='ocr_par' dir='ltr' id='par_1_100' title="bbox 1799 3830 3354 3896">
     <span class='ocr_line' id='line_1_100' title="bbox 1799 3830 3354 3896; baseline 0 -11"><span class='ocrx_word' id='word_1_701' title='bbox 1799 3833 1932 3885; x_wconf 69' lang='lat' dir='ltr'><strong>misit</strong></span> <span class='ocrx_word' id='word_1_702' title='bbox 1972 3832 2290 3884; x_wconf 78' lang='lat' dir='ltr'><strong>Theodorum</strong></span> <span class='ocrx_word' id='word_1_703' title='bbox 2335 3831 2592 3896; x_wconf 67' lang='grc' dir='ltr'>ριιιήιὶιιηι</span> <span class='ocrx_word' id='word_1_704' title='bbox 2615 3831 2905 3883; x_wconf 78' lang='grc' dir='ltr'>ε.ι;αι·ε1ιιιιιι.</span> <span class='ocrx_word' id='word_1_705' title='bbox 2946 3830 3212 3886; x_wconf 83' lang='lat' dir='ltr'><strong>Platonem</strong></span> <span class='ocrx_word' id='word_1_706' title='bbox 3250 3840 3354 3886; x_wconf 74' lang='lat' dir='ltr'><strong>ha:-</strong></span> 
     </span>
    </p>
   </div>
   <div class='ocr_carea' id='block_1_101' title="bbox 1800 3900 3355 3962">
    <p class='ocr_par' dir='ltr' id='par_1_101' title="bbox 1800 3900 3355 3962">
     <span class='ocr_line' id='line_1_101' title="bbox 1800 3900 3355 3962; baseline -0.003 -6"><span class='ocrx_word' id='word_1_707' title='bbox 1800 3903 2018 3956; x_wconf 91' lang='lat' dir='ltr'><strong>retieum</strong></span> <span class='ocrx_word' id='word_1_708' title='bbox 2070 3906 2354 3954; x_wconf 78' lang='lat' dir='ltr'><strong>cxarcbutn</strong></span> <span class='ocrx_word' id='word_1_709' title='bbox 2399 3909 2518 3952; x_wconf 88' lang='lat' dir='ltr'><strong>ante</strong></span> <span class='ocrx_word' id='word_1_710' title='bbox 2549 3900 2881 3954; x_wconf 83' lang='lat' dir='ltr'><strong>Theodorum</strong></span> <span class='ocrx_word' id='word_1_711' title='bbox 2913 3902 3198 3962; x_wconf 76' lang='lat' dir='ltr'><strong>(Iallionam</strong></span> <span class='ocrx_word' id='word_1_712' title='bbox 3231 3907 3355 3959; x_wconf 72' lang='lat' dir='ltr'><strong>mis.</strong></span> 
     </span>
    </p>
   </div>
   <div class='ocr_carea' id='block_1_102' title="bbox 1800 3969 3361 4031">
    <p class='ocr_par' dir='ltr' id='par_1_102' title="bbox 1800 3969 3361 4031">
     <span class='ocr_line' id='line_1_102' title="bbox 1800 3969 3361 4031; baseline 0.001 -7"><span class='ocrx_word' id='word_1_713' title='bbox 1800 3969 1916 4024; x_wconf 71' lang='lat' dir='ltr'><strong>srﬂn</strong></span> <span class='ocrx_word' id='word_1_714' title='bbox 1967 3972 2129 4024; x_wconf 75' lang='lat' dir='ltr'><strong>fuisse</strong></span> <span class='ocrx_word' id='word_1_715' title='bbox 2186 3969 2235 4022; x_wconf 91' lang='lat' dir='ltr'><strong>in</strong></span> <span class='ocrx_word' id='word_1_716' title='bbox 2289 3970 2511 4028; x_wconf 74' lang='lat' dir='ltr'><strong>Italiam,</strong></span> <span class='ocrx_word' id='word_1_717' title='bbox 2547 3982 2751 4022; x_wconf 64' lang='lat' dir='ltr'><strong>constat</strong></span> <span class='ocrx_word' id='word_1_718' title='bbox 2782 3984 2844 4023; x_wconf 74' lang='lat' dir='ltr'><strong>ex</strong></span> <span class='ocrx_word' id='word_1_719' title='bbox 2869 3972 3024 4031; x_wconf 85' lang='lat' dir='ltr'><strong>epist.</strong></span> <span class='ocrx_word' id='word_1_720' title='bbox 3060 3974 3122 4025; x_wconf 82' lang='lat' dir='ltr'><strong>i6</strong></span> <span class='ocrx_word' id='word_1_721' title='bbox 3159 3974 3361 4026; x_wconf 75' lang='lat' dir='ltr'><strong>Martini</strong></span> 
     </span>
    </p>
   </div>
   <div class='ocr_carea' id='block_1_103' title="bbox 1801 4040 3360 4108">
    <p class='ocr_par' dir='ltr' id='par_1_103' title="bbox 1801 4040 3360 4108">
     <span class='ocr_line' id='line_1_103' title="bbox 1801 4040 3360 4108; baseline 0.003 -18"><span class='ocrx_word' id='word_1_722' title='bbox 1801 4056 1971 4108; x_wconf 55' lang='lat' dir='ltr'><strong>papae,</strong></span> <span class='ocrx_word' id='word_1_723' title='bbox 2005 4055 2102 4104; x_wconf 86' lang='lat' dir='ltr'><strong>qua</strong></span> <span class='ocrx_word' id='word_1_724' title='bbox 2135 4041 2327 4092; x_wconf 70' lang='lat' dir='ltr'><strong>dicitur</strong></span> <span class='ocrx_word' id='word_1_725' title='bbox 2359 4053 2422 4091; x_wconf 90' lang='lat' dir='ltr'><strong>eo</strong></span> <span class='ocrx_word' id='word_1_726' title='bbox 2452 4048 2708 4106; x_wconf 87' lang='lat' dir='ltr'><strong>tempore,</strong></span> <span class='ocrx_word' id='word_1_727' title='bbox 2733 4057 2798 4106; x_wconf 88' lang='lat' dir='ltr'><strong>qu</strong></span> <span class='ocrx_word' id='word_1_728' title='bbox 2823 4061 2832 4087; x_wconf 83' lang='grc' dir='ltr'><strong>ι</strong></span> <span class='ocrx_word' id='word_1_729' title='bbox 2859 4040 3360 4108; x_wconf 70' lang='lat' dir='ltr'><strong>PyrthnsConstan-</strong></span> 
     </span>
    </p>
   </div>
   <div class='ocr_carea' id='block_1_104' title="bbox 1803 4105 3361 4177">
    <p class='ocr_par' dir='ltr' id='par_1_104' title="bbox 1803 4105 3361 4177">
     <span class='ocr_line' id='line_1_104' title="bbox 1803 4105 3361 4177; baseline 0.001 -16"><span class='ocrx_word' id='word_1_730' title='bbox 1803 4105 2178 4177; x_wconf 82' lang='lat' dir='ltr'><strong>linopolilantts</strong></span> <span class='ocrx_word' id='word_1_731' title='bbox 2229 4109 2509 4174; x_wconf 84' lang='lat' dir='ltr'><strong>episcopus</strong></span> <span class='ocrx_word' id='word_1_732' title='bbox 2553 4105 2609 4160; x_wconf 84' lang='lat' dir='ltr'><strong>se</strong></span> <span class='ocrx_word' id='word_1_733' title='bbox 2657 4105 2875 4161; x_wconf 86' lang='lat' dir='ltr'><strong>Romam</strong></span> <span class='ocrx_word' id='word_1_734' title='bbox 2900 4105 3149 4174; x_wconf 70' lang='lat' dir='ltr'><strong>contulit,</strong></span> <span class='ocrx_word' id='word_1_735' title='bbox 3181 4105 3361 4164; x_wconf 85' lang='lat' dir='ltr'><strong>Plato-</strong></span> 
     </span>
    </p>
   </div>
   <div class='ocr_carea' id='block_1_105' title="bbox 1802 4178 3358 4247">
    <p class='ocr_par' dir='ltr' id='par_1_105' title="bbox 1802 4178 3358 4247">
     <span class='ocr_line' id='line_1_105' title="bbox 1802 4178 3358 4247; baseline 0.002 -17"><span class='ocrx_word' id='word_1_736' title='bbox 1802 4195 1921 4231; x_wconf 83' lang='lat' dir='ltr'><strong>nem</strong></span> <span class='ocrx_word' id='word_1_737' title='bbox 1968 4178 2262 4247; x_wconf 84' lang='lat' dir='ltr'><strong>quemdam</strong></span> <span class='ocrx_word' id='word_1_738' title='bbox 2302 4179 2588 4230; x_wconf 70' lang='lat' dir='ltr'><strong>exarebnm</strong></span> <span class='ocrx_word' id='word_1_739' title='bbox 2638 4179 2815 4242; x_wconf 83' lang='lat' dir='ltr'><strong>fuisse,</strong></span> <span class='ocrx_word' id='word_1_740' title='bbox 2869 4194 3097 4245; x_wconf 83' lang='lat' dir='ltr'><strong>suo-que</strong></span> <span class='ocrx_word' id='word_1_741' title='bbox 3135 4183 3198 4232; x_wconf 89' lang='lat' dir='ltr'><strong>ad</strong></span> <span class='ocrx_word' id='word_1_742' title='bbox 3231 4182 3358 4242; x_wconf 65' lang='lat' dir='ltr'><strong>Pyr-</strong></span> 
     </span>
    </p>
   </div>
   <div class='ocr_carea' id='block_1_106' title="bbox 1802 4246 3356 4315">
    <p class='ocr_par' dir='ltr' id='par_1_106' title="bbox 1802 4246 3356 4315">
     <span class='ocr_line' id='line_1_106' title="bbox 1802 4246 3356 4315; baseline 0.003 -15"><span class='ocrx_word' id='word_1_743' title='bbox 1802 4251 1956 4301; x_wconf 91' lang='lat' dir='ltr'><strong>rhum</strong></span> <span class='ocrx_word' id='word_1_744' title='bbox 1989 4246 2188 4301; x_wconf 38' lang='lat' dir='ltr'><strong>&#39;Romze</strong></span> <span class='ocrx_word' id='word_1_745' title='bbox 2236 4246 2514 4315; x_wconf 81' lang='lat' dir='ltr'><strong>degentem</strong></span> <span class='ocrx_word' id='word_1_746' title='bbox 2570 4249 2849 4301; x_wconf 81' lang='lat' dir='ltr'><strong>direxisse.</strong></span> <span class='ocrx_word' id='word_1_747' title='bbox 2907 4247 3034 4300; x_wconf 83' lang='lat' dir='ltr'><strong>Vide</strong></span> <span class='ocrx_word' id='word_1_748' title='bbox 3076 4249 3356 4304; x_wconf 63' lang='lat' dir='ltr'><strong>Bai-ouium</strong></span> 
     </span>
    </p>
   </div>
   <div class='ocr_carea' id='block_1_107' title="bbox 1800 4317 2101 4374">
    <p class='ocr_par' dir='ltr' id='par_1_107' title="bbox 1800 4317 2101 4374">
     <span class='ocr_line' id='line_1_107' title="bbox 1800 4317 2101 4374; baseline 0.007 -3"><span class='ocrx_word' id='word_1_749' title='bbox 1800 4333 1940 4371; x_wconf 85' lang='lat' dir='ltr'><strong>anno</strong></span> <span class='ocrx_word' id='word_1_750' title='bbox 1979 4317 2101 4374; x_wconf 54' lang='lat'><strong>6‘5.</strong></span> 
     </span>
    </p>
   </div>
   <div class='ocr_carea' id='block_1_108' title="bbox 1878 4383 3363 4454">
    <p class='ocr_par' dir='ltr' id='par_1_108' title="bbox 1878 4383 3363 4454">
     <span class='ocr_line' id='line_1_108' title="bbox 1878 4383 3363 4454; baseline 0.001 -14"><span class='ocrx_word' id='word_1_751' title='bbox 1878 4401 1898 4421; x_wconf 65' lang='grc' dir='ltr'>ι·</span> <span class='ocrx_word' id='word_1_752' title='bbox 1930 4385 2062 4454; x_wconf 78' lang='lat' dir='ltr'><strong>Ipsis</strong></span> <span class='ocrx_word' id='word_1_753' title='bbox 2092 4385 2395 4449; x_wconf 64' lang='lat' dir='ltr'><strong>temporibus</strong></span> <span class='ocrx_word' id='word_1_754' title='bbox 2418 4386 2550 4436; x_wconf 84' lang='lat' dir='ltr'><strong>venit</strong></span> <span class='ocrx_word' id='word_1_755' title='bbox 2587 4383 2813 4451; x_wconf 72' lang='lat' dir='ltr'><strong>Pyrrhus</strong></span> <span class='ocrx_word' id='word_1_756' title='bbox 2835 4401 2895 4437; x_wconf 80' lang='lat' dir='ltr'><strong>er</strong></span> <span class='ocrx_word' id='word_1_757' title='bbox 2923 4387 3091 4452; x_wconf 68' lang='lat' dir='ltr'><strong>Africa</strong></span> <span class='ocrx_word' id='word_1_758' title='bbox 3123 4389 3171 4440; x_wconf 84' lang='lat' dir='ltr'><strong>in</strong></span> <span class='ocrx_word' id='word_1_759' title='bbox 3192 4391 3363 4443; x_wconf 78' lang='lat' dir='ltr'><strong>urbem</strong></span> 
     </span>
    </p>
   </div>
   <div class='ocr_carea' id='block_1_109' title="bbox 1809 4455 3360 4524">
    <p class='ocr_par' dir='ltr' id='par_1_109' title="bbox 1809 4455 3360 4524">
     <span class='ocr_line' id='line_1_109' title="bbox 1809 4455 3360 4524; baseline -0.006 -14"><span class='ocrx_word' id='word_1_760' title='bbox 1809 4459 2046 4511; x_wconf 74' lang='lat' dir='ltr'><strong>Romam.</strong></span> <span class='ocrx_word' id='word_1_761' title='bbox 2101 4457 2332 4524; x_wconf 80' lang='lat' dir='ltr'><strong>Pyrrhus</strong></span> <span class='ocrx_word' id='word_1_762' title='bbox 2383 4455 2475 4524; x_wconf 10' lang='lat' dir='ltr'><strong>de,</strong></span> <span class='ocrx_word' id='word_1_763' title='bbox 2505 4455 2628 4505; x_wconf 86' lang='lat' dir='ltr'><strong>inita</strong></span> <span class='ocrx_word' id='word_1_764' title='bbox 2684 4457 3049 4521; x_wconf 80' lang='lat' dir='ltr'><strong>conjt&#39;tratione</strong></span> <span class='ocrx_word' id='word_1_765' title='bbox 3091 4462 3138 4510; x_wconf 78' lang='lat' dir='ltr'><strong>in</strong></span> <span class='ocrx_word' id='word_1_766' title='bbox 3178 4475 3360 4513; x_wconf 59' lang='lat' dir='ltr'><strong>nece...</strong></span> 
     </span>
    </p>
   </div>
   <div class='ocr_carea' id='block_1_110' title="bbox 1803 4523 3363 4594">
    <p class='ocr_par' dir='ltr' id='par_1_110' title="bbox 1803 4523 3363 4594">
     <span class='ocr_line' id='line_1_110' title="bbox 1803 4523 3363 4594; baseline -0.001 -13"><span class='ocrx_word' id='word_1_767' title='bbox 1803 4523 2153 4581; x_wconf 76' lang='lat' dir='ltr'><strong>Constantini</strong></span> <span class='ocrx_word' id='word_1_768' title='bbox 2176 4523 2510 4594; x_wconf 82' lang='lat' dir='ltr'><strong>imperatoris</strong></span> <span class='ocrx_word' id='word_1_769' title='bbox 2542 4538 2659 4576; x_wconf 85' lang='lat' dir='ltr'><strong>cum</strong></span> <span class='ocrx_word' id='word_1_770' title='bbox 2696 4526 2916 4578; x_wconf 83' lang='lat' dir='ltr'><strong>Martina</strong></span> <span class='ocrx_word' id='word_1_771' title='bbox 2950 4529 3178 4594; x_wconf 73' lang='lat' dir='ltr'><strong>Augusta</strong></span> <span class='ocrx_word' id='word_1_772' title='bbox 3211 4528 3363 4580; x_wconf 73' lang='lat' dir='ltr'><strong>diffa-</strong></span> 
     </span>
    </p>
   </div>
   <div class='ocr_carea' id='block_1_111' title="bbox 1808 4593 3362 4664">
    <p class='ocr_par' dir='ltr' id='par_1_111' title="bbox 1808 4593 3362 4664">
     <span class='ocr_line' id='line_1_111' title="bbox 1808 4593 3362 4664; baseline 0 -14"><span class='ocrx_word' id='word_1_773' title='bbox 1808 4608 1996 4657; x_wconf 85' lang='lat' dir='ltr'><strong>matus,</strong></span> <span class='ocrx_word' id='word_1_774' title='bbox 2052 4595 2251 4664; x_wconf 61' lang='lat' dir='ltr'><strong>fugerat</strong></span> <span class='ocrx_word' id='word_1_775' title='bbox 2296 4594 2345 4645; x_wconf 92' lang='lat' dir='ltr'><strong>in</strong></span> <span class='ocrx_word' id='word_1_776' title='bbox 2377 4593 2625 4653; x_wconf 84' lang='lat' dir='ltr'><strong>Africam,</strong></span> <span class='ocrx_word' id='word_1_777' title='bbox 2662 4605 2714 4645; x_wconf 93' lang='lat' dir='ltr'><strong>ut</strong></span> <span class='ocrx_word' id='word_1_778' title='bbox 2747 4610 2899 4660; x_wconf 84' lang='lat' dir='ltr'><strong>supra</strong></span> <span class='ocrx_word' id='word_1_779' title='bbox 2926 4593 3048 4655; x_wconf 78' lang='lat' dir='ltr'><strong>dixi,</strong></span> <span class='ocrx_word' id='word_1_780' title='bbox 3083 4598 3362 4664; x_wconf 78' lang='lat' dir='ltr'><strong>habitaque</strong></span> 
     </span>
    </p>
   </div>
   <div class='ocr_carea' id='block_1_112' title="bbox 1809 4663 3360 4730">
    <p class='ocr_par' dir='ltr' id='par_1_112' title="bbox 1809 4663 3360 4730">
     <span class='ocr_line' id='line_1_112' title="bbox 1809 4663 3360 4730; baseline 0 -10"><span class='ocrx_word' id='word_1_781' title='bbox 1809 4667 2149 4720; x_wconf 80' lang='lat' dir='ltr'><strong>celeberrima</strong></span> <span class='ocrx_word' id='word_1_782' title='bbox 2182 4663 2535 4730; x_wconf 73' lang='lat' dir='ltr'><strong>disputatione</strong></span> <span class='ocrx_word' id='word_1_783' title='bbox 2566 4678 2682 4716; x_wconf 90' lang='lat' dir='ltr'><strong>cum</strong></span> <span class='ocrx_word' id='word_1_784' title='bbox 2716 4664 2936 4714; x_wconf 63' lang='lat' dir='ltr'><strong>Maximo</strong></span> <span class='ocrx_word' id='word_1_785' title='bbox 2965 4667 3237 4716; x_wconf 79' lang='lat' dir='ltr'><strong>cmivit‘ttts</strong></span> <span class='ocrx_word' id='word_1_786' title='bbox 3269 4684 3360 4720; x_wconf 84' lang='lat' dir='ltr'><strong>sua</strong></span> 
     </span>
    </p>
   </div>
   <div class='ocr_carea' id='block_1_113' title="bbox 1808 4732 3362 4804">
    <p class='ocr_par' dir='ltr' id='par_1_113' title="bbox 1808 4732 3362 4804">
     <span class='ocr_line' id='line_1_113' title="bbox 1808 4732 3362 4804; baseline 0.004 -22"><span class='ocrx_word' id='word_1_787' title='bbox 1808 4747 1995 4804; x_wconf 78' lang='lat' dir='ltr'><strong>sponte</strong></span> <span class='ocrx_word' id='word_1_788' title='bbox 2027 4733 2248 4785; x_wconf 77' lang='lat' dir='ltr'><strong>Romam</strong></span> <span class='ocrx_word' id='word_1_789' title='bbox 2292 4732 2985 4804; x_wconf 71' lang='lat' dir='ltr'><strong>venit,_oblatotjue_ibideni</strong></span> <span class='ocrx_word' id='word_1_790' title='bbox 3030 4735 3206 4785; x_wconf 84' lang='lat' dir='ltr'><strong>libello</strong></span> <span class='ocrx_word' id='word_1_791' title='bbox 3245 4751 3362 4801; x_wconf 71' lang='lat' dir='ltr'><strong>pm,-</strong></span> 
     </span>
    </p>
   </div>
   <div class='ocr_carea' id='block_1_114' title="bbox 1812 4800 3362 4869">
    <p class='ocr_par' dir='ltr' id='par_1_114' title="bbox 1812 4800 3362 4869">
     <span class='ocr_line' id='line_1_114' title="bbox 1812 4800 3362 4869; baseline 0.001 -12"><span class='ocrx_word' id='word_1_792' title='bbox 1812 4800 2064 4865; x_wconf 51' lang='lat' dir='ltr'><strong>n&#39;itentix,</strong></span> <span class='ocrx_word' id='word_1_793' title='bbox 2121 4813 2174 4856; x_wconf 90' lang='lat' dir='ltr'><strong>et</strong></span> <span class='ocrx_word' id='word_1_794' title='bbox 2217 4803 2451 4869; x_wconf 85' lang='lat' dir='ltr'><strong>abjurata</strong></span> <span class='ocrx_word' id='word_1_795' title='bbox 2480 4800 2687 4863; x_wconf 60' lang='lat' dir='ltr'><strong>haeresi,</strong></span> <span class='ocrx_word' id='word_1_796' title='bbox 2724 4802 2876 4853; x_wconf 81' lang='lat' dir='ltr'><strong>fidem</strong></span> <span class='ocrx_word' id='word_1_797' title='bbox 2918 4804 3184 4867; x_wconf 75' lang='lat' dir='ltr'><strong>professus</strong></span> <span class='ocrx_word' id='word_1_798' title='bbox 3219 4800 3316 4859; x_wconf 84' lang='lat' dir='ltr'><strong>fuit</strong></span> <span class='ocrx_word' id='word_1_799' title='bbox 3351 4825 3362 4858; x_wconf 91' lang='lat'><strong>:</strong></span> 
     </span>
    </p>
   </div>
   <div class='ocr_carea' id='block_1_115' title="bbox 1812 4870 3361 4942">
    <p class='ocr_par' dir='ltr' id='par_1_115' title="bbox 1812 4870 3361 4942">
     <span class='ocr_line' id='line_1_115' title="bbox 1812 4870 3361 4942; baseline 0.001 -17"><span class='ocrx_word' id='word_1_800' title='bbox 1812 4883 2003 4942; x_wconf 71' lang='lat' dir='ltr'><strong>prmter</strong></span> <span class='ocrx_word' id='word_1_801' title='bbox 2051 4888 2110 4926; x_wconf 91' lang='lat' dir='ltr'><strong>ea</strong></span> <span class='ocrx_word' id='word_1_802' title='bbox 2157 4887 2274 4939; x_wconf 73' lang='lat' dir='ltr'><strong>qua:</strong></span> <span class='ocrx_word' id='word_1_803' title='bbox 2325 4871 2390 4942; x_wconf 87' lang='lat' dir='ltr'><strong>de</strong></span> <span class='ocrx_word' id='word_1_804' title='bbox 2439 4879 2630 4942; x_wconf 73' lang='lat' dir='ltr'><strong>eventu</strong></span> <span class='ocrx_word' id='word_1_805' title='bbox 2673 4870 3044 4938; x_wconf 61' lang='lat' dir='ltr'><strong>disputationis</strong></span> <span class='ocrx_word' id='word_1_806' title='bbox 3086 4875 3168 4926; x_wconf 86' lang='lat' dir='ltr'><strong>hic</strong></span> <span class='ocrx_word' id='word_1_807' title='bbox 3224 4878 3361 4942; x_wconf 89' lang='lat' dir='ltr'><strong>apud</strong></span> 
     </span>
    </p>
   </div>
   <div class='ocr_carea' id='block_1_116' title="bbox 1814 4939 3358 5004">
    <p class='ocr_par' dir='ltr' id='par_1_116' title="bbox 1814 4939 3358 5004">
     <span class='ocr_line' id='line_1_116' title="bbox 1814 4939 3358 5004; baseline -0.001 -8"><span class='ocrx_word' id='word_1_808' title='bbox 1814 4939 2146 4996; x_wconf 58' lang='lat' dir='ltr'><strong>Anastasinm</strong></span> <span class='ocrx_word' id='word_1_809' title='bbox 2175 4954 2225 4994; x_wconf 90' lang='lat' dir='ltr'><strong>et</strong></span> <span class='ocrx_word' id='word_1_810' title='bbox 2255 4945 2303 4990; x_wconf 87' lang='lat' dir='ltr'><strong>in</strong></span> <span class='ocrx_word' id='word_1_811' title='bbox 2339 4941 2447 5004; x_wconf 86' lang='lat' dir='ltr'><strong>ipsa</strong></span> <span class='ocrx_word' id='word_1_812' title='bbox 2479 4939 2836 5003; x_wconf 71' lang='lat' dir='ltr'><strong>disputatione</strong></span> <span class='ocrx_word' id='word_1_813' title='bbox 2866 4947 3222 5000; x_wconf 82' lang='lat' dir='ltr'><strong>continentur.</strong></span> <span class='ocrx_word' id='word_1_814' title='bbox 3249 4939 3358 4996; x_wconf 73' lang='lat' dir='ltr'><strong>luet:</strong></span> 
     </span>
    </p>
   </div>
   <div class='ocr_carea' id='block_1_117' title="bbox 1813 5010 3366 5079">
    <p class='ocr_par' dir='ltr' id='par_1_117' title="bbox 1813 5010 3366 5079">
     <span class='ocr_line' id='line_1_117' title="bbox 1813 5010 3366 5079; baseline 0.001 -15"><span class='ocrx_word' id='word_1_815' title='bbox 1813 5012 2366 5077; x_wconf 64' lang='lat' dir='ltr'><strong>scribit&#39;l‘heophmes</strong></span> <span class='ocrx_word' id='word_1_816' title='bbox 2400 5026 2409 5058; x_wconf 95' lang='lat'>:</span> <span class='ocrx_word' id='word_1_817' title='bbox 2452 5010 2714 5078; x_wconf 69' lang='lat' dir='ltr'><strong>«Pyrrhus</strong></span> <span class='ocrx_word' id='word_1_818' title='bbox 2744 5025 2865 5063; x_wconf 88' lang='lat' dir='ltr'><strong>vero</strong></span> <span class='ocrx_word' id='word_1_819' title='bbox 2892 5027 3009 5063; x_wconf 84' lang='lat' dir='ltr'><strong>eum</strong></span> <span class='ocrx_word' id='word_1_820' title='bbox 3040 5013 3366 5079; x_wconf 63' lang='lat' dir='ltr'><strong>perveni~set</strong></span> 
     </span>
    </p>
   </div>
   <div class='ocr_carea' id='block_1_118' title="bbox 1815 5079 3364 5146">
    <p class='ocr_par' dir='ltr' id='par_1_118' title="bbox 1815 5079 3364 5146">
     <span class='ocr_line' id='line_1_118' title="bbox 1815 5079 3364 5146; baseline 0 -12"><span class='ocrx_word' id='word_1_821' title='bbox 1815 5083 1864 5134; x_wconf 92' lang='lat' dir='ltr'><strong>in</strong></span> <span class='ocrx_word' id='word_1_822' title='bbox 1883 5079 2108 5133; x_wconf 77' lang='lat' dir='ltr'><strong>Africam</strong></span> <span class='ocrx_word' id='word_1_823' title='bbox 2129 5090 2320 5130; x_wconf 88' lang='lat' dir='ltr'><strong>motms</strong></span> <span class='ocrx_word' id='word_1_824' title='bbox 2338 5092 2454 5129; x_wconf 90' lang='lat' dir='ltr'><strong>cum</strong></span> <span class='ocrx_word' id='word_1_825' title='bbox 2476 5089 2656 5130; x_wconf 80' lang='lat' dir='ltr'><strong>sancto</strong></span> <span class='ocrx_word' id='word_1_826' title='bbox 2676 5081 2900 5131; x_wconf 68' lang='lat' dir='ltr'><strong>Maximo</strong></span> <span class='ocrx_word' id='word_1_827' title='bbox 2921 5084 3126 5134; x_wconf 78' lang='lat' dir='ltr'><strong>videtur</strong></span> <span class='ocrx_word' id='word_1_828' title='bbox 3140 5083 3364 5146; x_wconf 81' lang='lat' dir='ltr'><strong>aspecti-</strong></span> 
     </span>
    </p>
   </div>
   <div class='ocr_carea' id='block_1_119' title="bbox 1815 5147 3362 5213">
    <p class='ocr_par' dir='ltr' id='par_1_119' title="bbox 1815 5147 3362 5213">
     <span class='ocr_line' id='line_1_119' title="bbox 1815 5147 3362 5213; baseline 0.003 -13"><span class='ocrx_word' id='word_1_829' title='bbox 1815 5151 1929 5205; x_wconf 58' lang='lat' dir='ltr'><strong>bus.</strong></span> <span class='ocrx_word' id='word_1_830' title='bbox 1967 5151 2095 5200; x_wconf 85' lang='lat' dir='ltr'><strong>abba</strong></span> <span class='ocrx_word' id='word_1_831' title='bbox 2124 5147 2363 5198; x_wconf 70' lang='lat' dir='ltr'><strong>videlicet</strong></span> <span class='ocrx_word' id='word_1_832' title='bbox 2392 5149 2784 5213; x_wconf 71' lang='lat' dir='ltr'><strong>re!igiosissimo</strong></span> <span class='ocrx_word' id='word_1_833' title='bbox 2814 5150 2863 5200; x_wconf 91' lang='lat' dir='ltr'><strong>in</strong></span> <span class='ocrx_word' id='word_1_834' title='bbox 2908 5152 3212 5203; x_wconf 78' lang='lat' dir='ltr'><strong>monasticis</strong></span> <span class='ocrx_word' id='word_1_835' title='bbox 3238 5167 3362 5205; x_wconf 83' lang='lat' dir='ltr'><strong>cor-</strong></span> 
     </span>
    </p>
   </div>
   <div class='ocr_carea' id='block_1_120' title="bbox 1819 5218 3360 5278">
    <p class='ocr_par' dir='ltr' id='par_1_120' title="bbox 1819 5218 3360 5278">
     <span class='ocr_line' id='line_1_120' title="bbox 1819 5218 3360 5278; baseline 0.001 -6"><span class='ocrx_word' id='word_1_836' title='bbox 1819 5218 2161 5278; x_wconf 84' lang='lat' dir='ltr'><strong>rectionibus,</strong></span> <span class='ocrx_word' id='word_1_837' title='bbox 2214 5231 2415 5268; x_wconf 86' lang='lat' dir='ltr'><strong>necnon</strong></span> <span class='ocrx_word' id='word_1_838' title='bbox 2448 5228 2501 5268; x_wconf 87' lang='lat' dir='ltr'><strong>et</strong></span> <span class='ocrx_word' id='word_1_839' title='bbox 2530 5220 2822 5269; x_wconf 75' lang='lat' dir='ltr'><strong>lilVlllOl‘lllll</strong></span> <span class='ocrx_word' id='word_1_840' title='bbox 2868 5219 2969 5272; x_wconf 83' lang='lat' dir='ltr'><strong>illic</strong></span> <span class='ocrx_word' id='word_1_841' title='bbox 3021 5219 3360 5274; x_wconf 72' lang='lat' dir='ltr'><strong>evistentium</strong></span> 
     </span>
    </p>
   </div>
   <div class='ocr_carea' id='block_1_121' title="bbox 1822 5287 3360 5357">
    <p class='ocr_par' dir='ltr' id='par_1_121' title="bbox 1822 5287 3360 5357">
     <span class='ocr_line' id='line_1_121' title="bbox 1822 5287 3360 5357; baseline 0.003 -20"><span class='ocrx_word' id='word_1_842' title='bbox 1822 5289 2126 5353; x_wconf 80' lang='lat' dir='ltr'><strong>pontificum</strong></span> <span class='ocrx_word' id='word_1_843' title='bbox 2159 5295 2504 5357; x_wconf 68' lang='lat' dir='ltr'><strong>prmsentatur</strong></span> <span class='ocrx_word' id='word_1_844' title='bbox 2543 5287 2828 5357; x_wconf 75' lang='lat' dir='ltr'><strong>obtutibus.</strong></span> <span class='ocrx_word' id='word_1_845' title='bbox 2857 5289 2992 5341; x_wconf 81' lang='lat' dir='ltr'><strong>hunc</strong></span> <span class='ocrx_word' id='word_1_846' title='bbox 3023 5292 3360 5357; x_wconf 78' lang='lat' dir='ltr'><strong>redargutum</strong></span> 
     </span>
    </p>
   </div>
   <div class='ocr_carea' id='block_1_122' title="bbox 1820 5356 3340 5421">
    <p class='ocr_par' dir='ltr' id='par_1_122' title="bbox 1820 5356 3340 5421">
     <span class='ocr_line' id='line_1_122' title="bbox 1820 5356 3340 5421; baseline 0.002 -12"><span class='ocrx_word' id='word_1_847' title='bbox 1820 5369 1869 5409; x_wconf 90' lang='lat' dir='ltr'><strong>et</strong></span> <span class='ocrx_word' id='word_1_848' title='bbox 1906 5371 2208 5421; x_wconf 69' lang='lat' dir='ltr'><strong>persuasum</strong></span> <span class='ocrx_word' id='word_1_849' title='bbox 2240 5356 2456 5407; x_wconf 84' lang='lat' dir='ltr'><strong>Romani</strong></span> <span class='ocrx_word' id='word_1_850' title='bbox 2488 5356 2549 5408; x_wconf 89' lang='lat' dir='ltr'><strong>ad</strong></span> <span class='ocrx_word' id='word_1_851' title='bbox 2577 5372 2758 5420; x_wconf 86' lang='lat' dir='ltr'><strong>papam</strong></span> <span class='ocrx_word' id='word_1_852' title='bbox 2791 5359 3128 5411; x_wconf 87' lang='lat' dir='ltr'><strong>Theodorum</strong></span> <span class='ocrx_word' id='word_1_853' title='bbox 3160 5356 3340 5412; x_wconf 66' lang='lat' dir='ltr'><strong>direre</strong></span> 
     </span>
    </p>
   </div>
   <div class='ocr_carea' id='block_1_123' title="bbox 1781 5426 3368 5496">
    <p class='ocr_par' dir='ltr' id='par_1_123' title="bbox 1781 5426 3368 5496">
     <span class='ocr_line' id='line_1_123' title="bbox 1781 5426 3368 5496; baseline 0 -18"><span class='ocrx_word' id='word_1_854' title='bbox 1781 5463 1783 5466; x_wconf 62' lang='grc'>‹</span> <span class='ocrx_word' id='word_1_855' title='bbox 1822 5438 1962 5478; x_wconf 90' lang='lat' dir='ltr'><strong>runt.</strong></span> <span class='ocrx_word' id='word_1_856' title='bbox 2015 5427 2136 5490; x_wconf 88' lang='lat' dir='ltr'><strong>Qui,</strong></span> <span class='ocrx_word' id='word_1_857' title='bbox 2191 5426 2484 5496; x_wconf 78' lang='lat' dir='ltr'><strong>orthodoxe</strong></span> <span class='ocrx_word' id='word_1_858' title='bbox 2539 5427 2715 5476; x_wconf 83' lang='lat' dir='ltr'><strong>libello</strong></span> <span class='ocrx_word' id='word_1_859' title='bbox 2762 5432 2951 5481; x_wconf 85' lang='lat' dir='ltr'><strong>tradito</strong></span> <span class='ocrx_word' id='word_1_860' title='bbox 2995 5444 3160 5496; x_wconf 59' lang='lat' dir='ltr'><strong>papae,</strong></span> <span class='ocrx_word' id='word_1_861' title='bbox 3207 5428 3274 5478; x_wconf 86' lang='lat' dir='ltr'><strong>ab</strong></span> <span class='ocrx_word' id='word_1_862' title='bbox 3302 5445 3368 5481; x_wconf 86' lang='lat' dir='ltr'><strong>eo</strong></span> 
     </span>
    </p>
   </div>
   <div class='ocr_carea' id='block_1_124' title="bbox 1824 5495 3370 5564">
    <p class='ocr_par' dir='ltr' id='par_1_124' title="bbox 1824 5495 3370 5564">
     <span class='ocr_line' id='line_1_124' title="bbox 1824 5495 3370 5564; baseline 0.002 -18"><span class='ocrx_word' id='word_1_863' title='bbox 1824 5503 2066 5561; x_wconf 66' lang='lat' dir='ltr'><strong>receptus</strong></span> <span class='ocrx_word' id='word_1_864' title='bbox 2095 5505 2194 5546; x_wconf 89' lang='lat' dir='ltr'><strong>est.</strong></span> <span class='ocrx_word' id='word_1_865' title='bbox 2223 5512 2238 5542; x_wconf 76' lang='grc' dir='ltr'><strong>ι</strong></span> <span class='ocrx_word' id='word_1_866' title='bbox 2284 5495 2405 5546; x_wconf 72' lang='lat' dir='ltr'><strong>llaac</strong></span> <span class='ocrx_word' id='word_1_867' title='bbox 2441 5495 2788 5560; x_wconf 79' lang='lat' dir='ltr'><strong>Theophanes</strong></span> <span class='ocrx_word' id='word_1_868' title='bbox 2814 5499 2879 5551; x_wconf 85' lang='lat' dir='ltr'><strong>de</strong></span> <span class='ocrx_word' id='word_1_869' title='bbox 2911 5495 3155 5562; x_wconf 65' lang='lat' dir='ltr'><strong>prmdicta</strong></span> <span class='ocrx_word' id='word_1_870' title='bbox 3187 5496 3370 5564; x_wconf 66' lang='lat' dir='ltr'><strong>dispu~</strong></span> 
     </span>
    </p>
   </div>
   <div class='ocr_carea' id='block_1_125' title="bbox 1824 5565 3364 5630">
    <p class='ocr_par' dir='ltr' id='par_1_125' title="bbox 1824 5565 3364 5630">
     <span class='ocr_line' id='line_1_125' title="bbox 1824 5565 3364 5630; baseline 0.002 -13"><span class='ocrx_word' id='word_1_871' title='bbox 1824 5565 2017 5617; x_wconf 82' lang='lat' dir='ltr'><strong>talione</strong></span> <span class='ocrx_word' id='word_1_872' title='bbox 2047 5565 2226 5630; x_wconf 77' lang='lat' dir='ltr'><strong>Pyrrhi</strong></span> <span class='ocrx_word' id='word_1_873' title='bbox 2254 5580 2370 5616; x_wconf 89' lang='lat' dir='ltr'><strong>cum</strong></span> <span class='ocrx_word' id='word_1_874' title='bbox 2406 5565 2629 5614; x_wconf 79' lang='lat' dir='ltr'><strong>Maximo</strong></span> <span class='ocrx_word' id='word_1_875' title='bbox 2663 5566 2862 5622; x_wconf 80' lang='lat' dir='ltr'><strong>habita.</strong></span> <span class='ocrx_word' id='word_1_876' title='bbox 2891 5569 2979 5619; x_wconf 85' lang='lat' dir='ltr'><strong>liis</strong></span> <span class='ocrx_word' id='word_1_877' title='bbox 3011 5576 3364 5620; x_wconf 79' lang='lat' dir='ltr'><strong>consentatn-a</strong></span> 
     </span>
    </p>
   </div>
   <div class='ocr_carea' id='block_1_126' title="bbox 1824 5633 3365 5703">
    <p class='ocr_par' dir='ltr' id='par_1_126' title="bbox 1824 5633 3365 5703">
     <span class='ocr_line' id='line_1_126' title="bbox 1824 5633 3365 5703; baseline 0.003 -20"><span class='ocrx_word' id='word_1_878' title='bbox 1824 5634 1892 5686; x_wconf 87' lang='lat' dir='ltr'><strong>de</strong></span> <span class='ocrx_word' id='word_1_879' title='bbox 1921 5635 2103 5688; x_wconf 88' lang='lat' dir='ltr'><strong>eadem</strong></span> <span class='ocrx_word' id='word_1_880' title='bbox 2127 5636 2362 5684; x_wconf 68' lang='lat' dir='ltr'><strong>scribunt</strong></span> <span class='ocrx_word' id='word_1_881' title='bbox 2393 5633 2605 5684; x_wconf 84' lang='lat' dir='ltr'><strong>Photius</strong></span> <span class='ocrx_word' id='word_1_882' title='bbox 2629 5643 2681 5686; x_wconf 87' lang='lat' dir='ltr'><strong>et</strong></span> <span class='ocrx_word' id='word_1_883' title='bbox 2711 5637 2958 5688; x_wconf 75' lang='lat' dir='ltr'><strong>Martinus</strong></span> <span class='ocrx_word' id='word_1_884' title='bbox 2998 5636 3224 5699; x_wconf 71' lang='lat' dir='ltr'><strong>pontifex</strong></span> <span class='ocrx_word' id='word_1_885' title='bbox 3258 5640 3365 5703; x_wconf 72' lang='lat' dir='ltr'><strong>Opi-</strong></span> 
     </span>
    </p>
   </div>
   <div class='ocr_carea' id='block_1_127' title="bbox 1825 5703 3161 5767">
    <p class='ocr_par' dir='ltr' id='par_1_127' title="bbox 1825 5703 3161 5767">
     <span class='ocr_line' id='line_1_127' title="bbox 1825 5703 3161 5767; baseline 0 -11"><span class='ocrx_word' id='word_1_886' title='bbox 1825 5707 1958 5756; x_wconf 85' lang='lat' dir='ltr'><strong>stola</strong></span> <span class='ocrx_word' id='word_1_887' title='bbox 1984 5704 2072 5753; x_wconf 62' lang='lat' dir='ltr'><strong>2t}.</strong></span> <span class='ocrx_word' id='word_1_888' title='bbox 2109 5704 2380 5763; x_wconf 82' lang='lat' dir='ltr'><strong>Raronius,</strong></span> <span class='ocrx_word' id='word_1_889' title='bbox 2410 5718 2548 5753; x_wconf 87' lang='lat' dir='ltr'><strong>anno</strong></span> <span class='ocrx_word' id='word_1_890' title='bbox 2572 5703 2696 5767; x_wconf 62' lang='lat' dir='ltr'><strong>(iiii,</strong></span> <span class='ocrx_word' id='word_1_891' title='bbox 2729 5724 2780 5757; x_wconf 91' lang='grc' dir='ltr'>ιι.</span> <span class='ocrx_word' id='word_1_892' title='bbox 2828 5709 2875 5764; x_wconf 82' lang='grc'><strong>1.</strong></span> <span class='ocrx_word' id='word_1_893' title='bbox 2908 5705 2941 5755; x_wconf 66' lang='lat'><strong>2</strong></span> <span class='ocrx_word' id='word_1_894' title='bbox 2971 5715 3022 5757; x_wconf 91' lang='lat' dir='ltr'><strong>et</strong></span> <span class='ocrx_word' id='word_1_895' title='bbox 3049 5720 3161 5767; x_wconf 81' lang='lat' dir='ltr'><strong>seq.</strong></span> 
     </span>
    </p>
   </div>
   <div class='ocr_carea' id='block_1_128' title="bbox 1852 5770 3371 5839">
    <p class='ocr_par' dir='ltr' id='par_1_128' title="bbox 1852 5770 3371 5839">
     <span class='ocr_line' id='line_1_128' title="bbox 1852 5770 3371 5839; baseline 0.001 -21"><span class='ocrx_word' id='word_1_896' title='bbox 1852 5807 1864 5818; x_wconf 95' lang='lat'><strong>.</strong></span> <span class='ocrx_word' id='word_1_897' title='bbox 1903 5770 1920 5808; x_wconf 75' lang='grc' dir='ltr'>ῐ</span> <span class='ocrx_word' id='word_1_898' title='bbox 1959 5771 2141 5823; x_wconf 77' lang='lat' dir='ltr'><strong>Postea</strong></span> <span class='ocrx_word' id='word_1_899' title='bbox 2181 5787 2354 5822; x_wconf 80' lang='lat' dir='ltr'><strong>rursus</strong></span> <span class='ocrx_word' id='word_1_900' title='bbox 2373 5787 2508 5824; x_wconf 87' lang='lat' dir='ltr'><strong>more</strong></span> <span class='ocrx_word' id='word_1_901' title='bbox 2556 5777 2691 5825; x_wconf 81' lang='lat' dir='ltr'><strong>canis</strong></span> <span class='ocrx_word' id='word_1_902' title='bbox 2719 5776 2784 5824; x_wconf 87' lang='lat' dir='ltr'><strong>ad</strong></span> <span class='ocrx_word' id='word_1_903' title='bbox 2810 5777 3068 5839; x_wconf 61' lang='lat' dir='ltr'><strong>prum-Quin</strong></span> <span class='ocrx_word' id='word_1_904' title='bbox 3102 5774 3371 5837; x_wconf 69' lang='lat' dir='ltr'><strong>impietatis</strong></span> 
     </span>
    </p>
   </div>
   <div class='ocr_carea' id='block_1_129' title="bbox 1829 5842 3369 5910">
    <p class='ocr_par' dir='ltr' id='par_1_129' title="bbox 1829 5842 3369 5910">
     <span class='ocr_line' id='line_1_129' title="bbox 1829 5842 3369 5910; baseline -0.003 -16"><span class='ocrx_word' id='word_1_905' title='bbox 1829 5843 2069 5894; x_wconf 81' lang='lat' dir='ltr'><strong>vomitum</strong></span> <span class='ocrx_word' id='word_1_906' title='bbox 2098 5842 2370 5910; x_wconf 65' lang='lat' dir='ltr'><strong>repedavit.</strong></span> <span class='ocrx_word' id='word_1_907' title='bbox 2398 5842 2601 5897; x_wconf 78' lang='lat' dir='ltr'><strong>Accidit</strong></span> <span class='ocrx_word' id='word_1_908' title='bbox 2631 5843 2754 5896; x_wconf 80' lang='lat' dir='ltr'><strong>illud</strong></span> <span class='ocrx_word' id='word_1_909' title='bbox 2788 5847 2881 5895; x_wconf 85' lang='lat' dir='ltr'><strong>hac</strong></span> <span class='ocrx_word' id='word_1_910' title='bbox 2915 5845 3209 5897; x_wconf 73' lang='lat' dir='ltr'><strong>occasione.</strong></span> <span class='ocrx_word' id='word_1_911' title='bbox 3236 5843 3369 5895; x_wconf 78' lang='lat' dir='ltr'><strong>Cum</strong></span> 
     </span>
    </p>
   </div>
   <div class='ocr_carea' id='block_1_130' title="bbox 2919 5937 2954 5983">
    <p class='ocr_par' dir='ltr' id='par_1_130' title="bbox 2919 5937 2954 5983">
     <span class='ocr_line' id='line_1_130' title="bbox 2919 5937 2954 5983; baseline 0.086 -3"><span class='ocrx_word' id='word_1_912' title='bbox 2919 5937 2954 5983; x_wconf 70' lang='lat'><strong>3</strong></span> 
     </span>
    </p>
   </div>
  </div>
