3918 6404
542 482 610 541 τε,
1475 501 1478 504 .
1817 462 1872 514 s.
1916 457 2125 512 'l'llEOl

2228 454 2257 507 ll
2299 450 2493 506 l‘Al'rl‘l
3713 442 3783 494 NO

544 603 718 650 vestra
749 585 984 659 praedicti
1018 582 1202 654 Pyrrhi
1233 581 1384 650 culpa
1414 575 1729 646 regulariter
1758 573 2086 640 exquiratur.
2121 573 2170 630 Α
2199 576 2254 618 ιιι
2282 579 2310 642 a
2341 563 2490 616 nobis
2515 571 2565 614 et
2594 560 2659 614 ab
2689 560 2928 613 omnibus
2975 559 3282 612 orthodnxis
3323 558 3592 624 episcopis
3640 557 3784 607 abo-

543 685 657 737 Non
686 681 826 735 enim
868 673 1141 744 praesentia
1179 671 1296 740 ejus
1329 668 1623 723 necessaria
1651 672 1752 728 est,
1783 662 1870 716 ubi
1908 663 2090 713 exces-

543 789 633 828 sus
657 770 775 839 eius
803 779 857 822 et
880 766 1071 832 scripta
1100 762 1306 816 veritati
1333 756 1674 828 repugnantia
1720 761 1912 822 prmsto
1950 757 2087 812 sunt,

550 874 604 917 ut
627 877 750 918 cum
778 860 842 914 de
871 859 951 912 his
974 856 1312 923 diiudicatur,
1356 849 1524 904 modis
1562 846 1806 902 omnibus
1839 844 2094 898 condem—

495 969 508 976 ‘
546 966 719 1008 netur.
754 951 929 1004 Primo
956 945 1193 1015 quidem,
1224 942 1471 1011 quoniam
1499 938 1819 1000 lleraclium,
1851 934 1942 1003 qui
1973 946 2098 985 ana-

547 1038 904 1094 thematizavit
933 1033 1286 1088 inviolabilem
1330 1027 1744 1083 ortltodoxorum
1789 1021 2003 1074 Patrum
2035 1019 2100 1071 ﬁ-

545 1133 688 1194 dem,
718 1127 941 1184 diversis
973 1124 1208 1178 laudibus
1251 1118 1460 1180 extulit,
1501 1125 1554 1172 et
1599 1112 1943 1180 sophisticam
1985 1110 2104 1177 jus-

547 1224 750 1275 sionem
778 1218 966 1284 ipsius,
1001 1214 1050 1265 in
1083 1227 1182 1280 qua
1215 1210 1362 1278 quasi
1404 1204 1702 1276 symbolum
1742 1201 1858 1254 ﬁdei
1884 1211 2102 1264 compo-

549 1315 674 1376 suit,
697 1306 1075 1365 subscribendo
1093 1302 1338 1364 ﬁrmavit,
1359 1297 1668 1364 furtivisque
1685 1290 2107 1359 surreptionibus

552 1398 807 1467 quosdam
845 1393 1148 1452 sacerdotes
1177 1390 1316 1458 apud
1354 1403 1413 1442 se
1460 1386 1759 1453 singulatim
1809 1380 2106 1448 prazdietam

555 1490 791 1541 chartam
826 1485 1074 1540 roborare
1103 1481 1294 1548 coegit,
1318 1487 1368 1532 et
1399 1479 1452 1530 in
1483 1475 1704 1545 publicis
1736 1472 1862 1526 locis
1891 1484 2112 1536 suspen-

557 1586 683 1633 dere
723 1579 786 1631 ad
829 1573 1240 1629 destructionem
1280 1564 1731 1622 Chalcedonensis
1771 1560 1976 1615 concilii
2021 1574 2135 1625 sua

561 1675 675 1727 daci
705 1669 1129 1738 transgressione
1159 1661 1512 1730 praesumpsit.
1544 1657 1690 1712 Unde
1721 1669 1823 1707 non
1851 1653 2114 1706 modicum

561 1760 906 1816 dissensionis
945 1753 1252 1808 scandalum
1306 1747 1557 1803 Ecclesiis
1604 1746 1696 1799 Dei
1730 1742 2111 1805 disseminavit,

511 1845 519 1851 ’
564 1861 617 1906 et
647 1847 999 1904 obtestatione
1027 1848 1317 1900 conventus
1345 1855 1379 1894 a
1401 1837 1680 1891 decessore
1710 1844 1892 1887 nostro
1922 1829 2112 1896 corrigi

2194 658 2441 724 minat‘am
2497 653 2813 722 respuimus.
2867 652 3074 706 Sufficit
3127 665 3353 717 namque
3403 649 3554 701 nobis
3609 647 3781 712 ﬁdes.

2195 761 2349 814 quam
2389 744 2556 798 sancti
2585 743 2808 810 apostoli
2843 743 3285 810 przedicaverunt,
3315 740 3541 793 concilia
3577 739 3776 791 ﬁrma-

2180 842 2411 899 .verunt,
2441 844 2494 887 et
2523 834 2692 887 sancti
2738 832 2920 886 Patres
2961 822 3427 898 consignaveruut',
3475 844 3568 896 per
3607 842 3782 895 quam

2201 925 2369 978 renati
2399 933 2452 978 et
2475 924 2615 977 docti
2649 925 2764 977 facti
2795 936 2996 985 sumus,
3023 935 3283 990 quamque
3318 920 3594 980 docemus,
3655 917 3783 969 nul-

2208 1014 2315 1066 lum
2355 1024 2690 1082 augmentum
2725 1013 2775 1064 in
2823 1012 3064 1081 symbolo
3111 1008 3253 1072 ﬁdei,
3285 1009 3424 1076 quod
3471 1022 3499 1059 a
3547 1007 3788 1076 synodis

2205 1113 2286 1158 est
2317 1103 2600 1163 ﬁrmatum,
2629 1103 2966 1170 recipientes.
2996 1101 3290 1154 Anathenia
3314 1100 3396 1152 bis
3425 1105 3510 1167 qui
3540 1099 3784 1161 addunt,

2207 1194 2484 1247 anathema
2514 1195 2599 1262 qui
2625 1193 2841 1246 deruunt
2869 1202 3053 1246 sancto
3081 1190 3406 1254 mathemati,
3434 1189 3484 1242 id
3515 1198 3602 1242 est
3635 1203 3786 1256 sym-

2168 1308 2171 1309 ν
2208 1286 2350 1350 bolo,
2395 1285 2531 1351 quod
2565 1287 2614 1337 in
2659 1286 2882 1337 concilio
2928 1283 3141 1338 Nicano
3171 1282 3464 1344 deﬁnitum,
3508 1281 3790 1333 Constan-

2211 1376 2535 1443 tinopolique
2581 1377 2866 1441 ﬁrmatum,
2895 1385 2947 1428 et
2993 1374 3044 1427 in
3091 1373 3358 1442 Epiri-sino
3400 1375 3592 1440 primo,
3625 1383 3791 1440 atque

2209 1465 2564 1529 Chalcedone,
2597 1484 2624 1518 a
2651 1469 2848 1521 sanctis
2877 1477 2930 1522 et
2973 1467 3283 1522 orthodoxis
3311 1465 3576 1531 Patribns,
3611 1468 3709 1533 qui
3742 1470 3791 1518 in

2213 1556 2467 1610 catholica
2519 1558 2619 1610 fide
2651 1558 2962 1620 floruerunt,
2995 1558 3162 1623 gratia
3210 1557 3376 1609 sancti
3424 1567 3505 1610 est
3547 1555 3795 1623 Spiritus

2213 1645 2524 1697 stabilituin.
2557 1645 2684 1697 [lure
2704 1657 2758 1698 et
2787 1647 2868 1698 his
2897 1648 3084 1700 similia
3117 1646 3364 1700 concordi
3395 1660 3558 1700 sensu
3591 1646 3796 1700 frater-

2218 1735 2350 1785 nitas
2377 1743 2547 1787 vestra
2580 1736 2919 1801 przedieatiilo
2960 1736 3229 1788 nobiscum
3263 1750 3354 1787 ore
3380 1743 3433 1788 et
3456 1750 3628 1803 opere
3657 1751 3796 1787 con-

2221 1823 2452 1878 ﬁteatur.
2509 1826 2762 1878 Similiter
2811 1836 2985 1878 autem
3033 1827 3546 1882 anathematizanles
3599 1841 3796 1878 omnes

561 1937 912 2008 parvipendit.
944 1936 1032 1989 llis
1064 1933 1220 2001 igitur
1248 1941 1298 1984 et
1330 1928 1447 1982 aliis
1490 1927 1538 1980 in
1570 1926 1773 1994 synodo
1814 1921 2112 1976 fraternita-
2144 1914 2188 1972 B
2219 1915 2448 1968 bzereses
2497 1925 2549 1968 et
2599 1926 2842 1969 auctores
2871 1931 3074 2002 earum,
3124 1925 3174 1969 ut
3226 1915 3274 1968 id
3327 1917 3496 1985 ipsum
3539 1917 3799 1968 dicamus

566 2031 634 2082 tis
688 2035 875 2080 vestra:
927 2021 1227 2092 requisitis,
1283 2015 1551 2071 canonica:
1606 2014 1745 2066 hunc
1795 2010 2118 2064 exsecutioni

571 2119 886 2176 submittite,
911 2125 969 2167 ut
1005 2108 1319 2165 sacerdotali
1350 2107 1534 2160 ordine
1558 2113 1613 2158 et
1641 2102 1927 2170 episCOpali
1970 2099 2120 2166 legis-

569 2213 787 2269 latione,
820 2221 882 2260 ac
910 2203 1222 2274 regulariter
1272 2214 1336 2253 eo
1369 2196 1664 2252 sacerdotio
1693 2193 1979 2255 denudato,
2017 2206 2120 2243 non

569 2301 739 2354 solum
774 2299 901 2349 ﬁdes
933 2295 1129 2348 illibata
1174 2299 1498 2359 permaneat,
1546 2285 1638 2338 sed
1685 2293 1737 2336 et
1784 2280 2122 2335 fraternitatis

569 2405 759 2445 vesrrae
803 2389 996 2457 gradus
1039 2382 1350 2453 episcopalis
1408 2379 1608 2431 ﬁrmior
1649 2384 2010 2428 conservetur.
2059 2373 2122 2423 At

571 2497 718 2542 vero,
752 2481 794 2532 si
827 2479 1106 2546 diligenter
1153 2472 1447 2528 fraternitas
1477 2479 1672 2530 vestra,
1707 2467 1831 2518 dum
1879 2463 2122 2515 consilia-

575 2581 680 2632 tnr,
712 2565 1036 2635 perspexerit
1088 2563 1319 2616 fautores
1358 2560 1465 2626 jam
1510 2558 1632 2610 dicti
1678 2554 1860 2622 Pyrrhi
1900 2551 2122 2606 circnm-

573 2669 828 2726 strt-pere,
872 2665 924 2709 et
972 2652 1241 2708 settseritis
1291 2653 1493 2711 crebro,
1541 2647 1829 2700 insidenter
1882 2643 2122 2711 piazsenti

572 2748 780 2815 negotio
825 2743 962 2813 quod
1005 2738 1356 2794 deﬁniendum
1400 2745 1502 2801 est,
1550 2733 1979 2802 impedimentum
2032 2745 2124 2796 per

572 2839 875 2891 dilationem
907 2834 1114 2893 afferre,
1149 2839 1203 2884 ut
1253 2830 1518 2898 proin-ium
1558 2825 1859 2892 compleant
1888 2823 2121 2891 quando-

573 2942 679 2995 que
708 2926 1007 2985 consilimu,‘
1041 2921 1192 2973 vobis
1220 2917 1664 2975 contradicentes,
1708 2914 1806 2965 nisi
1852 2912 1999 2980 juxta
2034 2925 2124 2962 vo-

577 3034 688 3070 .um
719 3030 870 3068 suum
897 3011 1184 3081 quidquam
1211 3009 1516 3073 proveniat;
1544 3014 1597 3057 et
1640 3004 1680 3056 si
1713 3003 1779 3055 ob
1811 3004 1908 3055 hoc
1939 3001 2119 3054 frater-

574 3107 790 3159 nitatem
822 3114 1051 3156 vestram
1077 3098 1354 3151 obnoxiam
1383 3095 1572 3158 facere,
1605 3093 1681 3145 vel
1706 3093 1860 3144 etiam
1893 3091 2119 3144 schisma

576 3197 639 3250 de
678 3195 858 3249 eadem
907 3203 1129 3260 persona
1159 3187 1492 3246 tentaverint,
1536 3183 1782 3252 possibile
1821 3190 1986 3235 estut
2031 3181 2096 3234 ab

578 3284 848 3337 scindatnr
893 3281 1049 3334 etiam
1099 3277 1147 3330 in
1196 3272 1492 3343 lntjusmodi
1539 3270 1770 3339 capitulo
1800 3271 1914 3323 talis
1943 3284 2120 3323 versu-

580 3376 768 3428 tiarum
815 3354 1049 3438 ipsorum
1082 3368 1322 3428 intentio,
1361 3375 1414 3418 et
1451 3364 1746 3418 obtineatur
1774 3361 1940 3429 jnssio
1968 3376 1995 3412 a
2028 3363 2122 3412 do-

583 3469 725 3518 mino
764 3473 943 3516 noStro
988 3470 1038 3514 et
1085 3460 1191 3510 ﬁlio
1219 3451 1649 3509 Christianissimi
1693 3449 1962 3518 principis,
1994 3465 2126 3517 quo-

582 3558 720 3608 niam
775 3553 839 3604 de
907 3552 1005 3604 hoc
1057 3551 1262 3602 enixius
1325 3561 1442 3600 eum
1512 3559 1603 3611 per
1660 3545 1862 3596 litteras
1922 3551 2129 3594 nostras
2163 3553 2174 3556 ’

583 3645 936 3712 poposcimns,
986 3649 1041 3692 ut
1083 3639 1281 3690 scilicet
1323 3651 1463 3702 smpe
1512 3633 1705 3686 dictum
1761 3633 2014 3700 Pyrrhum
2065 3633 2128 3684 ad

585 3737 717 3789 hanc
759 3735 1045 3785 Humanam
1071 3723 1263 3800 urbem
1299 3725 1478 3793 jubeat
1511 3725 1663 3785 tnitti,
1707 3733 1964 3790 quatenus
2006 3739 2129 3772 eon-

584 3835 739 3876 veutu
789 3821 1036 3887 synodico
1066 3832 1093 3868 a
1127 3817 1276 3869 nobis
1304 3816 1512 3877 effecto,
1560 3830 1652 3879 pro
1701 3827 1793 3864 sua
1837 3813 2130 3864 temeritate

585 3909 866 3977 iudicetur.
909 3908 994 3960 Sic
1037 3907 1178 3958 enim
1222 3915 1274 3955 et
1316 3903 1658 3956 fraternitatis
1692 3912 1880 3954 vestrae
1929 3902 2132 3966 episco-

587 3999 722 4064 palis
750 3996 976 4064 diguitas
1013 3995 1152 4046 oumi
1199 3992 1370 4043 futuro
1418 3992 1802 4042 contrariorum
1849 3989 2133 4041 schismate

588 4087 790 4138 ﬁrmior
823 4099 1076 4150 apparere
1121 4081 1332 4143 valebit,
1371 4089 1424 4133 et
1453 4079 1752 4132 scandalum
1797 4079 2038 4131 novitatis
2068 4081 2132 4131 ab

589 4171 880 4225 ortlndoxa
913 4171 1013 4222 ﬁde
1040 4170 1244 4236 pulsum
1272 4169 1560 4230 necabitur,
1589 4176 1744 4234 atque
1776 4167 1865 4219 Dei
1901 4167 2132 4220 Ecclesia

590 4264 848 4315 continua:
876 4264 986 4328 paci
1019 4260 1318 4313 donabitur.
1355 4259 1522 4309 Deleri
1567 4273 1790 4323 namque
1810 4259 1874 4309 ab
1899 4257 2131 4310 Ecclesia

592 4353 683 4405 Dei
715 4353 959 4404 scandala
989 4350 1198 4410 debent,
1233 4357 1282 4402 et
1312 4347 1609 4413 exstirpari.
1655 4346 1812 4397 Multa
1852 4347 1988 4398 enim
2024 4362 2136 4413 pos-

593 4449 715 4493 sunt
743 4439 867 4491 oriri
911 4439 1248 4491 dissensionis
1285 4437 1479 4489 zizania
1525 4443 1703 4488 contra
1755 4436 2134 4499 promotionem

596 4527 936 4581 fraternitatis
966 4537 1085 4588 ture.
1134 4525 1229 4576 nisi
1263 4527 1509 4576 canonica
1560 4524 1693 4576 falce
1745 4538 1808 4575 ne
1859 4523 2132 4589 proﬁciant

598 4619 844 4670 radicitus
879 4615 1260 4668 rescimlantur.
1292 4613 1559 4681 Siquidem
1593 4628 1708 4664 cum
1760 4613 1949 4678 patitur
1978 4629 2134 4664 utrum

599 4708 914 4768 membrum,
945 4706 1332 4772 compatiuntur
1363 4703 1557 4768 reliqua
1607 4705 1843 4766 corporis
1883 4703 2136 4754 membra.

607 4798 748 4850 Absit
779 4812 904 4863 ergo
933 4805 988 4848 ut
1017 4797 1298 4848 schismata
1347 4805 1399 4847 et
1428 4794 1782 4846 dissensiones
1813 4796 2139 4859 proveniant,

616 4886 886 4939 :ecnndum
933 4886 1068 4952 quod
1121 4895 1174 4936 et
1205 4884 1677 4936 mansuetissimum
1708 4881 1974 4934 dominum
2006 4893 2056 4934 et
2087 4884 2142 4934 ti-

608 4978 729 5030 lium
764 4985 994 5028 nostrum
1041 4978 1328 5042 principem
1363 4989 1453 5039 per
1481 4973 1681 5026 litteras
1723 4981 1929 5025 uestras
1960 4973 2143 5037 petivi-

605 5083 740 5128 mus,
771 5080 873 5132 quo
911 5067 974 5116 ab
1005 5068 1309 5129 episciipatu
1353 5062 1694 5113 fraternitatis
1739 5073 1928 5114 vestra:
1970 5061 2143 5113 omnia

604 5173 720 5222 qua?
764 5170 932 5220 nuper
962 5166 1140 5204 exorta
1173 5163 1293 5205 sunt
1339 5151 1583 5203 scandala
1616 5152 1934 5212 recidantur,
1969 5160 2021 5204 et
2054 5164 2147 5202 nos

606 5245 813 5310 quidem
847 5245 1002 5296 veluti
1039 5241 1261 5293 fraterna
1293 5243 1491 5291 viscera
1532 5239 1928 5291 condolentibus
1977 5239 2138 5306 provi-

607 5338 796 5388 dentize
829 5347 1015 5386 nostra-
1050 5332 1303 5384 medelam
1341 5331 1618 5384 afferentes
1659 5345 2017 5397 appareamus.
2053 5331 2149 5383 Ve-

610 5438 898 5477 rumtamen
951 5425 1248 5488 prmdictatn
1290 5421 1547 5479 chartam,
1579 5434 1693 5485 qute
1744 5432 1923 5472 contra
1973 5422 2152 5474 ortho-

610 5514 798 5565 doxam
841 5512 993 5564 fidem
1027 5520 1078 5562 et
1105 5509 1530 5562 Chalcedonense
1561 5508 1836 5559 conri'imn
1870 5509 2152 5575 sophistice

615 5601 859 5666 probatur
903 5601 1165 5666 exposita,
1209 5601 1409 5652 eunetis
1454 5599 1651 5650 viribus
1682 5598 1880 5649 irritam
1912 5615 2026 5652 esse
2063 5599 2154 5651 de-

617 5691 917 5754 liberamus,
948 5699 998 5744 et
1040 5689 1246 5742 vinculo
1276 5690 1622 5742 anatltcmatis
1667 5688 1962 5752 refutatum,
2001 5699 2154 5757 atque

671 5813 706 5854 ἀ
739 5825 912 5876 Edidit
943 5827 1100 5877 Sirm.

2169 4570 2215 4625 D

2220 2005 2593 2066 omnes,'sieut
2622 2005 2872 2070 scriptum
2907 2015 3009 2068 est,
3035 1991 3088 2058 et
3119 2005 3403 2059 schismata
3437 2007 3585 2059 nullo
3631 2006 3800 2058 tttodo

2218 2099 2516 2164 germinent
2546 2099 2597 2150 in
2629 2096 2876 2149 Erclesiis
2908 2096 3024 2161 Dei,
3058 2112 3174 2164 qua:
3204 2097 3459 2164 Spirituali
3489 2098 3601 2165 jam
3638 2105 3695 2150 et
3722 2097 3802 2150 bis

2219 2198 2373 2241 acuto
2399 2189 2677 2241 sententia:
2707 2188 2878 2255 gladio
2905 2198 3023 2241 sunt
3055 2189 3244 2241 recisa.
3271 2186 3437 2242 Porro
3462 2197 3798 2254 prmsentem

2222 2277 2513 2330 litterarum
2568 2278 2787 2330 latorem
2838 2277 3152 2330 fraternitati
3201 2287 3389 2331 vestra:
3435 2278 3487 2329 in
3538 2278 3801 2330 omnibus

2220 2367 2669 2430 commendamus,
2703 2371 2948 2436 quoniam
2998 2379 3048 2422 et
3102 2384 3276 2421 mores
3314 2368 3430 2434 ejus
3477 2370 3710 2437 exigunt
3748 2380 3802 2421 nt

2221 2473 2339 2511 enm
2390 2458 2542 2510 vobis
2576 2474 2669 2511 nos
2699 2460 3073 2512 commendare
3100 2459 3384 2513 debeamus
3412 2476 3428 2512 :
3461 2460 3588 2528 quia
3627 2461 3802 2512 mani-

2224 2547 2354 2601 feste
2386 2560 2613 2601 vestram
2649 2549 2799 2602 nobis
2830 2551 3160 2616 praesentiam
3191 2550 3441 2604 exhibere
3468 2551 3802 2606 venerabili.
3887 2547 3889 2604 l

2225 2650 2300 2692 tus
2330 2640 2441 2706 ejus
2473 2651 2628 2706 atque
2653 2641 2907 2706 perfectio
2933 2655 3137 2694 morum
3167 2641 3515 2710 dignoscitur.

2829 2759 2851 2785 ⁸
2885 2766 3169 2803 Εχειιιτωιι

2225 2842 2309 2893 Ρνι
2329 2842 2585 2910 positionis
2624 2842 2929 2894 transmissa:
2952 2840 3435 2910 Constantiiwpolint
3463 2860 3495 2897 a
3517 2842 3801 2899 Theodoro

2631 2912 2950 2964 sanctissimo
2979 2930 3113 2978 papa
3135 2912 3386 2965 Romano.

2295 2997 2544 3051 Dominus
2573 3014 2633 3050 ac
2659 2999 2892 3052 Salvator
2922 3011 3099 3053 noster
3130 3002 3178 3052 in
3205 3003 3496 3068 Evangeliis
3528 3007 3800 3068 apostolis

2224 3087 2328 3137 suis
2369 3088 2433 3137 ita
2478 3087 2604 3138 dixit
2638 3103 2650 3140 :
2683 3087 2977 3156 Quicunque
3016 3091 3209 3140 solverit
3247 3105 3400 3142 tutum
3440 3093 3500 3142 de
3537 3095 3803 3145 mandatis
3885 3087 3889 3150 ἱ

2222 3175 2329 3226 istis
2356 3177 2589 3240 minimis,
2612 3186 2660 3228 et
2681 3178 2904 3230 docuerit
2948 3180 3019 3231 sic
3041 3181 3287 3244 homines,
3311 3183 3548 3235 minimus
3594 3187 3806 3236 vocabis

2228 3276 2306 3317 tur
2331 3267 2380 3318 in
2409 3283 2557 3334 regno
2579 3269 2815 3320 ca'lornnt
2837 3269 3047 3336 (Matth.
3082 3271 3171 3337 v);
3200 3282 3252 3324 ct
3277 3273 3376 3325 alia
3409 3274 3697 3342 Scriptura
3726 3278 3802 3329 di-

2227 3357 2334 3408 cit:
2377 3357 2458 3410 Ne
2487 3362 2761 3425 transferas
2804 3363 3040 3411 terminos
3081 3370 3315 3424 attentos,
3356 3379 3482 3430 quos
3512 3380 3805 3427 posuerunt

2228 3457 2392 3516 partes
2436 3447 2505 3498 tui
2545 3447 2723 3514 (Prov.
2761 3449 2912 3513 xm).
2965 3449 3054 3500 llis
3093 3464 3215 3518 ergo
3245 3450 3318 3502 sic
3365 3465 3421 3503 se
3453 3453 3803 3512 habentibus,

2228 3535 2291 3587 ad
2322 3537 2551 3587 notitiam
2586 3535 2923 3590 fraternitatis
2955 3548 3142 3591 vestra:
3174 3541 3481 3593 deducimus
3511 3544 3637 3607 quia
3676 3544 3804 3612 Pyr-

2235 3629 2379 3689 rhus,
2414 3632 2498 3695 qui
2529 3631 2788 3696 quondam
2824 3632 3069 3684 Ecclesiae
3097 3633 3639 3700 Constantinopoleos
3690 3638 3807 3702 epi-

2232 3728 2499 3785 scttpattnn
2527 3720 2800 3785 Subripuit,
2823 3730 2874 3774 et
2901 3721 3064 3774 instar
3095 3723 3195 3790 lupi
3224 3724 3320 3775 sub
3347 3734 3582 3791 pretextu
3623 3737 3808 3792 pasto-

2233 3810 2305 3861 ris
2335 3810 2585 3868 latitabat,
2619 3823 2798 3863 contra
2832 3813 3173 3864 orthodoxam
3206 3815 3382 3875 ﬁderit,
3414 3832 3575 3870 cornu
3603 3818 3809 3872 bellico

2231 3911 2431 3962 erecto,
2479 3901 2716 3967 (ιιιςιιι1.ιιιι
2769 3903 3015 3954 novitatis
3066 3907 3308 3972 ﬁgmenta
3359 3913 3706 3976 composuit,
3762 3927 3809 3966 ιιι

2233 3993 2426 4043 chartis
2457 4009 2482 4043 a
2515 4009 2570 4045 se
2597 3994 2821 4058 dictatis,
2855 3998 3106 4064 quosdam
3142 3997 3342 4052 fn-tivis
3374 4017 3433 4054 ac
3467 4004 3811 4070 subreptiti’s

2234 4080 2402 4132 modis
2435 4081 2762 4137 subscribere
2798 4088 3048 4153 compulit
3077 4091 3377 4143 sacerdotes
3409 4107 3420 4140 :
3459 4105 3681 4146 versute
3708 4111 3806 4160 ee-

2234 4185 2377 4234 rens,
2409 4181 2464 4222 ut
2497 4171 2796 4225 Inereticnm
2845 4178 3264 4242 praeautnptionis
3297 4193 3404 4230 suae
3435 4178 3633 4247 dogma
3669 4184 3809 4234 sub-

2235 4257 2396 4326 reptis
2441 4261 2656 4313 aliorum
2703 4264 3172 4329 subscriptionibus
3220 4266 3498 4331 stabiliret,
3541 4277 3592 4321 et
3635 4271 3809 4324 veluti

2239 4364 2428 4401 novum
2470 4353 2730 4404 mathema
2771 4363 2951 4426 contra
2997 4356 3304 4416 colendum,
3337 4357 3588 4425 nobisque
3637 4361 3812 4413 tradi-

2238 4454 2344 4495 tum
2375 4457 2400 4493 a
2428 4446 2621 4496 sanctis
2650 4445 2886 4498 Patribus
2918 4446 3212 4514 symbolum
3261 4462 3578 4513 componere
3629 4465 3805 4503 cona-

2239 4544 2398 4585 rotur.
2441 4531 2506 4583 Et
2553 4531 2795 4599 quoniam
2847 4534 2896 4586 in
2926 4535 3338 4589 Chalcedonensi
3385 4538 3610 4590 concilio
3665 4556 3805 4594 ana-

2243 4622 2413 4674 thema
2442 4623 2661 4689 po-itum
2699 4633 2776 4675 est
2805 4624 2884 4675 his
2913 4627 2996 4691 qui
3028 4641 3056 4678 a
3079 4628 3319 4680 ldiderint
3350 4631 3429 4681 vel
3463 4631 3810 4695 dempserint

2242 4710 2365 4775 quid
2416 4710 2465 4761 in
2502 4711 2601 4761 ﬁde
2633 4727 2746 4778 quae
2791 4727 2817 4762 a
2852 4721 2923 4762 tot
2956 4713 3194 4765 Palrilms
3224 4726 3303 4767 est
3338 4719 3603 4778 roborata,
3647 4720 3815 4785 hujus

2247 4799 2318 4849 rei
2351 4800 2509 4866 gratia
2535 4801 2873 4852 dilectionem
2908 4813 3132 4853 vestram
3159 4807 3468 4865 prcemnnire
3493 4811 3818 4862 considera-

2248 4889 2431 4949 vimus,
2467 4899 2517 4938 nt
2549 4889 2627 4939 bis
2657 4907 2771 4958 qui:
2819 4908 2844 4939 ει
2881 4893 3129 4956 ιιηειιιὶωιι
3163 4895 3363 4962 Pyrrho
3393 4897 3648 4950 adversus
3676 4917 3813 4969 apo-

2244 4975 2480 5026 stolicam
2512 4977 2662 5028 fidem
2694 4992 3003 5045 przesumpta
3034 4992 3175 5040 sunt,
3211 4986 3525 5048 reprobatis,
3555 4989 3814 5045 eamdem

2247 5067 2418 5130 “dum,
2449 5068 2578 5120 sicut
2610 5079 2662 5119 ct
2707 5071 2781 5119 fisi
2832 5087 3038 5134 summ,
3073 5075 3374 5133 retineatis,
3406 5092 3560 5141 quam
3593 5094 3660 5130 ex
3696 5082 3819 5149 ipso

2249 5156 2380 5207 lacte
2423 5158 2638 5208 uberum
2687 5171 2881 5211 saneta:
2916 5160 3159 5213 Ecclesiae
3191 5164 3343 5213 simul
3395 5166 3638 5228 suxistis,
3689 5175 3818 5222 nni-

2247 5259 2394 5294 versa
2442 5247 2730 5296 temeraria:
2775 5248 3018 5299 novitatis
3057 5248 3402 5301 deliramenta
3448 5251 3818 5310 deSIruentes.

2247 5331 2352 5383 Nos
2383 5333 2521 5385 enim
2552 5345 2651 5384 tam
2683 5349 2770 5401 per
2798 5336 2924 5387 alias
2957 5337 3171 5396 litteras,
3208 5352 3361 5401 quam
3409 5352 3501 5404 per
3526 5341 3810 5396 decretum

2251 5425 2521 5488 PI‘JBSCllllS
2565 5424 2958 5488 propositionis,
3011 5425 3180 5477 omnia
3229 5441 3345 5490 qua:
3394 5437 3574 5481 contra
3634 5432 3824 5484 ortlm.

2252 5513 2438 5563 doxarn
2468 5524 2514 5566 ct
2544 5515 2880 5578 apostolicam
2913 5515 3062 5566 fidem
3091 5526 3317 5568 llorll'alll
3339 5519 3404 5571 ab
3420 5518 3660 5586 ejusdem
3688 5522 3822 5591 Pyr-

2255 5602 2331 5651 rhi
2370 5618 2495 5651 nova
2532 5615 2580 5653 et
2616 5605 2889 5655 temeraria
2921 5603 3145 5657 vanitate
3190 5605 3479 5660 introducta
3512 5620 3660 5666 sont.
3692 5615 3824 5666 al.0-

3881 1499 3889 1648 l

3885 1691 3889 1802 ἰ

3885 1821 3889 1880 l

3885 1935 3889 1988 l

3885 1995 3889 2048 ῃ

3883 2063 3889 2214 l

3887 2525 3889 2604 !

3885 2615 3889 2702 ἐ

3885 2761 3889 2892 l

3885 3107 3889 3178 ἲ

3887 2525 3889 2604 !

3885 2615 3889 2702 l

3885 2761 3889 2892 l

3885 3107 3889 3178 τ

3881 3195 3889 3434 l

3885 3531 3889 3630 ἲ

2251 5691 2528 5761 ιιιίιιίιιι’‹τς,
2555 5691 2814 5759 Simulque
2845 5708 2959 5745 cum
2991 5693 3190 5757 charta,
3218 5711 3334 5763 qnte
3365 5701 3660 5768 proposita,
3685 5709 3738 5758 ct
3767 5703 3820 5759 in
3873 5743 3876 5748 -

3647 5802 3890 6306 Α
