1942 3120
46 201 67 225 Kl
661 196 826 225 EPISTOLA
847 196 1014 225 SECUNDA.
1515 187 1521 192 ”
1605 194 1641 220 se

42 253 131 289 publicis
149 252 210 279 locis
224 252 259 278 ab
278 259 311 279 eo
325 260 460 287 suspensa
478 258 528 285 οδε,
546 253 810 284 anathematizantes,
827 255 852 282 Α
864 252 1017 283 ﬂoruerunt.
1035 252 1145 286 posteris
1167 252 1260 279 tradita
1276 259 1322 286 per
1335 256 1424 279 sancta
1439 251 1551 286 quinque
1574 255 1638 275 con-

41 300 140 325 volumus
153 303 242 323 omnes
257 296 301 323 illa
318 305 428 330 sapere,
443 297 469 324 id
485 303 526 325 est
540 302 640 329 tenere,
655 304 712 331 qum
726 298 809 323 sancti

41 343 130 377 apostoli
145 342 309 369 tradiderunt
337 348 365 369 et
380 344 475 371 Patres
490 343 534 378 qui
558 344 583 370 in
601 343 746 370 orthodoxa
760 342 810 369 fide

862 298 920 325 cilia
937 298 1117 324 firmaverunt.

43 410 1636 428 ——————_—_———————-——_——-—

544 478 977 543 EPISTOLA
1023 477 1107 547 ΙΙ,

40 582 83 612 AD
97 580 301 611 EPISCOPOS
321 581 391 617 QUI
411 580 778 612 CONSECRAVERUNT
801 577 960 609 PAULUM
989 577 1274 607 PATRIARCHAM
1300 576 1642 609 CONSTANTINOPO-

371 630 551 660 LITANUM
568 629 745 660 PROPTER
762 626 951 670 PYRRHUM
969 626 1022 655 EX
1039 625 1300 655 PATRIARCHA.

69 746 166 773 Litteras
190 744 369 772 fraternitatis
394 750 502 777 vestrm,
525 751 572 779 per
595 750 660 778 quas
680 743 756 770 nobis
779 741 811 770 de
829 742 849 771 Β
863 741 969 768 molitus
984 744 1035 772 est,
1052 740 1318 772 anathematizantcs,
1334 739 1396 773 quin
1412 740 1490 767 etiam
1508 747 1577 766 nunc
1593 743 1643 766 Ite-

40 791 182 824 promotionc
197 789 271 816 Pauli
296 789 390 816 fratris
403 795 429 817 et
443 789 593 823 coepiscopi
612 788 695 815 nostri
712 787 814 821 signiﬁ-

40 837 114 863 iastis.
136 835 316 868 suscepimus,
345 839 372 862 et
396 835 478 869 gavisi
503 834 606 867 quidem
632 840 712 867 super
735 831 814 865 hujus

39 889 116 909 sumus
127 880 303 907 ordinatione.
323 881 379 907 Sed
400 880 485 907 futura
508 879 631 907 maestitia
647 878 707 904 huic
721 876 813 904 videli-

40 933 74 953 τοι
93 933 148 953 succ
164 933 239 953 sSura
250 946 258 957 ,
276 932 391 959 propter
418 926 517 952 zizania
532 933 590 957 qua—
607 932 628 950 n.
640 925 737 950 scitura
759 922 814 949 fore

40 976 176 1003 sperantur,
198 970 322 997 animum
350 976 471 997 nestrum
496 969 570 995 valde
589 968 737 999 concussit,
765 967 813 994 nisi

40 1014 220 1047 ddigentissima
243 1021 328 1040 manu
356 1019 383 1040 et
405 1013 554 1040 cautissime
574 1019 647 1043 cura,
664 1012 813 1045 priusquam

41 1064 155 1090 crescant,
177 1062 204 1084 et
220 1058 393 1084 Dotninicatn
419 1065 531 1084 messem
555 1056 692 1088 suffocent,
718 1057 815 1083 exstir-

41 1109 128 1137 pcntur.
152 1103 285 1130 Deb.ierat
311 1103 395 1138 igitur
423 1103 553 1137 Pyrrhus,
579 1102 623 1136 qui
648 1101 744 1128 sanctis
770 1101 814 1128 Dei

41 1147 150 1175 Ecclesiis
181 1147 341 1174 scandalum
376 1147 539 1181 seminavit,
577 1146 712 1174 canonicac
744 1146 816 1180 prius

40 1192 246 1219 ﬂ’limﬂdVL‘rsioni
271 1192 410 1222 submitti,
427 1198 452 1218 et
467 1196 519 1218 ltlll'l
535 1191 657 1225 praelatus
673 1190 754 1217 frater
767 1198 814 1217 no-

40 1242 85 1263 stcr
98 1236 187 1262 Paulus
201 1237 303 1263 sacrari
322 1245 327 1250 ·
345 1245 379 1263 ne
396 1236 462 1263 forte
478 1241 596 1270 tempore
611 1235 698 1269 aliquo
712 1235 745 1262 de
759 1235 815 1269 eje-

38 1283 113 1308 eiione
124 1289 166 1308 sua
181 1282 338 1315 quampiam
356 1289 386 1308 se
402 1286 474 1315 putet
488 1281 678 1315 querimoniam
695 1280 816 1314 objecto-

39 1332 100 1356 rum,
114 1326 179 1359 quod
193 1327 286 1352 odium
311 1325 469 1354 sustinuerit
485 1325 622 1359 populare,
645 1329 671 1351 et
684 1325 708 1351 vi
725 1324 815 1358 pulsus

40 1370 142 1397 libellum
161 1371 277 1402 dederit,
294 1376 323 1398 et
348 1378 425 1397 suam
442 1371 584 1397 Ecclesiam
601 1371 762 1401 refutaverit,
777 1370 812 1396 si-

864 792 921 811 rum
946 789 1023 819 atque
1048 784 1143 812 iterum
1166 784 1419 811 anathematizamus
1443 792 1449 810 :
1472 784 1515 810 illa
1542 788 1642 810 tantum

864 829 1055 862 amplectentes
1079 836 1138 863 qum
1160 829 1243 855 sancti
1269 828 1344 854 nobis
1367 828 1456 855 Patres
1483 828 1508 855 in
1535 828 1642 862 synodis

861 865 1046 906 tradiderunt,
1071 874 1134 901 nihil
1163 874 1220 900 fidei
1244 874 1388 906 addentes,
1413 881 1462 900 nec
1484 874 1642 901 auferentes.

864 919 898 945 Et
913 919 1011 946 ideirco
1027 927 1085 953 qua:
1099 918 1123 945 in
1140 926 1279 953 personam
1296 918 1411 952 prwdicti
1429 918 1521 953 Pyrrhi
1536 918 1644 956 definie-

864 964 957 995 rimus,
980 965 1005 991 in
1030 964 1122 991 litteris
1136 971 1202 998 quas
1218 963 1249 990 ad
1269 963 1323 998 jam
1350 968 1522 991 memoratum
1539 965 1644 990 fratrem

864 1012 890 1035 et
913 1009 1096 1042 coepiscopum
1118 1014 1235 1035 nostrum
1263 1008 1399 1040 misimus,
1428 1009 1585 1043 agnoscetis.
1612 1008 1645 1036 Ut

864 1052 942 1087 igitur
956 1052 1110 1079 scandalum
1130 1052 1238 1079 minime
1260 1052 1346 1079 futuro
1362 1057 1479 1087 tempore
1494 1057 1645 1088 generetur,

865 1099 1010 1126 secundum
1028 1100 1163 1133 praeﬁxum
1190 1099 1295 1125 modutn
1311 1098 1451 1133 diligenter
1466 1106 1540 1125 sacra
1556 1099 1645 1134 provi-

865 1145 954 1172 dentia
978 1145 1148 1179 exstinguere
1173 1149 1257 1171 curet.
1284 1144 1314 1171 Et
1336 1152 1377 1171 res
1398 1144 1502 1179 quidem
1523 1145 1578 1178 ipsa
1600 1152 1646 1172 nos

867 1191 950 1224 magis
971 1190 1002 1217 ad
1025 1189 1217 1217 tribulationem
1240 1188 1401 1222 provocavit,
1417 1194 1443 1216 et
1465 1189 1593 1216 nascitura
1610 1190 1646 1215 zi-

866 1235 941 1263 zaiiia
963 1235 1119 1270 conjecturis
1141 1235 1319 1269 probabilibus
1340 1235 1497 1267 informavit,
1523 1235 1645 1270 quoniam

866 1289 913 1315 per
935 1282 1035 1308 litteras
1056 1285 1157 1307 vestras
1182 1280 1335 1314 priedictum
1361 1280 1489 1315 Pyrrhum
1513 1280 1646 1307 sanctissi-

866 1334 938 1353 mum
963 1325 1126 1353 nominastis.
1153 1325 1179 1353 Si
1203 1326 1272 1352 enim
1297 1326 1346 1352 alia
1371 1331 1517 1359 taceamus,
1533 1332 1560 1353 et
1580 1326 1647 1354 nihil

866 1372 972 1398 omnino
988 1371 1107 1405 peccavit
1120 1375 1165 1397 aut
1181 1371 1206 1396 in
1222 1370 1386 1404 religionem,
1399 1375 1443 1397 aut
1459 1370 1484 1397 in
1499 1370 1646 1398 doctrinam

38 1420 75 1441 cut
92 1416 160 1443 nobis
176 1417 330 1450 fraternitas
346 1421 433 1443 vestra
450 1423 495 1449 per
515 1416 615 1442 litteras
634 1422 693 1441 suas
708 1414 811 1449 signiﬁ-
827 1408 850 1440 C
866 1415 937 1450 ﬁdei,
959 1421 985 1442 et
1008 1423 1055 1442 nec
1077 1422 1126 1442 una
1150 1415 1225 1449 culpa
1252 1415 1386 1441 damnavit
1401 1424 1407 1441 :
1424 1415 1594 1449 quamobrem
1614 1415 1649 1442 du

39 1460 106 1486 iuvit.
132 1460 217 1488 Fatile
241 1462 344 1495 quippe
369 1464 504 1486 mutantur
520 1460 649 1491 homines,
666 1463 691 1486 et
710 1459 815 1493 quidem

43 1506 167 1538 aliquando
187 1513 218 1532 ex
246 1507 311 1531 odio
336 1505 371 1532 ad
396 1505 565 1532 dilectionem
590 1508 740 1538 assurgunt,
766 1504 815 1529 ali-

42 1550 133 1581 quando
147 1557 208 1576 vero
228 1557 242 1576 a
259 1550 410 1576 dilectione
432 1551 457 1575 in
473 1548 561 1575 odium
576 1548 734 1576 dilabuntur.
760 1549 815 1580 Qua

40 1603 95 1627 ergo
107 1602 150 1629 pro
165 1603 258 1625 causa.
277 1603 339 1629 quae
356 1594 517 1622 dissimulari
533 1594 617 1620 futura
631 1598 693 1620 sunt
708 1593 816 1627 provido

41 1648 84 1665 non
113 1641 330 1674 conten-piantur
357 1639 473 1667 obtutu?
508 1647 540 1666 ne
565 1638 631 1666 forte
658 1640 817 1673 proveniens

41 1686 177 1712 scandalum
191 1688 276 1713 variis
303 1686 485 1713 simultatibus
501 1685 643 1712 Ecclesiam
660 1685 705 1712 Dei
720 1685 817 1712 discin-

41 1732 86 1757 till.
108 1731 168 1758 Sunt
183 1733 316 1766 capitula,
342 1733 438 1766 quibus
451 1732 592 1766 prmdictns
607 1731 725 1766 Pyrrhus
739 1738 818 1758 cano-

43 1785 92 1803 nice
104 1784 185 1811 potest
197 1779 232 1804 ab
243 1777 319 1804 omni
336 1777 495 1804 sacerdotali
509 1777 601 1804 ordine
612 1777 684 1810 pelli.
701 1777 816 1804 Primum

43 1823 144 1855 quidem,
158 1823 217 1855 quia
229 1822 397 1854 Heracliam,
407 1822 451 1857 qui
465 1821 693 1849 anathematizavit
706 1821 817 1848 catholi-

43 1874 90 1892 cam
106 1867 180 1893 tidem
195 1872 223 1893 et
237 1867 334 1894 Patres
349 1867 495 1895 orthodoxe
509 1867 708 1903 sentienteshin
725 1866 817 1894 litteris

44 1911 89 1936 suis
111 1911 228 1939 laudibus
254 1913 374 1945 extulit,
400 1917 427 1939 et
454 1920 499 1946 per
528 1912 745 1947 subreptionem,
771 1919 818 1946 per

44 1958 156 1990 quosdam
175 1959 336 1986 sacerdmes
352 1959 394 1992 qui
409 1958 630 1991 subscripserunt,
647 1958 817 1991 sophisticam

46 2010 136 2037 quoque
155 2003 276 2029 chartam
303 2003 430 2029 adversus
445 2003 614 2036 apostolicam
630 2002 707 2029 fidem
723 2002 818 2029 confir-

45 2055 107 2074 mare
121 2049 298 2082 przcsumpsit.
314 2053 340 2074 ct
356 2047 381 2074 in
396 2047 507 2081 publicis
522 2048 586 2075 locis
599 2047 760 2080 suspendere
776 2047 815 2074 fe-

46 2094 148 2125 ειίιιπὶι,
171 2096 246 2126 quasi
273 2102 372 2121 novam
399 2095 475 2121 fidem
500 2099 526 2121 et
550 2094 698 2129 symbolum
724 2099 815 2120 contra

47 2145 148 2166 sanctam
172 2140 424 2167 Chalcedonensem
448 2139 578 2174 synodum
605 2147 611 2164 :
638 2145 742 2172 pmnam
767 2139 815 2164 mi-

48 2186 107 2212 i-iine
118 2186 212 2212 veritus
227 2186 325 2213 aeterni
337 2184 445 2220 judicii.
461 2190 487 2211 et
502 2184 641 2211 anathema
651 2184 726 2217 quod
743 2180 814 2217 po-io

48 2236 93 2257 tum
112 2237 149 2257 est
168 2231 194 2257 in
214 2232 312 2258 eadem
333 2231 585 2258 Chalcedonensium
607 2230 720 2265 synodo,
743 2229 813 2264 quod

49 2284 114 2302 nemo
133 2284 247 2311 unquam
275 2281 370 2304 sancto
394 2277 564 2309 mathemati,
589 2276 614 2302 id
640 2281 681 2303 est
703 2275 815 2302 colendo

47 2321 173 2355 symbolo.
203 2322 353 2357 quidquam
383 2322 481 2349 addere
504 2322 545 2348 vel
572 2321 693 2348 minuere
715 2321 814 2348 audere

50 2373 172 2399 [H‘rlenleL
196 2367 345 2395 Prasdietus
370 2372 457 2394 autem
480 2358 664 2401 Pyrrhus'nec
683 2370 814 2400 protesta-

50 2416 111 2439 tmne
122 2419 267 2439 conventus
283 2420 298 2438 a
316 2413 447 2444 pravitate
461 2419 505 2439 sua
519 2411 645 2439 recedere
660 2418 751 2444 passus
764 2415 814 2437 est.

49 2455 101 2483 Ideo
118 2465 178 2493 ergo
201 2459 257 2492 jam
284 2462 460 2485 memoratam
484 2459 600 2484 chartam
625 2457 815 2487 abominantes,

48 2507 73 2527 ει
89 2505 166 2530 mia
185 2512 248 2539 qua:
271 2505 372 2531 crebro
396 2504 479 2530 dictus
496 2503 609 2538 Pyrrhus
630 2507 719 2529 contra
741 2503 816 2528 fidem

867 1462 972 1496 propria
988 1467 1027 1489 est
1040 1461 1141 1495 eiectus
1157 1460 1294 1488 Ecclesia?
1307 1459 1357 1488 Sed
1374 1459 1486 1488 fortasse
1501 1461 1559 1494 quis
1573 1461 1649 1488 dixe-

866 1507 910 1539 rit,
925 1506 1048 1541 generale
1074 1506 1123 1533 hoe
1146 1505 1234 1533 odium
1252 1505 1322 1533 fecit.
1348 1505 1399 1533 Sed
1426 1505 1539 1540 vulgaris
1554 1506 1649 1533 tumul-

867 1557 907 1578 tus
920 1552 962 1586 jus
976 1550 1115 1578 sacerdotii
1137 1549 1241 1577 auferre
1255 1558 1306 1577 non
1323 1555 1418 1584 potest,
1433 1558 1481 1577 nec
1495 1550 1583 1577 odium
1607 1558 1649 1577 sa-

866 1605 912 1625 cro
928 1604 1086 1632 quemquam
1113 1596 1206 1623 ordine
1221 1596 1362 1624 denudare.
1389 1596 1531 1623 Manifesta:
1552 1596 1649 1631 quippe

867 1647 928 1669 sunt
946 1642 1079 1669 canonicm
1100 1648 1198 1675 caussa,
1214 1649 1271 1675 qure
1285 1641 1344 1675 jura
1364 1641 1504 1668 sacerdotii
1529 1641 1648 1668 recidere

869 1692 989 1723 possunt.
1015 1687 1068 1714 Nisi
1085 1687 1154 1714 enim
1175 1692 1276 1714 natura:
1295 1693 1372 1714 causa
1389 1687 1482 1720 prmsul
1498 1687 1648 1721 exstingua-

869 1738 919 1766 tur,
940 1733 1085 1761 Ecclesium
1109 1733 1166 1768 ejus
1185 1733 1251 1761 alius
1276 1741 1328 1760 non
1348 1737 1433 1767 potest
1457 1733 1647 1767 irroprchcnsi-

868 1779 955 1806 hiliter
973 1779 1183 1813 apprehendere.
1201 1779 1231 1806 Et
1247 1778 1303 1805 hac
1317 1778 1421 1812 quidem
1445 1785 1496 1804 non
1517 1778 1650 1804 contradi-

868 1829 957 1851 centes
973 1824 1129 1850 ordinatiOni
1159 1823 1278 1858 prmdicti
1295 1823 1381 1850 fratris
1404 1823 1485 1849 nostri
1501 1823 1571 1849 Pauli
1585 1824 1649 1850 scri-

869 1868 973 1901 bimus,
997 1868 1044 1895 sed
1070 1868 1165 1895 vulnus
1190 1867 1273 1895 latens
1297 1871 1323 1894 et
1345 1867 1501 1893 absconsum
1527 1866 1649 1893 medeute

869 1922 948 1942 manu
973 1915 1156 1949 adaperimus,
1182 1921 1215 1942 ne
1248 1915 1273 1941 in
1299 1914 1387 1940 vitalia
1414 1913 1516 1941 viscera
1542 1919 1650 1946 serpere

869 1961 962 1994 possit,
982 1967 1085 1987 omnem
1109 1959 1299 1986 immunditiam
1318 1958 1406 1986 fetida!
1427 1958 1572 1992 putredinis
1594 1965 1650 1984 mc-

869 2004 1017 2031 dicinaliter
1039 2004 1236 2036 exhauriet-tes,
1259 2008 1285 2030 et
1304 2011 1362 2038 qua:
1384 2009 1491 2036 possunt
1514 2003 1568 2030 fieri
1590 2002 1650 2028 dili.

869 2052 957 2085 gentia
979 2050 1093 2085 providae
1112 2050 1247 2077 incisionis
1271 2053 1455 2083 penetrantes,
1476 2056 1527 2074 non
1547 2052 1573 2074 ut
1592 2047 1650 2074 hzec

869 2095 931 2122 fiant
945 2099 1078 2129 optantes.
1092 2095 1155 2121 Nam
1170 2102 1240 2129 saepe
1254 2094 1352 2121 dictum
1367 2093 1473 2120 fratrem
1490 2098 1606 2119 nostrum
1622 2093 1649 2119 in

867 2140 1011 2167 visceribus
1025 2139 1121 2166 mentis
1143 2143 1241 2165 nostra:
1255 2138 1455 2172 complectimur
1470 2142 1495 2164 et
1512 2138 1647 2164 fovemus:

866 2185 913 2213 sed
934 2193 966 2213 ne
980 2186 1121 2212 schismata
1137 2184 1211 2217 fiant,
1235 2185 1349 2211 fraterna
1371 2184 1531 2218 providentia
1548 2184 1649 2211 etaffe-

866 2230 953 2257 ctione
973 2229 1122 2256 dilectionis
1148 2234 1308 2257 terremur:
1334 2234 1462 2263 quatenus
1496 2229 1661 2268 episcopatu.

867 2275 923 2309 ejus
938 2282 1031 2302 manus
1045 2274 1178 2309 impositio
1190 2274 1341 2301 nullomodo
1356 2274 1510 2300 maculetur.
1528 2273 1646 2307 Denique

866 2320 1030 2353 interemptis
1048 2322 1075 2347 et
1093 2320 1225 2347 sull'ocatis
1244 2319 1440 2352 schismatibus,
1456 2324 1482 2346 et
1502 2319 1566 2345 fides
1582 2326 1647 2352 quo-

867 2372 918 2398 que
934 2365 1091 2397 orthodoxa,
1106 2372 1163 2397 qua;
1179 2368 1216 2390 tot
1231 2364 1409 2397 spiritualibus
1428 2363 1540 2397 paradisi
1556 2363 1649 2390 florum

868 2410 992 2436 odoribus
1016 2418 1061 2442 per
1084 2409 1210 2442 agricolas
1231 2407 1328 2436 Christi
1353 2407 1409 2435 Dei.
1423 2410 1521 2441 nostri;
1545 2413 1650 2435 sanctos

848 2450 850 2452 D
870 2457 989 2482 videlicet
1004 2457 1145 2489 apostolus,
1163 2457 1220 2481 eius
1237 2461 1255 2483 t,
1272 2456 1420 2481 nullatenus
1435 2456 1563 2488 aliquibus
1580 2456 1648 2480 Λιι-

873 2509 974 2527 morum
991 2502 1072 2533 smmis
1088 2502 1180 2532 poterit
1195 2501 1318 2525 sauciari.

545 2608 982 2674 EPISTULA
1035 2611 1144 2678 ΙΙΙ,

52 2712 314 2750 ECCLESIARUM
343 2716 622 2747 AFRICANARUM
641 2716 693 2746 AD
709 2714 891 2761 SANCTUM
910 2713 1156 2744 THEODORUM
1182 2712 1377 2743 ROMANUM
1398 2712 1646 2742 PON'I‘IFICEM.

87 2821 188 2847 νυωίιιο
197 2820 360 2847 beatissimo
376 2816 517 2851 apostolico
535 2818 649 2845 culmine
662 2818 827 2851 sublimato;

57 2870 133 2892 sancto
152 2866 220 2894 Patri
246 2866 371 2897 Patrum,
389 2862 526 2891 Theodoro
547 2871 628 2899 μανίη,
658 2868 685 2892 et
708 2871 813 2892 summo

901 2821 940 2851 Τῷ
955 2817 1139 2852 μακαριωτάτῳ
1159 2813 1332 2850 δεσπότῃμαί
1346 2817 1376 2850 τῇ
1391 2813 1543 2849 ἀποστυλικῇ
1552 2818 1650 2849 κκορυφῇ

868 2862 1021 2900 ὑπερέχοντι
1032 2862 1106 2900 πατρί
1119 2864 1220 2899 πατρῶν
1233 2859 1351 2895 Θωδὼρῳ
1371 2863 1406 2894 τῷ
1426 2858 1556 2894 ἁγιωτάτῳ
1575 2858 1648 2893 πάπᾳ
