3884 6240
433 354 499 406 99
1676 341 1728 394 S.
1772 335 1997 390 TliEOl)

2099 334 2109 383 l
2148 329 2342 385 eam;
2432 394 2457 425 ὅ
3062 361 3064 364 μ
3515 310 3604 364 ³⁸0

435 465 481 515 ἕν
503 467 699 533 Χριστῷ
725 458 1019 527 ἀδελφότητα
1048 457 1187 521 ἡμεῖς
1226 476 1277 508 τι
1306 458 1387 511 καὶ
1414 456 1457 507 οἱ
1484 457 1575 507 σὺν
1601 457 1719 520 ἡμῖν
1762 452 1975 504 πλεῖστα

2099 440 2217 504 itio,
2247 443 2327 493 his
2351 421 2515 508 quiin
2547 436 2713 490 stadio
2737 430 2948 501 pietatis
2981 428 3114 480 bene
3139 425 3290 476 unica
3318 421 3498 490 gloria!
3524 423 3603 474 in-

672 511 1199 593 ξεύοαεζρεδέωιλένοε
1228 546 1276 593 έν
1304 547 1473 593 Maia,
1500 511 1787 593 ὑπεοέύγου
1809 543 1965 593 ἡμῶν.
2069 541 2326 593 tercessor
2352 530 2596 583 tribuitur
2645 536 2857 580 corona.
2890 520 2999 571 Deo
3045 511 3362 569 manifestati
3407 525 3607 574 sumus,

2066 621 2368 687 quijudicat
2406 618 2580 671 omnia
2617 626 2670 670 et
2694 612 3016 681 comprobat.
3048 607 3157 661 Non
3184 606 3478 673 jurgialiter
3499 610 3601 654 sta-

2073 724 2211 771 mus,
2256 724 2359 761 non
2401 709 2463 761 ad
2502 692 2966 760 contradictionem
3008 698 3340 765 respicimus,
3391 707 3491 745 non
3538 690 3616 742 fa-

436 817 613 855 vorem
666 802 872 853 inanem
930 797 1309 866 amplectimur,
1356 796 1445 848 sed
1492 795 1544 847 in
1595 794 1758 847 verbo
1802 793 1890 845 Dei
1936 797 2226 861 praepositae
2271 796 2564 863 hujusmodi
2609 792 2960 860 requisitinnis
3008 788 3381 840 resolutionem
3433 780 3617 833 fecisse

435 892 806 958 dignoscitnnr,
831 891 1177 944 confidentes
1226 888 1468 954 quoniam
1515 884 1657 950 pacis
1702 885 1951 938 Dominus
1981 885 2120 938 Deus
2155 888 2218 938 ad
2256 890 2558 941 alterutrum
2592 896 2884 939 nostrorum
2926 885 3177 933 unitatem
3203 888 3256 931 et
3284 872 3615 929 dilectionem

418 984 775 1035 conservabit
819 982 869 1034 in
916 980 1077 1049 gloria
1121 978 1233 1045 ejus
1266 973 1653 1042 benignissima:
1694 972 1996 1040 Majestatis.
2037 974 2254 1027 Omnem
2283 990 2402 1028 cum
2430 984 2599 1027 vestra
2627 960 2960 1025 beatitudine
2982 973 3031 1020 in
3064 961 3280 1020 Christo
3306 966 3615 1019 existentem

440 1048 837 1133 fraternitatem,
872 1048 974 1122 tam
1019 1083 1113 1121 nos
1140 1077 1191 1120 et
1221 1066 1307 1129 qui
1356 1064 1622 1116 nobiscum
1663 1074 1802 1124 sunt,
1835 1063 2053 1114 multum
2106 1064 2412 1118 salutamus.
2467 1064 2530 1116 Et
2575 1060 2892 1128 subscriptio
2926 1077 2938 1110 :
2972 1057 3265 1109 Incolumes
3312 1055 3361 1107 in
3381 1053 3621 1105 .dontino

439 1174 585 1216 orate
625 1178 718 1230 pro
759 1164 933 1226 nobis,
980 1156 1305 1213 sanctissime
1346 1164 1399 1209 et
1424 1153 1929 1209 beatissimefrater.

435 544 1199 625 προσαγορεύομενδερῥωμένος
1228 546 1281 619 ἔνη
1304 547 1473 614 Κυρίῳ
1500 545 1787 616 ύπερεύχου
1809 543 1965 609 ἡμῶν,

435 638 695 708 ἁγιώτατα,
726 636 808 685 καὶ
836 637 1184 703 μακαριώτατα
1214 630 1407 702 ἀδελφέ.

459 1315 3587 1357 W

1444 1466 2289 1603 EPISTULA
2384 1470 2606 1605 VI,
3278 1466 3287 1468 ἡ
3496 1545 3519 1552 ς

676 1699 946 1762 SANCTI
995 1692 1391 1754 THEODORI
1443 1686 1869 1765 PONrTlFlCIS
1912 1683 2218 1741 ROMANI
2265 1684 2366 1741 AD
2409 1682 2780 1741 BOBIENSE
2826 1670 3390 1737 MONASTEIHUM

1776 1779 2311 1840 PRIVILEGIUM.

1704 1980 1770 2027 Ex
1800 1981 2023 2043 Ugbello,
2063 1954 2405 2044 Italiasacra.)

516 2201 839 2264 Theodorus,
863 2200 1134 2263 episcopus
1156 2206 1337 2247 servus
1358 2205 1626 2243 servorum
1652 2190 1765 2251 Dei,
1803 2205 1982 2241 vener.
2019 2186 2064 2242 B
2092 2190 2211 2241 filiis
2254 2190 2579 2254 specialioris
2631 2187 2989 2255 prserogativte
3034 2186 3251 2252 gratiam
3291 2185 3523 2251 elargiri,
3575 2190 3634 2243 ut

452 2291 709 2340 liohuleno
760 2285 1060 2351 presbytero
1106 2293 1160 2334 et
1209 2281 1381 2332 abbati
1448 2294 1624 2329 vcner.
1684 2280 1988 2328 monasterii

454 2377 587 2426 heati
613 2374 747 2426 Petri
776 2370 1126 2438 apostolorum
1149 2368 1415 2434 principis,
1438 2380 1465 2416 e
1496 2366 1654 2416 Dubio
1677 2366 1988 2425 constituto,

448 2463 668 2529 ejusque
692 2458 1107 2528 congregrationi
1136 2457 1184 2507 in
1212 2465 1541 2522 perpetuum.

514 2552 816 2618 Quanquam
865 2550 1049 2615 priscae
1096 2548 1291 2614 regulre
1335 2546 1547 2598 decreta
1601 2559 1695 2596 nos
1749 2545 1990 2606 doceant,

446 2658 560 2707 quae
587 2650 786 2706 oportet
810 2639 1105 2707 perenniter
1139 2635 1411 2699 custodiri,
1449 2648 1500 2687 et
1538 2633 1750 2686 Patrum
1790 2634 1991 2685 consti-

450 2740 559 2795 tuta
592 2730 895 2781 indiminuta
933 2729 1149 2789 servari,
1181 2708 1515 2786 attamett,‘et
1557 2738 1655 2775 nos
1699 2739 1855 2788 supra
1892 2724 1991 2775 hoc

451 2820 760 2885 regulariter
804 2808 1153 2871 decernentes
1191 2826 1307 2866 vota
1338 2815 1645 2879 supplicum,
1674 2820 1728 2864 et
1768 2811 1994 2863 maxime

455 2909 742 2961 orthodoxa
777 2908 875 2959 fide
914 2904 1239 2973 fulgentium,
1274 2904 1417 2969 justo
1457 2905 1506 2953 in
1534 2901 1776 2953 omnibus
1803 2901 1997 2951 debent

456 2997 661 3056 effectui
690 2994 995 3059 mancipari,
1024 3002 1280 3058 quatenus
1308 3005 1487 3041 eorum
1519 2989 1600 3055 pia
1632 2988 1841 3039 devotio
1874 3000 1998 3051 apo-

455 3088 651 3141 stolicis
678 3084 918 3138 inviolata
939 3093 1238 3149 permaneat
1264 3082 1535 3140 institutis,
1563 3090 1718 3145 atque
1740 3075 1993 3129 decretis.

460 3178 589 3230 Dum
621 3178 776 3243 igitur
819 3173 1075 3225 excellent
1118 3170 1254 3221 filius
1296 3178 1472 3220 noster
1516 3165 1758 3218 Rotharis
1800 3178 1911 3223 rex,
1944 3169 2001 3214 et

462 3264 837 3334 gloriosissima
869 3260 973 3313 filia
1019 3270 1191 3311 nostra
1235 3258 1589 3323 Gundiberga,
1623 3256 1796 3321 regina
1827 3252 1998 3319 gentis

462 3352 944 3420 Longobardorum,
978 3350 1060 3414 pia
1112 3357 1161 3401 et
1205 3347 1442 3413 religiosa
1472 3346 1748 3397 devotione
1788 3343 1995 3411 prospi-

461 3446 563 3506 cui,
596 3456 689 3493 nos
720 3441 927 3507 scripth
955 3440 1244 3505 postulasse
1274 3444 1579 3495 noscuntur,
1610 3445 1664 3485 ut
1691 3432 1992 3500 apostolica

460 3514 601 3585 sedis
649 3530 972 3596 privilegium
1013 3525 1330 3578 menasterio
1382 3520 1802 3575 beatissimorum
1860 3518 1993 3571 Petri

461 3630 514 3673 et
544 3620 704 3683 Pauli,
736 3619 790 3671 in
820 3620 934 3670 loco
961 3618 1047 3681 qui
1076 3616 1265 3668 dicitur
1298 3628 1327 3667 e
1386 3613 1544 3665 Dubio
1588 3613 1893 3673 constituto,
1947 3612 1997 3661 in

464 3724 568 3775 quo
597 3711 675 3759 vir
704 3722 884 3759 vener.
914 3707 1286 3765 Columbanus,
1319 3718 1383 3756 ex
1434 3704 1665 3768 partibus
1716 3703 1994 3763 Hiberniae,

466 3798 519 3845 in
549 3794 735 3858 quibus
765 3800 910 3843 ortus
940 3790 1129 3847 fuerat,
1162 3790 1358 3839 sanctis
1393 3788 1582 3839 studiis
1624 3788 1847 3848 fervens,
1881 3802 1997 3838 cum

468 3880 701 3946 largitate
724 3877 866 3942 regia
891 3877 941 3927 in
974 3890 1135 3943 regno
1153 3877 1322 3942 gentis
1351 3874 1830 3941 Longobardorum,
1859 3884 1999 3939 post-

467 3980 620 4033 quam
649 3965 750 4016 alia
798 3964 1027 4016 fundavit
1055 3964 1390 4019 monasteria,
1421 3961 1700 4025 accedens,
1736 3973 1998 4014 monaste-

470 4056 605 4107 rium
635 4053 990 4106 construxisse
1019 4050 1342 4117 perhibetur.
1373 4049 1469 4103 Ubi
1502 4064 1605 4101 non
1635 4064 1845 4115 parvam
1876 4058 2001 4102 ροη-

469 4143 819 4211 gregationem
864 4144 1237 4194 monachorum
1286 4140 1561 4193 instituens
1597 4143 1754 4192 etiam
1797 4155 1853 4193 se
1881 4155 1997 4193 cum

469 4234 545 4285 eis
596 4233 804 4298 paribus
846 4232 941 4296 pia:
991 4230 1287 4283 devotionis
1339 4229 1522 4280 studiis
1572 4230 1903 4294 mancipavit.
1947 4230 1999 4281 In

468 4335 570 4385 quo
600 4335 736 4373 nunc
764 4320 843 4371 vir
872 4332 1054 4373 vener.
1084 4316 1399 4369 'Bobulenus
1437 4316 1726 4382 presbyter,
1764 4324 1817 4367 et
1841 4317 2002 4369 abbas

473 4421 572 4457 una
604 4422 719 4460 cum
750 4417 957 4460 centum
994 4404 1366 4473 quinquaginta
1398 4403 1665 4455 monachis
1706 4406 2001 4457 conversari

477 4495 696 4559 videtur,
726 4504 778 4548 et
815 4498 866 4547 in
900 4494 991 4546 Dei
1030 4494 1286 4552 laudibus,
1319 4506 1424 4544 uno
1463 4491 1651 4558 regula
1679 4492 1873 4556 Spiritu
1915 4506 2001 4543 su-

478 4594 631 4644 perna
678 4581 1017 4648 inspiratione
1054 4590 1367 4637 commotus.
1398 4580 1464 4631 ad
1509 4579 1712 4631 Iaudem
1760 4572 2029 4644 ornnipo-L

480 4670 634 4719 tentis
665 4670 751 4720 Dei
783 4669 921 4733 piurn
951 4668 1165 4722 exhibet
1208 4669 1538 4737 famulatum,
1567 4670 1804 4721 conferre
1843 4669 2000 4721 debe-

2092 2281 2389 2330 hnminibus
2434 2279 2827 2344 spectabitiores
2872 2284 3178 2343 appareant,
3227 2285 3279 2327 et
3321 2275 3636 2326 commissas

2092 2372 2188 2423 sibi
2215 2371 2476 2423 Ecclesias
2506 2368 2803 2433 apostolicae
2824 2367 3119 2419 dilectionis
3144 2364 3500 2418 familiaritate
3523 2365 3637 2415 suf-

2092 2457 2210 2510 fttlti
2246 2462 2403 2511 tutius
2453 2467 2651 2523 regant,
2685 2466 2840 2522 atque
2884 2456 3111 2520 ipsorum
3154 2452 3344 2504 subditi
3376 2452 3634 2515 majorem

2096 2546 2172 2597 cis
2218 2546 2560 2599 reverentiam
2594 2554 2644 2595 ct
2672 2546 2924 2613 honorem
2956 2542 3257 2604 exhibeant,
3289 2539 3385 2593 hoc
3413 2540 3630 2607 privile-

2093 2639 2256 2706 gium,
2293 2640 2506 2702 perenni
2558 2640 2864 2692 ancteritate
2918 2640 3254 2701 servandum,
3306 2637 3402 2703 ipsi
3444 2651 3637 2688 mona-

2092 2728 2256 2778 sterio
2287 2738 2334 2778 et
2379 2727 2491 2791 ejus
2517 2728 2757 2778 ecclesitb
2799 2726 3040 2777 alacriter
3066 2725 3413 2791 indulgemus,
3439 2730 3516 2785 ut,
3549 2720 3645 2774 vl-

2092 2814 2303 2873 delicet,
2336 2814 2489 2865 liceat
2535 2816 2706 2866 abbati
2750 2814 2983 2878 ejusdem
3026 2828 3204 2865 vener.
3249 2813 3344 2863 loci
3383 2812 3535 2865 mitra
3578 2820 3645 2866 et

2096 2901 2631 2961 aliisvponttlicalibus
2662 2900 2755 2951 ttti.
2786 2902 2844 2951 Et
2876 2902 2994 2965 quia
3017 2900 3171 2951 etiam
3202 2899 3266 2950 de
3296 2882 3442 2950 Beati
3466 2899 3639 2962 Petri,

2099 2998 2152 3040 et
2185 2998 2373 3040 nostra:
2416 2988 2713 3041 dilectionis
2739 2990 2902 3057 gratia
2933 2989 3280 3051 disposuimus
3317 2985 3487 3052 ipsiim
3518 3002 3642 3038 mo-

2097 3080 2403 3139 nasterium,
2435 3090 2487 3131 et
2527 3080 2639 3144 ejus
2669 3080 2947 3130 Ecclesiam
2995 3078 3313 3144 peramplius
3354 3079 3642 3142 honorare,

2097 3182 2160 3219 ex
2188 3169 2488 3234 apostolicte
2522 3167 2662 3219 sedis
2695 3169 3002 3221 liberalitate
3030 3168 3365 3221 concedimus
3394 3179 3448 3221 ut
3472 3168 3643 3220 abbas

2095 3256 2326 3321 ejusdem
2355 3260 2655 3310 monasterii
2689 3258 2821 3309 infra
2849 3272 2996 3311 sacra
3038 3254 3284 3326 tnys'teria
3318 3257 3644 3333 constitutus

2096 3345 2363 3412 signaculo
2404 3358 2598 3397 sanctae
2627 3347 2794 3398 crucis
2834 3348 3003 3399 valeat
3036 3346 3355 3412 praemuniri.
3387 3346 3457 3397 Ita
3498 3345 3645 3411 quod

2058 3476 2066 3501 ,
2095 3436 2158 3489 ad
2178 3417 2446 3487 ‘honorem
2475 3435 2584 3500 Dei,
2612 3444 2664 3487 et
2695 3436 2857 3501 ipsius
2888 3434 3218 3497 monasterii,
3244 3444 3296 3485 et
3325 3435 3437 3499 ejus
3462 3434 3649 3486 Eccle—

2101 3525 2190 3577 site
2220 3526 2514 3590 supradicta
2551 3526 2720 3576 valeat
2742 3540 3003 3586 exercere,
3031 3525 3165 3577 sicut
3193 3540 3219 3575 a
3248 3527 3645 3588 praedecessore

2100 3624 2278 3667 nostro
2306 3615 2606 3679 apostolica:
2651 3615 3030 3666 recordationis
3075 3614 3303 3665 Honorio
3332 3614 3497 3664 eidem
3530 3627 3651 3663 mo-

2099 3704 2327 3753 nasterio
2356 3703 2608 3753 indultum
2648 3716 2763 3752 esse
2804 3703 3138 3765 conspicitur.
3187 3701 3465 3752 Haecenitn
3497 3715 3646 3752 nova

2100 3792 2492 3855 postulantium,
2526 3791 2605 3840 vel
2651 3789 3030 3855 indulgentium
3059 3799 3139 3842 est
3168 3789 3450 3842 auctoritas
3482 3789 3652 3854 privi-

2101 3876 2289 3941 legium
2342 3875 2623 3942 largiendi,
2652 3876 2775 3926 dum
2823 3874 3057 3941 profeCIo
3105 3878 3303 3929 cunctis
3334 3878 3648 3942 apostolica

2100 3967 2240 4017 sedis
2284 3979 2384 4016 non
2415 3966 2583 4017 solum
2630 3966 2727 4017 sub
2752 3965 2947 4017 ditione
2977 3975 3153 4018 nostra
3191 3967 3510 4031 constitutis,
3544 3969 3648 4022 sed

2100 4052 2255 4105 etiam
2288 4054 2337 4104 in
2369 4055 2576 4106 caeteris
2618 4054 2819 4120 longius
2860 4054 3158 4121 regionibus
3199 4055 3453 4121 postulata
3496 4071 3657 4109 sem-

2104 4156 2193 4206 per
2225 4142 2535 4209 indulgenda
2564 4154 2871 4205 sanxerunt,
2915 4142 3202 4208 pricsertim
3243 4144 3303 4197 in.
3319 4144 3656 4201 vicinitatem

2102 4241 2356 4290 nostram,
2388 4233 2435 4283 id
2476 4240 2559 4284 est
2600 4232 2650 4282 iri
2702 4246 2862 4295 regno
2908 4231 3389 4296 Longohardorum,
3423 4246 3473 4285 et
3502 4247 3656 4300 prae-

2102 4321 2252 4385 cipue
2274 4320 2662 4386 gloriosissimte
2692 4322 2807 4373 filia:
2831 4334 3022 4372 nostra:
3049 4320 3398 4387 Gondibergte
3423 4323 3651 4390 reginae,

2102 4420 2261 4470 super
2290 4406 2388 4458 hoc
2418 4408 2603 4458 litteris
2632 4408 2844 4473 expetiti
2878 4409 3133 4475 postulata
3164 4409 3521 4475 concedimus.
3560 4408 3656 4460 In-

2104 4493 2424 4546 terdicentes
2444 4493 2684 4546 omnibus
2730 4497 2989 4561 episcopis
3018 4495 3223 4555 vicinis,
3249 4496 3328 4545 vel
3360 4494 3541 4559 procul
3577 4496 3660 4547 ab

2105 4581 2219 4647 ipso
2250 4582 2568 4633 monasterio
2594 4582 2915 4645 conStitu'tis,
2946 4582 3073 4633 nihil
3122 4594 3375 4646 usurpare
3409 4580 3658 4646 nihilque

2107 4682 2429 4733 przesumere
2470 4677 2653 4721 contra
2698 4670 2829 4727 Ita‘c,
2854 4686 2968 4736 quae
2999 4680 3145 4721 tenor
3187 4668 3339 4735 hujus
3366 4668 3657 4735 privilegii,

472 4767 669 4805 remus.
698 4753 751 4803 In
782 4770 881 4819 quo
910 4757 1248 4819 monasterio,
1280 4758 1523 4808 monachi
1550 4756 1647 4808 sub
1677 4757 1852 4821 regula
1885 4771 2003 4808 san-
2037 4791 2088 4848 D
2109 4764 2163 4808 et
2208 4768 2389 4806 norma
2432 4756 2691 4815 decernit,
2722 4768 2795 4815 ut,
2838 4756 3099 4819 videlicet,
3144 4758 3439 4823 episcopus.
3484 4770 3654 4823 quem
3706 4820 3709 4823 _

393 4915 398 4918 _
474 4852 571 4895 cun
600 4845 866 4893 memoria:
899 4843 1182 4908 Benedicti,
1208 4847 1290 4899 vel
1320 4845 1556 4912 praedicti
1586 4846 2009 4897 reverendissimi

476 4929 783 4983 Columbani
816 4930 1103 4984 fundatoris
1124 4934 1228 4985 loci
1258 4934 1393 4986 illius
1420 4934 1719 4985 conversari
1743 4933 2003 4985 videntur.

472 5019 576 5070 Pro
610 5030 710 5081 qua
740 5029 795 5066 re
828 5020 1045 5081 supplici
1072 5022 1399 5085 expetierunt
1426 5021 1727 5086 deprecatu,
1759 5030 1813 5072 ut
1843 5022 2005 5087 privt-

474 5109 667 5175 legium
716 5107 1017 5170 apostolicae
1065 5109 1205 5160 sedis
1236 5118 1424 5162 nostra
1456 5112 1507 5161 in
1546 5111 1730 5163 eodem
1777 5113 2010 5163 mirifica:

475 5194 765 5249 sanctitatis
808 5200 1122 5249 monasterio
1169 5198 1458 5249 concedere
1494 5198 1828 5253 deberemus.
1862 5198 2009 5262 Quod
2046 5233 2048 5235 ›

474 5285 753 5340 salubriter
783 5294 1089 5347 annuentes,
1123 5301 1322 5339 necnon
1354 5286 1506 5337 etiam
1555 5290 1676 5353 quia
1706 5299 1756 5347 et
1781 5289 2009 5339 Charita-

479 5389 542 5427 l'S
578 5375 753 5427 dehito
782 5384 1147 5438 provocamur,
1190 5384 1241 5426 et
1272 5376 1571 5440 apostolica:
1601 5375 1739 5426 sedis
1769 5377 2009 5443 benigni-

480 5479 578 5518 tate
624 5482 684 5519 ac
738 5464 1093 5517 benevolentis
1136 5468 1413 5518 incitamur
1454 5465 1705 5517 honorem
1763 5466 2012 5517 fratribus

482 5558 746 5613 exhibere.
780 5565 832 5610 et
865 5553 1180 5618 specialibus
1226 5566 1419 5610 sanctae
1468 5554 1715 5608 Romanae
1762 5555 2011 5609 Ecclesia:

2114 4856 2262 4909 pater
2292 4842 2617 4903 monasterii,
2649 4844 2729 4893 vel
2760 4854 2942 4894 cuncta
2974 4846 3308 4909 congregatio
3337 4845 3550 4897 voluerit
3579 4843 3657 4895 ad

2112 4929 2486 4981 celebrandum
2527 4929 2803 4980 missarum
2854 4931 3125 4992 solemnia,
3167 4940 3256 4983 aut
3295 4932 3660 4985 consecratio-

2112 5030 2204 5066 nes
2230 5014 2650 5080 presbyterorum
2678 5030 2769 5068 seu
2812 5016 3177 5085 diaconornm,
3208 5022 3287 5074 vel
3316 5023 3472 5075 etiam
3498 5020 3662 5072 tabu-

2114 5104 2305 5165 larum,
2335 5102 2386 5153 iu
2416 5105 2603 5167 quibus
2650 5107 2823 5158 missa:
2870 5108 3095 5161 debeant
3142 5111 3415 5169 celebrari,
3460 5108 3662 5161 habeat

2114 5192 2410 5243 facundiam
2441 5194 2489 5243 in
2522 5194 2703 5245 eodem
2736 5198 3051 5252 monasterio
3096 5198 3418 5267 ingrediendi
3443 5205 3660 5250 tantum

2113 5287 2174 5337 ad
2220 5288 2284 5351 pii
2328 5300 2457 5349 opus
2506 5289 2827 5341 monasterii.
2870 5291 2981 5356 Quo
3011 5303 3222 5359 peracto
3268 5291 3393 5343 nihil
3438 5290 3662 5341 contin-

2112 5395 2259 5445 gens,
2304 5379 2393 5429 sed
2444 5382 2603 5446 gratis
2650 5384 2820 5434 omnia
2864 5400 3135 5450 peragens,
3176 5384 3238 5434 ad
3273 5383 3474 5446 propria
3524 5397 3659 5435 mox

2116 5466 2312 5533 ingredi
2352 5481 2451 5516 non
2492 5481 2736 5533 moretur,
2772 5472 2919 5537 nihil,
2952 5475 3086 5523 sicut
3112 5470 3357 5527 diximus,
3389 5481 3661 5532 usurpans

2115 5558 2178 5608 de
2227 5555 2383 5609 rebus
2422 5560 2743 5616 monasterii,
2785 5578 2887 5614 non
2934 5562 2999 5613 de
3036 5558 3199 5613 sacris
3241 5556 3509 5620 altaribus,
3543 5572 3659 5612 uno
