3884 6240
129 5459 182 5568 ﬂ
203 5527 216 5540 '

189 5563 204 5628 ξ
505 5607 518 5624 .
701 5583 706 5590 ·

641 5741 648 5748 ,
667 5729 686 5742 .

293 5847 310 5862 ⁵
593 5879 610 5886 -

279 5913 282 5920 Ι
403 5971 420 5990 1·

415 6059 432 6082 ¹’
469 6037 802 6115 πει-οι

327 347 440 446 th.

1776 381 1980 432 I‘Il'lST.
2026 377 2108 434 Ἠ.

3431 375 3533 430 (09

320 489 377 545 de
399 488 733 554 parameutis,
784 504 970 557 neque
1019 493 1087 545 de
1120 493 1351 552 vasibus,
1403 503 1577 556 neque
1620 489 1688 541 de
1722 491 1884 540 sacris
1917 494 1959 548 Α
1989 488 2126 555 quod
2171 500 2272 538 non
2317 495 2577 552 optamus,
2611 484 2846 537 monachi
2888 485 2936 536 in
2977 485 3162 537 eodem
3203 488 3530 542 monasterio

320 575 679 640 voluminibus,
703 592 806 630 nec
831 581 1135 647 quidquam
1166 579 1352 646 majus,
1381 579 1460 631 vel
1489 579 1759 646 exiguum,
1786 577 1878 630 sed

320 681 412 720 nec
456 668 833 734 concupiscere
867 679 1124 733 attentet,
1166 673 1282 738 quia
1312 670 1353 721 si
1389 669 1586 732 privata
1625 667 1879 734 concupi-

313 773 466 815 scere
502 759 624 809 satis
653 768 732 809 est
765 759 1013 820 noxium,
1048 771 1243 826 quanto
1277 760 1438 825 magis
1475 771 1623 809 sacra
1652 756 1878 817 auferre,

316 848 402 900 vel
431 846 754 908 desiderare,
788 857 841 899 et
875 847 993 913 iuri
1014 863 1112 899 suo
1141 847 1438 910 mancipare
1471 846 1585 899 Deo'
1606 854 1684 896 est
1709 843 1881 895 inimi-

314 953 442 990 cum
473 938 490 987 '.
519 937 890 992 lnterdicentes
936 940 1097 989 etiam
1130 940 1396 1006 episc0po,
1445 937 1499 989 in
1541 935 1693 1003 cujus
1733 941 1896 1000 paro-‘

309 1029 440 1080 τιδὴ
472 1041 587 1079 esse
616 1026 817 1077 videtur
861 1027 1177 1091 przcdictum
1221 1027 1592 1078 monasterium
1632 1024 1884 1075 constitu-

317 1129 464 1174 tum,
501 1126 554 1167 ut
581 1116 700 1166 nihil
748 1127 932 1166 contra
971 1126 1210 1166 tenorem
1255 1103 1528 1181 praesentis
1572 1112 1765 1165 decreti
1799 1113 1882 1178 pia

320 1203 680 1274 postulatione
710 1204 914 1265 indulti,
951 1203 1237 1269 quidquam
1283 1211 1520 1264 attentet,
1564 1216 1733 1268 neque
1776 1202 1884 1252 ullo

326 1295 500 1346 modo
527 1293 627 1358 ejus
667 1292 1004 1358 baptismales
1050 1293 1334 1354 ecclesias,
1378 1306 1468 1343 seu
1511 1291 1744 1343 decimas
1785 1289 1882 1340 sibi

331 1385 599 1442 vindicet,
637 1398 726 1434 nec
776 1383 884 1447 ipse
935 1385 1123 1446 suique
1177 1395 1504 1434 successmes
1563 1388 1882 1447 praesumant

341 1475 604 1542 prohibita
644 1473 955 1538 contingere.
1005 1471 1248 1524 Chrisma
1278 1471 1453 1539 igitur,
1508 1471 1585 1524 vel
1628 1468 1879 1536 quidquid

345 1568 414 1618 ad
457 1579 598 1616 sacra
641 1562 914 1614 ministeria
954 1563 1201 1628 pertinet,
1244 1564 1341 1612 sia
1384 1572 1531 1627 parte
1582 1559 1880 1611 monasterii

343 1653 511 1706 fuerit
540 1652 854 1717 postulatum,
879 1664 905 1700 a
933 1649 1333 1717 quibuscunque
1365 1648 1657 1716 prmviderit
1689 1662 1881 1700 conce-

343 1746 527 1797 dimus
569 1743 861 1810 pnesulibos
905 1742 1271 1800 tribuendum;
1303 1750 1374 1803 et,
1410 1749 1464 1791 ut
1511 1740 1752 1805 superius
1803 1737 1880 1788 di-

1979 575 2274 637 Constituti,
2309 574 2465 638 tepidi
2499 573 2546 624 in
2590 572 2677 624 Dei
2709 588 2906 635 amore,
2951 583 3003 625 ct
3048 574 3098 625 in
3143 573 3394 627 institutis
3435 575 3535 629 Pa-
3582 619 3596 632 .

1982 670 2116 714 trum
2167 649 2460 725 torpentes:
2480 660 2792 726 quandoque
2843 660 3235 726 conspiciantur
3274 663 3528 726 existere,

1980 750 2263 803 secundum
2298 752 2528 819 regulam
2553 751 2618 802 ab
2645 751 2850 810 abbate,
2900 751 2947 802 id
2991 759 3070 802 est
3105 765 3131 801 a
3164 759 3311 816 patre
3346 765 3531 804 mona-

1982 844 2152 904 SlPrii,
2202 844 2390 908 corrigi
2424 842 2667 894 debeant.
2710 842 2764 893 Si
2815 851 3010 904 autem,
3045 851 3102 892 et
3147 841 3259 907 ipse
3290 841 3450 893 abbas
3482 842 3530 891 in

1985 933 2182 998 ignavia
2229 933 2402 998 aliqua
2448 945 2629 984 contra
2684 932 2917 982 instituta
2967 931 3195 993 Patrum,
3243 941 3295 984 et
3340 931 3532 997 regula:

1997 1032 2231 1073 tenorem
2268 1023 2420 1073 fuerit
2449 1022 2830 1087 deprehensus,
2861 1032 2912 1074 et
2942 1022 3236 1088 inaliquam
3269 1021 3530 1073 sinistram

1985 1123 2184 1180 partem
2217 1115 2517 1178 inclinatue,
2549 1131 2577 1166 a
2611 1115 2736 1166 sede
2766 1114 3070 1179 apostolica,
3097 1114 3196 1164 sub
3233 1113 3382 1177 cujus
3404 1127 3536 1164 cou-

1984 1205 2176 1254 stitutis
2217 1205 2486 1263 consistit,
2518 1205 2828 1269 corrigatur.
2880 1200 2985 1252 Nec
3017 1203 3153 1252 enim
3197 1203 3401 1253 cuidam
3429 1202 3537 1267 epi—

1983 1308 2142 1359 scopo
2167 1295 2351 1346 damus
2383 1295 2648 1348 licentiam
2689 1295 2786 1346 sub
2815 1294 3080 1358 obtemptu
3115 1295 3539 1366 reprehensionis

1985 1385 2212 1445 aliquam
2244 1383 2292 1433 in
2326 1383 2681 1449 suprascripto
2731 1384 3050 1434 monasterio
3079 1396 3224 1434 suam
3252 1370 3537 1437 extendere

1988 1483 2319 1538 potestatem,
2351 1474 2443 1524 sed
2487 1474 2599 1538 ejus
2633 1472 2808 1539 capiti,
2859 1473 2906 1524 id
2939 1482 3040 1535 est,
3071 1472 3372 1539 apostolico
3403 1472 3538 1534 sedi,

1985 1566 2025 1614 si
2057 1572 2200 1616 certo
2243 1565 2358 1614 zelo
2389 1563 2478 1617 Dei
2511 1573 2563 1617 et
2597 1549 2844 1615 instinctu
2893 1564 3096 1630 pietatis
3145 1564 3402 1625 innititur,
3435 1566 3542 1616 suis

1985 1653 2220 1728 epistolis
2251 1653 2461 1705 debebit
2503 1668 2805 1728 suggerere,
2840 1662 2894 1705 ut
2934 1654 3050 1718 quid
3085 1653 3314 1719 pontiﬁci
3348 1652 3541 1705 Roma-

1987 1727 2237 1795 nasisedis
2266 1727 2578 1809 apostolica!
2615 1744 2868 1810 placuerit
2909 1743 3054 1811 juxta
3106 1759 3252 1795 suam
3299 1743 3530 1809 pruden-

349 1845 501 1885 rtum
530 1842 616 1892 est,
643 1842 690 1884 et
715 1845 849 1897 saepe
888 1829 1168 1883 dicendum
1200 1841 1300 1892 est,
1332 1827 1525 1880 nullam
1572 1835 1880 1894 potestatem
1914 1812 1959 1869 Β
1989 1834 2110 1884 tiam
2142 1832 2427 1898 prazvideat
2454 1833 2898 1898 respondendum.
2922 1833 3036 1894 Quo
3078 1832 3215 1883 facto
3246 1842 3367 1884 tunc
3403 1831 3538 1883 irre-

350 1921 550 1972 habere
577 1919 908 1985 permittimus
947 1917 1229 1982 episcopos
1268 1917 1318 1966 in
1350 1915 1534 1967 eodem
1567 1914 1884 1965 manasterio

363 2022 541 2072 neque
565 2009 608 2058 in
637 2007 800 2067 rebus,
825 2007 902 2056 Vt‘l
933 2006 983 2056 in
1012 2007 1321 2058 ordinandis
1347 2005 1603 2070 personis,
1629 2003 1719 2055 sed
1745 2003 1883 2070 quod

351 2108 542 2150 cuncta
569 2096 879 2163 congregatio
908 2096 1128 2157 elegerit
1161 2104 1274 2159 post
1319 2104 1543 2145 mortem
1577 2092 1739 2159 patris
1769 2107 1884 2142 mo-

359 2189 592 2246 nasterii,
624 2187 724 2251 ipse
762 2185 916 2237 debet
946 2186 996 2235 in
1045 2185 1231 2236 eodem
1276 2183 1597 2236 monasterio
1626 2180 1885 2233 ordinari.

361 2275 538 2339 Super
568 2274 649 2324 hoc
689 2287 850 2340 neque
889 2273 1245 2340 presbyteros,
1280 2285 1448 2336 neque
1487 2269 1757 2328 diaconos,
1793 2282 1889 2322 nec

357 2361 638 2429 quamlibet
677 2376 940 2428 personam
989 2361 1041 2413 in
1087 2360 1277 2412 eodem
1318 2358 1643 2412 monasterio
1693 2358 1890 2410 habere

361 2451 472 2498 ullo
529 2449 665 2499 modo
718 2455 1021 2513 potestatem
1074 2449 1352 2499 immutare
1417 2445 1735 2514 quidquam,
1804 2445 1885 2496 vel

364 2550 544 2602 agere.
584 2536 952 2603 Cognoscentes
992 2538 1133 2604 quod
1190 2538 1288 2590 sub
1332 2537 1619 2602 aposmlica
1653 2535 1800 2597 sede,
1836 2535 1885 2587 id

361 2635 468 2687 est,
516 2628 636 2678 beati
671 2627 799 2678 Petri
843 2626 1065 2691 apostoli
1098 2640 1161 2679 ex
1204 2624 1436 2691 praedicti
1485 2625 1644 2691 regis,
1678 2638 1770 2675 seu
1803 2638 1887 2675 re-

355 2716 498 2780 gina
519 2728 773 2777 consensu,
802 2723 855 2766 et
890 2715 1267 2781 postulatione,
1307 2715 1406 2767 Sub
1441 2728 1676 2781 quorum.
1705 2713 1888 2766 defen-

351 2801 510 2854 sione
549 2817 652 2856 esse
682 2801 894 2856 videtur.
942 2802 1189 2856 Nostrum
1233 2801 1510 2869 praesentis
1539 2802 1884 2870 privilegium

352 2886 555 2940 indqu
579 2890 870 2944 concedere.
907 2890 1141 2960 Rogatus
1184 2905 1315 2945 vero
1355 2891 1636 2958 episcopus
1665 2906 1696 2944 a
1725 2890 1889 2945 Patre

351 2979 647 3030 monasterii
674 2978 750 3032 vel
788 2993 817 3032 a
862 2989 1054 3034 cuncta
1099 2980 1506 3048 congregatione
1553 2994 1701 3033 suam
1738 2983 1890 3034 exhi-

346 3066 478 3119 beat
505 3067 834 3132 presentiam,
859 3083 967 3120 non
996 3075 1175 3122 autem
1204 3069 1416 3133 petitus,
1443 3067 1509 3120 ad
1534 3077 1735 3121 secreta
1761 3083 1880 3122 Ino-

1987 1920 2448 1987 preliensibiliores
2492 1921 2732 1971 videntur
2769 1920 3016 1981 existere,
3069 1920 3351 1972 constituta
3394 1917 3538 1970 sedis

1989 2010 2291 2074 apostolica:
2337 2007 2713 2060 inviolabiliter
2767 2006 3111 2058 custodiendo
3164 2006 3211 2057 si
3260 2004 3539 2064 studuerit,

1989 2114 2107 2166 qua:
2147 2109 2326 2150 contra
2372 2096 2512 2149 hunc
2556 2105 2792 2150 tenorem
2840 2095 2920 2162 agi
2957 2094 3275 2159 perspexerit
3316 2093 3538 2145 ﬁdeliter

1995 2189 2255 2251 nuntiare,
2287 2196 2340 2240 et
2379 2201 2480 2239 non
2511 2186 2843 2250 semetipsos,
2874 2193 2926 2235 et
2974 2183 3022 2233 in
3062 2197 3242 2236 eorum
3275 2183 3545 2234 machina-
3623 2219 3628 2224 ρ

1990 2281 2133 2330 tione
2162 2275 2474 2342 quandoque
2500 2287 2771 2339 emergere
2797 2290 2808 2322 :
2833 2273 2972 2339 quod
3005 2270 3052 2324 si
3090 2271 3311 2338 quidam
3342 2269 3542 2322 callidi-

1992 2378 2096 2421 tate
2125 2369 2191 2419 ali
2214 2381 2316 2431 :ua,
2362 2365 2444 2418 vel
2490 2364 2724 2417 avaritiae
2766 2363 3122 2429 instigatione,
3163 2363 3448 2429 quidquam
3478 2362 3550 2413 de

1992 2456 2266 2527 prohibitis
2297 2454 2695 2524 prrosumpserit
2731 2453 3114 2517 attentanduni,
3159 2462 3214 2506 et
3243 2461 3424 2504 contra
3455 2465 3546 2504 su-

1991 2546 2169 2614 perius
2221 2546 2432 2598 decreta
2486 2541 2857 2610 quoquomodo
2909 2541 3260 2603 obviandum,
3317 2539 3540 2606 primum

1987 2636 2198 2702 quidem
2228 2634 2306 2686 sui
2345 2632 2546 2702 ordinis
2572 2630 2737 2698 gradu
2781 2640 2834 2683 et
2871 2630 3124 2697 dignitate
3154 2628 3459 2695 privabitur,
3491 2636 3546 2679 et

1988 2738 2049 2776 ex
2079 2721 2217 2775 beati
2268 2720 2406 2774 Petri
2437 2718 2661 2786 apostoli
2700 2719 3034 2779 auctoritate,
3065 2717 3152 2785 qui
3199 2715 3392 2783 ligandi
3438 2716 3545 2768 sol-

1991 2808 2250 2876 vendique
2278 2808 2328 2859 in
2374 2806 2508 2860 ccelo
2549 2815 2603 2858 et
2631 2806 2684 2858 in
2720 2814 2857 2858 terra
2888 2805 3079 2857 meruit
3117 2812 3450 2870 potestatem,
3480 2803 3548 2856 sit

1990 2912 2017 2950 a
2047 2897 2448 2967 participatione
2479 2895 2633 2948 Dom.
2673 2896 2841 2947 nostri
2880 2892 3006 2946 Jesu
3034 2892 3228 2952 Christi
3257 2907 3465 2960 corpor.
3492 2901 3547 2944 et

1990 2987 2262 3054 sanguinis
2294 2968 2561 3049 immunis,
2608 2997 2670 3036 ac
2715 2991 2896 3036 nostro
2918 2983 3186 3036 consortio
3207 2982 3464 3043 seclusus,
3493 2990 3548 3032 et

1986 3076 2143 3127 etiam
2185 3071 2636 3133 excellentissimi,
2667 3070 2755 3136 qui
2780 3085 2876 3138 pro
2907 3079 3145 3136 tempore
3187 3067 3360 3130 fuerit,
3390 3071 3549 3135 regis,

347 3154 562 3207 διετῆ
586 3155 824 3210 accedere
853 3170 959 3208 non
989 3165 1303 3224 przesumat,
1333 3171 1400 3209 ne
1435 3157 1665 3224 quietam
1697 3171 1882 3209 mona-
1913 3134 1957 3195 (ἶ
1990 3161 2332 3214 nihilominus
2362 3134 2794 3220 submovendus,-
2813 3134 3091 3226 quatenus,
3122 3167 3176 3212 et
3199 3172 3316 3226 quae
3352 3134 3545 3210 statuta

341 3243 561 3296 chorum
604 3243 776 3310 vitam,
807 3247 896 3313 qui
938 3245 1237 3299 solitariam
1269 3256 1478 3313 propter
1518 3245 1680 3300 Deum
1710 3247 1886 3300 studia

339 3343 584 3399 peragere
603 3332 976 3395 decreverunt,
1005 3332 1261 3400 frequens
1285 3333 1614 3388 sacerdomm
1659 3334 1887 3388 insolen-

335 3421 408 3472 tis
448 3423 700 3490 irrumpat,
747 3423 883 3476 utin
933 3421 1035 3477 Dei
1083 3422 1326 3476 laudibus
1365 3432 1760 3486 conversantes,
1793 3437 1887 3486 pro

333 3508 672 3566 incolumitate
713 3522 923 3566 sancta
951 3513 1107 3567 sedis
1137 3513 1436 3581 apostolica.-
1465 3523 1682 3576 nostrae,
1712 3523 1766 3566 et
1792 3528 1887 3580 pro

325 3601 759 3656 excellentissimis
791 3603 1026 3670 regibus
1053 3603 1141 3668 pia
1169 3603 1514 3670 postulatione
1541 3604 1885 3671 poscentibus

313 3689 500 3746 auidae
526 3691 814 3745 Dutninum
865 3692 1188 3760 deprecare
1218 3679 1318 3746 non
1347 3701 1565 3747 cessent.
1601 3691 1654 3745 Si
1687 3691 1905 3755 autem,’

1989 3261 2112 3304 sunt
2138 3259 2386 3329 perpetua
2413 3252 2616 3329 possint
2642 3249 2948 3305 deﬁnitione
2975 3266 3206 3314 manere,
3237 3261 3291 3304 et
3313 3260 3537 3304 temera-

1991 3348 2132 3393 tores
2163 3340 2435 3407 praesentis
2458 3335 2656 3393 decresi
2678 3338 2744 3394 de
2772 3355 2866 3392 sua
2895 3342 3192 3394 temeritate
3221 3341 3389 3409 poenis
3410 3342 3544 3394 mul-

1989 3429 2252 3497 tiplicibus
2276 3427 2567 3496 subiacere.
2603 3427 2741 3481 Bene
2782 3429 2971 3482 valete.

2060 3517 2181 3571 Dat.
2209 3533 2261 3570 tv
2307 3517 2484 3571 Nonas
2517 3517 2636 3570 Maii
2683 3517 2888 3582 imperii
2933 3516 2993 3568 D.
3039 3517 3260 3583 piissimi
3301 3513 3544 3582 Augusti,

1973 3605 2318 3660 Constantini
2351 3620 2490 3659 anno
2515 3607 2566 3670 9,
2591 3606 2890 3658 consulatus
2929 3603 2972 3669 Ι,
3005 3603 3113 3656 ind.
3139 3603 3193 3656 ί.

1853 4453 1999 4502 ira:

1899 4503 1945 4551 ὑ
