3884 6240
599 361 698 415 11ῗ7

1636 366 1701 419 ιη
1741 364 2059 423 sancruu
2100 368 2459 429 MARTINUM
2500 350 2724 439 raptu
2779 377 2797 431 ι

3689 389 3771 442 108

597 494 685 529 sex
718 476 827 548 [B.,
854 494 1017 531 mens.
1050 495 1128 543 Ill,
1152 481 1206 533 d.
1232 479 1348 550 xu].
1371 488 1391 513 τ’
1420 480 1581 549 Hujus
1606 483 1933 548 temporibus
1953 483 2144 537 l'anlus
2174 494 2217 548 Α
2251 484 2408 539 (idem
2467 499 2915 556 pra-sumpserunt
2956 456 3243 549 innectere:
3301 496 3502 565 Quippe
3549 504 3773 567 quoniam

598 567 1189 638 Cmtstantinopulitana:
1212 573 1359 625 urbis
1396 574 1694 638 episcopus,
1723 573 1932 626 inﬂatus
1960 588 2144 641 super-

600 659 699 710 bim
732 660 915 725 spiritu
965 661 1219 714 adversus
1277 671 1480 715 rectum
1531 674 1729 716 sancta:
1770 663 1863 717 Dei
1895 664 2146 718 Ecclesiae

597 751 803 815 dogma,
823 751 1075 804 audacter
1106 753 1462 821 prtesumpsit,
1488 756 1722 822 paternis
1752 756 2145 811 deﬁnitionibus

594 842 875 895 contraire.
913 845 925 873 ¹
962 844 1179 909 Insuper
1218 844 1417 897 studuit
1468 846 1532 896 ad
1583 846 2034 915 cooperiinentum
2058 847 2146 917 [ad

594 932 1000 1009 operimentum]
1032 934 1227 1003 proprii
1251 935 1449 989 erroris
1478 936 1499 966 ³
1533 936 1881 1004 quorumdam
1926 938 2146 1005 subrep-

596 1020 746 1085 tioni,
774 1031 830 1095 ut
884 1031 936 1074 et
991 1022 1407 1077 clementissimo
1438 1024 1660 1092 principi
1690 1026 1935 1079 suaderet
1967 1036 2144 1095 typum

594 1092 881 1178 exponetie,
908 1111 994 1180 qui
1024 1112 1174 1182 [quo]
1221 1113 1539 1166 cathrlicum
1593 1115 1782 1183 dogma
1829 1092 2143 1181 destrueret.

594 1201 648 1254 ln
679 1218 781 1270 quo
808 1212 932 1270 typo
960 1218 1143 1256 omnes
1167 1203 1384 1257 omnino
1412 1218 1568 1258 voces
1600 1214 1900 1258 sanctorum
1933 1205 2143 1258 Patrum

591 1308 710 1347 eum
743 1292 1239 1346 nefandissimordm
1270 1294 1639 1348 haereticorum
1670 1295 1992 1349 dictionibus
2013 1295 2145 1367 [edi-

564 1386 567 1387 ⁷
590 1382 871 1454 ctionibus]
901 1384 1198 1446 enervavit,
1220 1384 1426 1438 scilicet
1455 1399 1552 1438 nec
1575 1400 1752 1449 unam,
1788 1400 1884 1438 nec
1904 1385 2035 1439 duas
2055 1400 2145 1436 vo-

498 1493 509 1499 ·
589 1472 835 1535 luntates,
867 1481 955 1524 aut
982 1471 1323 1538 operationes
1358 1474 1410 1525 itt
1468 1473 1679 1527 Christo
1711 1472 1933 1526 Domino
1964 1482 2144 1532 nostro

586 1561 846 1613 deliniens
877 1561 1141 1615 conﬁteri.
1170 1560 1283 1636 Qua
1318 1566 1385 1615 de
1418 1577 1475 1616 re
1500 1562 1800 1630 hujusmodi
1832 1563 2143 1628 pravitatem

585 1664 735 1702 suam
769 1651 1077 1713 defeudens,
1107 1652 1245 1718 quod
1270 1666 1536 1719 nunquam
1562 1666 1657 1705 nec
1693 1667 1721 1704 a
1753 1652 2012 1717 prioribus
2037 1656 2145 1706 lite-

588 1739 763 1806 rcticis
805 1746 1179 1806 prmsumptum
1228 1749 1327 1803 est,
1388 1741 1500 1807 ipse
1530 1739 1549 1769 ³
1577 1740 1628 1793 in
1676 1741 1769 1794 lite
1824 1755 2143 1808 praesumere

584 1829 785 1881 studuit
811 1830 863 1882 in
896 1814 1095 1883 tantum
1129 1832 1285 1901 [vero
1318 1831 1543 1885 vesania:
1592 1830 1860 1901 prorupit]
1890 1840 1947 1882 ιιι
1972 1832 2140 1885 altare

585 1919 605 1947 "
634 1927 832 1972 sancta:
864 1914 1061 1973 nostra:
1082 1920 1243 1982 sedis,
1273 1919 1414 1987 quod
1445 1929 1559 1972 erat
1608 1921 1660 1971 in
1709 1921 1864 1976 domo
1895 1920 2142 1975 Placidia

582 2017 852 2062 sacratum
885 2011 934 2061 in
963 2000 1247 2063 venerabili
1292 2011 1527 2074 oraculo,
1584 2012 1918 2075 subvertens,
1947 2011 2139 2078 diripi:-

588 2107 685 2152 ret.
708 2099 1000 2156 Prohibens
1018 2116 1083 2154 ne
1098 2102 1417 2155 adorandam
1437 2112 1489 2155 et
1504 2100 1891 2155 immaculatum
1914 2106 2139 2157 hostiam

585 2192 895 2258 apocrisarii
945 2194 1109 2246 nostri
1161 2193 1353 2247 ibidem
1408 2194 1515 2247 Dco
1556 2193 1748 2247 oll'erre
1772 2195 2001 2258 Valeant,
2044 2209 2140 2248 nec

584 2284 972 2335 communionis
1011 2294 1342 2338 sacramenta
1402 2286 1713 2351 percipiant.
1760 2286 1856 2349 Qui
1900 2286 2141 2339 videlicet

580 2373 885 2438 apocrisarii
921 2374 940 2403 ⁸
968 2389 1030 2426 ex
1064 2376 1417 2442 prmceptioue
1462 2374 1768 2441 apostolica:
1810 2376 2139 2427 anetoritatis

578 2470 980 2516 commoverunt
1009 2478 1150 2523 eum,
1176 2471 1231 2515 ut
1259 2464 1323 2516 de
1356 2449 1440 2515 tali
1470 2462 1720 2516 haaretico
1748 2463 1954 2516 intentu
1988 2479 2136 2538 recc;

576 2552 748 2605 deret.
805 2551 910 2605 Nec
956 2568 1059 2604 non
1101 2561 1149 2605 et
1204 2553 1487 2607 contestari
1538 2554 1631 2605 visi
1674 2554 2137 2623 [commonuerttnt

576 2658 718 2708 cum,
754 2651 810 2696 ut
836 2644 902 2696 ab
931 2644 1087 2710 hujus
1119 2644 1334 2697 haeresis
1364 2644 1654 2698 intentione
1698 2646 1992 2699 recederet.
2030 2646 2135 2699 Nec

582 2745 686 2782 non
744 2738 797 2783 et
844 2732 1128 2783 contestari
1160 2729 1457 2801 eumjussi]
1488 2742 1627 2795 sunt,
1672 2734 2129 2800 persecutionibus

580 2820 806 2871 diversis
835 2834 952 2870 cum
985 2821 1100 2871 aliis
1129 2821 1437 2873 orthodoxis
1465 2824 1611 2884 viris,
1644 2831 1698 2875 et
1742 2824 2129 2875 venerabilibus

583 2908 967 2972 sacerdotibus,
992 2909 1066 2977 [at
1096 2908 1207 2978 ille]
1231 2910 1506 2962 insecutus
1519 2919 1599 2962 est
1626 2925 1740 2973 eos,
1767 2912 2019 2975 quosdam
2042 2927 2132 2962 eo-

588 3014 707 3048 rum
739 2998 993 3050 custodize
1014 2998 1309 3058 retrudens,
1335 2997 1466 3048 alios
1486 2997 1536 3049 in
1560 2996 1804 3049 exsilium
1824 2998 2129 3064 deportatis,

577 3085 709 3136 alios
742 3093 915 3135 autem
966 3083 1272 3136 verberibus
1302 3083 1321 3112 ⁶
1350 3084 1708 3136 committens.
1753 3084 1949 3147 Quibus
1998 3099 2128 3151 pene

578 3190 791 3226 omnem
840 3175 1092 3227 tnundum
1144 3174 1600 3237 conturbantibus,
1644 3190 1706 3228 ex
1747 3174 1969 3227 diversis
2000 3176 2127 3229 locis

577 3265 847 3327 querelam
880 3276 1060 3316 contra
1092 3279 1186 3317 eos
1216 3266 1279 3316 ad
1306 3264 1645 3331 apostolicam
1688 3273 1919 3317 nostrain
1951 3264 2128 3317 sedem

580 3354 788 3420 plurimi
818 3355 1095 3407 orthodoxi
1124 3356 1379 3408 detulisse
1427 3366 1805 3410 monstrantur.
1838 3355 2130 3424 (lonjuran-
2175 3426 2178 3431 _

577 3457 653 3497 tes
676 3456 728 3497 nt
760 3445 916 3497 totius
948 3447 1159 3498 malitiae
1185 3455 1447 3513 tanta‘que
1470 3448 1759 3501 eversionis
1795 3463 1887 3515 per
1909 3459 2124 3516 aposto-

580 3538 732 3586 licam
759 3536 1125 3588 auctoritatem
1143 3537 1160 3565 ⁷
1186 3536 1492 3589 abscindunt
1517 3536 1956 3606 [abscindereturj
1976 3553 2121 3591 com-

576 3635 832 3689 mentum,
883 3634 1140 3692 quatenus
1196 3626 1413 3678 minime
1464 3629 1618 3679 totius
1676 3627 1891 3697 [totum]
1931 3643 2122 3697 corpus

573 3713 840 3765 catholica:
873 3714 1120 3765 Ecclesite
1152 3713 1391 3766 nocibilis
1418 3729 1597 3767 eorum
1636 3718 1909 3769 cctheseos
1940 3716 2120 3785 [exse-

573 3801 823 3869 t-utiottis]
850 3803 1069 3869 languor
1095 3803 1426 3867 disrumpere
1457 3804 1647 3856 valeat.
1694 3805 1840 3857 Tunc
1872 3806 2122 3861 Martinus

573 3890 934 3940 sanctissimus
966 3903 1026 3940 ac
1049 3890 1068 3917 ⁸
1094 3889 1278 3941 beatus
1301 3889 1576 3953 episcopus
1623 3891 1782 3951 misit,
1806 3900 1858 3943 et
1887 3905 2110 3959 congre‘

573 3978 711 4042 gavit
731 3978 1009 4043 episcojtos
1041 3977 1091 4028 in
1114 3977 1295 4029 urbem
1331 3978 1546 4029 Romam
1580 3991 1799 4029 numero
1823 3988 2031 4031 centum
2059 3988 2111 4032 et

572 4069 819 4134 quinque,
877 4076 928 4119 ct
974 4065 1092 4119 fecit
1145 4066 1404 4135 synodum
1463 4066 1748 4118 secundum
1808 4068 2108 4121 institutum

486 4194 487 4197 η
573 4155 853 4225 [instituta]
879 4156 1087 4207 Patrum
1118 4156 1527 4208 orthodnxorum
1571 4155 1622 4206 in
1675 4157 1896 4207 ecclesia
1924 4155 2107 4209 Salva-

575 4243 703 4295 toris
723 4243 869 4310 juxta
900 4244 1222 4310 episc0pium
1250 4243 1621 4296 Lateranense.
1654 4241 1971 4296 Sedcutibus
1994 4244 2115 4309 epi-

569 4336 740 4400 scopis
768 4345 820 4387 et
850 4335 1187 4402 presbyteris,
1230 4336 1527 4388 astantibus
1577 4334 1813 4387 diaconis
1862 4344 1914 4387 et
1966 4334 2108 4387 clero

572 4425 855 4485 universo,
909 4416 1391 4478 condetnnavertint
1435 4427 1627 4495 Cyrum
1684 4425 2113 4487 Alexandrinum,

573 4511 831 4575 Sergium,
858 4512 1132 4578 Pyrrhum,
1159 4524 1212 4567 ct
1243 4514 1481 4577 Paulum,
1505 4514 1833 4581 patriarchas
1861 4515 2114 4566 Cottstan-

572 4600 980 4665 tinopolitauos,
1031 4603 1118 4668 qui
1173 4605 1429 4657 novitates
1473 4616 1655 4656 contra
1710 4604 2100 4656 immaculatam

2249 577 2415 643 ipsam
2437 581 2719 635 excludere
2752 594 3112 649 properantes,
3163 587 3532 641 haereticorum
3579 590 3773 659 dogma-

2250 673 2358 718 tuut
2408 678 2586 720 contra
2626 669 2944 723 catholicam
2995 672 3087 724 Dei
3116 673 3406 727 Ecclesiam
3436 676 3772 733 confusionem
3846 674 3847 743 1

2248 755 2708 809 concinnaverunt
2739 757 3250 832 [continuaverunt],
3269 763 3619 817 anathematis
3640 767 3772 820 ultio-
3846 764 3847 837 ἶ

2249 860 2315 896 ne
2345 848 2567 912 perculsi
2600 847 2878 919 [percussi]
2911 861 3052 907 sunt.
3105 852 3234 918 Qua:
3274 853 3507 923 synodus
3538 856 3687 909 ιιοάίθ
3705 873 3775 909 π’

2249 934 2403 987 chivo
2449 937 2688 989 ecclesia:
2737 940 3055 993 continetur.
3112 941 3179 994 Et
3229 941 3430 1004 faciens
3458 946 3774 1012 exemplaria,
3846 960 3847 1009 1

2249 1042 2343 1096 per
2371 1044 2554 1083 omnes
2578 1041 2775 1087 tractus
2803 1033 3035 1090 Orientis
3061 1044 3118 1090 et
3164 1036 3465 1092 Occidentis
3503 1039 3705 1099 direxit.
3732 1053 3775 1095 et

2249 1132 2343 1185 per
2398 1134 2583 1172 manus
2645 1122 3056 1179 ortliodoxorum
3116 1126 3350 1181 ﬁdelium
3414 1130 3775 1185 disseminavit.
3846 1122 3847 1165 ³

2248 1208 2274 1246 b
2302 1210 2428 1276 ipsis
2450 1211 2638 1266 diebus
2655 1213 2851 1268 direxit
2879 1216 3168 1282 imperator
3191 1219 3245 1271 in
3275 1219 3477 1272 italiam
3496 1220 3774 1289 Olympiqu
3846 1208 3847 1249 δ

2245 1303 2625 1357 cubicularium
2656 1316 2709 1360 et
2731 1308 3015 1362 exarchum
3046 1310 3416 1380 adiregendam
3448 1327 3658 1367 omnem
3686 1314 3769 1366 Ila-

2246 1389 2391 1454 liam,
2421 1393 2751 1460 prazripiens,
2773 1406 2825 1448 et
2849 1396 3030 1449 dicens
3062 1414 3074 1449 :
3106 1398 3323 1467 Oportet
3372 1400 3593 1468 gloriam
3624 1410 3768 1463 tuam,

2248 1478 2464 1531 utsicut
2496 1481 2647 1532 nobis
2676 1483 2939 1551 suggessit
2982 1483 3177 1538 Paulus
3226 1486 3542 1553 patriarcha,
3585 1486 3775 1554 hujus:

2247 1566 2355 1620 Deo
2384 1568 2760 1621 conservanda:
2782 1571 2925 1624 urbis
2947 1586 3219 1639 peragere.
3254 1572 3317 1624 Et
3338 1574 3382 1625 si
3405 1573 3617 1641 quidem
3645 1576 3775 1628 inve-

2246 1657 2389 1710 neris
2415 1658 2738 1723 provinciam
2766 1659 2933 1727 ipsam
2964 1663 3383 1716 consentientem
3407 1661 3458 1714 in
3489 1671 3616 1732 typo
3644 1678 3671 1715 a
3696 1679 3775 1715 nn-
3846 1672 3847 1679 ‘

2246 1748 2325 1801 bis
2356 1750 2599 1815 esposito
2628 1760 2808 1803 tenere
2832 1764 3037 1817 omnes,
3062 1751 3151 1819 qui
3181 1752 3251 1806 ibi
3278 1760 3424 1815 sunt,
3448 1753 3717 1819 episcopos
3735 1768 3777 1807 et
3846 1742 3847 1751 “

2174 1813 2213 1869 Β
2248 1839 2526 1893 haereticos
2557 1854 2943 1909 possessorum,
2969 1852 3125 1909 atque
3155 1843 3535 1907 habitatorum,
3564 1854 3618 1897 et
3647 1860 3776 1910 pere.

2245 1931 2449 1999 grinos,
2473 1934 2494 1963 ⁹
2522 1943 2575 1985 et
2605 1932 2655 1985 in
2682 1932 2869 1987 eodem
2893 1934 3224 1987 substvribant
3260 1934 3447 2005 [iacias
3474 1945 3653 1989 tenere
3680 1950 3778 1987 om-
3846 1978 3847 1983 η

2241 2036 2335 2075 nes
2358 2012 2444 2088 qui
2480 2021 2672 2075 ibidem
2722 2033 2864 2088 sunt,
2896 2023 3197 2089 episcOpos,
3227 2032 3281 2077 et
3317 2038 3655 2092 possessores
3679 2022 3775 2090 (8.,
3846 2084 3847 2095 χ

2240 2108 2590 2178 professores)
2639 2119 2795 2179 atque
2846 2110 3169 2169 habitatores
3222 2112 3273 2164 in
3319 2111 3507 2164 eodem
3567 2112 3778 2165 subscri-
3846 2128 3847 2135 η

2239 2196 2409 2265 bere].
2442 2198 2497 2250 Si
2547 2208 2723 2251 autem
2772 2199 3036 2265 quomodo
3092 2199 3243 2253 nobis
3301 2201 3562 2269 suggessit
3610 2200 3775 2255 Platon

2238 2287 2501 2353 gloriosus
2534 2288 2798 2353 patritius,
2832 2297 2886 2340 et
2913 2288 3203 2353 Eupraxius
3225 2288 3510 2354 gloriosus,
3544 2291 3588 2320 ¹⁶
3609 2300 3775 2357 potue-

2238 2377 2353 2428 ritis
2384 2376 2610 2444 spadere
2633 2377 2884 2428 exercitui
2942 2376 3134 2429 ibidem
3188 2378 3778 2445 consistenti,jubemus
3846 2358 3847 2405 Ῑ

2240 2478 2404 2519 teneri
2434 2467 2736 2530 Mai-tinum,
2770 2467 2857 2533 qui
2898 2466 2983 2520 hic
3027 2474 3142 2520 erat
3192 2466 3549 2534 apocrisatius
3571 2465 3624 2519 in
3653 2470 3776 2535 regia

2238 2540 2387 2611 urbe.
2422 2559 2483 2611 Et
2510 2558 2847 2624 postmodum
2877 2572 3059 2609 omnes
3094 2558 3356 2610 Ecclesias
3386 2558 3621 2623 relegere
3648 2570 3775 2617 eum;

2232 2664 2264 2717 q
2292 2649 2352 2699 in
2389 2647 2556 2699 lactus
2582 2655 2666 2700 est
2695 2661 2721 2697 a
2752 2646 2906 2699 nobis
2932 2647 3261 2699 orthodoxns
3292 2654 3469 2713 typus,
3513 2654 3567 2697 et
3608 2659 3778 2697 omnes
3846 2668 3847 2675 ι

2235 2737 2471 2805 episcopi
2498 2737 2656 2790 Italiae
2684 2736 2734 2789 in
2768 2738 2880 2804 ipso
2905 2735 3261 2789 subscribant.
3289 2733 3340 2788 SI
3371 2744 3547 2788 autem
3576 2734 3775 2788 invene
3846 2726 3847 2795 ι

2233 2830 2347 2880 ritis
2379 2826 2693 2898 [inveneris]
2724 2826 3040 2879 contrariam
3071 2826 3122 2877 in
3148 2826 3233 2877 tali
3268 2838 3446 2889 causa,
3499 2825 3773 2878 exercitum

2234 2916 2445 2965 tacitum
2473 2913 2720 2964 habetote
2746 2914 2914 2965 donec
2943 2911 3283 2962 obtinueritis
3303 2907 3643 2979 [obtinueris]
3670 2924 3777 2975 pro-
3846 2907 3847 2981 1

2231 3005 2477 3065 vinciam,
2537 3011 2590 3053 et
2633 3000 2913 3067 potueritis
2961 2997 3112 3051 vobis
3160 2999 3453 3052 exercitum
3490 2998 3775 3069 [majorem]

2232 3105 2513 3157 aggregare
2543 3090 2579 3117 ¹¹
2618 3098 2789 3140 tamen
2820 3086 3067 3139 Romana:
3106 3086 3356 3145 civitatis,
3386 3093 3548 3153 atque
3579 3084 3774 3138 Raven.

2232 3182 2367 3231 natis
2394 3177 2522 3247 [tam
2550 3187 2603 3229 et
2629 3176 2879 3229 Romana:
2902 3173 3145 3237 civitatis,
3171 3188 3325 3241 quam
3350 3184 3400 3226 et
3424 3174 3774 3243 Ravennatis],

2231 3278 2288 3321 ut
2309 3283 2367 3320 ea
2398 3283 2513 3335 qua:
2536 3284 2563 3319 a
2591 3266 2745 3318 nobis
2775 3275 3036 3331 prtecepta
3060 3275 3203 3328 sunt,
3222 3267 3535 3330 quantocius
3566 3266 3770 3330 explere

2223 3359 2449 3423 valeatis
2479 3358 2721 3429 [valeas].
2753 3355 2851 3422 Qui
2901 3355 3181 3422 praedictus
3224 3353 3519 3423 Olympius,
3566 3352 3773 3408 veniens

2231 3450 2280 3501 iit
2307 3449 2571 3500 civitatem
2607 3447 2917 3509 Romanam,
2964 3444 3161 3498 invenit
3204 3452 3438 3496 sanctam
3497 3442 3773 3495 Romanam

2232 3537 2521 3591 Ecclesium
2554 3536 2901 3588 coadunatam
2932 3548 3051 3586 cum
3104 3532 3349 3584 Omnibus
3390 3533 3653 3598 episeopis
3681 3532 3772 3583 lta-
3846 3532 3847 3598 ᾗ

2228 3626 2333 3689 liae,
2368 3641 2459 3680 seu
2491 3625 2852 3678 sacerdotibus
2880 3624 2961 3675 vel
2985 3623 3147 3676 clero.
3175 3619 3239 3673 Et
3266 3620 3447 3672 volens
3476 3620 3697 3686 implere
3718 3633 3771 3671 ea

2223 3729 2339 3779 qua:
2362 3715 2409 3767 ei
2436 3717 2580 3781 jussa
2611 3722 2755 3773 sunt,
2782 3714 2823 3742 “
2845 3726 3030 3765 amans
3061 3725 3237 3763 secum
3260 3710 3548 3763 exercitum
3580 3709 3775 3762 virtutis

2226 3804 2333 3873 [C.,
2361 3806 2625 3855 exercitus
2652 3802 2889 3869 virtute],
2920 3801 3083 3853 voluit
3112 3802 3338 3853 schisma
3366 3808 3564 3851 sant-ta:
3597 3799 3771 3851 Eccle-

2225 3892 2317 3944 sia!
2365 3892 2438 3959 [in
2483 3902 2717 3942 sanctam
2769 3889 3080 3959 Ecclesium]
3120 3889 3491 3941 intromittere.
3545 3889 3661 3941 lloc
3690 3904 3772 3955 per

2220 3984 2500 4053 plurimum
2532 3993 2737 4047 tempus
2759 3992 2933 4035 actum
2962 3991 3063 4033 est.
3100 3981 3163 4031 Et
3188 3994 3290 4032 nou
3338 3980 3482 4031 illum
3526 3982 3766 4071 omnipo-

2221 4079 2337 4123 teus
2365 4070 2502 4122 Deus
2532 4069 2771 4137 permisit
2809 4084 2925 4135 quae
2970 4070 3240 4133 nitebatur
3268 4070 3543 4136 perlicere.
3584 4069 3769 4123 Videtis

2222 4176 2348 4229 ergo
2381 4176 2441 4214 se
2467 4175 2495 4213 a
2518 4169 2695 4213 sancta
2731 4160 2821 4213 Dei
2845 4159 3103 4212 catholica
3153 4169 3308 4226 atque
3360 4162 3652 4226 apostolica
3687 4160 3769 4213 Ec-

2222 4250 2383 4302 clesia
2409 4261 2733 4316 superatum,
2760 4263 2975 4303 necesse
2998 4249 3179 4301 habuit
3217 4250 3282 4301 de
3328 4263 3420 4301 sua
3444 4250 3599 4315 quasi
3641 4250 3769 4303 mala

2222 4337 2508 4393 intentione
2536 4337 2820 4404 declinare,
2854 4346 2913 4390 ut
2940 4337 3078 4403 quod
3112 4351 3215 4388 non
3242 4337 3408 4403 potuit
3436 4350 3527 4403 per
3555 4351 3764 4389 manum

2222 4438 2475 4481 armatam
2505 4428 2696 4491 facere,
2722 4429 2821 4481 sub
2848 4427 3095 4480 haeretico
3122 4424 3477 4497 [subreptitio]
3503 4425 3666 4477 modo
3687 4438 3771 4490 per

2227 4519 2500 4570 missarum
2531 4518 2785 4571 solemnia
2812 4517 2863 4570 iri
2891 4517 3114 4570 ceclesia
3146 4515 3233 4569 Dei
3271 4523 3465 4568 sanctze
3493 4512 3767 4581 genitricis

2220 4620 2532 4675 semperque
2558 4608 2773 4676 virginis
2832 4606 3011 4658 Maria:
3059 4605 3123 4657 ad
3180 4606 3424 4669 Prmsepe
3470 4603 3765 4669 perliceret.

1342 4738 1351 4739 ί
1437 4718 1828 4772 VARIANTES
1869 4718 2238 4777 LECTIONES
2277 4724 2362 4777 EX
2402 4725 2552 4777 COD.
2595 4720 2746 4777 LUC.
2787 4718 2929 4771 490.-

643 4808 657 4833 ¹
691 4803 754 4855 Et
776 4821 939 4869 snprr.

643 4876 661 4903 ¹
693 4874 1000 4943 Quibusdam
1034 4875 1444 4943 subreptiouibus.

644 4942 663 4971 ³
706 4942 905 4993 llh'cite.

642 5012 660 5038 "
690 5012 891 5071 Santra:
914 5011 1076 5064 deest.

642 5080 663 5109 '
696 5080 825 5143 Quia
847 5094 926 5130 ex.

642 5148 665 5179 ⁸
685 5148 1011 5202 Submittens.

2286 4818 2304 4845 ⁷
2338 4818 2688 4868 Abscindatur.

2286 4886 2307 4915 ⁸
2335 4885 2680 4936 Beatissimus.

2284 4959 2303 4986 ⁹
2333 4953 2397 5004 Ut
2421 4955 2492 5002 in.

2288 5022 2326 5051 ¹⁰
2362 5019 2537 5070 Potite:
2551 5018 2611 5067 is.

2284 5091 2322 5119 "
2356 5088 2505 5137 Tum.

2284 5158 2323 5185 ⁸⁵
2349 5154 2582 5204 Annuus.

1788 5239 1987 5294 Nom;
2027 5202 2553 5293 summm-etuti.

570 5331 836 5396 corrigens
863 5325 912 5379 id
934 5322 1095 5400 _guod
1121 5323 1381 5399 prioribus
1414 5322 1740 5400 Editionihns
1772 5325 1838 5400 de
1871 5338 2104 5400 tempore

572 5394 897 5449 sedis'sancti
932 5394 1137 5446 Martini
1160 5402 1413 5453 senserat,
1440 5394 1648 5443 aiteutu
1673 5395 1823 5443 annis
1844 5396 2097 5459 quinque,

575 5466 835 5518 mensibus
861 5472 1082 5530 quatuor
1110 5469 1260 5522 atque
1289 5461 1473 5513 diebus
1522 5460 1819 5521 duodecim,
1855 5462 2102 5514 Ecclesiae

575 5533 798 5597 regimen
825 5532 1233 5597 administrasse.

718 5600 877 5668 Hujus
934 5596 1230 5668 temporibus
1285 5595 1474 5668 Paulus
1530 5596 2103 5661 Constantinopolitanm

578 5666 711 5716 urbis
750 5666 1037 5734 epircOpus.
1071 5666 1191 5717 ΙΙωο
1238 5678 1357 5734 qua;
1380 5667 1625 5731 deinceps
1649 5680 1935 5733 sequuntur
1960 5668 2097 5731 apud

580 5730 1047 5789 Anastasium'vcre
1072 5736 1167 5788 sub
1184 5730 1484 5801 pontiﬁcatu
1505 5730 1765 5789 Theodori
1791 5730 2098 5805 contigisse,

2209 5326 2445 5390 adeoque
2476 5325 2575 5375 hoc
2605 5324 2720 5375 loco
2748 5322 2880 5375 male
2928 5322 3212 5385 recenseri,
3261 5335 3420 5390 supra
3478 5320 3756 5384 annotavi,

2210 5396 2258 5445 in
2286 5394 2423 5445 notis
2450 5392 2513 5443 ad
2539 5393 2692 5442 vitam
2724 5392 2955 5456 ejusdem
2978 5391 3259 5445 Theodori.

2278 5462 2303 5499 ὶ)
2336 5461 2468 5529 Ipsis
2489 5460 2680 5519 diebus,
2713 5469 2813 5511 etc.
2845 5462 2970 5523 Quae
2996 5460 3077 5512 hic
3097 5462 3162 5512 ab
3194 5457 3471 5529 Anastasio
3492 5469 3757 5529 enarran-

2208 5542 2310 5594 tur,
2333 5523 2661 5596 contigernnt
2690 5529 2825 5581 circa
2856 5541 3087 5593 tempora
3134 5529 3219 5580 illa
3252 5523 3684 5596 quibus,_ha.bita
3706 5525 3755 5576 in

2208 5592 2331 5652 urbe
2366 5592 2699 5651 Late-ranettsi
2732 5592 2977 5667 synodo,
3000 5595 3232 5663 pontifex
3290 5592 3755 5667 Monotltelitarttm

2208 5670 2448 5722 literesitu
2474 5660 3091 5720 condeiuna'vcratrVide
3122 5667 3335 5725 δίδωτι..
3364 5676 3485 5712 auo.
3514 5660 3648 5715 649.
