3918 6376
223 482 305 537 Ηὶῦ
1425 476 1696 532 ΝΟΤΙΤΙᾹ

1846 477 2122 532 ιτοιιιειι.

3277 475 3380 529 HO

217 595 322 648 [iam
346 591 458 643 dum
487 589 906 645 communionem
935 589 981 642 ei
1035 588 1322 654 porrigeret
1368 591 1727 642 sanctissimus
1760 594 1801 648 Α
1831 591 1996 645 isdem
2053 590 2316 645 exarclius
2369 591 2553 641 morbo
2583 591 2800 642 interiit.
2835 597 2859 626 ι
2894 591 3088 645 Deinde
3144 591 3385 647 directus

216 696 344 746 papa,
369 678 517 730 voluit
554 693 671 730 eum
706 679 718 706 '
755 678 1038 730 crudeliter
1068 676 1384 736 interﬁcere,
1419 688 1475 729 ut
1501 679 1730 730 deman-

213 770 344 821 darat
369 783 457 820 suo
500 769 788 835 spatliario.
821 767 924 821 Sed
951 769 1280 833 omnipotens
1303 767 1461 828 Deus,
1492 768 1577 830 qui
1608 768 1732 818 soli-

218 875 288 914 tus
310 870 384 913 est
410 874 586 913 servos
615 874 741 913 suos
779 858 1097 912 ortltodoxos
1139 858 1537 924 circumegere,
1561 867 1613 909 et
1666 857 1733 909 ab

213 949 334 1000 ornni
360 947 485 999 malo
515 947 743 1012 eripere,
773 947 884 1012 ipse
906 945 1190 998 excrcavit
1213 942 1532 1009 Spatharium
1555 945 1733 1010 Olym-

222 1042 278 1105 pii
307 1040 524 1096 exarchi,
555 1049 737 1098 et,non
768 1048 847 1090 est
877 1037 1158 1102 permissus
1185 1035 1362 1090 videre
1408 1037 1728 1103 pontiﬁcem,

223 1127 410 1193 quando
433 1128 656 1178 erarcbo
679 1125 1102 1179 communionem
1149 1125 1400 1190 porrexit,
1437 1124 1518 1176 vel
1553 1137 1731 1189 pacem

214 1217 307 1287 [C.,
350 1214 550 1284 partem]
599 1217 762 1278 dedit,
816 1226 869 1266 ut
900 1215 1108 1281 sanguis
1133 1214 1248 1280 ejus
1275 1212 1651 1272 effunderetur,
1681 1222 1736 1265 et

215 1307 445 1359 catholica
480 1306 564 1357 Dei
594 1304 830 1358 Ecclesia
863 1303 1049 1356 Interesi
1077 1308 1096 1335 '
1129 1303 1520 1370 subjurgaretnr
1543 1302 1730 1370 [subji-

217 1393 447 1459 cereturl.
478 1392 621 1455 Quod
655 1393 984 1453 postmodum
1012 1389 1728 1456 pradictusarrnigérdiver-

209 1481 273 1530 sis
319 1478 815 1542 cum‘jurejnrantlo
876 1476 1143 1540 professus
1184 1486 1284 1529 εει.
1345 1467 1543 1528 Vidine
1599 1489 1734 1540 ergo

216 1547 462 1633 Olympius
505 1567 780 1624 exarclrus,
826 1564 944 1629 quia
994 1577 1178 1616 manus
1205 1563 1298 1616 Dei
1325 1562 1735 1627 circurntegbat

213 1653 468 1706 Martinum
515 1655 898 1705 sanctissimum
946 1667 1152 1719 papam,
1210 1667 1426 1704 necesse
1458 1653 1632 1702 habuit
1681 1666 1736 1703 se

215 1743 581 1810 rrrrnpontiﬁce
602 1743 954 1805 concordare,
979 1753 1031 1797 et
1055 1743 1228 1795 Omnia
1251 1758 1365 1808 quzr
1387 1741 1434 1794 ei
1460 1743 1601 1805 jussa
1628 1741 1738 1793 lue-

213 1841 336 1889 raot,
365 1829 526 1880 eidem
556 1831 890 1882 sanctissimo
919 1832 1031 1883 viro
1053 1830 1302 1883 indicare.
1324 1828 1419 1894 Qui
1444 1828 1581 1880 facta
1614 1842 1739 1896 pace

1836 688 1919 731 est
1957 680 2366 743 abimperavore
2398 678 2706 731 Theodorus
2733 678 3008 741 exarcbus,‘
3056 680 3143 746 qui
3187 694 3382 748 cogno-

1835 775 2016 819 mento
2067 765 2300 834 Calliopa
2350 767 2568 823 dicitur.
2622 780 2740 819 cum
2790 766 3068 818 Theodoro
3117 767 3377 833 imperiali

1833 855 2176 916 cubiculario,
2226 854 2314 922 qui
2370 865 2423 907 et
2474 854 2734 908 Pellurius
2779 854 3058 926 [Pelariusj
3089 854 3379 921 dicebatur,

1834 959 1952 997 cum
1978 943 2246 1012 jussione.
2276 944 2372 1009 Qui
2405 944 2653 997 tollentes
2689 944 3073 997 sanctissimum
3104 945 3378 999 Martinum

1836 1048 2020 1099 papam
2043 1033 2108 1085 de
2137 1034 2356 1086 ecclesia
2389 1033 2705 1095 Salvatoris,
2739 1048 2854 1099 quce
2881 1043 2931 1084 et
2954 1032 3380 1087 Constantiniana

1833 1121 2152 1188 appellatur.
2184 1123 2543 1188 perduxerunt
2586 1123 3116 1185 Constantinopolim,
3164 1132 3215 1175 et
3243 1122 3260 1151 '
3289 1137 3384 1176 nec

1835 1209 1912 1262 sic
1939 1212 2221 1275 acquievit.
2254 1210 2450 1263 Deinde
2473 1201 2708 1263 ’directus
2736 1222 2816 1264 est
2842 1212 3121 1279 praedictus
3165 1211 3388 1263 sanctis-

1833 1299 1998 1350 simus
2027 1299 2104 1348 vir
2133 1297 2183 1349 in
2222 1297 2485 1353 exsilium,
2519 1298 2568 1348 in
2598 1298 2766 1349 locum
2815 1298 2901 1362 qui
2931 1298 3118 1350 dicitur
3147 1297 3379 1350 Cersona

1834 1386 1946 1456 [B.,
1970 1381 2281 1452 Cliersona].
2311 1383 2338 1421 ιι
2379 1383 2443 1436 ει
2468 1384 2682 1448 ibidem,
2723 1396 2779 1437 ut
2827 1385 2934 1438 Deo
2972 1388 3184 1452 placuit,
3217 1387 3377 1440 vitam

1837 1475 2002 1527 linivit
2026 1474 2075 1527 in
2108 1488 2238 1539 pace
2258 1472 2452 1526 Christi
2473 1473 2761 1527 confessor.
2790 1475 2887 1538 Qui
2910 1484 2965 1527 et
2992 1485 3013 1512 ο
3047 1476 3207 1528 multa
3231 1478 3386 1530 mira.

1837 1564 1960 1618 bilia
2010 1572 2257 1630 operatur
2313 1578 2477 1629 usque
2530 1564 2579 1615 in
2641 1562 2950 1615 hodiernum
2990 1565 3148 1616 diem.
3182 1562 3206 1599 ἀ
3243 1565 3391 1619 Fecit

1837 1662 2013 1706 autem
2041 1651 2398 1706 ordinationes
2443 1652 2572 1703 duas
2621 1665 2712 1718 per
2763 1665 2993 1705 mensem
3026 1651 3387 1713 Decembrem,

1840 1744 2172 1812 presbyteros
2225 1741 2496 1804 undecim,
2554 1740 2804 1793 diaconos
2829 1742 3079 1807 quinque,
3111 1742 3391 1808 episc0pos

1841 1847 1931 1899 per
1960 1833 2166 1884 diversa
2197 1832 2333 1893 loca,
2358 1845 2506 1883 num.
2530 1829 2615 1880 53.
2649 1827 2926 1894 Depositus
2946 1830 2965 1856 ⁸
2990 1831 3074 1882 die
3104 1829 3166 1882 16
3197 1832 3393 1883 mensis

207 1930 314 1966 rnttt
345 1926 512 1968 sancta
541 1917 630 1970 Dei
689 1918 938 1982 Ecclesia,
969 1919 1220 1987 colligens
1265 1920 1581 1981 exercitum,
1617 1931 1737 1982 pro-
1771 1921 1816 1978 Β
1842 1920 2169 1988 Septembris
2199 1920 2492 1988 [Depositio
2547 1917 2662 1986 ejus
2713 1922 3008 1972 celebratur
3039 1936 3102 1972 xv
3136 1921 3394 1973 lialendas

209 2003 360 2056 lectus
406 2014 485 2057 est
527 2005 762 2059 Siciliam
817 2008 1069 2060 adversus
1097 2018 1304 2074 gentem
1341 2007 1732 2061 Saracenorum

196 2092 290 2156 .qui
319 2093 499 2146 ibidem
532 2095 854 2148 habitabant.
891 2096 954 2148 Et
1000 2106 1215 2164 peccato
1271 2097 1517 2156 faciente,
1567 2096 1737 2162 major

213 2177 441 2232 interitus
488 2183 536 2234 itt
588 2184 824 2236 exercitu
873 2183 1109 2237 Romano
1137 2185 1395 2252 pervenit,
1419 2195 1472 2237 et
1497 2194 1613 2251 post
1645 2186 1742 2238 hoc

1837 2011 2079 2062 Oetobris
2114 2008 2220 2074 (3.,
2256 2023 2327 2060 xit
2358 2007 2735 2078 Novembris”,
2769 2019 2790 2046 ο
2816 2010 2834 2038 ⁵
2857 2019 2910 2063 et
2939 2009 3162 2064 cessavit
3192 2011 3395 2077 episco-

1842 2110 1992 2166 patus
2012 2098 2127 2150 dies
2152 2112 2341 2150 xxvtrt.
2739 2089 2774 2115 "

1059 2312 1441 2368 VABIANTES
1481 2313 1856 2368 LECTIONES
1897 2311 1985 2366 EX
2021 2310 2173 2364 COD.
2212 2310 2361 2365 LUC.
2403 2311 2526 2364 490.

264 2395 421 2448 'Eum
445 2399 668 2462 interire,
695 2414 738 2452 et
770 2401 1116 2466 demnndaret,
1146 2411 1250 2454 etc.

260 2466 279 2534 ξ
308 2467 686 2534 Srtbiugaretur.

263 2533 283 2564 ³
307 2535 408 2587 Nec
430 2533 501 2588 sic
521 2538 611 2589 eis.

1915 2400 1934 2428 ⁸
1967 2398 2061 2450 Die
2084 2399 2167 2450 Π.

1919 2469 1938 2499 ⁵
1963 2469 2157 2521 Desunt
2187 2465 2403 2534 reliqua.

1402 2626 1603 2680 auras
1644 2582 1958 2679 seventNt
2002 2615 2175 2671 Bl.\'ll.

260 2742 281 2769 ⁸
301 2732 487 2786 Deinde
510 2737 732 2788 directus
749 2745 821 2789 est
851 2738 911 2787 ab
941 2739 1236 2802 imperatore
1265 2737 1577 2790 Theodorus.
1604 2736 1736 2789 Cum

196 2803 466 2864 imperator
489 2815 843 2870 rogus-vissel,
877 2819 969 2868 per
995 2806 1294 2870 Olympium
1327 2806 1462 2869 apud
1495 2815 1734 2856 sanetum

197 2870 454 2920 Mai-tinum
507 2886 640 2934 papa
666 2891 694 2918 ιι
747 2873 874 2923 nihil
930 2871 1171 2924 eﬂ'ectum
1220 2872 1400 2935 fuisse,
1461 2871 1736 2937 ipsamque

194 2936 639 3008 Hnnotbelitarum
673 2939 916 2992 barri-sim
971 2955 1071 2991 una
1113 2956 1230 2992 cum
1265 2953 1388 3008 typo
1417 2936 1575 3008 quem
1607 2955 1735 3006 pru-

196 3008 506 3077 mulgaverat
547 3007 849 3059 damnatam
894 3023 1034 3069 esse,
1081 3023 1110 3061 c
1147 3007 1320 3061 nlictis
1351 3013 1399 3061 in
1433 3012 1732 3077 pontilicein

198 3074 352 3126 tribus
376 3076 679 3146 calumn-is,
717 3078 864 3140 quasi
918 3079 1068 3130 [idem
1101 3092 1127 3128 a
1160 3074 1447 3146 majoribus
1490 3078 1733 3130 traditam

199 3153 614 3214 mutasset,rum
647 3145 951 3198 Sarracenis
968 3145 1344 3212 οιιηδρίηιεὲιει.
1376 3158 1530 3214 atque
1551 3155 1734 3198 contra

1916 2732 1987 2783 De
2010 2731 2238 2795 relegato
2272 2729 2493 2780 Martino
2521 2730 2765 2794 pontilice
2793 2729 3102 2784 Theodorus
3129 2732 3384 2791 exarchus

1846 2799 2023 2850 Itonia!
2042 2800 2235 2849 certior
2253 2799 2438 2859 lactus,
2457 2800 2661 2850 culavit
2687 2799 2822 2863 quod
2850 2798 3396 2858 mandaratljonstans

1845 2869 2153 2932 imperator,
2185 2874 2241 2916 ut
2264 2868 2599 2930 quantumvis
2628 2869 2974 2919 reluctaretur
3000 2871 3172 2920 clerus
3206 2870 3397 2922 ltnma-

1844 2952 1961 2994 nus,
1991 2935 2211 2987 Martino
2257 2947 2534 3004 successor
2586 2937 2971 2995 designaretur.
3006 2937 3081 2990 Ad
3112 2941 3278 3004 majus
3312 2941 3397 2992 in-

1843 3007 2176 3057 comrnottum
2203 3003 2528 3064 evitandum,
2587 3005 2794 3056 tandem
2840 3007 3068 3058 universi
3114 3003 3239 3060 cleri
3270 3025 3396 3060 cou-

1844 3089 2001 3126 sensu
2030 3077 2229 3125 electus
2259 3083 2338 3124 Cal
2371 3072 2632 3138 Eugenius
2655 3073 2752 3126 ism
2784 3075 3104 3136 conditione,
3137 3081 3395 3131 utsaltem

1844 3158 1910 3195 eo
1941 3154 2195 3205 tempore,
2231 3155 2332 3206 quo
2366 3141 2572 3193 vivebat
2620 3155 2830 3194 sanctus
2871 3144 3138 3204 Martinus,
3201 3147 3393 3197 vicaria

200 3215 279 3264 Dei
300 3213 570 3278 genitricis
595 3215 769 3266 Maria:
793 3215 993 3266 cultum
1024 3209 1203 3267 nescio
1223 3215 1347 3282 quid
1370 3209 1598 3279 loc-ntus,
1626 3217 1736 3268 ille-
1763 3215 1806 3274 C
1843 3210 2146 3277 praefectura
2185 3209 2434 3282 Ecclesiae
2481 3220 2747 3282 prmessr-t,
2788 3213 2944 3276 idque
2989 3228 3054 3282 ne
3099 3213 3277 3264 invitis
3325 3215 3394 3282 ab

191 3282 359 3345 gitiine
385 3282 746 3343 pOnlilicnitmt
778 3284 1275 3350 ocrnpasset,jussu
1302 3284 1547 3344 Hrraclii,
1576 3294 1734 3348 atque

191 3349 636 3419 operah'l'heodori
667 3351 917 3416 Calliopae
949 3349 1184 3416 exuri-tri,
1205 3367 1296 3419 per
1325 3354 1426 3404 vim
1459 3353 1737 3405 militarem

192 3432 218 3468 e
244 3417 452 3468 basilica
485 3417 929 3471 Con~tantiniaua
962 3421 1190 3483 pontifex
1206 3417 1501 3483 abductus,
1533 3422 1705 3472 ab~tra
1725 3451 1737 3460 -

189 3492 399 3550 ctusque
429 3502 458 3536 e
488 3488 686 3550 palatio
707 3488 1138 3547 Lateranensi,et
1161 3492 1208 3539 in
1237 3491 1412 3541 navim
1443 3491 1738 3554 conjectus,

189 3561 477 3618 asportatos
507 3565 595 3608 est
622 3555 673 3607 in
703 3556 994 3617 Orientem,
1047 3558 1294 3608 mandato
1348 3557 1559 3610 clericis
1591 3560 1738 3617 dato,

192 3634 254 3690 ne
283 3620 566 3690 abductum
599 3635 958 3690 sequerentur.
992 3622 1159 3687 (Σειριο
1189 3625 1443 3690 ροιιιίῐῑει,
1468 3634 1740 3690 quantum-

195 3687 269 3738 vis
295 3689 477 3740 morbo
511 3687 794 3752 podag'rico
819 3687 1199 3753 alﬂictaretur,‘
1234 3687 1514 3743 inhibitum
1551 3690 1645 3742 fuit
1676 3705 1740 3742 ne

195 3758 242 3807 in
273 3768 468 3824 terram
500 3760 937 3824 conscenderem
967 3759 1106 3819 navi,
1140 3773 1401 3824 omneque
1445 3759 1741 3809 humanita-

193 3824 254 3875 tis
282 3823 514 3875 cilicium
549 3823 621 3876 illi
648 3817 891 3893 n'egaturn
929 3836 1032 3889 est,
1070 3817 1134 3879 eo
1159 3817 1401 3889 Consilio,
1434 3837 1509 3889 ut,
1540 3828 1743 3893 integro

194 3906 326 3943 anno
378 3895 519 3943 inter
570 3888 826 3959 Cycladas
863 3888 1134 3958 'delentus,
1169 3895 1248 3947 his
1282 3888 1530 3948 mrumnis
1557 3911 1585 3946 a
1616 3888 1742 3948 ea..-

189 3960 369 4011 stantia
389 3962 546 4012 solita
569 3973 915 4015 amoveretur.
940 3964 1060 4016 Post
1082 3975 1324 4016 exactum
1349 3980 1541 4016 annum
1560 3980 1741 4028 untnn,

193 4033 395 4100 tandem
418 4031 759 4100 adduxerunt
782 4031 928 4084 illum
955 4033 1489 4100 ConstantinOpolirn,
1514 4035 1598 4084 ubi
1631 4045 1744 4099 post

188 4096 380 4162 lapsam
417 4112 546 4151 mill
570 4099 800 4156 dierum,
833 4100 1024 4167 quibus
1069 4096 1321 4155 omnium
1340 4104 1570 4168 alloquio
1601 4096 1745 4154 dedi-

188 4167 456 4229 gnabatur,
509 4171 562 4219 in
610 4169 678 4233 ju.
708 4168 864 4220 icium
913 4170 1189 4232 adductus,
1237 4167 1535 4230 accusatus,
1571 4180 1624 4222 et
1655 4185 1747 4236 per

195 4235 351 4304 ialsos
373 4247 436 4283 ac
456 4237 706 4300 per-jnros
734 4246 894 4289 testes
925 4240 1214 4301 convictus,
1256 4239 1433 4304 gladio
1461 4240 1743 4300 addicitur,

195 4301 583 4371 pontiﬁcalibus
631 4304 959 4358 ornamentis
1001 4307 1232 4369 exuritur,
1259 4301 1427 4356 ‘urbis
1457 4306 1745 4371 opprobrio

194 4368 487 4431 egionitur,
523 4371 832 4434 catenisque
859 4381 1110 4424 oneratus
1131 4375 1184 4424 in
1218 4368 1746 4425 carcerem‘r‘etrudi-

194 4443 306 4497 tur;
346 4435 584 4504 jamque
635 4441 852 4504 gloriam
906 4442 1139 4504 martyrii
1191 4449 1506 4492 consecutus
1540 4440 1744 4502 fuisset,

192 4505 284 4573 nisi
340 4503 546 4573 Paulus,
585 4503 1202 4573 ConstantinOpolitanus
1257 4509 1534 4573 episcopus
1585 4512 1739 4561 morti

187 4572 382 4623 vicinus
406 4572 724 4624 obstitisset.
757 4573 884 4624 Nam
905 4589 1022 4626 cum
1047 4576 1118 4626 illi
1153 4572 1455 4641 imperator,
1488 4579 1739 4641 postridie

190 4655 337 4705 quam
366 4643 483 4693 hac
513 4651 663 4705 gesta
695 4641 919 4702 fuerant,
956 4645 1219 4696 retulisset
1245 4660 1362 4710 quze
1390 4642 1441 4694 in
1465 4644 1734 4696 sanctissi-

190 4725 324 4760 mum
351 4710 658 4775 pontitireur
688 4713 962 4763 comitiissa
991 4723 1276 4773 erant,suo
1300 4711 1740 4778 scipsumjudtcio

189 4782 574 4843 condernnans,
604 4789 734 4838 teste
762 4780 1058 4841 Anastasio,
1084 4782 1135 4833 in
1157 4781 1376 4845 epistola
1427 4781 1524 4831 hac
1569 4779 1636 4830 de
1681 4796 1735 4832 re

188 4845 249 4895 ad
294 4847 673 4900 Occidentales
713 4849 928 4913 scripta,
981 4865 1000 4898 ι
1049 4863 1334 4901 conversus
1385 4847 1450 4898 ad
1485 4851 1737 4913 parietem

185 4914 317 4964 dixit
345 4931 359 4964 :
395 4915 492 4967 llei
528 4917 690 4968 Inibi!
720 4926 772 4968 et
804 4918 901 4966 hoc
924 4916 988 4967 ad
1030 4918 1395 4968 abundantiam
1423 4917 1737 4982 jndiciornm

189 4996 426 5033 ineorum
479 4996 655 5035 actum
687 4997 796 5046 est;
839 4986 1233 5052 numquidnam,
1264 4985 1500 5049 Dzunine,
1535 4999 1635 5036 non
1660 4995 1742 5036 est

187 5053 497 5104 miserabile
527 5054 648 5104 talia
673 5057 777 5117 pati
820 5055 1154 5120 pontillcetn?
1185 5055 1328 5108 Tunc
1371 5054 1619 5105 attentius
1648 5053 1740 5104 ad-

178 5119 382 5189 juravit
417 5119 827 5189 imperatorem
847 5123 1095 5181 sufﬁcere
1137 5125 1184 5177 ei
1232 5125 1282 5175 in
1315 5124 1392 5176 his
1413 5138 1527 5189 qua:
1558 5136 1740 5188 passus

185 5195 286 5245 est,
315 5188 563 5249 nihilque
582 5191 807 5253 amplius
831 5193 1110 5242 sustinere.
1150 5211 1167 5241 ι
1193 5193 1342 5254 Quod
1392 5188 1507 5244 cum
1557 5195 1741 5242 beatus

186 5267 317 5318 papa
346 5253 614 5315 audisset,
665 5269 820 5329 aegre
856 5258 993 5329 tulit,
1049 5253 1361 5329 exspectans
1393 5274 1482 5325 per
1511 5261 1740 5329 gladium

185 5333 573 5395 consummare
604 5323 943 5395 martyrium.
963 5323 1418 5395 Rustaliquntdies
1447 5323 1602 5395 igiiur
1617 5342 1743 5382 suos

183 5389 292 5454 jam
319 5400 452 5441 ante
474 5388 798 5453 consolatus,
831 5392 1036 5458 navigio
1067 5395 1116 5444 in
1165 5388 1743 5449 Chersonanitransve-

187 5468 306 5510 etus
321 5469 409 5531 est
433 5458 760 5531 clanculum,
778 5467 834 5508 ut
860 5459 1048 5511 ibidem
1067 5463 1115 5513 in
1136 5465 1323 5515 exsilio
1347 5466 1501 5528 fame,
1521 5465 1743 5531 aliisque

185 5528 433 5596 corporis
457 5525 844 5578 calamitatibus
871 5539 1230 5596 consumptus,
1275 5534 1413 5586 diem
1445 5525 1742 5586 eirtrernum

185 5594 439 5648 claudere
466 5603 763 5662 cogeretur.

255 5661 559 5735 Cltersonge
581 5665 910 5735 constitutus,
938 5661 1069 5735 duas
1090 5676 1379 5735 postremas
1402 5670 1611 5735 scripsit
1634 5669 1742 5734 epi-

188 5735 379 5794 stolas,
410 5732 609 5804 quibus
637 5730 844 5804 indicat,
879 5745 1009 5804 quas
1039 5733 1107 5783 ibi
1138 5738 1272 5790 aeris
1297 5730 1537 5804 injurias,
1560 5730 1741 5792 ovain-

187 5815 289 5866 tjue
313 5801 562 5868 corporis
592 5801 814 5854 inediam
843 5800 1118 5854 sustineat.
1208 5843 1222 5850 -

1843 3283 2161 3345 imperatore
2211 3279 2586 3331 obtruderetur
2644 3278 2908 3330 llomanus
2963 3281 3259 3345 episcorius,
3302 3281 3393 3348 qui

1839 3349 2077 3415 ejusdem
2107 3362 2223 3398 cum
2259 3348 2372 3412 ipso
2394 3348 2656 3416 iluercseos
2699 3359 3048 3416 propugnator
3078 3361 3236 3402 esset.
3274 3350 3395 3404 llazc

1841 3433 1903 3469 ex
1932 3417 2171 3482 epistolis
2199 3417 2363 3468 sancti
2388 3415 2591 3468 Martini
2624 3431 2767 3482 pztp'e
2800 3415 2860 3468 et
2909 3419 3164 3470 Anastasii
3208 3419 3396 3472 biblio-

1843 3487 2059 3537 tliecarii
2080 3499 2195 3550 qua:
2227 3495 2306 3535 est
2333 3485 2396 3537 16
2421 3487 2556 3538 inter
2583 3488 2832 3552 episto'as
2863 3489 3086 3551 Martini,
3140 3488 3398 3542 BarOnius

1846 3557 1896 3604 in
1927 3555 2222 3605 annalibus.

1911 3627 1935 3664 b
1969 3620 2029 3670 Et
2057 3623 2237 3671 ibidem
2264 3623 2416 3672 vitam
2456 3624 2639 3686 ﬁnivit.
2699 3624 2849 3674 Anno
2895 3623 3090 3674 Christi
3120 3624 3239 3686 654,
3271 3626 3395 3677 duo-

1840 3689 2046 3738 decimo
2077 3688 2161 3738 die
2184 3691 2380 3741 mensis
2406 3690 2738 3750 Novembris,
2789 3706 2856 3755 qu
2877 3691 2998 3739 indu
3031 3695 3389 3755 pontiﬁcatum

1841 3761 1988 3807 anteis
2011 3759 2263 3822 quinque,
2295 3759 2562 3810 mensibus
2611 3774 2678 3821 tv,
2724 3768 2778 3809 et
2827 3771 2911 3808 xiv
2963 3758 3170 3824 diebus,
3224 3763 3392 3813 adrni-

1842 3829 2130 3875 ttistrasset.
2849 3877 2859 3881 _

1914 3903 1935 3929 ε
1988 3891 2149 3961 Multa
2204 3892 2451 3946 mirabilia
2504 3904 2738 3960 operatur
2785 3911 2940 3961 usque
2986 3897 3037 3947 in
3091 3897 3389 3952 hodiernum

1843 3960 2204 4035 (lieno-llel‘ert
2223 3963 2390 4035 de__e0
2434 3963 2735 4035 Atttlnenus,
2771 3965 2820 4035 in
2855 3960 2964 4016 Vita
3011 3969 3176 4018 sancti
3214 3968 3388 4035 liligii,

1842 4032 1977 4096 apud
1999 4030 2229 4092 Surium,
2259 4045 2272 4080 t
2297 4030 2631 4093 Novembris,
2662 4034 2798 4097 quod
2833 4036 3001 4085 adhuc
3029 4036 3228 4095 vivens,
3253 4030 3389 4087 ca..-

1843 4099 2182 4164 stantinOpoli
2214 4101 2422 4152 cuidam
2448 4116 2538 4164 per
2565 4110 2858 4153 orationem
2886 4103 3056 4155 lumen
3083 4107 3391 4159 restituerit.

1845 4169 2128 4238 tiri-gnrtus
2161 4167 2198 4218 Il
2229 4167 2342 4232 ejus
2375 4171 2601 4221 nominis
2649 4172 2908 4234 ponttfex,
2957 4174 3004 4223 in
3054 4174 3275 4238 epistola
3327 4175 3392 4226 ad

1847 4236 2074 4288 Leonem
2102 4236 2382 4287 Isauricum
2436 4239 2804 4302 imperatorem
2835 4236 3160 4300 limrelicuin,
3187 4242 3298 4293 hzec
3325 4242 3394 4295 de

1845 4314 2027 4355 sancto
2077 4304 2297 4356 Martitto
2349 4315 2464 4370 post
2513 4307 2612 4355 alia
2656 4306 2960 4370 subjungit:
2994 4325 3011 4355 ι
3068 4308 3132 4356 At
3181 4308 3390 4360 beatum

1847 4373 2121 4423 lllartintttn
2145 4385 2261 4422 esse
2282 4385 2522 4424 sanctum
2548 4381 2764 4423 testatur
2789 4375 2974 4426 civitas
3014 4374 3395 4430 Cliersnnensis

1845 4451 1898 4491 et
1924 4441 2276 4511 Hostiliorum
2301 4455 2474 4511 ιιιιειιιιΒ
2492 4443 2750 4511 relegatus
2779 4452 2890 4503 est;
2921 4453 2972 4494 et
3005 4451 3143 4494 tottts
3173 4445 3396 4511 Septen-

1850 4511 1949 4558 triu
2007 4518 2166 4572 atque
2197 4509 2400 4558 inculte
2446 4508 2851 4572 Septentrionis,
2890 4511 2978 4575 qui
3001 4512 3063 4560 ad
3092 4508 3394 4575 sepulcrum

1845 4579 1959 4640 ejus
1999 4576 2292 4637 conﬂuunt,
2342 4583 2394 4626 et
2440 4578 2742 4627 morborum
2773 4579 3070 4630 curationes
3110 4583 3397 4643 caper-iuu-

1846 4654 1948 4695 tur.
1989 4663 2005 4693 ι
2043 4644 2224 4697 Ilel'ert
2251 4644 2524 4707 Baronius,
2555 4659 2692 4696 anno
2722 4646 2845 4704 (εει,
2885 4661 3025 4698 ιιυιη.
3061 4647 3111 4709 6,
3145 4663 3202 4702 se
3225 4665 3252 4700 a
3285 4654 3398 4703 viro

1841 4714 2068 4783 quodam
2105 4715 2330 4763 maxime
2363 4712 2447 4776 pio
2501 4725 2552 4765 et
2598 4715 2698 4764 lide
2727 4716 2928 4780 integro
2957 4719 3228 4782 accepisse
3252 4721 3392 4783 quod

1842 4781 1892 4853 ili
1919 4782 2049 4853 banc
2083 4796 2247 4853 usque
2274 4783 2412 4853 diem
2446 4784 2694 4833 memoria
2728 4784 2895 4853 sancti
2929 4781 3136 4838 Martini
3168 4781 3315 4853 pipie
3363 4807 3392 4840 a

1842 4847 2039 4920 Graecis
2080 4849 2250 4900 adhuc
2305 4847 2698 4920 lt'equeutettrr;
2744 4851 2989 4916 quodque
3036 4847 3258 4920 populus
3288 4860 3393 4907 fre-

1840 4918 2019 4990 quenti
2069 4927 2207 4969 cmtu
2253 4917 2316 4990 ad
2365 4920 2665 4990 sepulcrum
2714 4920 2827 4985 ejus
2881 4917 3171 4984 conlidens.
3200 4925 3394 4990 gratias

1839 4987 2169 5059 curationum
2198 4987 2439 5059 accipiat,
2487 4998 2538 5036 et
2595 4989 2691 5037 alia
2734 4990 2872 5054 jnsta
2925 4996 3086 5054 petita
3128 4987 3391 5059 impetret.

1845 5054 2119 5106 Probabile
2140 5063 2220 5122 est
2247 5053 2383 5116 quod
2413 5056 2534 5104 dum
2567 5069 2756 5120 corpus
2777 5059 2891 5122 ejus
2930 5053 3151 5112 Romam
3177 5053 3397 5115 transla-

1842 5127 1948 5170 turn
1974 5122 2087 5198 luit,
2120 5121 2514 5174 Cltersonenses
2545 5139 2698 5175 unam
2737 5121 2938 5192 partem
2990 5132 3154 5198 ipsius
3177 5132 3278 5182 sibi
3312 5146 3396 5184 as-

1840 5191 2113 5239 servarint.
2241 5208 2244 5212 '

1909 5255 1933 5291 ά
1967 5255 2103 5307 Fecit
2131 5258 2471 5312 ordinationes
2502 5263 2631 5314 duas
2680 5279 2766 5328 per
2804 5280 3018 5318 mensem
3053 5267 3387 5319 Decembrem.

1843 5324 2011 5377 Unam
2045 5336 2244 5379 tantum
2273 5331 2656 5385 ordinationem
2678 5324 2857 5388 mense
2876 5336 3175 5389 Decembris
3204 5335 3391 5389 l'eciSse
3456 5340 3458 5342 '

1844 5395 2030 5460 potuit,
2079 5413 2243 5470 quem
2276 5399 2454 5470 primo
2500 5411 2701 5453 tarttum
2747 5418 2885 5455 anno
2936 5406 3263 5470 pontilicatns
3310 5402 3392 5450 sui

1842 5480 2022 5535 mense
2079 5465 2349 5519 Decembri
2399 5470 2574 5520 llomze
2617 5471 2877 5523 habitasse
2909 5465 2970 5524 e'x
3005 5472 3065 5522 iis
3089 5484 3202 5535 quae
3232 5481 3391 5529 supra

1840 5533 1945 5604 dixi
1965 5545 2186 5586 constat.
2208 5539 2357 5586 Anno
2375 5539 2510 5588 enim
2529 5538 2759 5589 secundo
2775 5533 3204 5604 pontilicatussui
3226 5536 3389 5587 Roma

1841 5603 2118 5661 abductus,
2151 5606 2378 5673 reliquus
2427 5621 2591 5656 annos
2630 5603 2804 5673 ext-git
2845 5615 2892 5660 in
2923 5605 3130 5669 exsilio,
3155 5615 3209 5656 ut
3241 5612 3383 5670 patet

1842 5687 2018 5739 supra.
2055 5671 2326 5733 Duronius,
2361 5675 2610 5739 prmdiclo
2638 5671 2794 5736 anno,
2830 5692 2972 5727 rnnn.
3004 5673 3059 5722 2.

1916 5750 1938 5773 ι’
1968 5738 2184 5791 Cessavit
2205 5738 2512 5806 episcopatus
2541 5745 2651 5806 eius
2682 5745 2786 5794 dies
2813 5756 2990 5795 xxvrrt.
3021 5743 3130 5793 Non
3165 5752 3242 5794 est
3269 5756 3393 5808 pro-

1845 5808 2014 5862 babile
2046 5809 2184 5874 quod
2215 5818 2319 5860 tam
2350 5809 2496 5863 brevi
2525 5814 2776 5880 temporis
2820 5815 2988 5877 spatio
3019 5813 3192 5865 obitus
3221 5812 3388 5864 sancti
