3918 6430
654 647 659 651 -
719 644 1374 654 ..Μ-..ι-
1428 645 1581 653 __-_
1631 643 2077 654 ~o_.—-~_—_

586 644 1466 674 m;

1480 645 1581 653 ---
1631 645 3559 672 —...-—.——-—-————-—————————.~..—..———-————_.._____.—_=__—__—-_—_-_-—-m

1599 552 1658 604 IN
1700 529 2015 605 sanorum
2057 547 2407 603 MARTle
2446 549 2668 603 mrsu
2714 552 2730 603 ι

3695 552 3783 604 “‘2

1415 786 1677 867 ALIA
1732 785 2211 864 ΝΟΤΙΤΙΑ
2266 787 2339 864 Η
2357 785 2887 891 ISTORICA
2906 844 2924 862 .

628 912 919 987 Ejusdem
952 914 1155 972 sancti
1186 915 1451 999 Martini
1479 918 1684 999 passio
1708 923 1731 951 ³
1764 929 2051 999 excerpta
2081 934 2157 973 ex
2186 916 2505 999 cujusdam
2528 917 3041 999 Christianissimt'
3070 922 3325 999 epistola
3352 920 3608 997 directa,
3643 922 3753 999 qui

1106 999 1248 1050 sunt
1281 993 1346 1050 in
1374 993 1700 1054 Occidente
1727 1013 1831 1053 seu
1862 995 2058 1052 Romw
2090 1000 2147 1051 et
2174 994 2244 1052 in
2276 994 2516 1069 Africa,
2551 995 2917 1054 orthodoxis
2946 993 3257 1057 Patribns.

655 1181 1008 1233 Alﬁictionum
1029 1194 1280 1234 maerores
1304 1189 1357 1234 et
1377 1180 1651 1249 lacrymas,
1682 1194 2118 1245 communemque
2152 1180 2197 1234 Α
2225 1176 2543 1245 apostolum,
2583 1184 2640 1229 et
2685 1177 3079 1244 przcdicatorem
3128 1177 3474 1230 orthodoxum
3529 1178 3781 1231 veritatis.

585 1266 701 1319 sine
727 1266 1021 1319 cessatione
1050 1280 1109 1318 ac
1136 1266 1520 1339 maestissimum
1549 1282 1750 1328 vocem,
1782 1281 1897 1333 quae
1947 1267 1995 1319 in
2036 1266 2130 1318 do-

585 1355 694 1408 lore
738 1371 801 1408 ex
851 1356 955 1407 imo
1003 1355 1175 1408 cordis
1219 1354 1417 1420 prolata
1439 1364 1537 1417 est,
1588 1364 1708 1419 puto
1737 1365 1908 1407 autem
1938 1370 2051 1421 quae
2078 1364 2131 1407 et

590 1444 854 1511 profertur
884 1444 989 1495 Deo
1018 1444 1081 1495 ab
1114 1444 1193 1494 bis
1221 1443 1309 1508 qui
1338 1452 1461 1495 sunt
1497 1442 1694 1505 Romae,
1742 1443 1910 1496 adhuc
1955 1458 2125 1497 autem

583 1542 633 1585 et
662 1534 710 1583 in
749 1532 889 1583 omni
924 1532 1035 1583 loco
1082 1531 1455 1584 dominationis
1483 1531 1597 1598 ejus
1638 1532 1704 1584 de
1731 1532 1970 1600 gentibus
2011 1546 2131 1584 san-

582 1620 682 1674 ctis
729 1618 932 1671 famulis
986 1617 1096 1681 Dei,
1127 1628 1178 1671 et
1209 1618 1448 1671 lidelibus
1478 1620 1703 1687 populis,
1751 1634 1816 1673 ex
1862 1632 1965 1685 quo
1996 1618 2128 1671 facta

583 1718 661 1760 est
692 1708 983 1774 persecutio
1024 1708 1273 1761 adversus
1328 1710 1720 1762 sanctissimum
1774 1708 1979 1760 Patrem
2035 1721 2127 1759 no-

585 1809 771 1859 strnm,
807 1798 912 1851 Deo
944 1798 1298 1851 beatissimum
1323 1808 1373 1851 et
1405 1798 1607 1852 ﬁdelem
1634 1798 1963 1850 sacerdotum
1994 1796 2132 1863 prin-

585 1888 755 1955 cipem
787 1897 839 1941 et
883 1890 1226 1956 apostolicum
1276 1889 1621 1941 univi‘rsalem
1674 1902 1881 1956 papam,
1934 1901 1995 1941 ac
2042 1901 2133 1953 per

589 1978 688 2029 hoc
739 1979 989 2031 adversus
1034 1979 1343 2030 catholicam
1403 1978 1724 2041 Ecclesiam;
1780 1986 1904 2045 puto
1956 1985 2129 2031 autem

590 2065 839 2119 hactenus
868 2066 1001 2118 hunc
1031 2066 1270 2119 eumdem
1304 2079 1581 2119 maerorem
1614 2064 1823 2117 retineri
1874 2064 1925 2117 in
1962 2062 2128 2123 vobis,

585 2164 640 2206 et
665 2154 878 2206 multam
907 2153 1311 2207 sollicitudinem
1342 2152 1534 2205 habere
1564 2166 1677 2215 vos,
1707 2152 1846 2204 scire
1872 2152 2135 2218 quomodo

593 2254 860 2310 peractum
900 2252 979 2296 est
1005 2252 1185 2295 contra
1215 2257 1357 2308 eum,
1392 2240 1599 2309 quando
1648 2239 1918 2293 exsulatus
1961 2248 2041 2291 est
2084 2247 2137 2291 et

580 2332 953 2399 persecutione
984 2332 1163 2397 pulsus
1193 2344 1223 2383 a
1256 2330 1417 2383 Roma
1470 2330 1674 2397 navigio
1724 2343 1887 2395 usque
1930 2325 2134 2396 Byzan-

593 2426 740 2475 tium.
794 2421 912 2474 llazc
942 2422 993 2474 in
1022 2430 1195 2475 mente
1224 2422 1421 2473 habens
1447 2434 1544 2487 ego
1572 2419 1779 2472 humilis
1806 2428 1858 2472 et
1898 2427 2139 2484 peccator

2231 1266 2335 1319 Sed
2378 1280 2501 1320 vere
2552 1267 2649 1319 iste
2694 1282 2795 1319 nou
2845 1266 2962 1319 fecit
2994 1266 3353 1333 pretiosiorem
3384 1268 3607 1319 animam
3636 1283 3779 1319 suzun

2234 1369 2314 1419 se,
2347 1355 2439 1407 sed
2471 1354 2639 1420 posuit
2668 1368 2784 1407 eam
2812 1368 2975 1420 usque
3014 1354 3077 1405 ad
3126 1365 3365 1415 mortem,
3392 1356 3618 1417 imitans,
3652 1359 3783 1407 sicut

2231 1442 2425 1495 dictum
2449 1451 2562 1506 est,
2598 1444 2865 1496 dominum
2895 1457 3044 1495 suum
3074 1443 3330 1497 dicentem
3367 1460 3378 1493 :
3412 1443 3580 1495 Bonus
3616 1453 3786 1509 pastor

2232 1531 2451 1581 animant
2480 1546 2622 1581 suam
2650 1532 2788 1594 ponit
2818 1547 2908 1598 pro
2935 1532 3103 1582 ovibus
3128 1531 3233 1582 suis
3260 1529 3437 1595 (Joan.
3462 1546 3512 1590 ι,
3544 1530 3654 1597 Η),
3687 1547 3785 1597 quo

2233 1616 2462 1669 salvaret
2509 1618 2704 1683 ubique
2755 1628 3017 1671 errantem
3066 1628 3118 1670 et
3178 1617 3431 1682 perditam
3484 1620 3693 1685 plebem
3723 1621 3782 1672 ab

2236 1703 2623 1772 insurgentibus
2652 1706 2845 1758 neStris
2872 1707 3195 1772 temporibus
3222 1708 3511 1761 luereticis.
3541 1709 3783 1763 Traditus

2235 1793 2390 1860 igitur
2420 1794 2600 1847 Boium
2637 1795 2702 1847 de
2743 1795 3001 1849 catholica
3034 1797 3267 1850 Ecclesia
3294 1798 3460 1851 sancti
3490 1798 3728 1863 Joannis,
3760 1818 3785 1854 a

2234 1884 2537 1949 potentibus
2568 1884 2721 1951 hujus
2751 1886 2928 1938 saeculi
2961 1885 3039 1937 his
3068 1888 3157 1954 qui
3190 1886 3288 1939 hoc
3316 1898 3464 1940 erant
3496 1890 3789 1943 ministerio

2234 1972 2370 2038 digni
2400 1973 2644 2034 ministri,
2696 1982 2854 2039 atque
2892 1974 3219 2039 custodibus,
3275 1976 3542 2044 depositus
3596 1991 3682 2033 est
3733 1983 3790 2033 ad

2234 2069 2460 2125 portent,
2492 2071 2543 2114 et
2574 2061 2841 2127 conjectus
2871 2072 2952 2116 est
2984 2064 3041 2143 in
3084 2064 3276 2126 lembo,
3319 2077 3370 2118 et
3402 2069 3785 2136 navigantibus,

2233 2152 2368 2223 sicut
2397 2154 2577 2217 scitis,
2627 2146 2981 2223 euntibusqué
3001 2157 3144 2221 juxta
3185 2157 3426 2223 Avidum,
3479 2162 3528 2215 in
3578 2162 3793 2220 insulam

2232 2253 2347 2308 qua:
2378 2250 2587 2293 vocatur
2616 2242 2810 2303 Nasos.
2853 2260 2954 2298 non
2981 2258 3355 2300 concesserunt
3396 2250 3546 2305 beato
3574 2252 3647 2306 illi
3674 2270 3793 2320 apo-

2232 2328 2421 2382 stolico
2452 2331 2565 2383 viro
2594 2334 2841 2388 custodes
2877 2337 3077 2402 penitus
3108 2339 3412 2406 contingere
3451 2350 3668 2406 terram,
3702 2347 3795 2398 doc

2245 2416 2469 2470 lentihus
2521 2435 2735 2486 prorsus
2788 2426 3003 2489 pedibus
3050 2427 3187 2494 ejus,
3232 2445 3349 2483 cum
3405 2432 3499 2497 ipsi
3555 2450 3649 2500 per
3693 2436 3795 2488 loca

518 2500 521 2503 λ
592 2508 815 2561 famulus
846 2518 1039 2575 vester,
1067 2509 1302 2575 quaedam
1352 2508 1562 2575 quidem
1611 2507 1844 2560 exterius
1887 2505 2137 2592 sollicitu-
2168 2506 2213 2564 B
2239 2507 2555 2571 conferrent,
2607 2520 2659 2563 et
2704 2512 2728 2546 ι’
2760 2516 2972 2567 omnino
3016 2518 3367 2583 quiescerent.
3412 2520 3473 2572 lli
3503 2534 3681 2576 autem
3714 2529 3794 2592 qui

591 2597 713 2651 dine
742 2597 901 2649 multa
948 2595 1259 2658 addiscens;
1315 2596 1655 2661 plurimorum
1706 2603 1879 2645 autem
1932 2591 2142 2659 proprie

588 2683 967 2749 contemplator
994 2680 1182 2744 factus,
1237 2681 1477 2749 indiguus
1525 2679 1803 2732 ministerii
1852 2678 2141 2732 beatissimi

591 2782 642 2826 ct
665 2773 877 2841 pretiosi
904 2770 1191 2824 sacerdotis
1239 2772 1422 2834 nostri,
1446 2770 1674 2838 judicavi
1706 2770 1893 2821 litteris
1925 2767 2137 2821 remini-

593 2866 690 2928 sci,
718 2875 770 2917 et
809 2873 927 2915 nota
954 2862 1144 2925 facere,
1176 2861 1419 2928 claraque
1448 2859 1772 2913 constituere
1812 2856 1960 2910 vobis
1989 2856 2141 2909 bene-

592 2953 769 3015 dictis,
829 2962 983 3019 atque
1035 2966 1127 3019 per
1172 2964 1263 3003 vos
1292 2950 1535 3002 omnibus
1585 2946 1824 3000 lidelibus
1874 2953 1927 2998 et
1971 2945 2142 2998 zelum

598 3038 911 3092 habentibus
956 3040 1170 3090 cultura:
1217 3038 1429 3102 divinae,
1476 3046 1735 3102 quatenus
1768 3040 2143 3102 cognoscentes

596 3146 714 3183 cum
743 3128 921 3183 cordis
951 3128 1303 3182 mmstitudine
1353 3141 1555 3180 mecum
1584 3125 1729 3177 illum
1781 3122 2141 3192 propheticum

596 3232 891 3271 sermonem
920 3217 1229 3285 proferatis:
1265 3217 1383 3279 Quis
1427 3215 1562 3266 dabit
1608 3215 1761 3281 capiti
1800 3228 1908 3265 meo
1938 3227 2140 3279 aquam,

592 3320 636 3361 et
666 3310 824 3362 oculis
854 3308 971 3360 meis
1016 3310 1202 3376 fontem
1252 3312 1611 3375 lacrymarum,
1662 3316 1708 3358 et
1757 3304 1965 3373 plorabo
1992 3306 2071 3356 die
2098 3312 2143 3356 et

592 3413 735 3453 nocte
764 3399 973 3468 (Jerem.
1006 3416 1077 3461 ιι.
1129 3399 1214 3467 10)
1246 3398 1587 3452 contritiones
1642 3397 1913 3449 catholica:
1960 3396 2142 3448 Eccle—

596 3492 688 3543 size
736 3500 789 3543 et
839 3490 1070 3542 omnium
1112 3489 1526 3542 Christianorum
1557 3527 1572 3551 ,
1621 3486 1726 3538 imo
1772 3486 2138 3554 perditionem,

596 3588 807 3645 propter
835 3592 894 3630 ea
919 3593 1033 3644 qua:
1062 3587 1175 3630 acta
1203 3587 1323 3631 sunt
1353 3577 1403 3629 in
1433 3578 1642 3647 beatum
1694 3585 1747 3627 et
1797 3574 1902 3626 Deo
1932 3574 2140 3641 plenum

594 3668 781 3719 ducem
814 3667 1044 3718 veritatis
1071 3674 1125 3718 et
1160 3665 1596 3731 praedicatorem?
1626 3663 1992 3715 Verumtamen
2030 3662 2141 3714 Deo

594 3757 782 3824 gloria,
814 3756 899 3823 qui
948 3754 1092 3807 dedit
1121 3755 1169 3809 ei
1213 3755 1453 3807 virtutem
1484 3761 1537 3806 ct
1576 3751 1928 3806 sull‘erentiam
1978 3754 2137 3806 stabi—

2245 2610 2336 2663 per
2361 2598 2473 2649 loca
2503 2611 2651 2652 erant
2683 2602 3002 2667 sacerdotes,
3049 2612 3104 2657 et
3143 2608 3318 2660 caueri
3369 2608 3549 2664 ﬁdeles
3580 2614 3797 2681 regionis

2243 2685 2422 2750 ipsius,
2451 2687 2742 2755 dirigebant
2790 2707 3001 2746 munera
3055 2694 3209 2749 beato
3251 2698 3319 2750 illi
3366 2712 3521 2753 causa
3561 2703 3800 2756 utilitatis

2243 2771 2375 2840 ejus,
2417 2789 2519 2827 non
2551 2791 2722 2841 parvae
2751 2782 3014 2835 multoties
3040 2787 3371 2853 quantitatis;
3414 2805 3545 2857 quas
3592 2794 3799 2859 quidem

2242 2862 2470 2916 directas
2492 2865 2696 2932 species
2718 2876 2771 2920 et
2797 2870 3111 2936 quantitates
3138 2875 3381 2929 custodes
3406 2876 3656 2933 bestiales
3683 2896 3801 2934 con-

2244 2955 2385 3004 tinuo
2412 2967 2587 3007 coram
2618 2971 2682 3009 eo
2730 2956 3063 3025 diripiebant,
3113 2962 3485 3031 improperiosa
3534 2978 3585 3020 et
3625 2985 3800 3022 amara

2245 3040 2458 3105 plurima
2487 3055 2831 3113 congerentes
2861 3048 2913 3100 in
2944 3064 3085 3101 eum.
3121 3052 3219 3105 Eos
3256 3062 3428 3106 autem
3474 3056 3561 3122 qui
3609 3074 3801 3112 munu-

2243 3128 2381 3179 scula
2404 3128 2731 3197 detulissent,
2766 3134 2966 3199 injuriis
2994 3147 3046 3189 et
3078 3138 3380 3191 verberibus
3404 3142 3703 3198 allicientes
3732 3149 3801 3198 di-

2242 3218 2535 3281 mittebant,
2567 3220 2801 3274 dicentes
2828 3223 2891 3276 ad
2914 3238 3041 3277 eos:
3072 3226 3325 3289 Quoniam
3356 3230 3660 3299 quicunque
3692 3233 3803 3285 dili-

2241 3306 2363 3373 gitis
2392 3308 2566 3369 istum,
2593 3309 2785 3363 inimici
2812 3313 2938 3364 estis
2965 3313 3284 3377 reipublicze.
3317 3315 3688 3384 Nunquiduam
3716 3321 3805 3373 hoc

2243 3397 2413 3449 solum
2437 3399 2483 3450 ei
2508 3414 2611 3450 non
2639 3400 2840 3452 valebat
2865 3400 3055 3454 inferre
3077 3402 3309 3457 dolorem
3338 3407 3803 3474 incomparabilem

2246 3500 2406 3550 super
2438 3487 2791 3540 inﬁrmitatem
2822 3505 2938 3556 qua:
2978 3505 3094 3542 eum
3126 3508 3262 3555 aegre
3304 3495 3675 3563 deprimebat?
3706 3502 3804 3551 Ex-

2244 3574 2365 3627 inde
2396 3577 2550 3642 igitur
2574 3578 2949 3642 priemitteutes
2989 3580 3054 3631 ab
3094 3580 3258 3632 Avido
3296 3586 3598 3651 quemdam,
3633 3597 3805 3642 Custo-

2242 3662 2333 3715 des
2377 3663 2465 3730 qni
2514 3665 2807 3718 retinebant
2850 3680 2988 3729 eum,
3041 3668 3406 3723 nuntiaverunt
3452 3674 3503 3725 in
3557 3675 3809 3740 Byzantio

2242 3750 2518 3804 adventum
2564 3761 2618 3805 et
2662 3756 2955 3821 captionem
2999 3755 3133 3824 ejus,
3186 3758 3509 3823 prolerentes
3547 3763 3807 3817 adversus

596 3850 695 3901 lem
726 3848 775 3900 in
818 3846 1193 3899 teutatiouihus
1224 3860 1338 3912 qua:
1367 3853 1783 3910 supervenerunt
1829 3844 1875 3896 ei
1924 3858 1952 3894 a
2002 3856 2137 3894 con-
2166 3832 2211 3893 C
2241 3853 2358 3891 eum
2393 3841 2612 3906 plurima
2645 3843 2799 3905 mala,
2843 3843 3141 3897 haereticum
3175 3848 3529 3919 et'rebellem.
3564 3852 3805 3920 Denique

609 3937 780 3987 trariis
810 3935 1083 3987 virtutibus
1112 3944 1162 3986 et
1188 3936 1332 3998 viris,
1377 3935 1427 3985 in
1473 3933 1817 4001 expugnando
1844 3940 1898 3985 et
1927 3933 2140 3984 viriliter

596 4025 893 4078 dimicando
926 4038 1019 4089 pro
1041 4024 1179 4073 cultu
1209 4022 1320 4085 Dei,
1346 4016 1774 4085 irrel'ragabiliter
1794 4027 1847 4071 et
1875 4034 1967 4083 spe
1994 4019 2140 4070 ﬁrma

596 4128 758 4177 usque
782 4113 843 4165 ad
878 4120 1096 4164 mortem
1130 4122 1327 4177 ponens
1351 4110 1575 4160 animam
1608 4121 1775 4171 suam,
1808 4117 2000 4175 utpote
2028 4107 2138 4160 imi-

599 4212 732 4255 tator
758 4203 871 4268 ejus
899 4204 985 4268 qui
1022 4216 1139 4254 eum
1169 4200 1442 4252 constituit
1484 4197 1730 4251 athletam
1760 4197 1998 4250 dominus
2028 4197 2139 4263 ejus

594 4292 658 4342 ad
690 4289 1107 4341 intermationem
1141 4301 1235 4353 pro
1264 4286 1480 4337 veritate
1508 4284 1775 4336 dimicare.
1802 4285 1873 4335 Ea
1896 4284 2138 4351 equidem

596 4394 714 4447 qua:
742 4378 864 4431 inihi
912 4378 1092 4429 Roma:
1120 4383 1263 4443 gesta
1307 4383 1428 4427 sunt
1459 4375 1506 4425 in
1539 4372 1745 4425 beatum
1781 4384 1833 4424 et
1860 4373 2143 4425 adamanti-

600 4481 722 4518 num
752 4466 1073 4531 spiritualem
1108 4464 1338 4527 Patrem,
1372 4462 1804 4526 sacerdotumqne
1854 4462 2140 4527 principem

600 4554 850 4604 domuum
884 4552 1179 4611 Martinutn,
1211 4562 1261 4601 et
1301 4565 1394 4601 vos
1424 4551 1587 4612 scitis,
1620 4549 1857 4615 qualibus
1900 4546 2143 4613 periculis

598 4642 822 4693 luctatus
848 4649 948 4702 est,
978 4639 1159 4690 videns
1186 4638 1382 4703 gladios
1407 4639 1631 4689 vibratos
1660 4645 1713 4688 et
1740 4645 1922 4688 acutos
1950 4635 2141 4688 confer-

597 4740 677 4781 tos
706 4729 769 4779 ad
802 4728 1044 4789 invicem,
1090 4735 1259 4778 lentos
1288 4740 1314 4775 a
1346 4726 1578 4791 pluribus
1608 4724 1856 4775 militibus
1904 4733 2138 4790 paratqu

600 4813 910 4866 trahentibus
940 4807 1151 4866 inﬁcere
1198 4826 1371 4877 enses,
1400 4822 1452 4863 et
1477 4821 1800 4865 commutare
1828 4826 1856 4863 a
1888 4812 1989 4863 vita
2022 4812 2143 4863 bea-

600 4911 731 4965 tum,
757 4903 807 4954 in
837 4902 1056 4953 circuitu
1085 4902 1262 4952 altaris
1302 4899 1610 4962 astantibus,
1641 4908 1694 4951 et
1723 4900 1774 4951 in
1807 4908 1915 4952 toto
1945 4898 2141 4966 templo

596 4991 867 5044 catholica:
912 4988 1153 5043 Ecclesiae
1198 4988 1395 5053 Romae,
1428 5004 1544 5056 qum
1587 4988 1982 5054 cognominatur
2006 4988 2142 5040 Cou-

594 5079 928 5141 stantiuiana,
960 5080 1010 5131 in
1052 5092 1153 5145 qua
1186 5077 1477 5129 sacerdotio
1508 5076 1728 5142 fungens
1767 5075 2048 5126 recubahat
2089 5076 2137 5127 in

596 5171 793 5223 foribus
828 5178 881 5222 et
900 5144 1115 5237 grabato
1152 5170 1261 5236 ipse
1315 5167 1496 5219 beatus
1524 5182 1699 5233 aeger;
1750 5175 1801 5219 et
1856 5167 2135 5233 quomodo,
2169 5144 2217 5202 D

594 5259 849 5310 contritus
876 5258 1087 5318 animis,
1113 5266 1165 5309 et
1201 5256 1416 5307 artubus
1442 5258 1776 5317 constrictus,
1812 5254 2065 5321 impulsus
2088 5263 2139 5305 et

597 5350 863 5412 expulsus,
911 5356 1087 5413 raptus
1130 5356 1181 5397 et
1222 5354 1493 5398 extractus
1522 5358 1584 5395 ex
1613 5344 1902 5408 apostolico
1930 5345 2134 5406 throno,

598 5438 648 5489 in
674 5452 776 5503 quo
806 5438 939 5491 Deus
984 5454 1102 5492 eum
1146 5438 1415 5491 constituit
1463 5439 1609 5499 loco,
1658 5437 2003 5503 iuspectorem
2060 5438 2141 5490 sui

601 5606 803 5657 Martini
834 5605 1049 5658 Romam
1080 5607 1295 5673 perferri
1327 5605 1571 5672 poluerit.
1614 5604 1759 5658 Unde
1783 5604 1921 5672 quod
1955 5605 2003 5657 in
2028 5606 2141 5657 aliis

600 5674 877 5726 Codicibus
906 5677 1074 5739 abest,
1108 5674 1226 5727 huic
1247 5676 1573 5739 subrepsisse
1599 5676 1821 5725 videtur.

674 5750 698 5775 ⁸
728 5742 961 5793 Narratio
991 5748 1085 5795 ista
1136 5745 1184 5792 in
1216 5746 1388 5795 multis
1421 5744 1582 5792 variat
1634 5744 1697 5792 ab
1725 5758 1784 5792 ea
1831 5758 1981 5807 quam
2039 5746 2138 5795 Ro-

608 5823 755 5863 mana
785 5810 956 5865 Editio
984 5813 1212 5873 exhibet,
1242 5826 1359 5864 cum
1388 5821 1557 5865 tamen
1590 5812 1749 5863 multo
1782 5809 1847 5861 sit
1879 5815 1986 5864 haec
2010 5829 2139 5880 prte-

2244 3927 2598 3981 adversarium
2641 3932 3059 3999 proclamantes,
3094 3945 3146 3986 et
3176 3936 3566 3994 subvertentem
3598 3944 3809 3996 univer-

2243 4028 2353 4067 sam
2382 4025 2573 4069 terram
2616 4017 2988 4072 Rmnanorum.
3020 4020 3253 4089 Cumque
3293 4027 3498 4077 tandem
3533 4034 3806 4095 pervenis-

2242 4115 2321 4156 set
2351 4106 2654 4171 Byzantium
2684 4107 2865 4161 beatus
2914 4108 2999 4162 ille
3028 4110 3251 4176 septimo
3294 4113 3499 4167 decimo
3539 4116 3635 4171 die
3665 4130 3689 4156 ε
3722 4121 3807 4173 Se-

2243 4193 2485 4260 ptembrii
2511 4196 2723 4259 mensis,
2751 4197 2801 4248 in
2835 4207 3037 4263 purtum
3074 4198 3223 4267 juxta
3256 4203 3601 4269 Euphemiam
3652 4223 3807 4277 prope

2246 4282 2592 4346 Arcadianou,
2625 4286 2945 4364 reliquerunt
2973 4303 3089 4341 eum
3125 4304 3154 4342 a
3206 4306 3357 4346 mane
3386 4296 3619 4349 ministri
3648 4315 3808 4366 usque

2243 4370 2292 4421 iu
2346 4370 2527 4423 horam
2573 4372 2826 4424 decimam
2874 4377 3204 4430 recubantem
3258 4380 3307 4432 in
3356 4384 3579 4449 grabato
3638 4393 3804 4443 navis,

2234 4471 2477 4527 eratque,
2521 4461 2654 4514 sicut
2704 4466 2954 4531 scriptum
2996 4476 3096 4527 est,
3148 4474 3498 4533 spectaculum
3555 4479 3808 4531 erunibus

2243 4548 2435 4612 angelis
2460 4558 2511 4600 et
2533 4548 2844 4603 hominibus.
2866 4552 3199 4607 Accedebant
3219 4559 3356 4610 enim
3380 4561 3509 4613 varii
3537 4562 3805 4627 homines.

2243 4650 2372 4701 quos
2400 4646 2611 4703 propter
2640 4639 2826 4695 ferales
2867 4657 3043 4698 mores
3070 4646 3276 4712 lupaces
3305 4650 3550 4715 dixerim,
3584 4665 3645 4707 et
3688 4658 3809 4709 sub-

2244 4727 2429 4792 rogati,
2467 4736 2520 4778 ut
2546 4727 2787 4793 conjicio,
2823 4732 2941 4783 talia
2970 4743 3148 4786 contra
3178 4747 3413 4791 sanctum
3454 4755 3657 4808 papam
3698 4759 3809 4811 age-

2243 4814 2388 4877 bant,
2416 4817 2584 4883 qualia
2614 4816 2925 4872 Christianis
2954 4821 3055 4873 dici
3084 4836 3186 4875 non
3216 4834 3444 4891 oportet.
3479 4830 3808 4887 Mor-antibus

2244 4905 2393 4955 nobis
2422 4906 2469 4956 iu
2503 4906 2693 4971 littore,
2726 4916 2828 4960 tota
2855 4908 2939 4961 die
2964 4924 3107 4962 eram
3137 4913 3385 4967 incedens
3413 4916 3609 4974 dolore
3634 4923 3809 4988 plenus

2243 5002 2293 5042 et
2321 4995 2681 5058 amaritudine,
2726 5012 2791 5049 eo
2818 4998 2953 5064 quod
2997 5000 3224 5053 viderem
3267 5004 3421 5057 talem
3452 5018 3713 5064 sanctum
3745 5012 3811 5064 vi.

2244 5095 2359 5133 rum
2406 5080 2475 5132 ita
2514 5082 2801 5147 dejectum;
2836 5102 2935 5139 nou
2962 5089 3130 5141 solum
3181 5103 3375 5155 autem,
3430 5097 3525 5147 sed
3588 5109 3650 5152 et
3700 5103 3809 5153 talia

2242 5169 2445 5235 eloquia
2484 5185 2512 5221 a
2560 5171 2865 5237 quibusdam
2911 5178 3133 5230 ethnicis
3179 5183 3378 5245 prolata
3424 5195 3623 5240 contra
3675 5204 3810 5255 eum,

2243 5260 2371 5312 nihil
2395 5259 2531 5310 aliud
2560 5261 2874 5327 quaerebam,
2909 5266 3006 5317 nisi
3054 5276 3109 5319 ut
3149 5266 3441 5324 auferretur
3467 5278 3667 5331 anima
3709 5295 3810 5332 mea

2242 5358 2269 5394 a
2293 5361 2394 5396 me.
2428 5344 2621 5399 Dehine
2645 5349 2781 5401 circa
2804 5351 2929 5402 solis
2950 5366 3190 5407 occasum
3213 5358 3355 5410 venit
3385 5361 3613 5425 quidam
3644 5369 3810 5420 scriba

2246 5433 2454 5486 nomine
2482 5434 2729 5503 Sagoleva
2763 5452 2877 5490 cum
2906 5442 3079 5494 multis
3106 5444 3496 5503 excubitoribus
3520 5467 3538 5513 ;
3573 5461 3635 5507 et
3666 5455 3812 5507 ηις·

2246 5604 2463 5656 stantior
2489 5605 2750 5663 Romana;
2780 5604 2897 5657 ideo
2921 5606 3016 5659 hac
3046 5617 3243 5661 retenta
3266 5614 3533 5667 variantes
3557 5632 3595 5670 e
3627 5619 3809 5673 Roma-

3628 5689 3807 5743 Nam.

2249 5688 2332 5750 na,
2361 5683 2556 5750 tantum
2588 5676 2968 5750 quas_potiores
2992 5676 3242 5743 judicavi,
3270 5685 3552 5750 exscripsi.

2316 5742 2340 5779 ιδ
2374 5740 2543 5800 Forte,
2578 5757 2693 5791 non.
2729 5742 2917 5795 Hann-

2322 5823 2341 5848 ι’
2371 5810 2523 5865 Rom.
2561 5810 2718 5871 δαίμ,
2745 5826 2907 5865 meme
2936 5812 3251 5866 Novembrio.

3438 5783 3912 6430 ,Δ
