3884 6240
129 309 192 376 υἱ

1408 327 1676 381 ΝΗἸἸΪΙΑ
1720 327 2100 382 lllS'l‘UllliLA.

3252 338 3347 388 ςιι

149 437 259 487 tentes
289 427 344 478 de
370 428 559 481 lembo
623 447 959 499 posuerunt
989 437 1040 489 in
1072 438 1373 505 gestatoria,
1406 439 1689 491 duxcrunt-
1723 445 1767 498 Α
1797 455 1898 504 que
1943 439 2098 493 facite
2140 455 2462 506 quascunque
2538 442 2708 492 vultis.
2780 443 2842 492 lat
2903 443 3024 508 quid
3079 460 3211 509 upus
3270 455 3351 498 est

159 536 210 590 “te
248 522 288 570 in
336 518 645 574 custodiam
710 526 1087 591 excubitorii,
1138 542 1252 594 qua:
1301 530 1700 596 cognominatur

173 613 502 675 tl‘taudearia;
563 626 621 666 et
685 615 826 668 iecit.
883 634 1011 670 eum
1062 619 1346 670 inelausum
1395 617 1494 670 sub
1540 617 1698 669 multa

183 706 375 764 nstutlia,
419 703 748 769 prmcipiens
799 707 1121 759 custodibus
1169 714 1224 758 ut
1275 706 1446 757 nullus
1498 705 1702 769 penitus

183 799 282 846 sciret
296 793 514 846 cititatis
540 795 668 858 quia
694 804 784 845 est
819 810 876 846 tn
904 795 1092 848 eodem
1117 793 1380 848 excubitu.
1407 789 1551 845 Fecit
1577 807 1703 858 ergo

187 895 339 936 Slltt‘lllS
359 886 490 936 idem
522 883 862 948 apostolicus
911 885 1143 948 clausus,
1191 892 1244 936 et
1281 883 1392 936 sine
1422 882 1703 949 participa-

165 984 283 1027 (mne
304 975 497 1042 penitus
526 973 796 1026 sermonis
820 973 1072 1040 alicujus,
1109 969 1386 1038 nonaginta
1435 979 1540 1023 tres
1567 970 1702 1022 dies.

158 1065 209 1114 In
233 1065 332 1130 ipsa
367 1077 484 1115 vero
509 1060 853 1128 nonagesima
890 1063 1044 1114 tertia
1085 1060 1189 1125 die,
1219 1075 1334 1128 quin
1365 1059 1576 1113 estdies
1608 1059 1702 1110 l‘a-

160 1165 382 1214 rasceve,
409 1164 553 1202 mane
581 1149 821 1202 tulerunt
847 1164 974 1202 eum
1002 1149 1066 1201 de
1095 1148 1352 1211 custodia,
1379 1143 1718 1200 constituen?

163 1245 282 1294 dum
323 1243 372 1293 in
400 1241 518 1292 cella
569 1237 855 1300 sacellarii,
905 1237 1152 1305 jnbeutes
1202 1237 1369 1304 pridie
1418 1238 1700 1291 convenire

171 1347 369 1384 nionem
396 1333 659 1390 senatum;
696 1326 836 1391 quod
863 1336 933 1395 κει
965 1327 1152 1379 factum
1180 1335 1280 1379 est.
1309 1325 1581 1386 Iusserunt
1610 1341 1703 1378 au-

179 1431 272 1474 tem
288 1435 395 1471 eum
409 1416 832 1468 introducendum
843 1456 856 1477 ,
879 1426 933 1468 et
948 1415 1341 1466 introduxerunt
1355 1411 1404 1465 lh
1426 1413 1706 1479 portatoria

180 1509 325 1566 sella;
352 1515 454 1558 erat
478 1505 611 1556 enim
642 1504 854 1570 penitus
885 1518 1045 1570 aeger,
1092 1504 1349 1570 prmcipue
1386 1509 1561 1554 autem
1605 1501 1708 1553 illis

181 1597 347 1648 diebus
376 1608 473 1657 pra:
503 1591 834 1659 navigatione
864 1599 920 1644 et
942 1590 1221 1643 afﬂictione
1241 1588 1488 1642 cuStodia:
1515 1603 1604 1655 per
1635 1598 1711 1640 tot

176 1687 281 1738 dies
305 1681 506 1736 electae.
539 1681 821 1733 lnteudens
865 1690 1043 1733 autem
1099 1680 1149 1732 in
1201 1693 1319 1732 eum
1353 1678 1570 1746 primus,
1619 1677 1708 1746 qui

1801 529 1961 580 etiam
2026 527 2250 596 jurando
2321 528 2540 595 perdere
2606 528 2717 581 illos
2772 530 2972 582 animas
3037 533 3192 584 suas?
3262 532 3349 585 ln-

1800 629 1976 682 gressii
2022 616 2258 683 equidem
2308 631 2410 669 uno
2458 615 2688 678 testium,
2736 628 2788 670 et
2830 619 3056 682 dicente,
3095 623 3342 688 quoniam

1801 704 2183 766 coniurationes
2214 703 2335 756 fecit
2374 717 2492 756 cum
2542 704 2805 772 Olympio,
2835 716 2886 758 et
2915 706 3105 758 milites
3148 721 3346 774 przepa-

1805 792 1936 844 ravit
1975 801 2028 844 ut
2068 793 2326 858 jurarent,
2357 792 2705 860 interrogatum
2740 793 2844 844 Deo
2889 797 3150 858 pretiosus
3180 796 3278 860 vir,
3305 800 3351 848 si

1805 880 1915 933 haec
1936 881 2002 934 ita
2029 896 2088 936 se
2119 882 2392 944 haberent,
2423 881 2690 950 reSpondit
2720 899 2732 933 :
2765 882 2821 936 Si
2865 885 3015 936 vultis
3057 882 3234 936 audire
3261 899 3349 937 ve-

1807 970 2036 1033 ritatem,
2093 971 2210 1024 dico
2257 971 2401 1025 vobis
2448 973 2762 1040 sequentia;
2821 983 2875 1026 et
2927 973 3085 1038 coepit
3134 974 3346 1026 dicere:

1813 1057 2034 1120 Quando
2094 1058 2258 1112 tactus
2305 1070 2383 1111 est
2439 1070 2608 1127 typus,
2653 1070 2706 1114 et
2753 1061 2982 1114 directus
3027 1061 3242 1114 Romam
3285 1061 3351 1114 ab

1756 1204 1762 1209 η
1811 1147 2149 1211 imperatore.
2187 1147 2246 1199 Et
2276 1147 2373 1201 hoc
2402 1157 2600 1201 tantum
2644 1148 2852 1203 dicente
2899 1151 3051 1203 beato
3071 1153 3182 1218 illo,
3214 1155 3352 1208 aliud

1804 1236 1926 1303 quid
1975 1252 2081 1290 non
2128 1252 2435 1291 conces~utn
2466 1248 2546 1291 est
2587 1239 2745 1306 loqui.
2791 1239 2893 1292 Sed
2937 1241 3185 1294 continuo
3238 1253 3360 1296 ante

1809 1340 1993 1378 omnes
2027 1325 2282 1394 incipiens
2310 1341 2427 1379 cum
2455 1328 2687 1378 clamore
2715 1327 2951 1389 Troilus,
3005 1328 3169 1395 inquit
3200 1347 3212 1381 :
3246 1331 3356 1384 Non

1809 1416 1997 1468 inieras
2036 1417 2184 1469 nobis
2213 1415 2296 1468 hic
2344 1415 2411 1468 de
2440 1417 2560 1481 lide,
2593 1417 2656 1468 de
2701 1416 2874 1469 duello
2920 1431 3054 1470 nunc
3081 1420 3355 1484 scrutaris,

1807 1505 2052 1570 quoniam
2083 1513 2144 1556 ’et
2176 1505 2415 1567 Romani,
2447 1515 2501 1558 et
2541 1518 2635 1557 nos
2665 1504 2946 1558 Christiani
2978 1519 3158 1560 sumus
3203 1516 3255 1558 et
3278 1521 3363 1559 or-

1811 1593 2045 1648 thodoxi.
2078 1591 2138 1644 Et
2169 1593 2437 1659 respondit
2477 1595 2612 1647 idem
2639 1596 2717 1646 vir
2742 1594 2915 1662 justus
2947 1611 2959 1647 :
2996 1595 3234 1649 Utinam!
3262 1597 3363 1649 Ve-

1813 1688 2103 1732 rumtamen
2129 1681 2400 1732 invenietis
2431 1694 2515 1732 me
2544 1681 2592 1732 in
2641 1682 2727 1733 illa
2754 1682 2838 1736 die
2870 1684 3123 1736 tremendi
3163 1684 3363 1736 exami-

174 1773 460 1840 pnrsidebat
505 1769 816 1824 sicellarius
882 1784 1002 1822 cum
1059 1769 1269 1833 reliquis
1319 1769 1636 1835 principibus
1683 1763 1787 1844 aB
1816 1773 1896 1823 nis
1939 1778 2123 1822 testem
2174 1769 2329 1821 etiam
2383 1768 2435 1821 in
2485 1768 2600 1821 hoc.
2656 1769 2832 1822 Denuo
2879 1769 3012 1823 inter
3058 1783 3366 1825 accusantes

168 1864 330 1928 longe,
357 1859 497 1926 jussit
528 1873 646 1910 eum
677 1870 912 1922 surgere
949 1873 975 1905 a
1006 1855 1221 1917 ferculo,
1251 1865 1304 1908 et
1329 1862 1488 1907 stare.
1524 1855 1715 1906 Ait-nti-

168 1955 257 2003 bus
278 1949 571 2015 quibusdam
622 1948 998 2000 ministrorum
1043 1962 1143 1998 non
1186 1947 1360 1998 valere
1403 1959 1520 1998 eum
1552 1952 1710 2008 stare,

166 2040 392 2091 turbatus
420 2052 520 2104 pra:
563 2038 727 2088 multa
760 2035 841 2087 ira
871 2034 1178 2086 sacellarius
1227 2032 1554 2095 exc'amavit,
1597 2045 1717 2083 cum

165 2148 227 2185 eo
274 2141 437 2182 autent
485 2137 536 2180 et
585 2126 804 2194 quidam
861 2126 929 2178 de
957 2123 1208 2185 custodia,
1261 2138 1476 2190 surgere
1521 2136 1640 2176 eum
1667 2129 1721 2175 et

169 2232 330 2274 astare
349 2233 572 2272 censura
602 2218 894 2270 subnixum
928 2216 1047 2268 bine
1083 2215 1232 2280 inde;
1271 2216 1406 2283 quod
1437 2222 1490 2266 et
1523 2215 1716 2267 factum

175 2320 271 2364 est.
297 2309 597 2362 Sacellarius
643 2317 827 2359 autem
877 2305 1046 2371 inquit
1088 2305 1148 2357 ad
1197 2319 1315 2357 eum
1358 2321 1368 2354 :
1405 2304 1514 2366 Dic,
1544 2303 1719 2360 miser.

181 2399 300 2465 quid
329 2397 416 2450 tibi
442 2397 556 2450 mali
605 2395 786 2448 intulit
827 2394 1149 2459 imperator?
1188 2391 1329 2444 Tulit
1353 2406 1382 2444 a
1414 2400 1463 2445 te
1489 2391 1725 2458 aliquid?

178 2491 426 2553 oppressit
453 2494 500 2538 te
522 2485 601 2536 vi?
633 2484 726 2535 Ille
753 2493 935 2535 autem
967 2481 1189 2534 tacebat.
1227 2479 1372 2533 Tunc
1411 2479 1483 2532 ait
1512 2479 1576 2532 ad
1606 2495 1726 2534 eum

176 2578 464 2630 sacellarins
510 2575 823 2642 imperativa
870 2587 1038 2625 voce:
1090 2571 1199 2624 Non
1241 2570 1563 2638 respondes?
1603 2584 1729 2623 ecce

182 2682 313 2719 nunc
342 2665 694 2733 ingredientur
733 2673 1076 2715 accusatores
1105 2661 1195 2713 tui.
1247 2659 1310 2712 Et
1337 2659 1581 2710 continuo
1608 2673 1741 2710 cum-

171 2770 404 2807 scrtnone
430 2752 707 2806 introducti
739 2759 871 2803 sunt
907 2749 1114 2818 pluriuti
1161 2758 1521 2801 accusatorum
1544 2755 1726 2800 contra

175 2868 312 2904 eum.
344 2852 530 2903 Omnes
557 2857 736 2899 autem
769 2854 926 2899 erant
972 2843 1221 2896 mendacii
1251 2842 1363 2906 lilii,
1399 2849 1452 2895 et
1493 2841 1729 2908 discipuli

179 2956 354 2993 eorum
381 2942 463 3007 qui
495 2939 778 2990 Dominum
813 2945 1047 2987 nostrum
1079 2931 1254 2986 Jesum
1291 2930 1552 2984 Christum
1582 2945 1732 2984 neca-

187 3038 382 3082 verunt.
412 3027 861 3080 Contradicebant
884 3037 1009 3076 vero
1034 3032 1213 3074 sancto
1234 3023 1363 3083 viro,
1393 3021 1730 3087 quemadmo-

1820 1870 1980 1915 lestes
2007 1861 2078 1912 ait
2105 1861 2168 1913 ad
2189 1875 2306 1914 eum
2331 1860 2604 1927 prrel'ectus
2633 1861 2872 1913 Troilus¢
2894 1879 2904 1912 :
2925 1861 3103 1927 Qualis
3126 1865 3281 1916 homo
3307 1880 3365 1918 es

1819 1956 1891 2010 tu,
1923 1950 2168 2015 quoniam
2199 1963 2418 2002 cernens
2439 1958 2493 2001 et
2517 1950 2732 2002 audiens
2773 1951 2894 2003 t-tlia
2923 1962 3104 2006 contra
3139 1954 3383 2020 intpera-'

1824 2049 1988 2092 torem
2021 2040 2272 2092 nitentem
2299 2038 2645 2092 eil‘odiendum
2683 2040 3000 2109 Olympium,
3035 2057 3136 2094 non
3184 2044 3364 2110 prohi-

1823 2129 1977 2183 buisti
2026 2144 2168 2191 eum,
2209 2130 2300 2182 sed
2329 2144 2358 2182 e
2389 2138 2565 2181 comra
2615 2131 2921 2182 consensisti
2953 2133 3038 2183 ei?
3087 2133 3164 2184 Ad
3213 2147 3368 2200 quem

1821 2219 2069 2272 continuo
2118 2217 2250 2271 dixit
2301 2218 2411 2283 ipse
2453 2216 2633 2270 beatus
2677 2218 2992 2286 apostolicus
3043 2234 3173 2287 papa
3203 2238 3217 2274 :
3253 2221 3364 2286 Dic,

1823 2309 2031 2362 domine
2058 2307 2252 2370 Troile,
2282 2308 2507 2374 quando,
2531 2307 2664 2361 sicut
2693 2309 2834 2361 scitis
2855 2310 3014 2361 etiam
3044 2325 3157 2373 vos,
3190 2322 3240 2363 et
3267 2327 3366 2365 "08

1826 2396 2147 2462 audivimus,
2201 2397 2453 2465 Georgius
2497 2411 2524 2447 a
2557 2395 2979 2464 magistratibus,
3036 2400 3120 2466 qui
3167 2408 3280 2451 erat
3307 2415 3372 2452 ex

1829 2485 2121 2548 monachis,
2156 2485 2420 2552 ingressus
2447 2493 2528 2537 est
2557 2483 2656 2538 huc
2705 2485 2754 2538 in
2803 2486 2984 2538 urbem
3024 2502 3050 2538 a
3080 2487 3283 2549 castris,
3320 2499 3376 2541 et

1828 2575 1944 2626 talia
1976 2576 2129 2629 verba
2180 2574 2378 2625 loeutus
2407 2583 2507 2636 est,
2557 2571 2784 2641 fecitque
2826 2564 2908 2628 res
2957 2578 3103 2637 tales,
3145 2578 3229 2630 ubi
3257 2592 3376 2632 eras

1829 2672 1904 2722 tu,
1936 2663 1982 2715 ei
2010 2661 2096 2730 qui
2119 2669 2239 2713 sunt
2265 2671 2456 2723 tecum,
2484 2662 2732 2728 quoniam
2761 2678 2861 2715 non
2889 2665 3151 2716 restitistis
3181 2667 3250 2729 ei,
3282 2669 3373 2719 sed

1829 2769 1857 2805 e
1886 2765 2067 2805 contra
2089 2751 2424 2804 concionattts
2451 2761 2534 2805 est
2575 2752 2743 2814 vobis,
2774 2762 2825 2806 et
2854 2768 2984 2822 quos
3011 2755 3169 2807 voluit
3199 2756 3374 2822 palatii

1831 2847 2097 2899 exsulavit
2143 2855 2196 2898 et
2246 2841 2546 2912 prohibuit?
2596 2845 2886 2914 lterumque
2946 2847 3043 2901 sub
3088 2848 3376 2916 Valentino,

1831 2950 1947 2987 cum
1996 2945 2255 3001 praecepto
2306 2935 2634 3002 imperatoris
2681 2935 2889 2989 indutus
2936 2948 3014 2990 est
3047 2953 3295 3006 purpura,
3328 2950 3381 2992 et
3443 2925 3461 2944 ’

1832 3022 2070 3076 consedit
2124 3023 2191 3086 ei,
2231 3037 2334 3090 quo
2374 3025 2550 3076 ieratis
2594 3025 2730 3078 vos?
2769 3041 2869 3077 non
2915 3027 3076 3079 eratis
3120 3027 3246 3080 hic?
3287 3043 3382 3083 cur

192 3118 306 3167 dum
354 3113 636 3180 [immuniti
689 3112 918 3164 fuerant.
969 3109 1131 3162 Erant
1175 3109 1313 3162 enim
1353 3121 1506 3161 voces
1552 3122 1731 3160 eorum
1760 3092 1805 3155 Ο
1835 3127 1960 3180 ergo
1990 3126 2091 3164 non
2140 3111 2478 3179 proltibttistis
2520 3127 2638 3166 emn
2686 3113 2964 3168 dicentes:
3000 3115 3108 3169 Non
3157 3119 3382 3186 attingas

198 3205 548 3272 jimneditatze
577 3212 633 3256 et
663 3211 991 3270 praeparatae.
1017 3199 1071 3253 In
1101 3199 1290 3267 quibus
1317 3198 1526 3266 quidam
1553 3211 1735 3251 eorum

201 3297 339 3363 paulo
379 3305 494 3348 ante
542 3293 850 3360 interrogati
895 3303 949 3344 ut
977 3291 1325 3343 testimonium
1378 3289 1734 3355 perhiberent,

203 3384 451 3437 tentabant
492 3383 669 3434 dicere
702 3381 994 3440 veritatem,
1041 3378 1175 3428 sicut
1201 3391 1312 3428 mos
1341 3385 1454 3439 est;
1485 3384 1538 3428 et
1565 3375 1736 3427 conti-

205 3489 300 3524 nuo
326 3471 504 3523 turbati
536 3470 625 3538 qui
660 3467 1055 3535 pra-tendebant
1082 3472 1345 3517 Certamen
1373 3463 1490 3524 hoc,
1522 3463 1738 3525 incipie-

209 3563 320 3613 baut
365 3560 543 3611 validis
591 3558 753 3610 minis
801 3556 1069 3619 increpare
1097 3568 1210 3616 eos,
1261 3553 1425 3605 donec
1458 3552 1738 3604 suaderent

201 3653 274 3703 eis
302 3651 524 3714 proferre
548 3663 668 3714 qu.c
701 3655 855 3699 erant
879 3643 1236 3696 convenientia
1268 3641 1320 3694 in
1343 3650 1565 3694 mortem
1599 3641 1737 3696 beati

206 3751 256 3792 et
289 3739 408 3808 justi
435 3738 546 3790 viri.
577 3737 972 3801 Contemplatus
1008 3741 1220 3786 sanctus
1250 3744 1380 3798 papa
1415 3730 1738 3782 introeuntes

208 3831 471 3890 testiﬁcari,
503 3825 787 3879 subridens
814 3823 945 3876 dixit
975 3837 987 3874 :
1021 3820 1106 3873 Isti
1138 3830 1258 3872 sunt
1287 3818 1490 3872 testes?
1521 3816 1609 3872 Sic
1645 3817 1737 3869 ha-

213 3927 293 3975 bet
337 3925 472 3976 ordo.
529 3922 693 3974 Erant
718 3921 855 3972 enim
917 3915 1064 3982 primi
1117 3915 1469 3981 ingredientes
1527 3914 1737 3966 nomine

219 4015 410 4076 quidem
434 4013 638 4070 milites.
666 4013 878 4077 lupaces
898 4017 1068 4061 autem
1093 4014 1145 4059 et
1169 4004 1415 4057 bestiales
1439 4004 1692 4056 sententia
1719 4018 1735 4065 ;

222 4111 275 4154 et
316 4103 506 4168 quidam
537 4114 714 4152 eorum
763 4096 848 4164 qui
887 4107 1032 4149 erant
1077 4092 1326 4162 Olympii,
1381 4106 1498 4146 cum
1551 4093 1739 4158 quibus

232 4201 331 4242 erat
355 4199 402 4243 et
428 4189 668 4252 Andreas,
703 4188 789 4254 qui
829 4186 992 4239 fuerat
1029 4185 1140 4252 ejus
1171 4182 1420 4236 notarius.
1455 4184 1618 4236 Erant
1646 4197 1737 4235 au-

235 4287 325 4330 tera
352 4281 472 4332 inter
492 4290 818 4331 accusatores
844 4276 1076 4328 infelices
1101 4274 1348 4326 Intericus
1375 4281 1428 4325 et
1449 4271 1734 4339 Theriuus,

231 4375 282 4420 et
305 4367 686 4435 ri-liquiuumero
705 4366 852 4433 quasi
883 4365 1076 4432 viginti,
1100 4363 1354 4430 primores
1375 4363 1565 4415 milites
1590 4371 1640 4415 et
1663 4377 1740 4414 re-

1841 3217 1922 3254 res
1948 3217 2049 3255 non
2075 3213 2392 3268 Opportunas
2420 3201 2510 3254 tibi
2534 3203 2549 3252 ι
2582 3216 2753 3254 nonne
2783 3218 2964 3256 omnes
3005 3218 3035 3257 e
3058 3216 3232 3257 contra
3258 3222 3380 3259 con—

1801 3308 1805 3312 ·
1839 3292 2051 3345 venistis
2072 3293 2158 3344 ei?
2184 3292 2457 3357 Quomodo
2486 3292 2740 3344 ltahebam
2765 3284 2859 3359 ego
2885 3293 2975 3346 tali
3000 3294 3110 3346 viro
3133 3293 3382 3347 adversus

1838 3389 1997 3446 stare,
2030 3381 2240 3435 babenti
2284 3383 2543 3450 prrecipue
2586 3383 2851 3435 brachium
2893 3386 3147 3438 universa:
3184 3385 3381 3437 militia:

1840 3470 2068 3524 Italicae?
2097 3487 2161 3524 an
2190 3472 2360 3538 potius
2385 3486 2481 3538 ego
2509 3472 2652 3522 illum
2686 3472 2780 3524 feci
2821 3474 3140 3526 exarchum?
3167 3473 3380 3527 Verum-

1840 3574 2014 3615 tamen
2043 3561 2217 3615 denuo
2242 3563 2462 3615 obsecro
2486 3576 2577 3614 vos
2596 3577 2687 3630 per
2711 3562 3007 3626 Dominum,
3037 3565 3382 3633 quodcunque

1839 3651 1994 3702 vultis
2037 3659 2090 3704 et
2136 3651 2366 3703 deﬁnitis
2413 3650 2520 3702 ﬁeri
2568 3650 2617 3702 itt
2666 3665 2766 3711 me,
2798 3652 2950 3703 citius
2979 3653 3200 3717 explete.
3231 3653 3384 3708 Novit

1837 3741 1977 3793 enim
2011 3739 2168 3804 Dens,
2201 3740 2424 3793 maxima
2449 3739 2570 3792 mihi
2601 3740 2734 3793 dona
2775 3742 3044 3805 tribuistis,
3076 3758 3384 3812 quacunque

1842 3846 1924 3882 tne
1953 3829 2101 3881 clade
2124 3827 2502 3896 jugulaverilis.
2537 3830 2874 3882 Percontatus
2903 3839 3075 3883 autem
3105 3833 3382 3899 quemdam

1838 3919 1903 3970 de
1935 3918 2368 3981 ministrantibus,
2397 3917 2728 3985 Sagolebam,
2773 3919 3031 3983 videlicet,
3061 3921 3380 3985 sacellarius,

1839 4009 1880 4061 si
1909 4018 2025 4062 sunt
2047 4008 2170 4061 loris
2190 4007 2277 4060 alii
2309 4007 2465 4074 aliqui
2488 4009 2574 4075 qui
2596 4007 2819 4061 debeant
2848 4009 3136 4070 testiﬁcari,
3167 4025 3384 4076 respon-

1839 4097 1915 4149 dit
1943 4098 2149 4150 scriba:
2189 4095 2339 4158 Sunt,
2395 4096 2630 4159 domine,
2665 4096 2870 4162 plurimi
2914 4098 3020 4148 alii.
3076 4097 3386 4152 Delicieutes

1840 4197 2012 4239 autem
2045 4186 2094 4237 tii
2132 4187 2217 4252 qui
2269 4185 2638 4250 przesidebant,
2679 4193 2861 4237 sancto
2902 4193 2953 4236 et
2979 4186 3261 4240 venerabili
3295 4203 3382 4241 as-

1842 4286 1982 4327 tante
2011 4279 2124 4328 viro
2155 4277 2204 4328 in
2233 4284 2515 4342 conspectu
2545 4288 2746 4339 eorum,
2804 4283 2857 4326 et
2909 4276 3232 4342 potissimum
3269 4264 3384 4346 Spi-

1839 4365 1938 4416 ritu
1966 4379 2082 4418 eum
2108 4375 2289 4419 sancto
2323 4369 2580 4428 lirtnante,
2632 4366 2877 4418 dixerunt
2924 4367 3160 4420 sul‘lii-ere
3205 4377 3382 4421 testes.

237 4457 664 4524 liqniacctisantes.
682 4455 935 4508 Jurabant
963 4465 1132 4506 autem
1160 4454 1222 4505 ad
1241 4463 1419 4505 sancta
1442 4451 1736 4521 Evangelia,
1775 4443 1818 4501 υ
1848 4455 1970 4507 Erat
1996 4456 2187 4522 quippe
2215 4457 2469 4520 interpres
2499 4469 2700 4518 eorum,
2734 4470 2847 4522 ane
2873 4471 2900 4505 a
2933 4465 3112 4507 sancto
3138 4457 3381 4514 diceban-

235 4557 282 4600 et
305 4548 370 4600 sic
395 4549 802 4602 testiﬁcabautur.
837 4545 1166 4598 Primicerius
1191 4559 1317 4598 sane
1336 4545 1569 4597 ontnium
1590 4557 1744 4596 accu-

235 4641 432 4690 santium
449 4651 552 4691 erat
578 4639 867 4690 [)orotbeus
897 4637 1130 4703 patritius
1154 4633 1180 4671 ι’
1203 4634 1418 4698 Ciliciae,
1450 4636 1535 4702 qui
1558 4635 1742 4703 jurans

236 4725 352 4780 dixit
377 4729 604 4795 quoniam
650 4728 1012 4793 quinquaginta
1058 4726 1225 4789 capita
1277 4725 1320 4777 si
1373 4725 1610 4790 haberet,
1640 4739 1740 4778 non

235 4824 471 4881 oporteret
510 4831 623 4868 eum
656 4816 843 4878 vivere,
899 4830 962 4867 eo
1001 4815 1137 4881 qttud
1189 4815 1330 4866 solus
1384 4815 1641 4868 subvertit
1691 4824 1743 4867 et

237 4905 436 4970 perdidit
477 4910 768 4958 universum
817 4903 1169 4967 Occidentem,
1218 4915 1270 4958 et
1322 4904 1636 4967 delevit;et
1687 4920 1742 4958 re

233 5006 342 5046 Vera
380 4996 523 5048 unius
573 4995 777 5047 consilii
823 4996 912 5046 fuit
944 5010 1062 5047 cum
1093 4996 1351 5062 Olympio,
1400 5004 1453 5048 et
1496 4995 1742 5048 inimicus

235 5077 466 5135 homicida
494 5083 816 5148 imperatoris
843 5091 896 5133 et
935 5082 1184 5133 Romana:
1213 5081 1744 5135 ttrbattitatis.\’itlens

233 5187 344 5241 ergo
361 5175 519 5241 juuus
547 5161 626 5227 vir
662 5173 976 5226 introeuntes
1003 5186 1093 5224 eos
1119 5180 1170 5224 et
1208 5171 1442 5238 jurantes
1481 5173 1593 5225 sine
1627 5187 1744 5239 par-

233 5265 370 5318 citate
394 5267 765 5330 testiﬁcatores,
796 5278 1100 5330 contpassus
1127 5260 1399 5329 perditioni
1446 5260 1740 5315 animarum

225 5371 410 5424 enim,
433 5360 500 5409 ait
530 5357 594 5409 ad
624 5370 716 5408 eos
745 5357 828 5421 qui
861 5354 1205 5421 przesidebant
1249 5353 1507 5418 principes
1539 5371 1548 5404 :
1582 5353 1742 5408 Obse-

222 5455 308 5495 cro
327 5459 413 5498 vos
447 5459 540 5513 per
580 5445 762 5504 Deum,
795 5445 952 5494 nolite
982 5457 1275 5509 pneparare
1303 5456 1396 5494 eos
1417 5443 1615 5509 jurare,
1650 5443 1740 5496 sed

217 5531 398 5602 alisque
429 5541 762 5587 sacramento
809 5533 983 5586 dicant
1022 5546 1336 5600 quaecunque
1382 5533 1580 5598 volunt,
1620 5545 1733 5589 κοδ-

277 5669 300 5694 ³
321 5661 492 5726 κατι,
523 5662 857 5713 I'mmliuro'a.

275 5729 286 5762 ’
325 5731 493 5792 licio”
527 5733 740 5788 Strrlia'.

1845 4554 1945 4605 tur,
1974 4547 2246 4598 verborum
2290 4545 2624 4598 Innocentius
2650 4544 2830 4597 consul
2865 4544 3000 4597 titius
3033 4544 3261 4609 Tttomm,
3293 4547 3382 4613 qui

1841 4645 1954 4688 erat
2005 4637 2067 4689 ab
2118 4634 2323 4699 Africa;
2373 4647 2422 4689 et
2472 4651 2590 4688 cuin
2641 4638 3069 4700 interpretaretur
3105 4651 3162 4688 ea
3210 4652 3380 4703 qu:ea

1844 4728 1994 4779 beato
2040 4727 2150 4779 viro
2200 4727 2525 4787 dicebantur,
2577 4742 2677 4778 non
2735 4726 2953 4792 ferebat,
3002 4726 3184 4779 videns
3228 4729 3382 4793 ignita

1837 4817 2006 4883 jacula
2031 4816 2192 4868 sancti
2240 4817 2462 4883 Spiritus
2491 4832 2518 4867 a
2554 4817 2658 4868 Deo
2713 4815 2999 4868 honorabili
3047 4820 3157 4866 viro
3202 4828 3378 4867 contra

1841 4921 1932 4959 eos
1981 4909 2199 4972 prolata,
2249 4909 2319 4959 ait
2369 4907 2429 4958 ad
2465 4906 2818 4959 Innocentium
2868 4920 2984 4958 cum
3037 4908 3241 4958 l'ururc:
3276 4907 3382 4958 (Zur

1844 4997 1990 5047 nobis
2023 4996 2379 5062 interpretaris
2404 5012 2518 5062 qua:
2548 4996 2708 5048 dicit?
2737 4996 2839 5047 noli
2870 4996 3045 5048 dicere
3083 5010 3196 5060 qua:
3233 4995 3378 5046 dicit.

1841 5087 2068 5152 Surg--ns
2096 5102 2221 5153 ergo
2249 5089 2495 5138 continuo
2543 5086 2841 5139 sacellarius
2863 5100 2980 5137 cum
3021 5083 3254 5149 plurimis
3291 5086 3378 5152 qui

1841 5177 2185 5229 consederant
2233 5178 2298 5238 ei,
2353 5177 2616 5243 ingressus
2664 5183 2745 5226 est.
2794 5176 3030 5228 nuntiare
3081 5174 3378 5243 imperatori

1840 5282 2054 5334 qumque
2082 5268 2190 5334 ipse
2221 5267 2401 5319 voluit.
2454 5266 2753 5317 Eduxerunt
2783 5276 2954 5316 autem
2987 5275 3226 5318 sanctum
3247 5277 3376 5328 apo-

1794 5392 1797 5396 -
1839 5356 2080 5408 stolicum
2105 5356 2270 5406 virum
2299 5356 2361 5408 de
2391 5357 2518 5408 cella
2545 5354 2742 5420 jutlicii,
2777 5357 2939 5422 magis
2965 5366 3133 5406 autem
3165 5370 3225 5405 ex
3260 5358 3378 5404 aula

1839 5447 2070 5513 Caiphze,
2101 5446 2150 5497 iit
2189 5448 2468 5514 gestatoria
2493 5444 2638 5497 sedili
2672 5445 2958 5503 sedentem,
3006 5455 3056 5493 et
3087 5452 3382 5496 statuerunt

1839 5554 1954 5593 cum
1985 5539 2034 5589 in
2071 5537 2242 5589 medio
2272 5537 2387 5588 atrii
2417 5535 2551 5599 quod
2581 5545 2693 5588 erat
2733 5546 2848 5588 ante
2887 5534 3072 5586 ccllatn
3101 5533 3380 5596 saccllarii,

1916 5680 1928 5686 ‘
1969 5667 2114 5719 lium.
2144 5665 2315 5718 addit.
2355 5662 2642 5731 mercttts.
