3884 6240
529 344 628 398 115

1571 320 1990 400 insanorum
2034 344 2381 399 nanrmuu
2427 345 2655 400 PAPAM
2699 344 2717 396 ι

3644 339 3735 392 HG

523 447 573 487 et
599 434 880 499 imperialis
919 434 1127 496 stabuli,
1154 448 1258 503 quo
1289 445 1633 487 consueverat
1662 436 1836 486 omnis
1865 434 2086 501 populus
2117 440 2159 492 Α
2192 443 2245 486 et
2277 432 2720 500 lacrymabantnr.
2753 431 2906 483 Pauci
2938 440 3110 499 autem
3143 430 3502 497 ministrorum
3530 430 3742 483 Satanae

525 524 807 577 convenire
826 533 879 577 et
899 532 1208 591 exspectate
1232 522 1489 575 sacellarii
1516 524 1829 590 ingressum.
1852 524 2090 575 Circum—

524 613 783 666 dederunt
802 628 921 666 eum
943 614 1304 672 excubitores,
1322 622 1539 678 eratque
1563 614 1802 665 omnibus
1818 623 2087 678 Spectacu-

528 704 633 754 lum
665 702 988 756 formidabile
1008 702 1198 755 turbis.
1227 700 1348 754 Post
1372 703 1632 769 paululum
1656 702 2085 771 ergo,jusscrnnt
2140 744 2146 753 .

527 788 713 841 inferri
753 804 872 844 eum
919 790 969 841 in
1012 788 1262 841 solarium
1304 789 1667 855 expositionis,
1714 799 1769 842 ut
1803 799 1945 843 esset
1982 791 2082 856 ibi,

527 886 782 942 quatenus
808 876 1130 945 prospiceret
1151 878 1447 944 imperator
1469 893 1559 943 per
1585 878 1855 932 ciincellos
1877 880 2084 931 triclinii

526 965 607 1017 sui
649 979 711 1018 ea
757 980 875 1033 qua:
905 965 1075 1018 futura
1107 978 1251 1018 erant
1283 967 1414 1018 fieri.
1462 967 1586 1019 Eiat
1613 968 1784 1033 itaque
1811 969 2087 1021 multitudo

530 1055 850 1122 populorum
882 1058 1153 1123 usque.ail
1201 1057 1627 1123 ltippodtomium
1675 1058 1913 1111 conferta
1956 1072 2081 1110 con-

523 1146 843 1199 venientium
876 1146 1004 1199 illic.
1052 1146 1365 1200 Statuerunt
1410 1162 1535 1213 ergo
1584 1146 2073 1200 reverentissimum

519 1234 689 1286 virum
722 1234 772 1286 in
806 1230 979 1287 medio
1008 1233 1189 1287 solarii
1233 1234 1627 1299 dispositionis,
1675 1236 1955 1304 pra-sentin
1999 1246 2079 1286 ln-

524 1322 629 1374 tius
661 1332 876 1375 senatus
906 1324 1188 1375 subnixum
1223 1323 1345 1376 hinc
1377 1334 1429 1377 et
1462 1323 1602 1377 inde.
1646 1324 1800 1377 Facta
1842 1336 1923 1379 est
1952 1341 2079 1392 ergo

520 1412 840 1479 constipatio
872 1414 1043 1467 subito
1076 1429 1178 1466 non
1213 1415 1429 1467 minima
1453 1456 1465 1478 ,
1497 1428 1545 1469 et
1580 1415 1763 1469 exiens
1803 1417 1871 1469 ab
1917 1418 2079 1484 impe-

519 1512 696 1556 ratore
725 1503 1030 1556 sacellarius
1054 1506 1249 1569 apertis
1272 1504 1448 1571 januis
1479 1507 1692 1558 triclinii
1720 1508 1769 1557 in
1794 1505 2075 1571 solarium,

516 1584 755 1647 dividere
786 1594 1094 1645 universum
1126 1594 1379 1659 populum
1406 1594 1584 1661 jussit.
1638 1595 1972 1662 Veniensque
2012 1596 2075 1648 ad

521 1691 757 1735 sanctum
791 1696 852 1733 ac
885 1682 1239 1733 venerabilem
1288 1682 1452 1734 virum
1498 1684 1777 1736 Martinnm
1824 1686 2073 1749 apostoli-

518 1787 639 1824 cum
662 1812 678 1836 ,
710 1771 841 1823 dixit
870 1771 933 1823 ad
965 1787 1122 1823 eum:
1160 1773 1289 1827 Vide
1336 1775 1601 1841 quomodo
1648 1776 1783 1827 Deus
1815 1786 1864 1829 te
1895 1776 2077 1838 duxit,

517 1872 571 1916 et
618 1861 833 1914 tradidit
881 1861 930 1914 in
976 1877 1163 1922 manu:
1214 1874 1442 1917 nostras.
1489 1864 1566 1918 Tu
1613 1866 1864 1920 nitebaris
1893 1878 2075 1920 contra

523 1956 894 2018 imperatorem
919 1992 931 2011 ,
966 1952 1089 2018 quid
1124 1952 1214 2005 tibi
1246 1953 1355 2019 spei
1384 1954 1543 2006 erat?
1577 1948 1713 2007 Ecce
1746 1954 2075 2023 dercliquisti

522 2040 707 2103 Deum,
747 2051 801 2094 et
843 2041 1129 2106 dereliquit
1160 2050 1208 2094 te
1233 2039 1392 2094 Deus.
1420 2042 1478 2094 Et
1507 2044 1758 2096 continuo
1777 2044 2076 2096 exclamans

519 2129 827 2183 saecllarius
857 2128 1136 2196 quemdam
1169 2131 1453 2184 astantium
1486 2134 1851 2187 excubitorum
1898 2142 2076 2187 tonso-

518 2234 629 2272 rem
652 2258 666 2280 ,
701 2216 946 2284 pracepit
977 2217 1092 2271 sine
1122 2232 1269 2271 mora
1301 2218 1513 2272 auferre
1552 2220 1853 2287 psachnion
1884 2220 2072 2271 summi

516 2316 568 2358 et
596 2306 870 2371 apostolici
903 2314 1061 2371 atque
1110 2305 1357 2372 pracipui
1392 2308 1618 2371 pastoris
1653 2308 1892 2360 omnium
1922 2307 2077 2359 Citri-

514 2396 826 2457 stianorum,
852 2395 939 2462 qui
963 2396 1319 2447 orthodoxam
1344 2406 1647 2448 sanctorum
1679 2397 1892 2450 Patrum
1917 2406 1969 2449 et
1990 2411 2076 2465 sy-

517 2488 776 2538 nodorum
808 2483 1227 2551 confessionem,
1259 2483 1358 2537 hoc
1380 2494 1479 2545 est.
1515 2484 1695 2550 fidem,
1727 2488 2072 2549 confirmavit,

517 2582 568 2626 et
599 2572 719 2625 novi
750 2572 947 2625 erroris
978 2582 1192 2626 exortes
1222 2584 1467 2627 auctores
1489 2616 1502 2638 ,
1548 2590 1747 2641 novos,
1789 2576 2032 2629 videlicet
2058 2617 2073 2642 ,

518 2661 828 2726 haereticos,
856 2675 973 2714 cum
1008 2662 1181 2728 impiis
1221 2662 1558 2730 dogmatibus
1599 2678 1781 2718 eorum
1824 2667 2075 2719 canonice

511 2760 564 2805 et
610 2751 860 2820 synodice
907 2752 1395 2821 anatjtematizavit.
1449 2753 1577 2807 Cum
1624 2769 1752 2823 ergo
1802 2755 2075 2809 incidisset

514 2843 803 2912 psacbnion
833 2843 972 2898 beati
1005 2844 1098 2896 viri
1129 2844 1426 2908 excubitor,
1460 2856 1513 2899 et
1544 2846 1823 2911 corrigiam
1855 2861 2071 2913 compa—

516 2936 721 3001 giorum
744 2934 865 3002 ejus
887 2974 903 2999 ,
936 2936 1111 2989 statim
1151 2936 1365 2989 tradidit
1393 2952 1511 2989 eum
1544 2939 1854 2991 sacellarius
1887 2938 2072 3007 pra-fe-

514 3035 602 3079 cto
634 3026 779 3080 urbis
800 3066 813 3087 .
845 3026 1030 3080 dicens
1057 3044 1069 3079 :
1103 3027 1251 3081 Tolle
1281 3044 1399 3081 eum
1421 3069 1435 3091 ,
1470 3028 1681 3083 domine
1713 3031 1987 3095 pra-lecte,
2019 3041 2071 3085 et

2193 521 2489 588 gaudebant
2514 561 2527 583 ,
2556 531 2610 572 et
2638 520 3029 585 subsannabant
3049 560 3063 583 ,
3092 528 3147 573 et
3176 520 3348 588 capita
3382 527 3738 579 transeuntes,

2189 611 2323 662 sicut
2373 610 2625 674 scriptum
2670 618 2783 671 est,
2831 610 3139 671 movebant,
3190 608 3464 661 dicentes:
3516 609 3612 661 Ubi
3667 619 3742 661 est

2189 700 2326 755 Deus
2358 701 2473 767 ejus
2496 739 2511 762 ,
2543 709 2595 753 et
2626 700 2709 751 ubi
2740 698 2874 752 fides
2902 700 3034 769 ejus,
3065 710 3116 751 et
3149 700 3232 751 ubi
3262 699 3503 752 doctrina
3535 701 3743 766 ipsius?

2187 789 2288 855 Qui
2322 805 2441 843 cum
2471 790 2706 842 venisset
2737 788 2787 840 itt
2833 788 3137 855 praetorium
3179 788 3593 851 debonestatus,
3625 800 3677 841 et
3716 802 3741 839 a

2187 878 2519 931 carnificibus
2548 880 2844 932 vinculatus
2870 895 2986 933 cum
3015 880 3223 946 gladiis,
3251 880 3592 947 conjt-cerunt
3624 894 3736 932 θυη-

2189 968 2239 1018 ἱη
2292 982 2448 1018 unum
2494 982 2766 1019 carcerum
2813 984 2931 1020 cum
2980 968 3293 1027 ltomicidls.
3324 979 3375 1019 et
3422 979 3538 1035 post
3587 983 3739 1020 unam

2186 1058 2331 1120 quasi
2365 1056 2546 1107 horam
2580 1057 2811 1109 tulerunt
2840 1071 2956 1108 i-um
3000 1056 3153 1118 inde.
3200 1067 3250 1109 et
3296 1068 3735 1122 transposuerunt

2189 1144 2239 1195 iu
2267 1158 2382 1197 eam
2416 1158 2532 1209 qua:
2564 1143 2755 1196 dicitur
2789 1142 3053 1196 Diomedis
3084 1144 3354 1206 custodia,
3400 1145 3451 1197 in
3498 1145 3743 1211 praatorio

2187 1233 2447 1299 praefecti.
2476 1233 2640 1285 Tanta
2669 1241 2844 1285 autem
2875 1234 3121 1285 instantia
3150 1242 3203 1285 et
3233 1234 3277 1284 vi
3311 1232 3595 1287 trahebant
3624 1249 3743 1288 eum

2186 1323 2419 1375 vinculis
2450 1337 2647 1375 nexum
2670 1362 2684 1386 ,
2719 1333 2773 1374 ut
2806 1323 3189 1376 dilaniarentur
3220 1338 3372 1376 crura
3404 1334 3460 1377 et
3506 1325 3735 1391 pOplites

2186 1414 2300 1481 ejus
2320 1453 2335 1477 ,
2368 1423 2421 1467 et
2451 1414 2663 1481 sanguis
2692 1411 2934 1466 efflueret
2966 1426 3058 1478 per
3086 1427 3367 1466 ascensum
3396 1414 3554 1465 scale
3585 1413 3724 1479 ejus-

2191 1506 2311 1557 dem
2342 1506 2617 1558 custodiae.
2650 1505 2786 1559 Sunt
2816 1506 2955 1557 enim
2988 1504 3248 1570 scopulosi
3280 1511 3334 1555 et
3361 1504 3533 1569 asperi
3564 1487 3742 1563 val-le,

2183 1610 2242 1647 ac
2280 1595 2491 1662 penitus
2541 1596 2589 1645 in
2639 1596 2803 1645 altum
2850 1593 3079 1661 porrecti
3124 1592 3344 1659 gradus.
3396 1593 3522 1645 Erat
3564 1602 3743 1646 autem

2183 1684 2299 1750 ipse
2345 1683 2531 1735 beatus
2574 1682 2854 1749 priesentis
2892 1680 3013 1734 vita:
3056 1681 3325 1747 proximus
3360 1681 3470 1749 jam
3512 1696 3739 1745 carere,

2116 1771 2158 1828 Β
2184 1773 2459 1839 suppliciis
2496 1772 2669 1833 anima
2700 1770 2984 1823 deficiente
3010 1770 3168 1823 etiam
3193 1781 3315 1823 ante
3342 1770 3600 1838 gladium,
3623 1786 3740 1824 cum

2174 1861 2280 1927 jam
2306 1859 2407 1913 ndn
2430 1862 2627 1913 valeret
2649 1858 3013 1911 conscendere
3038 1874 3156 1910 cum
3182 1873 3240 1912 se
3266 1859 3626 1912 trahentibus.
3663 1859 3743 1911 ln-

2180 1955 2523 2023 troducentes
2579 1966 2708 2020 ergo
2758 1967 2878 2005 eum
2928 1953 3409 2019 quomodocui-que
3462 1954 3511 2005 in
3559 1962 3738 2006 custo-

2176 2041 2317 2092 diam
2338 2078 2353 2101 ,
2386 2040 2728 2093 decidentem
2760 2041 2954 2106 sapius
2982 2048 3035 2093 et
3075 2050 3377 2107 surgentem
3402 2081 3415 2101 ,
3451 2052 3741 2107 posuerunt

2178 2131 2229 2182 in
2262 2143 2484 2182 scamno
2514 2129 2756 2183 indutum
2798 2129 2983 2181 calibis
3022 2136 3074 2180 et
3113 2128 3335 2181 catenis.
3378 2129 3525 2181 Tunc
3570 2132 3743 2195 enim,

2178 2220 2388 2285 quando
2421 2217 2647 2270 traditus
2678 2226 2760 2269 est
2789 2232 2818 2269 a
2850 2216 3049 2283 Caipha
3090 2215 3261 2268 Pilato
3302 2227 3355 2268 ut
3394 2215 3739 2283 crucifigere-

2182 2300 2284 2373 tur,
2331 2309 2432 2361 hoc
2470 2315 2582 2371 est,
2624 2322 2654 2360 a
2716 2306 2997 2374 pra'fecto,
3038 2306 3285 2359 continuo
3323 2320 3445 2359 cum
3484 2320 3742 2360 exuerent

2176 2414 2295 2453 eum
2322 2397 2608 2452 carnifices
2632 2438 2647 2463 ,
2700 2398 2934 2467 graviter
2965 2397 3231 2465 algoribus
3262 2397 3553 2450 vexabatur
3580 2414 3596 2461 ;
3630 2406 3742 2449 erat

2177 2490 2317 2544 enim
2352 2489 2705 2545 intolerabilis
2735 2491 2928 2544 hiems.
2959 2488 3324 2557 Imposuerunt
3352 2489 3399 2541 ei
3427 2488 3737 2555 gravissima

2177 2580 2305 2634 ferri
2359 2582 2594 2648 pondera
2620 2620 2635 2643 ,
2676 2592 2729 2636 et
2762 2582 2939 2635 nullus
2978 2580 3163 2635 aderat
3205 2580 3254 2634 ei
3296 2579 3571 2634 hominum
3622 2580 3741 2648 ejus

2178 2670 2421 2737 proprius
2445 2710 2459 2733 ,
2497 2678 2725 2738 excepto
2765 2684 2868 2723 uno
2923 2669 3258 2723 solummodo
3297 2670 3494 2723 clerico
3554 2669 3739 2723 adule-

2174 2766 2386 2819 scente;
2418 2756 2613 2824 quique
2639 2770 2981 2810 rommanens
3009 2756 3056 2809 ei
3089 2762 3137 2809 in
3166 2757 3425 2819 custodia,
3460 2767 3512 2810 et
3544 2772 3730 2823 super-

2177 2855 2326 2922 stans
2368 2845 2763 2899 lamentabatur
2805 2847 3147 2913 magistrum,
3187 2846 3323 2897 sicut
3363 2843 3574 2897 Petrus.
3612 2845 3738 2898 Erat

2175 2937 2333 2990 etiam
2374 2938 2689 2991 convinctus
2738 2937 2992 3004 magister
3036 2936 3290 2990 custodia:
3330 2936 3506 3009 eidem
3554 2936 3737 3000 beato,

2174 3028 2425 3091 quoniam
2456 3026 2535 3080 sic
2565 3034 2679 3079 erat
2714 3039 2859 3088 mos,
2894 3034 2952 3078 ut
2985 3025 3193 3078 futurus
3224 3024 3328 3091 pati
3379 3040 3472 3092 per
3512 3025 3738 3093 gladium

418 3151 421 3154 ν
507 3119 758 3170 continuo
777 3118 1109 3170 membratim
1132 3119 1303 3173 incide
1326 3119 1640 3173 illum.Cum
1668 3119 1750 3173 his
1767 3130 1940 3175 autem
1962 3137 2074 3174 om-
2100 3096 2145 3156 (ἶ
2176 3110 2576 3169 convinciretur
2626 3116 2884 3184 magistro
2930 3116 3214 3169 custodiae.
3259 3115 3422 3168 Erant
3459 3130 3588 3183 ergo
3625 3116 3740 3167 due

508 3206 662 3259 nibus
687 3205 849 3273 jussit
879 3209 1171 3262 astantibus
1200 3208 1646 3262 anathematizare
1675 3225 1820 3272 eum,
1850 3213 1989 3278 quod
2022 3222 2073 3264 et

507 3293 770 3348 fecerunt.
804 3295 917 3350 Non
944 3296 1331 3363 responderunt
1360 3310 1535 3350 autem
1567 3298 1929 3365 hujuscemodi
1957 3300 2072 3353 voci

508 3383 691 3450 viginti
723 3382 952 3437 virorum
978 3385 1186 3436 animas.
1215 3384 1317 3438 Sed
1347 3400 1531 3439 omnes
1555 3388 1747 3455 quique
1774 3387 1871 3440 hoc
1901 3389 2070 3455 ipsum

506 3468 793 3534 viiebaut,
823 3482 877 3524 et
902 3472 1142 3524 sciebant
1168 3471 1287 3539 quia
1318 3483 1400 3524 est
1434 3472 1570 3525 Deus
1605 3476 1655 3524 in
1689 3478 1824 3527 coelo
1850 3489 2072 3540 cmispe—

510 3570 625 3611 ctor
655 3574 839 3613 eorum
872 3576 989 3627 qua:
1026 3560 1252 3622 fiebant,
1287 3562 1519 3615 demisso
1551 3564 1699 3617 vultu
1742 3581 1861 3617 cum
1909 3572 2069 3619 multa

504 3647 867 3701 nitestitudine
892 3648 1211 3702 recedebant
1230 3659 1251 3684 ο
1281 3661 1313 3703 ιι
1332 3650 1538 3706 ibulati.
1566 3654 1923 3722 Suscipientes
1946 3673 2071 3725 ergo

504 3751 624 3790 eum
664 3738 939 3791 carnifices
964 3780 977 3801 ,
1009 3750 1268 3792 exuerunt
1299 3742 1535 3795 exterius
1565 3744 1681 3812 ejus
1726 3746 1937 3810 pallium
1981 3762 2068 3799 sa-

502 3824 795 3878 cerdotalis
844 3826 1027 3891 stolae,
1080 3836 1133 3880 et
1181 3828 1485 3883 scindentes
1527 3833 1635 3884 alas
1682 3835 1906 3899 tunica,
1952 3851 2070 3904 qua:

502 3924 607 3970 crat
646 3916 869 3969 interius
907 3931 936 3970 a
968 3932 1177 3971 summo
1226 3933 1390 3987 USqtte
1435 3921 1683 3975 deorsum
1708 3963 1723 3987 ,
1768 3925 2070 3993 circumpo-

499 4013 723 4058 siterunt
754 4006 922 4057 ferrea
953 4007 1165 4060 vincula
1198 4008 1249 4060 in
1282 4018 1517 4063 sanctam
1548 4012 1662 4079 ejus
1686 4014 1956 4067 cervicem
1976 4057 1989 4079 ,
2017 4025 2070 4070 et

512 4111 605 4163 per
632 4109 792 4148 omne
822 4110 1014 4163 corpus
1042 4083 1161 4165 ejus
1194 4096 1463 4152 trahentes
1503 4115 1623 4153 eum
1656 4101 1741 4169 vi,
1793 4118 1897 4156 non
1944 4119 2069 4157 con-

509 4197 785 4239 cesserunt
817 4188 1031 4255 penitus
1062 4190 1107 4242 ei
1141 4190 1331 4244 alicubi
1363 4192 1615 4257 residere,
1646 4203 1697 4247 et
1723 4196 1956 4249 animam
1986 4212 2067 4251 reo

506 4278 767 4341 focillare,
798 4278 889 4331 sed
922 4294 949 4331 a
986 4280 1184 4347 palatio
1213 4281 1471 4335 duxerunt
1503 4299 1624 4336 eum
1659 4286 1984 4352 publicantes
2014 4296 2068 4341 et

502 4368 913 4420 dehonestantcs
944 4384 1038 4436 per
1068 4370 1297 4424 medium
1340 4373 1569 4427 civitatis
1613 4376 1676 4426 ad
1723 4379 2026 4442 prretorium
2052 4418 2065 4439 ,

2181 3205 2467 3268 mulieres,
2500 3204 2730 3274 genitrix
2762 3214 2815 3257 et
2846 3214 2965 3257 nata
2986 3245 3001 3271 ,
3038 3205 3439 3273 prtenominatre
3484 3205 3741 3257 custodiae

2175 3296 2351 3348 claves
2395 3304 2666 3359 tenentes.
2709 3311 2933 3363 quaeque
2974 3295 3298 3361 aspicientes
3344 3290 3735 3361 importabilem

2176 3385 2414 3438 dolorem
2448 3387 2619 3438 sancti
2655 3385 2797 3437 illius
2818 3423 2834 3446 ,
2864 3387 2952 3453 qui
2988 3386 3125 3438 inter
3158 3396 3234 3437 tot
3265 3400 3539 3450 poenarum
3568 3378 3757 3452 κείω-⁸

2177 3489 2231 3526 ra
2262 3513 2274 3537 ,
2331 3488 2450 3540 quae
2504 3474 2758 3534 aderant,
2811 3474 2993 3543 algore
3041 3474 3376 3541 quatiebatur
3413 3474 3737 3532 durissimo.

2182 3572 2340 3616 mota:
2372 3565 2856 3629 compassionibus,
2891 3565 3201 3632 quaerebant
3228 3565 3457 3632 aliquam
3487 3563 3740 3618 exhibere

2174 3654 2595 3707 misericordiam
2637 3670 2752 3707 cum
2784 3670 2883 3719 eo,
2915 3666 2965 3708 et
2997 3665 3281 3723 contegere
3314 3669 3432 3709 eum
3456 3694 3473 3720 ,
3504 3655 3599 3708 sed
3630 3651 3739 3707 non

2170 3746 2441 3799 audebant
2474 3756 2693 3813 propter
2718 3746 3057 3799 convinctum
3096 3735 3153 3798 et
3191 3746 3581 3800 custodientem
3625 3760 3737 3799 car-

2173 3833 2402 3885 nificem.
2432 3832 2694 3886 Putabant
2716 3835 2856 3887 enim
2886 3844 3120 3887 actutum
3150 3844 3421 3887 venturam
3449 3847 3730 3889 censuram

2174 3932 2231 3977 ut
2276 3924 2650 3977 trucidaretur.
2712 3924 2837 3977 Post
2886 3925 3319 3992 quasdam’vero
3366 3925 3562 3986 horas.
3617 3940 3733 3978 cum

2173 4025 2455 4067 vocassent
2488 4016 2704 4081 quidam
2738 4015 2804 4067 ab
2836 4016 2947 4069 imo
2978 4032 3042 4069 ex
3083 4016 3269 4070 ordine
3313 4016 3524 4070 militari
3568 4017 3736 4086 magi-

2172 4112 2336 4155 strum
2370 4103 2561 4169 vigilite
2607 4111 2629 4140 °
2676 4102 3022 4168 carnificum,
3076 4101 3435 4157 descendente
3482 4120 3584 4167 eo.
3638 4120 3736 4159 una

2172 4194 2453 4245 mulierum
2480 4192 2874 4260 ergastulorum
2912 4192 3128 4246 illorum
3161 4194 3369 4259 pietatis
3400 4196 3607 4249 viscere
3638 4194 3735 4248 du-

2170 4292 2275 4348 cta,
2306 4284 2589 4347 accedens,
2620 4284 3054 4352 amplectensque
3086 4284 3392 4337 bellatorum
3442 4285 3644 4339 Clit-isti
3679 4296 3729 4340 et

2176 4375 2527 4439 apostolicum
2564 4375 2773 4427 Patrem
2798 4416 2812 4438 ,
2846 4382 3168 4443 portansque
3197 4377 3475 4430 reclinavit
3503 4392 3630 4431 eum
3676 4380 3725 4430 in

500 4467 555 4510 et
584 4458 789 4527 gladius
815 4472 993 4510 coram
1025 4473 1107 4512 eo.
1136 4459 1259 4513 Erat
1286 4473 1459 4515 autem
1484 4463 1634 4519 dolor
1661 4480 1879 4531 magnus
1908 4466 2067 4521 beato
2101 4444 2147 4503 ί)
2182 4463 2396 4529 proprio
2442 4474 2557 4515 toro
2589 4476 2718 4527 suo,
2752 4472 3041 4532 contegens
3089 4464 3283 4518 utiliter
3329 4475 3383 4519 et
3426 4466 3730 4520 involvens.

502 4546 611 4608 illi,
646 4554 697 4598 et
729 4546 1097 4601 inenarrabilis
1133 4550 1390 4617 :roppido
1439 4553 1578 4605 enim
1633 4564 1748 4607 erat
1794 4553 1968 4609 fessus
2015 4566 2068 4611 et

503 4636 780 4701 infirmus,
813 4652 922 4705 pra;
958 4639 1117 4691 tantis
1149 4641 1502 4696 incommodis
1535 4643 1739 4698 futurus
1768 4648 2067 4715 relinqui-re

501 4728 730 4779 animam
762 4743 790 4779 a
825 4742 1072 4795 pressura
1104 4730 1409 4795 passionum
1438 4741 1491 4784 et
1519 4724 1775 4786 tenuitate
1803 4734 2063 4801 corporis.

505 4818 748 4868 Attamen
782 4817 1020 4884 gaudens
1050 4832 1143 4883 spe
1172 4812 1573 4873 confmtabatur
1616 4822 1667 4873 in
1702 4821 1928 4876 Domino
1956 4840 1970 4885 ;
2015 4835 2068 4877 et

503 4922 606 4975 quo
638 4909 807 4977 magis
838 4924 959 4962 cum
992 4909 1277 4965 afflictione
1319 4921 1367 4965 et
1411 4913 1457 4963 vi
1504 4914 1830 4978 trahebatur,
1878 4930 1942 4967 eo
1984 4929 2066 4968 se-

502 5014 632 5053 reno
660 4999 844 5053 obtutu
876 5001 1061 5053 ductus
1090 5014 1208 5053 cum
1242 5002 1404 5054 multa
1434 5002 1732 5054 constantia
1764 5003 1955 5056 animae
1982 5004 2067 5070 ju-

504 5103 645 5152 stus,
674 5106 793 5144 cum
827 5106 931 5143 uno
960 5091 1295 5143 solummodo
1327 5092 1637 5165 indumento
1664 5110 1691 5144 a
1720 5108 1931 5146 summo
1959 5096 2069 5147 dis-

501 5181 639 5235 cisso
669 5181 720 5233 in
750 5181 881 5233 duas
913 5188 1111 5249 partes.
1145 5190 1198 5235 et
1225 5183 1340 5234 sine
1369 5183 1627 5235 cinctorio
1656 5185 1983 5251 sequebatur
2012 5184 2063 5251 δ,

500 5270 632 5324 adeo
662 5278 717 5323 ut
741 5270 990 5322 interiora
1021 5268 1137 5337 ejus
1166 5269 1553 5335 quodammodo
1584 5271 1719 5323 nuda
1757 5272 2060 5338 panderen-

502 5370 607 5425 tur,
640 5370 691 5413 et
722 5359 998 5413 multifaria
1030 5361 1241 5428 quidem
1274 5361 1527 5413 continuo
1573 5364 1882 5426 populorum
1932 5379 2061 5417 con-

504 5450 701 5517 spectis
726 5464 841 5516 qum
873 5448 1095 5514 ﬁebant,
1123 5450 1435 5516 gemebant,
1468 5460 1522 5503 ut
1550 5452 1822 5507 veritatem
1853 5454 2023 5507 dicam
2044 5494 2057 5517 ,

574 5590 597 5615 ⁸
642 5581 819 5642 Rom.,
854 5582 1063 5631 turbati.

570 5646 601 5687 ι
642 5651 792 5700 Rom.
840 5650 914 5703 sic
961 5650 1118 5718 legit:
1168 5649 1485 5715 Sequebatur
1526 5652 1599 5703 vir
1637 5660 1829 5713 tantus,
1870 5654 1972 5717 fide
2014 5670 2050 5705 ε.

504 5721 669 5787 gratia
702 5718 906 5771 Domini
936 5721 1149 5775 (ἔνειμε.
1188 5718 1327 5786 Heu,
1362 5718 1492 5787 proh
1518 5722 1701 5773 dolor!
1729 5738 1951 5777 cerneres
1982 5726 2057 5774 ri-

2175 4552 2369 4605 Mansit
2408 4564 2582 4604 autem
2632 4567 2797 4618 usque
2843 4553 2907 4604 ad
2954 4567 3231 4621 vesperum
3260 4555 3393 4628 sine
3433 4570 3584 4611 voce.
3626 4555 3731 4611 Ve-

2169 4654 2326 4706 spere
2354 4649 2529 4693 autem
2562 4639 2731 4704 facto,
2766 4642 2910 4695 misit
2939 4641 3002 4694 ad
3033 4656 3153 4695 eum
3196 4641 3483 4711 Gregorius
3530 4646 3728 4713 prafe-

2167 4738 2286 4783 ctus
2316 4730 2587 4782 eunuchus
2614 4744 2682 4782 ex
2719 4729 3060 4783 cubiculariis
3091 4730 3347 4799 majorem
3376 4729 3569 4786 domus
3597 4747 3730 4796 sua.

2168 4837 2289 4874 cum
2343 4822 2519 4887 parvis
2565 4821 2812 4883 cibariis,
2845 4823 2931 4888 qui
2979 4821 3167 4874 refecit
3211 4836 3331 4875 eum
3352 4862 3368 4887 ,
3398 4821 3580 4877 dicens
3608 4838 3626 4877 :
3659 4823 3733 4876 Ne

2170 4909 2387 4963 drftcias
2420 4911 2469 4961 in
2504 4908 2949 4969 tribulationibus.
2974 4907 3291 4973 confidimus
3322 4909 3372 4961 in
3406 4909 3593 4971 Deum,
3629 4924 3729 4963 non

2169 5000 2435 5053 morieris.
2473 5000 2525 5051 ln
2554 5013 2659 5066 quo
2688 5000 2855 5065 magis
2893 5007 3206 5066 aggravatus
3238 4998 3329 5053 ille
3360 4999 3543 5053 beatus
3576 5002 3731 5067 inge-

2170 5092 2319 5143 muit.
2352 5090 2697 5142 Abstulerunt
2726 5092 2902 5143 autem
2936 5088 3103 5143 ferrea
3139 5091 3343 5143 vincula
3372 5091 3632 5144 continuo
3664 5091 3730 5144 ab

2168 5197 2252 5233 eo.
2286 5180 2538 5247 Sequenti
2570 5194 2699 5231 vero
2729 5179 2815 5233 die
2844 5180 3029 5232 abiens
3076 5180 3363 5247 imperator
3405 5181 3457 5233 in
3502 5182 3731 5247 patriar-

2170 5271 2351 5323 cliium
2386 5269 2590 5322 visendi
2634 5269 2799 5335 gratia
2845 5268 3061 5320 Paulum
3104 5270 3460 5335 patriarcham
3499 5270 3725 5337 (proxi-

2166 5375 2282 5413 mus
2312 5362 2451 5413 enim
2485 5370 2599 5411 erat
2630 5357 2826 5425 morti)
2861 5359 3094 5411 narravit
3126 5359 3173 5411 ei
3207 5368 3726 5425 qumconsummata

2164 5460 2287 5504 sunt
2319 5448 2369 5501 in
2401 5448 2796 5501 sanctissimum
2828 5449 3019 5500 virum.
3056 5446 3409 5515 lngemiscens
3439 5459 3565 5500 vero
3596 5446 3726 5501 Pau-

2164 5599 2275 5635 rum
2310 5580 2413 5633 Deo
2447 5580 2647 5647 plenum
2680 5585 2823 5631 tanta
2853 5577 3121 5647 opprobrio
3152 5576 3431 5649 subjectum
3454 5614 3469 5643 ,
3504 5585 3561 5631 ut
3589 5578 3725 5633 infe-

2162 5656 2296 5706 riora
2315 5660 2455 5701 .-etc.

2239 5733 2259 5759 c
2309 5719 2455 5774 ἢθη),
2482 5762 2489 5765 ν
2524 5717 2807 5769 μην-τριήΙίι,
