3918 6360
131 472 214 526 Hi
1369 469 1639 525 NOTITIA

1759 470 2039 523 STORICA
2052 511 2066 525 .

3230 476 3327 527 illi

127 607 222 664 lus.
247 608 294 656 et
323 613 616 652 conversus
662 600 729 652 ad
764 598 1018 667 parietem
1051 599 1183 652 dixit
1214 618 1225 652 :
1271 598 1364 654 Hei
1411 599 1537 651 mihi
1564 599 1577 650 !
1611 609 1660 650 et
1694 603 1741 658 Α
1768 608 1897 662 ergo
1918 595 1970 648 in
1996 593 2385 648 miserabilibus
2410 593 2712 646 hominibus
2737 596 2850 646 haec
2874 594 3037 653 tiunt.
3063 597 3152 663 qui
3184 598 3327 649 venit

126 696 212 744 hoc
237 692 297 744 ad
325 690 699 742 abundantiam
722 689 1046 756 iudiciorum
1077 705 1316 743 meorum
1347 697 1523 742 actum
1551 699 1655 741 est.

126 783 446 836 Percontatus
474 791 654 834 autem
685 781 753 832 ab
794 781 1114 847 imperatore
1159 779 1508 846 quamobrem
1559 778 1658 830 hoc

124 872 328 934 dixerit,
359 869 632 934 reSpondit
665 886 680 922 :
712 869 1079 944 Nunquidnam
1107 911 1120 932 ,
1152 868 1403 934 domine,
1437 884 1542 922 non
1575 879 1659 922 est

125 960 403 1014 miserabile
431 960 551 1012 talia
581 959 689 1026 pati
717 959 1033 1028 Pontiﬁces?
1055 958 1204 1011 Tunc
1227 958 1482 1011 attentius
1511 957 1661 1024 adju-

125 1049 247 1100 ravit
268 1050 636 1114 imperatorem
665 1046 914 1100 sufficere
937 1048 985 1100 ei
1014 1047 1066 1099 in
1092 1047 1174 1100 bis
1199 1061 1319 1116 qua:
1346 1061 1533 1114 passus
1559 1056 1662 1107 est,

124 1121 342 1207 nihilque
366 1137 593 1205 amplius
619 1136 904 1191 sustinere.
939 1137 1089 1192 Unde
1111 1138 1332 1192 audiens
1360 1139 1545 1190 beatus
1573 1136 1662 1189 ille

124 1243 178 1280 ac
202 1224 509 1294 apostolicus
535 1230 634 1289 vir,
659 1228 800 1294 quod
830 1242 935 1281 non
961 1227 1194 1294 suscepit
1218 1226 1358 1294 quod
1385 1234 1663 1292 exspecta-

130 1317 210 1368 bat
232 1357 244 1380 ,
273 1333 368 1368 non
398 1325 603 1384 gratum
658 1316 841 1387 habuit
870 1316 975 1369 tale
1012 1315 1328 1382 promissum
1347 1354 1360 1377 ,
1391 1315 1482 1368 sed
1517 1314 1664 1382 peni.

123 1417 197 1461 tus
218 1419 422 1461 mustos
443 1406 668 1461 effectus
692 1415 796 1461 est.
826 1407 1133 1461 Festinabat
1155 1406 1300 1459 enim
1323 1406 1544 1472 explere
1569 1406 1665 1456 bo-

123 1514 235 1549 num
265 1509 522 1554 certamen
545 1538 561 1562 ,
590 1505 648 1552 et
677 1497 823 1550 abire
855 1496 921 1548 ad
949 1510 1070 1549 eum
1097 1510 1255 1564 quem
1302 1493 1661 1548 desiderabat.

127 1587 312 1639 Interea
339 1586 590 1640 defuncto
626 1586 821 1647 Paulo,
853 1597 906 1640 et
937 1586 1142 1654 Pyrrho
1173 1585 1408 1638 residere
1439 1585 1660 1647 nitente,

121 1684 264 1743 atque
291 1675 603 1741 quibusdam
639 1675 892 1728 Ecclesia
919 1672 1412 1727 contradicentibus
1441 1683 1494 1726 et
1537 1686 1660 1740 pro.

122 1765 436 1828 bibentibus,
473 1764 823 1834 libellumque
853 1763 972 1833 ejus
1003 1762 1394 1832 publicantibus
1439 1765 1489 1817 in
1523 1762 1664 1830 pala-

125 1855 212 1915 tio,
235 1855 695 1922 asserentibusque
723 1855 973 1921 quoniam
1006 1866 1058 1909 et
1088 1868 1118 1908 a
1153 1854 1466 1909 beatissimo
1499 1854 1664 1906 f‘aulo

1765 686 1928 739 etiam
1955 686 2287 740 honorabilis
2315 686 2450 737 sicut
2480 685 2795 753 episcopus.
2823 688 3032 753 qualem
3061 697 3325 754 sumptum

1763 774 1919 828 habet
1960 774 2271 842 suscipere?
2302 773 2434 826 Dicit
2475 774 2539 825 ad
2588 788 2708 826 eum
2760 775 3183 826 Demosthenes:
3219 775 3325 828 Nos

1760 866 2072 929 didicimus,
2106 868 2228 934 quia
2262 867 2311 919 vi
2344 867 2464 918 fecit
2494 865 2730 918 libellum
2763 866 2991 933 Pyrrhus
3021 867 3231 932 Romae,
3262 880 3316 922 et

1767 958 1889 1024 quia
1922 957 2094 1025 lignea
2129 957 2332 1010 vincula
2364 959 2644 1022 sustinuit,
2673 969 2726 1011 et
2754 959 2913 1011 multa
2939 959 3165 1011 dolenda
3201 976 3313 1025 pas-

1762 1063 1854 1099 sus
1881 1058 1981 1100 est.
2018 1047 2313 1114 Respondit
2364 1049 2441 1099 ιιι-
2487 1047 2575 1100 ille
2625 1047 2841 1110 beatus,
2887 1057 2940 1102 et
2980 1048 3145 1100 dixit:
3179 1049 3316 1102 Nihil

1765 1138 1872 1190 tale
1903 1137 2099 1190 factum
2131 1147 2232 1190 est.
2266 1137 2394 1190 Nam
2425 1137 2522 1189 nisi
2555 1138 2672 1204 quia
2721 1138 3002 1191 formidine
3043 1138 3200 1204 aliqui
3248 1149 3328 1191 te-

1771 1236 1984 1293 nentur,
2018 1242 2120 1281 non
2151 1239 2370 1294 possunt
2401 1228 2535 1281 forte
2565 1229 2703 1296 loqui
2735 1229 3035 1283 veritatem.
3073 1230 3164 1281 llic
3196 1240 3320 1282 sunt

1764 1315 2218 1385 Constantinopoli
2254 1319 2464 1386 plurimi
2487 1360 2501 1380 ,
2532 1319 2619 1386 qui
2667 1329 2790 1373 tunc
2830 1333 2979 1374 erant
3023 1321 3205 1374 Romae
3231 1362 3245 1382 .
3275 1333 3327 1375 et

1764 1408 2082 1474 sciuntqua:
2114 1407 2181 1460 ibi
2214 1417 2360 1477 gesta
2391 1417 2533 1460 sunt.
2569 1406 2642 1461 Ex
2676 1409 2866 1477 quibus
2907 1409 3119 1463 interim
3163 1426 3326 1477 supc-

1767 1505 1874 1549 rest
1903 1496 2049 1549 Plato
2081 1497 2351 1564 patricius,
2381 1498 2468 1564 qui
2504 1506 2626 1549 tunc
2657 1497 2921 1550 exarchus
2949 1507 3063 1550 erat
3086 1538 3100 1558 .
3133 1499 3333 1566 quique

1763 1584 1957 1639 direxit
2005 1586 2251 1640 homines
2300 1587 2424 1638 suos
2472 1594 2598 1638 tunc
2647 1587 2711 1636 ad
2761 1584 3020 1654 Pyrrhum
3073 1585 3330 1642 Romam:

1768 1673 2145 1738 percontamini
2176 1687 2296 1724 eum
2327 1672 2395 1725 de
2427 1670 2507 1725 bis
2548 1675 2592 1725 si
2637 1673 2884 1725 mentior.
2917 1671 3292 1725 Verumtamen
3313 1713 3328 1737 ,

1764 1761 1889 1827 quid
1923 1761 2166 1813 volumus
2214 1761 2438 1826 plurima
2486 1759 2771 1829 qumrcre?
2818 1760 2951 1814 Ecce
2994 1762 3046 1813 in
3092 1761 3332 1814 manibus

1768 1856 1955 1908 vestris
1995 1855 2236 1908 retinetis
2269 1870 2354 1908 me
2379 1895 2392 1917 ,
2426 1864 2478 1905 et
2509 1853 2860 1921 quodcunque
2904 1855 3059 1906 vultis
3088 1868 3331 1916 consum-

119 1949 573 2003 aoathematizatus
601 1960 718 2010 est,
750 1949 987 2018 Pyrrhus
1017 1949 1332 2015 reprobatus
1359 1962 1441 2003 εει
1483 1964 1658 2002 sacer-
1696 1941 1737 2000 Β
1767 1956 1906 1997 male
1937 1946 1986 1997 in
2022 1960 2125 2007 me,
2161 1944 2269 1998 Deo
2301 1943 2605 2010 indulgente
2637 1944 2687 1994 in
2736 1954 2907 1996 vestra
2938 1954 3020 1996 est
3051 1953 3328 2009 potestate.

121 2040 255 2091 dotio
280 2049 488 2107 propter
516 2041 751 2094 libellum
781 2054 936 2106 quem
967 2039 1164 2099 fecerat
1193 2039 1394 2100 limum,
1419 2050 1468 2092 et
1500 2039 1660 2090 mulaa

116 2130 454 2182 commotione
486 2129 621 2182 facta
648 2168 662 2191 ,
697 2136 818 2195 post
847 2129 962 2182 dies
1009 2140 1130 2182 octo
1173 2128 1420 2182 defuncto
1467 2129 1659 2191 Paulo,

113 2216 339 2285 dirigitur
367 2219 432 2270 ab
478 2219 807 2286 imperatore
837 2219 900 2270 ad
939 2218 1207 2272 Diomedis
1253 2219 1551 2272 custodiam
1599 2220 1664 2270 ad

116 2307 488 2376 magnanimum
521 2324 708 2377 papam
741 2309 1126 2364 Demosthenes
1152 2311 1442 2378 rescriptor
1470 2319 1524 2363 et
1552 2311 1661 2362 col-

112 2399 364 2453 labantur
390 2399 652 2453 sacellarii
674 2442 688 2464 ,
720 2412 774 2454 et
800 2401 1102 2454 libellit‘icus
1129 2417 1247 2454 cum
1277 2415 1366 2456 eo.
1400 2401 1662 2453 Intrantvs

111 2505 228 2543 vero
263 2491 503 2544 dixerunt
533 2493 602 2543 ad
632 2506 755 2544 eum
784 2509 797 2544 :
849 2492 1162 2546 Dnminator
1209 2501 1390 2546 noster
1436 2492 1664 2545 eximius

108 2579 379 2645 imperator
409 2579 555 2633 misit
584 2594 680 2635 nos
709 2582 773 2633 ad
807 2590 858 2634 te
882 2621 894 2641 .
926 2581 1115 2636 dicens
1145 2599 1156 2633 :
1209 2582 1346 2635 Ecce
1378 2583 1429 2635 in
1461 2573 1660 2650 qua'uta

105 2670 257 2737 gloria
291 2672 436 2739 prius
465 2658 793 2737 consistens,
827 2674 880 2725 in
911 2675 1120 2739 qualem
1151 2673 1392 2727 ordinem
1426 2677 1652 2742 teipsnm

102 2761 316 2824 duxisti;
346 2776 508 2815 nemo
537 2761 632 2816 tibi
662 2761 785 2816 fecit
815 2762 934 2825 hoc,
965 2762 1058 2814 sed
1091 2770 1145 2814 tn
1179 2761 1290 2828 ipse
1322 2761 1657 2828 tibimetipsi.

107 2850 211 2915 Ipse
238 2860 412 2904 autem
445 2851 580 2905 nihil
622 2851 762 2905 aliud
806 2851 1112 2918 respondit,
1156 2851 1258 2904 nisi
1299 2851 1470 2903 solmn
1516 2852 1658 2903 hoc:

99 2938 269 2993 Gloria
309 2951 364 2994 et
407 2942 702 3010 gratiarum
732 2943 872 2994 actio
904 2956 997 3009 per
1025 2942 1202 2994 omnia
1237 2941 1337 2994 soli
1371 2941 1658 2993 ἱιιιιιιιιτιειιὶ

98 3032 221 3101 regi.
258 3034 392 3086 Dicit
420 3036 486 3087 ad
516 3051 640 3089 eum
691 3037 1075 3108 Demosthenes
1121 3035 1426 3102 rescriptor.
1473 3035 1655 3103 8³εοί-

99 3124 265 3176 ticavit
294 3124 387 3176 tihi
417 3123 747 3188 dominator,
777 3125 864 3178 dic
908 3126 1061 3179 nobis
1091 3141 1149 3179 ea
1185 3141 1302 3194 qua:
1345 3125 1412 3178 de
1460 3125 1661 3192 l’yrrho

94 3213 456 3280 expatriarcha
489 3213 579 3268 hic
604 3224 658 3269 et
688 3214 870 3268 Romae
899 3215 1289 3284 subsequenter
1318 3223 1466 3282 gesta
1505 3228 1649 3268 sunt.

1764 2036 1956 2103 Utique
1987 2037 2029 2089 si
2063 2036 2397 2088 membratim
2448 2035 2677 2086 inciditis
2719 2049 2906 2086 carnes
2953 2049 3134 2094 meas,
3180 2034 3329 2086 sicuti

1763 2124 2013 2190 prazfecto
2039 2124 2285 2190 jos~istis
2322 2139 2442 2175 cum
2479 2139 2563 2176 me
2607 2123 2921 2184 traderetis,
2955 2138 3059 2174 non
3090 2138 3331 2175 conmin-

1766 2212 1889 2264 nico
1921 2211 2173 2264 Ecclesiae
2201 2212 2824 2279 Constantinopolitanae.
2871 2213 3005 2265 Ecce
3049 2213 3133 2264 hic
3173 2228 3327 2275 sum,

1763 2301 2071 2352 examinate
2104 2313 2211 2362 me,
2241 2310 2293 2351 et
2324 2308 2542 2360 tentate.
2575 2309 2628 2351 et
2658 2301 2938 2353 invenietis
2969 2302 3330 2367 experimento

1763 2387 1994 2454 gratiam
2049 2388 2173 2450 Dei,
2234 2397 2287 2440 et
2341 2388 2572 2440 fidelium
2622 2403 2894 2441 servorum
2949 2392 3083 2456 ejus.
3138 2391 3330 2442 lterum

1768 2477 2005 2544 Pyrrhus
2039 2478 2088 2528 in
2139 2476 2367 2528 medium
2414 2473 2591 2538 vertit,
2639 2477 2728 2542 qui
2777 2478 2930 2528 toties
2974 2479 3326 2531 anathemati-

1773 2574 1920 2615 zatus
1954 2574 2007 2616 et
2042 2564 2271 2616 nudatus
2302 2576 2382 2615 cst
2411 2565 2589 2617 divino
2621 2565 2841 2618 honore.
2871 2564 3208 2634 Stupefartus
3237 2583 3330 2620 an-

1767 2665 1872 2708 tem
1906 2655 2293 2708 Demosthenes
2327 2656 2629 2722 rescriptor,
2663 2667 2715 2710 et
2745 2659 3014 2711 admirans
3044 2674 3202 2725 super
3235 2663 3333 2713 hac

1765 2766 1898 2802 voce
1931 2750 2242 2816 mquanimis
2290 2765 2438 2816 papae
2479 2751 2753 2805 audaciam
2797 2751 3318 2818 atqueconstantiam

1766 2852 1860 2904 pro
1891 2838 2108 2890 Christo
2138 2838 2191 2889 in
2224 2850 2392 2890 inerte
2425 2854 2517 2890 sua
2538 2878 2554 2901 ,
2587 2840 2828 2904 equidem
2869 2840 2936 2893 ad
2987 2843 3085 2894 hoc
3125 2842 3328 2910 positus

1764 2937 1879 2981 erat
1907 2927 2041 2979 calix
2077 2927 2357 2994 passionis.
2382 2927 2638 2980 Similiter
2661 2940 2713 2981 et
2743 2931 2792 2981 hi
2819 2932 2904 2996 qui
2937 2946 3327 2998 consequentes

1765 3028 1920 3071 erant
1948 3018 1997 3070 ei
2028 3027 2323 3084 stupentes,
2350 3029 2567 3085 accepto
2597 3020 2849 3072 lihellario
2873 3023 3108 3074 seriatim
3138 3036 3325 3077 cuncta

1765 3108 1904 3160 dicta
1935 3122 1963 3158 a
1997 3108 2152 3160 beato
2184 3109 2296 3161 viro
2326 3110 2749 3173 conscribentes,
2783 3123 3142 3164 recesserunt.
3178 3113 3323 3166 Fecit

1765 3209 1896 3263 ergo
1930 3194 2396 3247 reverentiSsimns
2428 3212 2558 3260 papa
2590 3200 2640 3248 in
2669 3198 2856 3250 eodem
2891 3199 3154 3252 Diomedis
3181 3217 3331 3268 erga-

97 3272 192 3355 νὼ
219 3316 319 3368 qua
367 3318 529 3358 causa
581 3303 711 3357 abi“
761 3304 1025 3358 Romam?
1067 3272 1251 3372 iussus
1277 3346 1292 3369 ’
1319 3272 1392 3358 ξω
1443 3306 1655 3373 pmprio
1687 3272 1733 3332 (ἶ
1769 3285 1910 3336 stulo
1941 3284 2206 3350 octaginta
2239 3285 2476 3350 quinque
2506 3284 2620 3336 dies
2651 3295 2769 3349 post
2812 3287 3008 3351 primas
3051 3291 3330 3354 nonaginta

96 3395 397 3458 proposito?
427 3394 782 3461 Respondens
811 3405 1032 3448 sanctus
1064 3411 1195 3462 papa
1228 3397 1364 3450 dixit
1391 3415 1400 3448 :
1437 3397 1657 3466 Proprio

94 3482 372 3548 proposito.
407 3484 495 3536 Ait
532 3484 967 3539 Demosthenes:
1017 3483 1276 3539 Libellum
1323 3486 1469 3539 illum
1517 3503 1654 3556 quo-

92 3569 240 3624 modo
271 3571 432 3626 fecit?
458 3573 818 3641 compellente
845 3573 1064 3647 aliquo?
1098 3574 1393 3642 Respondit
1439 3586 1654 3629 sanctus

95 3659 170 3710 vir
196 3677 208 3711 :
241 3660 496 3727 Nemine,
526 3663 626 3716 sed
656 3665 867 3730 propria
897 3664 1279 3730 propositione.
1334 3664 1654 3720 Demosthe-

89 3763 179 3800 ncs
227 3751 433 3816 inquit:
498 3751 756 3806 Veniente
807 3752 1010 3820 Pyrrho
1067 3753 1327 3814 Romam,
1384 3757 1650 3822 quomodo

50 3881 62 3893 .
87 3841 311 3906 suscepit
342 3856 465 3896 eum
498 3852 716 3896 sanctus
762 3843 842 3896 vir
886 3842 1201 3898 Theodorus
1244 3846 1498 3899 decessor
1530 3855 1650 3900 tuus

87 3944 210 3994 papa
238 3933 259 3983 3
290 3933 363 3986 uti
393 3933 708 4000 episcopum
737 3935 760 3984 7
791 3934 1082 4001 ReSpondit
1121 3937 1448 4001 a-quanimis
1485 3951 1650 4004 papa:

89 4019 148 4070 Et
184 4024 453 4089 quomodo
499 4025 653 4078 non?
695 4027 779 4094 qui
813 4025 958 4090 prius
987 4040 1145 4091 quam
1177 4027 1384 4080 veniret
1416 4028 1653 4097 Pyrrhus

89 4109 331 4176 Romam,
378 4113 667 4167 manifeste
706 4115 924 4183 scripsit
966 4116 1103 4178 huc,
1153 4116 1252 4169 hoc
1296 4126 1410 4181 est,
1461 4119 1647 4174 beatus

85 4200 387 4257 Theodorus
418 4205 488 4256 ad
523 4204 764 4262 Paulum.
799 4213 856 4257 ut
879 4214 1000 4271 pote
1029 4203 1096 4258 ad
1125 4220 1246 4259 enm
1281 4207 1368 4273 qui
1396 4195 1650 4262 inde-cens

84 4287 254 4343 fecerit
277 4331 292 4352 ,
325 4302 379 4344 et
408 4291 636 4345 alterius
669 4293 915 4347 thronum
947 4294 1218 4348 invaserit.
1247 4295 1444 4349 Deinde
1473 4307 1648 4350 autem

84 4389 265 4441 sponte
304 4395 402 4432 sua
449 4382 645 4436 eodem
692 4382 898 4452 Pyrrho
929 4383 1175 4438 veniente
1215 4383 1436 4438 Romam
1468 4387 1532 4440 ad
1564 4403 1651 4442 ve-

81 4467 224 4538 stigia
267 4469 409 4523 beati
462 4471 642 4536 Petri,
683 4473 949 4540 quomodo
998 4489 1101 4527 non
1134 4474 1353 4528 haberet
1381 4492 1502 4530 eum
1532 4492 1650 4531 sus-

81 4559 248 4624 cipere
281 4574 584 4626 pneecssor
614 4575 782 4624 meus,
815 4568 870 4614 et
897 4561 1188 4628 honorare,
1207 4573 1261 4618 nt
1281 4557 1408 4632 pote
1437 4567 1648 4630 episco-

1763 3382 1895 3434 trcs,
1925 3373 2024 3426 hoc
2051 3385 2132 3426 est
2157 3388 2344 3427 omnes
2373 3375 2528 3427 simul
2563 3390 2833 3427 CLXXVIII.
2869 3375 3026 3430 Venit
3054 3378 3211 3445 igitur
3236 3380 3332 3434 Sa-

1760 3463 1946 3528 goleba
1978 3464 2152 3515 scriba
2177 3503 2190 3525 ,
2223 3463 2443 3516 dicens:
2479 3464 2616 3529 Quia
2648 3465 2829 3530 jussus
2872 3481 2987 3517 sntn
3030 3466 3238 3520 auferre
3282 3480 3330 3520 te

1762 3551 1909 3615 hinc,
1943 3563 1995 3605 et
2027 3551 2314 3606 transferre
2351 3553 2400 3604 in
2444 3553 2658 3606 domum
2708 3570 2916 3615 meam,
2959 3564 3011 3607 et
3058 3567 3176 3624 post
3216 3559 3329 3611 dies

1759 3641 1894 3694 duos
1939 3642 2172 3707 dirigere
2220 3651 2271 3695 te
2320 3656 2425 3707 quo
2463 3642 2685 3712 jusserit
2729 3644 2853 3694 mihi
2885 3646 3214 3698 sareltarins.
3249 3647 3327 3699 In-

1762 3739 2068 3796 terrogante
2098 3739 2278 3783 autem
2321 3747 2452 3799 papa
2488 3747 2593 3799 quo
2631 3732 2905 3785 ducendus
2948 3745 3120 3798 esset,
3153 3738 3234 3788 vel
3277 3740 3324 3790 in

1759 3837 1914 3886 quem
1948 3823 2156 3887 locum,
2190 3822 2361 3874 noluit
2386 3827 2431 3875 ei
2462 3821 2661 3875 dicere.
2697 3823 2929 3890 litigabat
2959 3840 3084 3890 ergo
3112 3837 3326 3878 sanetus

1761 3911 1850 3963 ille
1885 3921 1939 3961 nt
1967 3912 2230 3962 sineretur
2262 3911 2312 3963 in
2344 3909 2528 3964 eadem
2558 3911 2793 3962 custodia
2815 3952 2828 3976 ,
2865 3926 3138 3979 quousque
3169 3927 3326 3964 exsu-

1711 4015 1718 4022 '
1761 4002 1982 4064 laretur,
2012 4011 2065 4054 et
2091 4002 2156 4054 ad
2190 4002 2375 4054 horam
2408 4005 2707 4054 auferretur
2739 4003 2802 4055 de
2837 4003 3075 4055 custodia
3100 4045 3111 4065 ,
3145 4013 3198 4055 et
3231 4020 3324 4056 nec

1761 4091 1856 4142 hoc
1888 4106 2202 4144 concessum
2235 4100 2317 4144 est
2346 4094 2415 4143 ei.
2451 4092 2554 4146 Sed
2589 4092 2726 4144 iirca
2759 4108 3005 4145 occasum
3037 4097 3167 4148 solis
3198 4096 3325 4148 dicit

1759 4178 2080 4232 venerabilis
2115 4193 2246 4245 papa
2281 4180 2362 4231 his
2393 4180 2480 4245 qui
2524 4190 2676 4232 erant
2721 4181 2772 4233 ιιι
2815 4183 3084 4250 ergastulo
3113 4202 3123 4233 :
3159 4186 3322 4237 Acce-

1756 4271 1881 4331 dite,
1919 4272 2126 4333 fratres,
2160 4273 2278 4324 vale
2313 4272 2569 4323 facianins
2592 4313 2606 4335 ,
2637 4273 2758 4336 quia
2790 4290 2912 4326 ecce
2944 4290 3084 4326 nunc
3114 4275 3318 4335 aderit,

1756 4364 1842 4430 qui
1874 4362 2080 4414 auferat
2123 4377 2204 4416 me
2236 4364 2377 4416 hinc.
2415 4365 2476 4415 Et
2512 4368 2622 4416 haec
2653 4365 2867 4417 dicente
2896 4379 2960 4418 eo
2981 4407 2995 4429 ,
3031 4367 3318 4421 hauserunt

1755 4451 1952 4518 singuli
1981 4450 2224 4503 calicem.
2259 4452 2319 4504 Et
2358 4467 2578 4518 surgens
2607 4467 2799 4505 sereno
2830 4454 2976 4506 vultu
3007 4469 3124 4507 cum
3157 4457 3317 4508 multa

1755 4543 2053 4593 constantia
2085 4551 2242 4609 atque
2267 4544 2555 4608 gratiarum
2589 4545 2798 4596 actione
2821 4585 2836 4605 ,
2868 4543 2998 4596 dicit
3038 4546 3102 4597 ad
3151 4564 3308 4598 lllllllll

83 4623 238 4716 pum?
271 4623 631 4716 lleSpondens
663 4623 1046 4707 Demosthenes
1077 4623 1208 4707 dixit
1235 4673 1246 4707 ε
1286 4623 1420 4710 'vere
1452 4623 1648 4711 {emas
1681 4623 1724 4678 D
1753 4633 2183 4683 concurrentium
2229 4632 2328 4683 sibi
2373 4631 2647 4695 dilectum,
2677 4634 2799 4700 quia
2844 4643 2958 4684 erat
3004 4634 3073 4686 ibi
3103 4652 3114 4684 :
3151 4634 3276 4687 chi
3299 4675 3312 4697 ,

80 4740 154 4792 sic
192 4755 248 4794 se
279 4742 464 4795 habet.
501 4740 652 4796 Unde
680 4753 856 4797 autem
885 4746 1130 4799 sumebat
1161 4759 1222 4798 ea
1253 4761 1370 4812 quae
1399 4747 1465 4800 ad
1495 4762 1646 4801 usum

80 4832 155 4882 sui
183 4833 425 4897 corporis
466 4842 622 4886 erant
663 4833 1005 4886 necessaria?
1040 4835 1173 4889 Dicit
1219 4836 1439 4890 beatus:
1485 4838 1649 4890 Mani-

82 4918 210 4972 feste
234 4918 302 4972 de
335 4920 673 4988 patriarchio
698 4922 956 4975 Itomano.
991 4923 1077 4976 Ait
1101 4935 1436 4978 concertator
1465 4944 1476 4977 :
1509 4925 1651 4991 Qua-

81 5007 142 5060 lis
169 5011 322 5074 panis
349 5010 582 5063 dabatur
602 5011 690 5064 ei?
713 5011 1010 5079 Respondit
1028 5013 1351 5067 honorabilis
1379 5014 1486 5068 vir:
1517 5015 1646 5079 Vos,

74 5107 271 5159 domini
295 5109 426 5172 mei,
457 5111 677 5162 nescitis
701 5110 992 5164 Ecclesiam
1013 5111 1342 5166 Romanam?
1364 5114 1487 5169 Dico
1505 5116 1648 5169 enim

77 5209 244 5277 vobis,
269 5210 394 5276 quia
425 5211 669 5278 quisquis
693 5214 836 5265 venit
864 5213 987 5266 illuc
1017 5215 1340 5268 miserabilis
1369 5216 1527 5270 homo
1557 5216 1652 5270 ho-

74 5307 250 5371 spitari
273 5345 288 5370 ,
319 5309 506 5359 omnia
533 5307 599 5360 ad
628 5321 781 5360 nsum
809 5312 1109 5377 praebentur
1132 5313 1182 5365 ei
1205 5353 1217 5377 ,
1247 5323 1300 5366 et
1322 5315 1520 5367 nullum
1552 5315 1650 5368 im-

76 5421 291 5460 munem
319 5407 440 5460 suis
461 5407 617 5461 donis
641 5419 858 5463 sanctus
880 5409 1069 5465 Petrus
1091 5413 1301 5480 repellit
1329 5416 1650 5470 venientium

78 5503 224 5569 illuc,
255 5503 354 5557 sed
389 5504 544 5572 panis
573 5505 953 5560 mundissimns
983 5518 1036 5563 et
1066 5512 1184 5564 vina
1211 5511 1423 5566 diversa
1457 5513 1652 5568 dantur

75 5616 177 5653 non
207 5603 388 5657 solum
420 5605 507 5669 ei,
537 5605 631 5659 sed
666 5617 721 5662 et
751 5605 1052 5661 hominibus
1081 5609 1126 5662 ei
1159 5613 1562 5678 pertinentibus.
1595 5613 1649 5668 Si

145 5743 167 5766 '
189 5735 352 5811 fidit.
413 5736 589 5811 liom._
620 5739 696 5790 sic
750 5739 1088 5805 prosequitur
1120 5759 1132 5791 :
1165 5739 1391 5811 Cumque
1420 5743 1648 5796 osculum

79 5804 324 5876 pta'bcm
353 5808 674 5858 sam'tmimo
702 5804 848 5876 ρνὶριε
879 5804 982 5874 pm:
1011 5812 1166 5860 nintia
1199 5804 1463 5865 cheruntis
1489 5814 1647 5866 abun-

76 5875 254 5927 dantia
301 5877 656 5944 copiaiuiute
695 5875 826 5930 inter
857 5895 909 5932 se
938 5878 1188 5948 lacrumas
1219 5881 1479 5950 (ecferunt.
1517 5883 1642 5937 0m-

1754 4722 1968 4774 domine
2000 4722 2181 4783 frater,
2215 4731 2268 4773 et
2296 4721 2361 4772 da
2395 4724 2519 4775 mihi
2555 4737 2761 4788 pacem.
2799 4722 2959 4774 Erant
2992 4739 3148 4790 porro
3183 4740 3315 4790 pra--

1751 4812 1925 4865 cordia
1958 4811 2136 4862 fratris
2169 4812 2308 4863 illius
2331 4859 2342 4876 ,
2376 4813 2512 4864 sicut
2542 4812 2670 4864 mihi
2707 4813 2818 4878 ipse
2847 4813 3107 4866 referebat
3139 4813 3190 4865 in
3229 4815 3314 4866 illa

1754 4903 1902 4962 hora,
1936 4902 2132 4967 qualia,
2161 4912 2214 4953 ιιι
2242 4900 2486 4968 coniicio,
2511 4901 2753 4968 discipuli
2784 4902 2921 4954 illius
2945 4904 3309 4968 contemplan-

1755 4991 1821 5041 tis
1852 4989 2128 5041 Dominum
2158 4989 2208 5042 in
2239 5005 2412 5053 cruce.
2448 4997 2469 5023 °
2497 4989 2608 5042 Non
2641 4990 2818 5042 valens
2845 5005 2990 5056 ergo,
3017 5001 3072 5042 ut
3098 4993 3266 5043 aiehai
3291 5034 3305 5054 ,

1751 5079 2005 5133 cohibere
2034 5078 2265 5144 seipsum
2289 5120 2303 5140 ,
2337 5088 2558 5133 vocante
2586 5094 2705 5132 eum
2758 5079 2912 5130 beato
2959 5080 3024 5132 ad
3066 5081 3302 5133 osculum

1752 5167 1961 5235 irrngiit
1994 5167 2157 5220 frater
2190 5178 2242 5219 ut
2275 5169 2374 5220 leo.
2408 5166 2537 5220 Cum
2566 5183 2631 5219 eo
2660 5179 2834 5220 autem
2863 5167 2989 5221 inibi
3018 5180 3305 5235 praesentes

1750 5270 1941 5310 omnes
1971 5257 2396 5310 lamentabantur
2428 5256 2654 5310 terribili
2685 5259 2936 5311 lamento.
2969 5261 3225 5313 Anxiatus
3258 5261 3309 5313 in

1754 5347 1852 5399 hoc
1877 5349 1959 5399 vir
2001 5347 2184 5399 beatus
2228 5345 2497 5414 flagitabat
2526 5363 2707 5402 omnes
2738 5364 2802 5403 ne
2833 5351 2899 5402 ita
2930 5350 3191 5415 facerent,
3225 5367 3309 5406 se-

1754 5450 1883 5490 reno
1923 5437 2109 5491 obtutu
2141 5437 2344 5490 dicens.
2391 5437 2456 5489 Et
2487 5439 2747 5506 impositis
2781 5442 3164 5495 venerabilihus
3197 5458 3304 5495 ma-

1752 5529 1906 5583 nibus
1935 5543 2090 5597 super
2118 5531 2371 5582 verticem
2401 5529 2537 5597 eius,
2568 5530 2847 5585 subridens
2874 5533 2976 5584 ait:
3009 5533 3149 5587 Bona
3179 5548 3302 5589 sunt

1749 5618 1896 5684 haec,
1945 5619 2158 5674 domine
2206 5621 2385 5684 frater,
2441 5624 2550 5675 htec
2603 5632 2722 5678 sunt
2773 5634 3066 5692 opportuna
3095 5620 3207 5689 ζει
3256 5640 3305 5682 te

1750 5767 1834 5802 nes
1866 5766 1975 5825 uero
2019 5756 2103 5817 qui
2147 5752 2358 5807 aderant
2388 5794 2400 5818 ,
2447 5754 2720 5808 (uinculum
2767 5757 2985 5808 terribile
3029 5758 3301 5825 faciebant.

1749 5822 1995 5873 Anxiatus
2018 5863 2030 5886 ,
2061 5833 2164 5875 etc.
