3918 6406
516 447 616 499 ΗΟ

1713 445 1950 500 SANC'I'I
1999 441 2275 497 MfillTl-Nl
2319 441 2516 495 PAPin
2559 442 2573 494 ι

3659 442 3760 494 ΗΟ

517 563 730 621 oportet
775 554 844 606 ita
883 552 1097 608 facere?
1128 554 1240 607 hinc
1281 565 1403 606 sunt
1447 554 1634 620 pacis?
1667 569 1785 606 eum
1829 571 1859 607 e
1900 563 2084 607 contra
2115 565 2158 630 β
2193 562 2328 604 trum
2363 555 2592 607 retinere
2625 557 2915 608 secundum
2950 557 3298 610 imitationem
3347 558 3498 625 ejus,
3549 568 3603 612 et
3651 575 3760 609 non

521 659 659 697 lttlllc
691 645 883 697 debeas
912 645 1142 713 gaudere
1171 659 1330 712 super
1362 661 1467 698 me.
1498 648 1574 697 Ad
1600 661 1757 714 quem
1791 646 1932 697 illico
1963 658 2082 697 eum

517 736 837 788 contritione
886 735 1062 789 cordis
1113 737 1386 804 respondit
1443 735 1644 792 frater:
1680 738 1840 804 ,Dens
1899 737 2082 800 novit,

522 826 716 878 famule
746 827 961 880 CluiSIi.
997 827 1170 880 Lmtor
1213 828 1264 880 iu
1313 828 1516 895 gloria,
1565 843 1668 897 qua
1712 830 1960 899 dignatus
2003 839 2084 882 est

521 916 765 968 Christus
798 916 936 968 Dens
967 927 1147 969 noster
1180 929 1393 985 propter
1441 935 1632 970 nomen
1679 934 1829 970 suum
1875 917 1987 969 lucc
2036 927 2086 969 te

518 1011 693 1060 omnia
750 1011 892 1076 pati,
948 1010 1041 1061 sed
1097 1010 1361 1062 lamentor
1410 1011 1650 1062 omnium
1707 1010 2082 1076 perditionem.

517 1101 817 1152 Salutantes
847 1114 976 1163 ergo
1007 1115 1192 1150 oiunes
1237 1114 1360 1151 eum
1386 1139 1399 1161 ,
1450 1108 1812 1151 recesserunt.
1853 1098 2085 1149 Veniens

516 1194 672 1258 igitur
715 1194 965 1243 Cttlliilllll
1008 1191 1219 1254 scriba,
1265 1199 1318 1242 et
1361 1189 1608 1243 auferens
1641 1205 1787 1252 eum,
1826 1188 2000 1239 intulit
2034 1186 2083 1238 in

516 1282 730 1335 domum
749 1297 918 1335 suam.
941 1281 1144 1335 D'ctom
1171 1292 1250 1334 est
1271 1296 1396 1349 ergo
1416 1283 1534 1350 quia
1557 1283 1603 1332 in
1629 1280 1958 1333 Cbersonam
1981 1293 2082 1330 ex-

517 1372 716 1423 sulatur
747 1389 760 1431 ;
792 1381 845 1424 et
876 1383 992 1436 post
1030 1372 1142 1425 dies
1175 1373 1374 1439 aliquot
1426 1370 1769 1437 cognovimus
1800 1368 1919 1434 quia
1959 1369 2082 1420 illnc

516 1464 758 1514 clanculo
801 1463 1008 1531 navigio
1056 1472 1386 1514 transvectus
1434 1471 1514 1512 est
1557 1463 1670 1528 ipse
1715 1458 2087 1512 sanctissimus

518 1552 839 1620 apostolicus
867 1555 965 1605 vir.
1002 1552 1229 1604 Veniens
1259 1566 1384 1615 ergo
1417 1552 1562 1614 illnc,
1591 1558 1706 1616 post
1735 1549 1852 1602 dies
1882 1550 2087 1616 aliquot

516 1643 726 1709 scripsit
770 1642 1053 1708 epistolam
1107 1642 1157 1694 in
1210 1641 1518 1709 Byzantium
1554 1641 1615 1691 ad
1651 1640 1937 1705 quemdam
1983 1641 2083 1691 sibi

516 1735 921 1796 tliarissimnm,
953 1747 1016 1782 ex
1051 1729 1184 1790 illis,
1219 1731 1495 1795 videlicet,
1540 1730 1627 1795 qui
1679 1729 1821 1782 hunc
1873 1738 2088 1795 pr0pter

523 1823 799 1875 Dominum
830 1830 883 1874 et
912 1821 979 1873 ob
1010 1830 1207 1873 rectam
1256 1819 1414 1872 fidem
1463 1819 1580 1884 ejus
1629 1817 1903 1869 amabant.
1952 1809 2085 1869 Ctim

2185 645 2576 698 eoinmunieare
2624 647 2840 698 omnino
2885 650 3150 700 contraria
3185 649 3554 703 sentientibus.
3585 650 3759 701 Obse-

2187 749 2396 788 crantes
2428 738 2586 788 etiam
2639 752 2730 804 pro
2762 753 2845 789 me
2893 738 3110 805 indigno
3159 739 3353 790 famulo
3397 739 3485 806 qui
3528 739 3759 804 scripsi,

2186 841 2289 891 quo
2318 842 2436 880 cum
2467 843 2530 880 eo
2560 840 2610 881 et
2647 829 2913 881 vobiscum
2943 829 3204 882 inveniam
3255 829 3676 881 misericordiam
3730 842 3758 878 a

2187 919 2396 970 Christo
2429 921 2534 972 Deo
2566 932 2745 973 nostro
2777 922 2827 973 in
2860 922 3052 974 szecula
3076 919 3276 984 ,amen
3309 932 3356 973 α.
3389 922 3528 975 Obiit
3573 933 3757 974 autem

2188 1009 2326 1062 idem
2361 1012 2731 1064 sanetissimus
2765 1023 2842 1065 ter
2895 1014 3082 1066 lzeatns
3128 1013 3448 1079 apostolicus
3498 1016 3760 1065 Martinus

2190 1113 2319 1166 papa
2343 1140 2356 1158 ,
2393 1116 2579 1154 recens
2611 1117 2793 1154 revera
2825 1103 3098 1154 confessor
3129 1113 3184 1155 et
3215 1115 3414 1172 martyr
3439 1103 3648 1156 Christi
3668 1102 3765 1154 ονε

2189 1190 2354 1242 nosu-i
2376 1231 2390 1252 ,
2428 1191 2480 1242 in
2511 1191 2696 1244 eadem
2730 1174 3064 1246 exsulatione
3093 1193 3408 1258 Cbersonw,
3435 1194 3584 1261 juxta
3618 1194 3765 1260 ejus-

2187 1279 2304 1334 dem
2337 1281 2399 1334 ad
2437 1282 2715 1335 Dominum
2769 1285 2928 1336 Deum
2980 1287 3320 1350 petitionem,
3355 1302 3514 1355 quam
3565 1288 3767 1340 obtulit

2187 1375 2232 1425 ei
2265 1389 2383 1424 cum
2417 1374 2659 1442 laerymis
2681 1415 2694 1437 ,
2742 1379 2924 1428 exiens
2968 1377 3033 1428 de
3067 1377 3204 1439 navi,
3239 1385 3291 1428 et
3318 1377 3532 1430 calcans
3562 1387 3766 1429 terrain

2191 1462 2356 1520 illam,
2388 1462 2436 1514 id
2465 1474 2570 1529 est,
2599 1475 2655 1517 nt
2683 1464 2733 1515 in
2765 1480 2824 1516 ea
2857 1468 3028 1517 finiret
3057 1468 3236 1528 vitam,
3267 1466 3461 1519 bonum
3489 1475 3768 1518 certamen

2189 1559 2400 1602 certans
2425 1591 2440 1616 ,
2473 1567 2685 1604 cursum
2734 1555 2973 1622 martyrii
3021 1568 3432 1616 consummatis,
3465 1562 3519 1606 et
3569 1554 3768 1606 bonam

2192 1640 2344 1697 fidem
2375 1655 2614 1704 servans,
2649 1657 2831 1693 mense
2859 1642 3217 1707 Septembrio,
3249 1643 3334 1694 die
3358 1652 3503 1694 sexta
3533 1641 3769 1705 decima,

2192 1729 2241 1781 in
2292 1743 2392 1795 qua
2450 1729 2767 1782 felicissima:
2819 1729 3067 1798 martyris
3111 1740 3163 1783 et
3212 1732 3368 1782 fidem
3413 1729 3772 1789 custodientis

2191 1821 2543 1869 ortluidoxam
2580 1818 2887 1886 Euphemiae
2922 1819 3306 1884 pretiosissima
3355 1829 3407 1873 et
3454 1820 3768 1873 beatissima

518 1925 662 1966 esset
708 1914 758 1964 in
805 1926 993 1980 magna
1045 1910 1389 1962 tribulatione
1432 1919 1484 1961 et
1532 1908 1720 1960 exsilio
1765 1907 1903 1959 idem
1944 1920 2087 1973 sa‘pe
2123 1905 2165 1964 Β
2195 1909 2482 1964 secundum
2516 1911 2637 1962 anni
2669 1913 2924 1963 circulum
2956 1912 3256 1964 celebratur
3291 1910 3580 1973 memoria,
3621 1908 3648 1946 ιι
3690 1912 3768 1962 iu-

521 2007 692 2057 dii-tus
726 2002 881 2056 l’ater
910 2009 1091 2055 noster
1121 1999 1494 2051 sanctissimus
1525 1997 1878 2060 constitutus,
1911 2006 2088 2065 postu—

524 2097 637 2148 lans
666 2095 966 2161 aliquarum
1001 2093 1302 2157 specierum
1334 2087 1602 2148 subsidia,
1639 2096 1855 2154 propter
1898 2085 2090 2137 multas

519 2198 571 2238 et
622 2187 958 2252 frequentes,
1010 2168 1304 2250 gravesque
1354 2179 1692 2247 a-grimonias
1744 2179 2087 2244 corporales,

525 2278 902 2342 angustiasque
952 2272 1290 2326 omnimodas
1342 2271 1576 2338 regionis
1626 2268 1800 2335 illius,
1847 2283 1911 2321 eo
1952 2268 2090 2335 quod

524 2365 652 2417 nihil
689 2364 755 2416 ibi
789 2362 1133 2425 inveniretur,
1172 2360 1438 2430 praecipue
1484 2358 1750 2420 triticum,
1792 2357 1932 2422 quod
1979 2357 2094 2421 qui-

521 2463 641 2509 il‘m
698 2457 805 2509 illic
858 2454 1253 2517 nominabatur,
1312 2468 1417 2505 non
1466 2460 1645 2502 autem
1698 2447 2090 2500 invenielmtnr.

529 2546 678 2599 Unde
708 2559 826 2598 eum
857 2543 1209 2611 jurejurando
1254 2539 1503 2606 scripsit,
1550 2539 1672 2606 quia
1723 2537 1961 2589 navicula
2008 2536 2096 2588 illo

522 2639 768 2691 veniente
792 2675 806 2699 ,
841 2645 892 2685 et
923 2647 1105 2700 parum
1154 2632 1314 2683 tritici
1344 2631 1572 2683 habente
1615 2629 1682 2680 ad
1725 2626 2096 2679 commutatio-

526 2741 644 2782 nem
677 2729 844 2792 silis,
878 2727 959 2777 vix
1009 2725 1238 2792 potuerit
1281 2737 1460 2776 emere
1507 2737 1569 2775 ex
1618 2736 1682 2774 eo
1729 2735 1890 2773 unum
1938 2717 2095 2771 tritici

527 2823 766 2877 modium
799 2831 1027 2891 quatuor
1055 2817 1239 2872 solidis
1261 2859 1274 2880 ,
1305 2832 1423 2871 cum
1458 2814 1635 2867 nmltis
1681 2822 1733 2865 et
1780 2814 1881 2864 hoc
1926 2809 2095 2879 preci-

523 2899 638 2969 bus.
676 2915 926 2967 Diversus
957 2920 1134 2963 autem
1178 2911 1447 2976 angustias
1494 2904 1705 2970 scripsit
1755 2915 1933 2955 saneta
1983 2900 2100 2968 ejus

519 3012 697 3062 anima
731 3007 836 3075 pati
863 3019 920 3057 se
957 3004 1058 3068 ibi,
1091 3017 1194 3068 non
1225 3001 1396 3052 solum
1425 2996 1788 3062 corporalibus
1816 2994 2096 3061 angustiis,

520 3101 612 3153 sed
643 3100 800 3153 etiam
836 3093 1186 3149 habitantium
1219 3102 1270 3145 et
1297 3090 1682 3144 dominantium
1714 3088 1784 3140 ibi
1821 3087 1974 3139 malis
2005 3100 2102 3153 op-

523 3205 758 3260 pressus,
795 3191 862 3241 ita
897 3199 948 3240 ut
982 3188 1189 3254 penitus
1218 3184 1475 3237 contritus
1506 3183 1644 3235 male
1678 3180 1828 3247 pejus
1860 3193 2098 3230 morere-

2197 2004 2428 2056 diCtione
2457 2013 2642 2068 quarta
2676 2004 2902 2056 decima.
2940 2004 3145 2055 Positns
3175 2012 3255 2055 est
3285 2015 3459 2056 autem
3507 2003 3557 2053 in
3599 2011 3777 2053 tumu-

2197 2096 2260 2148 lis
2292 2109 2596 2148 satictornm
2629 2109 2775 2149 cura
2823 2111 3002 2149 muros
3046 2096 3482 2148 Chersonitarum
3531 2094 3774 2145 civitatis

2198 2188 2347 2253 quasi
2382 2187 2552 2239 stadio
2582 2202 2704 2248 uno,
2738 2188 2790 2239 in
2825 2187 3207 2254 pretiosissimo
3237 2194 3290 2238 ct
3321 2184 3777 2238 reterendissimo

2199 2279 2394 2339 templo
2418 2277 2767 2329 sanctissume
2797 2287 2849 2329 et
2876 2292 2984 2344 prie
3011 2278 3255 2329 omnibus
3283 2276 3481 2327 sanctis
3508 2274 3774 2335 colendaa,

2197 2370 2510 2419 castissima:
2540 2376 2592 2419 et
2625 2368 2998 2431 immaculata,
3034 2367 3529 2433 perbenedictzeque
3565 2364 3779 2431 glario-

2199 2458 2422 2508 sissimie
2469 2464 2522 2507 et
2568 2455 3034 2509 excellentissimm
3078 2450 3320 2506 'onmium
3364 2462 3776 2512 creaturarum,

2199 2546 2367 2612 gratia
2415 2545 2770 2612 plenissim-J3,
2819 2543 3064 2611 gaudium
3111 2541 3353 2596 facientis
3399 2552 3452 2595 et
3493 2541 3782 2592 tribuentis

2199 2637 2428 2688 domina:
2479 2644 2707 2695 nostrae,
2748 2635 2957 2700 proprie
3001 2642 3188 2685 natura
3234 2646 3294 2685 ac
3341 2631 3564 2684 veritate
3610 2631 3782 2683 Solius

2201 2728 2293 2781 Dei
2331 2728 2607 2796 genitricis
2638 2742 2850 2792 semper
2896 2725 3114 2793 virginis
3163 2725 3374 2789 Maria},
3425 2739 3541 2790 qua:
3572 2736 3780 2791 cogno-

2203 2823 2436 2872 minatur
2465 2818 2820 2872 Blaehernes:
2849 2817 3020 2871 factus
3046 2826 3200 2885 typus
3229 2813 3500 2867 imitabilis
3527 2813 3784 2865 erunibus

2201 2912 2288 2976 qni
2342 2915 2475 2963 bene
2505 2911 2682 2961 vivere
2715 2922 2766 2961 et
2798 2909 3072 2960 decertare
3105 2905 3364 2971 elegerint
3393 2911 3446 2955 et
3478 2902 3785 2963 vo'ueriut,

2204 3016 2299 3067 pro
2343 3016 2403 3053 ea
2455 3015 2572 3067 qua:
2618 3000 2899 3052 verissime
2945 3007 3027 3048 est
3072 2997 3288 3049 veritas.
3320 2995 3483 3059 Cujus
3519 2991 3786 3056 virginis,

2203 3090 2461 3158 cujusque
2519 3088 2891 3158 confessoris,
2954 3084 3471 3145 intercessionibus,
3530 3081 3790 3134 Christus

2206 3200 2362 3237 verus
2395 3184 2533 3237 Dens
2561 3194 2613 3237 et
2661 3183 2907 3235 Salvator
2956 3188 3157 3244 noster,
3205 3177 3293 3242 qui
3339 3172 3698 3228 iueflabiliter
3743 3183 3793 3223 et

526 3293 630 3345 tur,
665 3279 949 3338 suasione,
985 3275 1265 3339 videlicet,
1308 3269 1694 3324 dominantium
1730 3268 1780 3319 in
1816 3267 2094 3335 Byzantio.
2127 3247 2174 3309 C
2206 3277 2323 3331 sine
2369 3277 2573 3329 semine
2618 3291 2681 3328 οι
2725 3289 2786 3327 ea
2839 3273 3099 3339 processit
3132 3278 3347 3336 propter
3381 3281 3551 3334 genus
3586 3265 3791 3315 ιιυιιη-

521 3372 881 3439 Quamobrem
915 3383 1094 3438 qnzcso
1125 3381 1215 3417 vos
1237 3407 1249 3426 ,
1284 3377 1382 3432 ego
1416 3363 1629 3414 humilis
1659 3369 1712 3412 et
1744 3372 1991 3427 peccator
2021 3358 2097 3409 fa-

525 3467 703 3518 mulus
733 3469 932 3524 vester,
966 3475 991 3511 a
1025 3459 1129 3510 Deo
1175 3453 1516 3508 honorabiles
1565 3451 1746 3504 Patres
1770 3492 1782 3513 ,
1818 3458 1875 3500 ut
1905 3463 2097 3516 quem-

522 3552 810 3606 admodum
854 3564 955 3619 ego
1010 3550 1120 3601 visa
1177 3545 1306 3598 mibi
1362 3553 1414 3596 et
1467 3541 1642 3594 audita
1696 3538 2100 3606 diligentissime

522 3641 790 3695 declaravi
843 3641 1029 3704 vobis,
1082 3637 1182 3691 hoc
1231 3643 1344 3701 e-t,
1393 3633 1732 3687 imminentes
1782 3631 2101 3683 tentaliones
2141 3669 2148 3674 .

528 3738 840 3794 beatissimo
894 3750 1042 3803 papae
1098 3742 1313 3800 propter
1362 3741 1558 3784 rectam
1608 3726 2000 3781 confessionem
2050 3728 2098 3776 in

524 3829 735 3881 tiliristo
770 3827 1028 3886 Domino,
1063 3835 1116 3876 et
1146 3833 1360 3889 propter
1390 3817 1891 3871 anathematismnm
1924 3817 1972 3867 in
2008 3831 2098 3868 no-

529 3934 620 3971 vos
653 3917 846 3971 factum
882 3916 1188 3976 hmreticos,
1223 3925 1523 3980 quanquam
1570 3925 1632 3963 et
1686 3909 1868 3962 multis
1891 3949 1906 3971 .
1940 3922 2100 3974 parva

527 4024 702 4063 tamen
736 4024 852 4075 qua:
884 3995 1023 4074 potui
1057 4005 1287 4073 dirigere
1317 4002 1538 4073 SCl'ipSi,
1573 4003 1643 4055 ita
1694 4011 1747 4055 et
1789 4015 1881 4052 vos
1929 4002 2098 4053 zelum

533 4101 848 4154 habentibus
878 4099 1100 4152 cultura:
1148 4097 1276 4160 Dei,
1309 4094 1572 4162 explicite
1616 4093 1801 4147 eadem
1825 4136 1839 4156 ,
1875 4102 1928 4144 et
1977 4092 2102 4142 hor-

529 4191 709 4245 tamini
761 4190 957 4244 imitari
1007 4203 1160 4252 eum,
1209 4199 1262 4240 et
1311 4185 1618 4240 traditiones
1665 4193 1969 4238 Santtorum
2007 4182 2103 4234 Pa-

602 4314 625 4339 η
673 4303 766 4355 llic
795 4303 1088 4355 absolvitur
1117 4299 1338 4366 epistola
1375 4299 1423 4350 in
1457 4300 1697 4350 Editioue
1728 4296 1981 4350 Romana.

2209 3383 2332 3418 num
2353 3409 2365 3429 ,
2398 3364 2659 3419 custodiat
2688 3372 2742 3417 et
2774 3368 3058 3416 conservet
3089 3373 3182 3411 nos
3207 3397 3222 3419 ,
3255 3368 3307 3409 et
3335 3370 3522 3409 omnes
3558 3354 3796 3406 fideliter

2207 3458 2512 3515 audientes,
2545 3467 2864 3521 omnemque
2897 3450 3148 3520 populum
3195 3461 3352 3516 quem
3400 3445 3694 3511 acquisivit
3743 3444 3792 3496 in

2210 3547 2572 3601 sinceritatem
2607 3543 2727 3596 fidei
2760 3552 2814 3596 et
2845 3540 3305 3596 conversationem
3328 3576 3342 3600 ,
3377 3536 3429 3588 in
3464 3549 3594 3599 pace
3626 3545 3688 3586 et
3719 3533 3794 3585 di-

2213 3640 2441 3691 lectione
2473 3637 2740 3704 perfeeta,
2773 3645 2824 3687 et
2853 3635 2997 3686 omni
3038 3631 3241 3700 justitia
3289 3643 3454 3694 usque
3503 3625 3792 3696 iri-finem.

2211 3729 2307 3782 Cui
2339 3740 2420 3782 est
2449 3745 2568 3779 enm
2603 3727 2711 3779 Deo
2748 3727 2898 3778 l'atre
2927 3733 2981 3778 et
3025 3723 3244 3790 Spiritu.
3267 3728 3452 3772 sancto
3495 3719 3547 3770 in
3595 3717 3799 3770 deitate

2214 3839 2311 3873 una
2345 3820 2636 3872 substantia
2661 3859 2673 3881 ,
2708 3832 2891 3884 mquus
2945 3816 3134 3877 honor,
3185 3811 3352 3863 virtus
3401 3811 3631 3870 eadem,
3682 3810 3797 3860 sine

2214 3921 2451 3976 tempore
2507 3922 2723 3975 regnum
2759 3948 2772 3967 ,
2829 3920 3040 3972 semper
3092 3902 3455 3971 principium,
3513 3910 3797 3960 sceptrum

2205 4005 2364 4072 jnge,
2400 3984 2562 4069 εἶτε-ιιι
2615 4015 2836 4068 perpes,
2871 3996 3122 4066 majestas
3166 3995 3385 4056 similis,
3441 4007 3538 4059 per
3590 3992 3799 4043 infinita

2211 4098 2425 4148 smcula.
2462 4086 2648 4144 Amen.

601 4374 622 4407 δυ
671 4375 802 4426 llinc
854 4373 967 4425 falsi
1025 4359 1315 4440 arguuntur
1365 4384 1482 4436 quae
1523 4374 1675 4434 vulgo
1710 4368 1977 4433 jactantnr
2013 4359 2080 4417 de
2112 4362 2264 4431 hujus
2295 4361 2460 4414 sancti
2492 4361 2667 4414 obitus
2702 4368 2964 4425 tempore.

553 4481 1994 4503 W

1000 4503 1113 4512 ...ιι-

1340 4571 2006 4686 SANCTI

1998 4477 2306 4502 m

2943 4465 3802 4497 ﬂ

2313 4473 2988 4501 ω

2231 4564 2970 4686 ΔΒΤῙΝῙν

1793 4735 2170 4793 PONTIFICIS
2210 4737 2489 4802 ROMANI,

1630 4790 2708 5012 EPISTOLZE.

1695 5116 1888 5174 (Mansi,
1914 5112 2228 5162 Conriliorum
2250 5113 2395 5172 ampl.
2423 5110 2646 5170 Collect.)

1937 5056 2148 5067 _

529 5272 818 5320 EliIETOAH
867 5262 1212 5311 ΕΓΚΥΚΛΙΟΣ
1254 5260 1543 5304 MAPTIVOT
1596 5255 1748 5301 "MM
1795 5254 1896 5295 ΚΑΙ
1932 5251 2107 5296 ΣΥἾΟ·
2142 5245 2184 5299 Ι)

1262 5332 1374 5374 ΔΟΥ

685 5453 690 5456 -
740 5429 838 5479 Τῆς
873 5421 922 5470 ἓν
951 5420 1108 5485 Ῥώμῃ
1141 5417 1262 5489 πρὸς
1304 5415 1495 5466 πάντας
1534 5408 1887 5480 Χριστιανούς.

596 5521 851 5588 Μαρτῖνος
895 5507 1070 5564 δῡῦΜς
1112 5511 1205 5558 τὼν
1250 5504 1432 5559 δοῦὶιριν
1476 5509 1564 5554 τοῦ
1612 5498 1734 5554 Θεοῦ
1778 5499 1903 5549 κατὰ
1952 5496 2106 5571 χάριν

529 5607 798 5660 snio-207m;
835 5609 923 5656 τῆς
967 5605 1063 5652 τῶν
1105 5601 1352 5665 Ῥωμαίων
1397 5597 1546 5665 ἁγίας
1578 5599 1664 5643 τοῦ
1696 5597 1818 5644 Θεοῦ
1850 5589 2104 5643 καθολικίις

527 5702 608 5750 καὶ
630 5692 971 5749 ἀποστολικῆς
1003 5690 1314 5753 Ἐκκὶησίνς,
1341 5688 1445 5756 ἅμα
1567 5684 1672 5735 καθ’
1695 5685 1824 5751 ἡμᾶς
1850 5678 2108 5752 ἁγιωτάτῃ

529 5789 724 5857 συνόδῳ
762 5797 862 5842 τῶν
891 5788 1118 5858 θεοφιλῶν
1157 5784 1322 5856 ἱερέων
1359 5789 1455 5837 τῶν
1492 5776 1654 5832 ἐιοοάδε
1688 5781 1948 5832 amour/.6);
1990 5774 2111 5841 ἡμῖν

533 5908 560 5936 σ
585 5879 1009 5954 ,ι-κῗεῗῗραμηκὸτων
1037 5884 1106 5937 αἶς
1132 5876 1402 5946 βεϐαίωσιν
1428 5879 1523 5925 τῶν
1545 5868 1766 5924 εὐσεϐῶν
1790 5874 1880 5924 τῆς
1911 5863 2107 5918 καθολι-

2149 5056 2409 5068 1-

2598 5232 2926 5290 EPISTOLA
2974 5229 2989 5283 Ι
3033 5223 3413 5282 IZNCYCLICA

2239 5344 2451 5384 blAR'l'l-Nl
2483 5342 2627 5381 PAPE
2661 5340 2724 5378 ET
2759 5335 2940 5375 SYNODI
2977 5334 3222 5380 ΠΟΜᾹΝΕ,
3258 5332 3323 5367 Δί)
3353 5332 3532 5372 OHNES
3567 5333 3773 5374 εηιιιετι

2907 5404 3147 5442 Ηυειεε.

2291 5488 2542 5540 Martinus
2582 5499 2753 5537 servus
2783 5496 3041 5534 servorum
3092 5475 3203 5538 Dei,
3243 5485 3395 5544 atque
3442 5491 3538 5543 per
3591 5479 3804 5545 gratim

2215 5583 2324 5648 ejus
2352 5581 2613 5646 episcopus
2646 5584 2836 5626 sanch
2865 5571 3132 5622 catholich
3162 5578 3312 5634 atque
3353 5571 3674 5632 apostolica:
3715 5567 3809 5620 Εε-

2213 5673 2377 5724 etesia:
2422 5669 2556 5719 urbis
2605 5666 2802 5721 Romaz.
2841 5679 2940 5714 una
2978 5676 3091 5713 cum
3140 5668 3312 5710 sancto
3362 5657 3598 5708 concilio
3651 5667 3811 5710 nostro

2215 5762 2745 5817 revercndirsimorum
2777 5754 3120 5814 sacerdotum,
3154 5752 3461 5817 regularzler
3491 5748 3604 5802 huc
3652 5749 3810 5803 uobis-

2202 5846 2330 5909 ‘cum
2360 5852 2662 5907 venientium
2687 5850 2735 5903 in
2756 5845 3142 5914 conﬁrmatione
3164 5843 3521 5914 piissimorum
3543 5845 3813 5902 cadmina

3563 5945 3918 6360 Α
