3930 6232
243 414 345 469 3ῆὸ

242 528 474 581 Flamma
503 541 616 594 quo
636 529 785 596 jugis
809 530 1000 584 aduret
1025 529 1257 582 membra
1286 529 1420 582 citra
1444 531 1747 584 terminum.

245 615 342 668 llic
359 616 596 684 repende
618 617 766 684 quod
797 631 1082 684 meremur,
1103 617 1168 672 sit
1189 619 1339 686 quies
1361 626 1481 684 post
1509 618 1803 670 transitum.

242 703 290 757 0
317 719 482 772 genus
508 708 776 760 mortale!
813 722 1019 761 mecum
1049 708 1310 774 lacrymas
1337 708 1613 771 eﬂ'undite,

248 797 470 863 I‘auperi
500 798 738 864 pnebete
766 798 984 860 victum,
1019 795 1182 850 Parce
1209 797 1417 850 Christo
1445 796 1634 863 dit-ite;
1681 779 1692 792 ”

247 884 487 938 Forsitan
517 885 651 937 iram
681 885 938 950 refrenat,
967 885 1131 938 donat
1159 884 1563 951 indulgentiam.

320 995 452 1050 XIV.
483 997 666 1050 Sancti
688 996 907 1067 Eugenii
931 999 1150 1066 episcopi
1176 994 1406 1050 Toletani
1425 997 1735 1067 epitaphium

891 1069 1172 1135 proprium.

314 1151 469 1213 (Vide
495 1154 598 1207 hoc
626 1154 950 1223 epitaphium
983 1154 1182 1207 in-Vita
1216 1154 1387 1208 sancti
1417 1153 1686 1222 Eugenii.)

789 1263 904 1316 XV.
937 1263 1067 1316 IIem
1096 1261 1259 1315 aliud.

243 1352 349 1417 Qui
378 1365 467 1404 me
494 1350 563 1406 de
593 1353 759 1406 nihilo
789 1353 1045 1414 formasti,
1072 1349 1333 1404 Conditor
1356 1351 1512 1415 alme,

315 1436 393 1490 Tu
424 1438 541 1504 pius
570 1439 620 1490 in
649 1438 852 1492 tumulo
883 1449 938 1491 tu
968 1453 1083 1491 mea
1113 1437 1347 1490 membra
1375 1437 1512 1492 fove.

241 1525 324 1578 Β.)
346 1526 481 1580 cinis
507 1527 576 1580 ad
603 1528 837 1581 cinerem
865 1526 1016 1590 redii,
1041 1527 1307 1593 vitamque
1331 1527 1529 1593 peregi,

317 1616 421 1686 sed
453 1625 636 1682 putres
664 1617 870 1669 eineres
898 1625 950 1669 tu
980 1630 1231 1683 reparare
1258 1615 1426 1667 vales.

246 1686 533 1770 Ascendet,
559 1721 592 1760 ο
619 1691 829 1760 Christe
855 1714 1064 1773 potens,
1096 1714 1220 1772 post
1246 1703 1351 1756 fata
1383 1713 1615 1771 peracta,

316 1792 588 1862 Eugenius
623 1792 810 1846 dextra
839 1793 989 1847 laatus
1018 1791 1084 1844 ad
1114 1800 1255 1843 astra
1284 1790 1384 1843 via.

776 1900 908 1953 XVI.
952 1899 1083 1952 Item
1110 1899 1273 1951 aliud.

236 1993 378 2062 Spes
407 1992 571 2054 mihi,
605 2001 630 2028 ⁸
663 2007 868 2047 summe
896 1992 1064 2058 Deus,
1096 1991 1237 2060 quod
1275 1991 1484 2047 functus
1525 2002 1694 2046 morte
1726 2009 1810 2047 re-

1551 2068 1804 2154 [Surgatm

315 2171 424 2226 Nec
448 2171 560 2239 jam
587 2181 710 2240 post
738 2171 995 2225 tumulum
1022 2172 1099 2226 sic
1126 2171 1415 2227 moriturus
1439 2186 1553 2223 ero.

239 2263 352 2317 Sed
375 2265 499 2333 quia
526 2265 768 2318 mortalis
796 2279 1063 2331 nunquam
1093 2265 1206 2319 sine
1227 2266 1447 2320 crimine
1471 2265 1596 2329 vixi,

314 2352 538 2422 Engenii
571 2353 747 2406 miseri
778 2362 834 2405 tu
863 2355 1118 2408 miserere
1147 2355 1250 2423 pie.

711 2465 872 2520 XVII.
903 2464 1094 2520 Domni
1128 2464 1346 2520 Evantii.

253 2575 470 2630 'zobilis
503 2584 556 2628 et
589 2588 784 2642 magno
812 2575 1064 2629 virtutum
1087 2576 1315 2630 culmine
1344 2591 1470 2631 ce.s.
1515 2617 1528 2629 .
1577 2620 1588 2630 .
1631 2618 1646 2631 .
1692 2619 1703 2631 .
1762 2593 1815 2633 re

253 2680 480 2733 -—ngens
507 2665 773 2729 consiliis,
805 2674 860 2718 et
886 2665 1086 2719 dextrze
1123 2665 1341 2733 belliger
1369 2675 1473 2719 act.
1519 2705 1532 2718 .
1575 2707 1588 2720 .
1634 2708 1648 2720 .
1687 2705 1701 2719 .
1764 2683 1812 2722 <

255 2755 444 2809 chare
479 2753 605 2805 mihi
633 2754 870 2820 genitor,
898 2762 953 2807 et
982 2754 1086 2806 vita
1126 2755 1338 2809 charior
1380 2756 1478 2823 ips.
1523 2797 1532 2808 .
1578 2795 1592 2808 .
1621 2767 1651 2810 '.
1688 2797 1700 2810 .
1759 2773 1811 2811 πρ

253 2856 384 2894 =oc
412 2842 517 2893 nati
545 2842 715 2906 pietas
742 2841 897 2896 offert
925 2852 1042 2911 post
1063 2827 1246 2899 I'unera
1276 2861 1472 2900 carme.
1516 2859 1540 2899 .'
1573 2887 1586 2902 .
1633 2888 1646 2902 .
1691 2890 1704 2904 .

1759 2868 1814 2908 2

260 2933 481 2988 cﬂ'erre
519 2935 768 2989 incolumi
810 2937 951 3004 quod
979 2951 1122 2991 mors
1152 2938 1363 2992 infanda
1393 2941 1587 2994 vetavi.
1630 2980 1646 2995 .
1689 2981 1702 2995 .
1759 2958 1814 2999 -ς

257 3035 392 3076 trux
419 3022 514 3074 tibi
545 3037 748 3076 summa
780 3023 892 3088 Dei,
924 3040 1129 3080 necnon
1157 3037 1214 3080 et
1245 3028 1412 3094 gratia
1439 3027 1638 3084 Christ.
1683 3069 1698 3084 .
1757 3059 1811 3078 -ι

254 3108 426 3160 sedsit
451 3118 727 3177 perpetuo,
757 3125 854 3164 nec
881 3112 1020 3164 desit
1050 3114 1304 3180 temporis
1327 3129 1405 3168 us.
1449 3154 1463 3167 .
1510 3156 1520 3166 .
1567 3153 1580 3168 .
1623 3156 1637 3170 .
1683 3156 1699 3171 .
1751 3134 1806 3170 ε

255 3198 726 3265 εωιιὶροιειιειιιιθ
751 3197 855 3250 tuis
882 3213 988 3250 non
1012 3199 1197 3252 reddat
1215 3199 1390 3253 debita
1416 3202 1579 3271 culpi.
1623 3243 1637 3258 .
1683 3243 1696 3256 .

637 3304 816 3358 XVIII.
848 3305 1003 3360 Pacis
1029 3308 1418 3377 redintegratio.
1471 3333 1496 3349 ο

236 3391 454 3444 Gaudia
478 3397 792 3462 prmpetibus
822 3408 1146 3451 concurrunt
1172 3399 1400 3470 undique
1431 3405 1587 3467 votis.

307 3478 381 3531 Et
409 3481 569 3547 gestit
596 3485 825 3536 animum
855 3499 955 3551 pax
982 3499 1229 3540 recreare
1258 3504 1454 3544 meum.

230 3568 540 3622 Vivescunt
565 3585 751 3624 sensus
778 3570 919 3624 bello
952 3572 1149 3640 liteque
1172 3579 1421 3642 repressi,
1600 3641 1601 3644 η

303 3659 380 3712 Et
412 3659 436 3696 δ
465 3662 606 3713 redit
632 3660 698 3712 ad
728 3662 952 3727 primum
977 3675 1127 3729 mens
1156 3662 1387 3717 lacerata
1422 3667 1658 3722 modum.

231 3750 458 3801 Crescit
485 3763 668 3801 amore
695 3749 870 3803 salus:
902 3749 1086 3816 procul
1111 3749 1173 3803 ol
1203 3752 1392 3818 procul
1422 3762 1535 3807 este
1563 3755 1799 3820 dolores,

311 3836 457 3906 Nam
483 3834 640 3902 jussit
666 3835 874 3904 refugos
892 3836 1002 3904 jam
1029 3837 1267 3892 stabilire
1291 3839 1449 3893 Deus.

220 3929 294 3978 At
323 3935 415 3991 tu,
438 3939 693 3992 perverse
716 3925 944 3987 daemon,
977 3935 1031 3981 et
1051 3927 1269 3996 pestifer
1294 3932 1500 3997 anguis,

295 4015 390 4069 Nil
427 4016 682 4083 prodesse
711 4016 803 4070 tibi
834 4033 973 4070 nunc
995 4018 1229 4085 peritura
1251 4018 1392 4074 dole.

218 4110 350 4162 Non
391 4117 486 4160 tua
518 4107 692 4175 praeda
724 4123 930 4172 sumus,
957 4109 1198 4176 quamvis
1227 4109 1309 4177 pia
1343 4120 1558 4176 pectora
1588 4115 1715 4167 rixis
1747 4097 1752 4103 ’

299 4195 575 4248 l’unxeris
603 4195 667 4247 ad
695 4195 980 4258 modiCum,
1013 4211 1116 4248 non
1140 4205 1226 4249 tua
1256 4197 1429 4264 praeda
1461 4217 1658 4255 sumus.

225 4283 328 4337 Sic
361 4295 586 4348 semper
602 4282 795 4348 rapidis
823 4297 1082 4337 vanescas
1107 4283 1316 4339 tabidus
1336 4287 1499 4353 auris,
1545 4340 1551 4344 _

299 4371 376 4423 Et
409 4385 509 4423 nos
531 4369 584 4422 in
613 4371 821 4425 Christo
858 4371 934 4424 sic
974 4381 1182 4426 tueatur
1209 4378 1375 4427 amur.

431 4475 568 4530 XIX.
600 4476 986 4546 lleptametrum
1015 4479 1077 4531 de
1099 4480 1376 4544 primordio
1405 4483 1599 4535 mundi.

219 4571 453 4624 Primus
477 4571 534 4620 in
575 4566 703 4621 orbe
724 4568 837 4623 dies
863 4568 992 4623 lucis
1023 4567 1312 4638 primordia
1340 4571 1584 4645 sumpsit,

298 4706 328 4731 ⁸
363 4693 487 4760 AL,
519 4710 738 4747 summa.

300 4765 329 4801 ι’
365 4766 485 4826 ΑΙ..
514 4767 665 4816 venit.

303 4845 330 4870 ο
363 4833 487 4896 AL,
517 4835 757 4899 crepitus.
803 4898 806 4899 ν
1694 4869 1702 4879 .

301 4903 330 4938 ιι
358 4900 480 4972 pic
501 4898 615 4969 ipse
660 4898 895 4972 Gullilas,
926 4899 992 4952 ab
1036 4899 1152 4972 aliis
1182 4899 1333 4956 Ullila
1361 4901 1674 4972 appellatus,
1722 4910 1806 4956 est

224 4972 321 5023 ille
347 4969 663 5036 Gothorum
688 4970 965 5036 episcopus
991 4970 1145 5034 cujus
1173 4969 1463 5026 meminere
1479 4971 1732 5035 Melitus;
1752 4982 1806 5024 et

225 5047 470 5092 san-ctus
501 5035 729 5090 Isidorus
752 5038 802 5091 in
827 5035 1089 5090 Chronico
1120 5037 1186 5090 ad
1211 5053 1405 5092 annum
1437 5042 1617 5093 mundi
1647 5038 1802 5092 5576.

229 5127 252 5158 ι
295 5104 679 5173 Fridigernus,
706 5106 967 5173 inquiunt,
998 5105 1356 5159 Athalaricum
1387 5108 1622 5161 Valentis
1650 5109 1800 5162 Aria-

226 5176 281 5228 ni
316 5172 894 5244 imperatorisauiilio
929 5175 1726 5244 superans,suaden’tereodem,
1753 5179 1804 5230 in

225 5237 423 5313 hujus'
455 5237 700 5313 beneﬁcii
739 5243 967 5313 _gvatium
993 5237 1380 5313 :exﬂatbolico
1419 5237 1646 5297 Arianns
1685 5237 1804 5299 cum

225 5305 392 5366 omni
425 5315 591 5376 gepte
634 5305 924 5360 Gothorum
950 5305 1192 5364 eﬂ‘ecius.
1212 5324 1443 5363 errorem
1481 5321 1694 5364 secutus
1725 5323 1808 5366 est

225 5374 446 5449 ipsius;
480 5374 634 5449 Tunc
682 5376 1152 5449 quoqueCullilas
1193 5377 1482 5449 Guthorum
1527 5379 1807 5446 episcopus

225 5441 298 5502 εἶά
343 5448 529 5500 instar
577 5441 876 5495 Grmcarum
927 5445 1216 5504 litterarum
1245 5447 1432 5501 GOlhis
1462 5441 1585 5499 tunc
1610 5441 1808 5514 reperit

227 5517 480 5573 litteras.
512 5521 571 5564 et
597 5522 882 5583 utrumque
915 5519 1283 5583 testamentum
1332 5516 1556 5583 linguam
1587 5516 1638 5568 in
1679 5530 1805 5582 pro-

227 5587 420 5650 νήθη)
454 5580 750 5650 transtulit.
790 5578 1081 5650 r'I‘otidcm
1131 5579 1242 5650 fere
1273 5578 1429 5636 verba
1459 5585 1524 5638 de
1552 5599 1614 5638 eo
1647 5578 1807 5635 habet

227 5647 290 5703 S.
323 5651 396 5704 D.
448 5651 501 5700 in
558 5649 772 5702 historia
801 5649 863 5698 de
917 5647 1143 5712 llegibns
1182 5649 1474 5703 Gothorum
1501 5654 1565 5707 ad
1612 5666 1807 5704 annum

228 5718 447 5786 (ζιιή-ιὶ
468 5716 602 5776 577,
633 5732 736 5770 mra
763 5714 878 5768 615.
903 5717 1048 5767 l‘nile
1061 5714 1282 5770 Gothica
1309 5733 1365 5770 sc
1398 5721 1564 5786 iptura
1579 5721 1713 5774 dicta
1729 5729 1810 5772 est

235 5785 504 5845 L‘Iﬁla'm.
541 5787 702 5851 Quod
731 5802 853 5841 vero
885 5786 1042 5840 Getas
1062 5794 1274 5841 sanctus
1295 5785 1555 5855 Eugenius
1583 5788 1808 5845 Gotham

1337 412 1830 472 υρυδουωιιυιι
1871 412 2044 470 Ρςιιις
2090 417 2314 471 ΡΙὶΙλΙΛ.

3357 427 3460 480 δρα

1835 533 1880 587 Α
1909 529 2057 580 Alter
2081 529 2412 597 splendilluis
2443 520 2632 584 ecelunt
2665 532 2892 585 firmavit
2924 536 2972 587 in
3000 535 3130 597 (iris,

1912 618 2124 670 Tertius
2145 601 2460 685 undivagitm
2485 635 2630 673 mare
2657 620 2746 672 dat
2767 637 2885 676 cum
2913 625 3150 689 germine
3180 635 3355 687 terra»,

1911 706 2141 770 Quartus
2172 707 2334 760 habet
2364 707 2640 771 Plxmbum,
2686 710 2992 780 lunamque,
3021 722 3076 766 et
3121 715 3294 768 sidera
3323 717 3462 769 ouili.

1910 795 2134 861 Quintus
2156 796 2474 864 plumigeras
2504 798 2767 862 volucres,
2786 800 3062 868 piscesque
3091 811 3352 867 natantes,

1909 882 2104 936 Sextus
2129 884 2540 960 quadrupedem
2563 895 2798 953 reptans,
2850 889 3194 958 hominesque
3222 907 3462 959 sagaces,

1910 973 2176 1041 Septimus
2204 983 2285 1027 est
2313 973 2536 1027 Domino
2564 977 2778 1042 requies
2806 976 2888 1029 bis
2915 977 3014 1030 rite
3036 980 3285 1047 peractis.

2079 1082 2192 1136 XX.
2223 1082 2546 1136 Monasticha
2577 1083 2638 1137 de
2668 1085 2838 1138 decem
2866 1087 3030 1155 plagis
3056 1087 3292 1158 .Egypti.

1913 1174 2086 1226 Prima
2113 1173 2265 1242 plaga
2295 1170 2509 1240 Egypti
2537 1173 2777 1242 lymphas
2798 1175 2849 1226 in
2880 1179 3136 1240 sanguine
3161 1179 3340 1240 vertit,

1912 1263 2091 1316 Altera
2124 1276 2375 1314 ranarum
2410 1273 2429 1298 ο
2458 1263 2738 1328 crepitum,
2770 1262 3054 1330 tabemque
3085 1269 3308 1329 creavit,

1911 1352 2093 1406 Tertia
2125 1352 2403 1405 mordaces
2432 1351 2632 1404 culices
2660 1351 2726 1404 de
2753 1352 2967 1419 pulvere
3005 1354 3187 1414 movit,

1913 1441 2108 1505 Quarta
2131 1440 2276 1493 dedit
2305 1434 2516 1494 muscas
2548 1441 2656 1493 ictu
2687 1441 2972 1509 sonituque
3006 1442 3296 1508 pavendas.

1913 1531 2107 1593 Quinta
2133 1543 2348 1596 quoque
2377 1538 2550 1582 morte
2578 1529 2796 1582 damnat
2820 1530 3342 1593 animantia‘cuncta,

1911 1619 2072 1672 Sexta
2102 1616 2423 1685 putrescenti
2444 1617 2648 1670 vesicas
2676 1617 2897 1671 vulnere
2927 1626 3120 1686 patrat,

1913 1707 2150 1775 Septima
2200 1705 2508 1757 fulmineum
2559 1721 2798 1759 murmur
2824 1721 2944 1760 cum
2987 1708 3243 1774 grandine
3273 1711 3467 1774 vibrat,

1921 1797 2126 1848 Octava
2148 1794 2279 1860 frugi
2309 1807 2508 1847 nocuas
2538 1792 2817 1860 frondique
2839 1795 3094 1862 locustas,

1844 1866 1886 1920 Β
1914 1883 2062 1936 Nona
2090 1890 2240 1950 parat
2263 1881 2439 1949 piceas
2462 1889 2608 1934 tactu
2639 1881 2887 1948 palpante
2916 1884 3192 1944 tenebras,

1915 1972 2131 2036 Ultima,
2160 1987 2276 2039 qua:
2305 1969 2532 2032 decima,
2571 1971 2739 2038 prolis
2768 1971 3059 2046 prirnqrdia
3095 1981 3324 2028 truncat.

2220 2080 2371 2133 ΧΧ1.·
2391 2080 2463 2132 De
2492 2080 2834 2133 invenforibus
2862 2081 3165 2134 litterarum.

1913 2170 2118 2240 Moyses
2146 2170 2347 2235 primus
2377 2169 2635 2222 Ilebrwas‘
2654 2169 2900 2224 exaravit
2928 2169 3155 2232 litteras,

1913 2261 2088 2314 Mente
2115 2259 2391 2313 Phoenices
2417 2258 2592 2324 sagaci
2616 2257 2969 2309 condiderunt
3000 2259 3041 2309 Α
3072 2259 3204 2313 ticas
3229 2277 3243 2321 ;

1913 2355 2053 2414 Quas
2085 2349 2255 2402 Latini
2285 2349 2646 2415 scriptitamus
2675 2346 2840 2399 edidit
2868 2346 3185 2410 Nicostrata,

1915 2438 2181 2492 Abraham
2212 2440 2391 2506 Syras,
2427 2444 2475 2488 et
2505 2435 2642 2487 idem
2674 2434 2874 2502 reperit
2902 2433 3234 2497 Chaltlaicas,

1912 2530 2008 2582 Isis
2035 2538 2149 2582 arte
2178 2544 2281 2582 non
2313 2525 2505 2579 minori
2538 2525 2756 2593 protulit
2784 2523 3082 2596 ZEgyptias,

1911 2617 1935 2654 ά
1953 2618 2142 2672 Gullila
2171 2617 2432 2685 prompsit
2455 2617 2705 2668 Getarum
2720 2629 2852 2682 quas
2876 2617 3113 2670 videmus
3131 2620 3356 2672 ultimas.

2203 2723 2362 2776 XXII.
2397 2723 2471 2777 De
2506 2722 2848 2775 animantibus
2877 2718 3170 2792 ambigente.

1914 2818 2036 2872 llam
2067 2825 2189 2870 sunt
2226 2816 2525 2883 ambigena,
2559 2827 2675 2882 quae
2723 2813 2890 2881 nuptu
2930 2813 3141 2882 dispare
3192 2825 3458 2872 constant.

1913 2907 2215 2961 Burdonem
2237 2907 2450 2977 sonipes
2476 2912 2698 2972 generat
2721 2903 3030 2958 commistus
3053 2905 3250 2968 asellzc,

1913 2999 2085 3051 Mulus
2105 2997 2172 3050 ab
2198 2995 2490 3057 Arcadicis,
2518 3003 2571 3046 et
2595 2994 2788 3061 equina
2820 3002 2989 3046 matre
3017 3004 3254 3054 creatur.

1914 3086 2111 3140 Titirus
2139 3100 2205 3139 ex
2237 3085 2424 3138 ovibus
2449 3084 2620 3136 oritur
2651 3083 2906 3149 hircoque
2940 3093 3180 3149 parente,

1752 3205 1809 3243 ω
1835 3191 1882 3254 C
1911 3175 2239 3229 Musmonem
2266 3187 2426 3240 capra
2456 3184 2687 3224 verveno
2715 3171 2917 3222 semine
2943 3171 3125 3236 gignit,

1911 3267 2066 3334 Apris
2086 3272 2246 3332 atque
2273 3277 2370 3317 sue
2396 3270 2606 3315 setosus
2629 3260 2864 3314 nascitur
2893 3261 3041 3326 ibris,
3081 3273 3083 3275 ‘

1911 3353 1977 3407 At
2005 3353 2161 3422 lupus
2186 3361 2240 3407 et
2266 3352 2441 3407 catula
2471 3351 2700 3405 formant
2724 3350 2965 3404 coeundo
2988 3351 3256 3420 lyciscam.

2384 3459 2569 3514 XXIII.
2601 3459 2680 3511 Ad
2703 3453 2977 3512 Joannem.

1910 3551 1953 3605 Ο
1978 3553 2042 3607 Jo
2073 3553 2363 3621 versiculos
2395 3565 2560 3604 nexos
2583 3550 2706 3616 quia
2737 3549 2964 3616 despicis
2994 3565 3174 3612 mnes,

1908 3642 2109 3710 Excipe
2133 3658 2182 3694 bl
2205 3642 2374 3694 solers
2398 3640 2441 3692 si
2466 3638 2602 3690 nosti
2627 3637 2851 3703 jungere
2877 3652 3038 3703 VISOS,

1907 3731 2079 3784 Cerne
2107 3746 2170 3781 ca
2202 3733 2479 3794 pascentes
2500 3726 2723 3777 dumoso
2752 3725 2800 3776 in
2827 3725 3002 3778 littore
3028 3742 3211 3789 uanos,

1908 3818 1976 3871 Et
2007 3833 2104 3870 ron
2131 3815 2336 3868 triticea
2369 3824 2643 3867 verrentes
2671 3814 2905 3880 germina
2935 3829 3145 3868 curos.

1910 3911 1988 3962 Att
2016 3906 2277 3962 sitibunda
2310 3915 2496 3974 petunt
2523 3905 2853 3974 lympharum
2886 3907 3071 3972 pocula
3104 3924 3299 3964 MENTI.

1907 4005 2078 4070 Atque
2105 4019 2166 4055 su
2195 4002 2494 4069 glandifera:
2521 4004 2776 4056 recubant
2797 4004 2894 4055 sub
2919 4005 3147 4069 tegmine
3179 4022 3346 4070 BL‘LCI,

1906 4091 2053 4144 Nunc.
2082 4105 2173 4143 ms
2204 4090 2463 4156 lanigeras
2489 4081 2687 4142 ducum
2715 4090 2778 4142 ad
2804 4107 2996 4157 pascua
3023 4109 3208 4154 'I‘OIIES,

1907 4179 1974 4231 Et
2001 4193 2084 4230 rut;
2109 4187 2426 4230 consumunt
2453 4177 2758 4230 fraudantes
2786 4193 3001 4230 munera
3023 4185 3194 4232 Tunna.

1905 4265 2015 4320 Pno
2038 4266 2130 4318 tibi
2160 4275 2216 4318 ut
2243 4275 2425 4318 nostro
2454 4267 2628 4317 veniat
2653 4281 2715 4316 ex
2750 4267 2984 4318 carmine
3011 4281 3232 4334 recres,

1905 4358 2074 4408 Instar
2103 4365 2120 4384 ⁸
2153 4353 2331 4405 Lucilii
2365 4367 2528 4417 cogor
2549 4352 2878 4419 disrumpere
2898 4369 3102 4406 versus.

2184 4460 2366 4514 XXIV.
2406 4461 2484 4512 Ad
2517 4460 2774 4515 Ensicium
2805 4459 3167 4534 presbyterum.

1832 4540 1882 4596 Ῑ)
1909 4553 2223 4607 Sanctorum
2253 4552 2455 4604 meritis
2483 4551 2650 4616 claro,
2676 4567 2992 4621 semperque
3019 4556 3174 4609 beato

1906 4693 2114 4750 gentem
2165 4680 2525 4752 appellaverit,
2557 4685 2792 4750 antiquo,
2821 4693 2875 4737 et
2913 4687 3174 4754 primitivo
3209 4701 3325 4740 eam
3357 4704 3451 4740 no-

1906 4755 2048 4821 mine
2096 4754 2370 4819 indigitare
2417 4754 2612 4821 voluit;
2657 4769 2903 4821 namque,
2955 4763 3010 4804 ut
3054 4755 3188 4807 idem
3236 4767 3451 4810 sanctus

1904 4820 2136 4876 Isidorus
2183 4818 2246 4875 ex
2293 4829 2476 4874 sancto
2516 4818 2836 4892 Hieronymo
2863 4821 3045 4892 scribit
3083 4822 3232 4877 initio
3261 4827 3446 4892 prsidi-

1863 4919 1865 4922 ‹
1905 4900 2004 4943 «ue
2044 4893 2347 4958 historians
2386 4888 2796 4958 retro__eruditio
2841 4902 2933 4941 eos
2984 4888 3230 4958 (Gothos)
3261 4888 3445 4955 'magis

1889 4958 2084 5020 'Getas,
2115 4974 2270 5024 quam
2300 4956 2413 5022 Gog
2441 4965 2494 5006 et
2521 4954 2702 5020 Magog
2728 4954 2998 5022 appellare
3025 4954 3314 5013 consuevit.
3353 4979 3371 5009 υ

1977 5037 2000 5064 ο
2034 5027 2287 5080 Lucilium
2317 5026 2476 5084 hunc,
2503 5036 2658 5089 quem
2691 5024 2741 5074 in
2769 5027 3011 5091 pvmsenti
3034 5030 3266 5080 carmine
3295 5041 3443 5081 com-

1906 5095 2150 5164 ponendo
2172 5093 2405 5164 imitatus
2425 5099 2506 5142 est
2533 5099 2746 5145 sanctus
2770 5091 3063 5164 Eugenius
3082 5095 3239 5152 fuisse
3267 5096 3443 5164 su:pi‘

1906 5160 2088 5218 canitur
2113 5171 2320 5230 poetam
2349 5160 2491 5212 illum
2521 5160 2930 5226 vetustissimum
2962 5165 3027 5216 ab
3054 5163 3286 5225 IIoratio,
3319 5161 3445 5215 Per-

1906 5234 1986 5286 sio
2013 5229 2231 5296 aliiSque
2256 5231 2447 5296 swpius
2492 5229 2778 5292 laudatum,
2811 5240 3057 5296 tauquam
3088 5246 3205 5282 eum
3247 5233 3337 5296 qui
3368 5233 3446 5283 iu-

1907 5311 1988 5355 ter
2017 5301 2284 5353 Romanos
2312 5306 2539 5366 satyram
2581 5299 2776 5363 primus
2818 5300 3223 5364 conscripserit;
3254 5301 3444 5353 inculte

1907 5379 2104 5429 tamen,
2128 5377 2182 5421 et
2210 5367 2407 5434 absque
2438 5367 2548 5420 ullo
2573 5375 2782 5428 ornatu,
2812 5366 3006 5431 quippe
3025 5366 3113 5432 qui

2031 5492 2042 5503 .
2109 5489 2126 5506 .
2192 5490 2206 5503 .
2275 5491 2285 5502 .
2351 5494 2362 5505 .
2432 5493 2442 5504 .
2509 5454 2598 5503 .Iu
2624 5456 2736 5502 hora
2758 5454 3156 5514 saepeduceulos,

2031 5515 2092 5564 Ut
2113 5529 2352 5575 magnum,
2381 5530 2545 5564 versus
2565 5516 2869 5575 dictabat“...

2029 5573 2277 5635 Garrulus,
2297 5573 2440 5636 atque
2461 5579 2596 5634 piger
2614 5574 2847 5620 scribendi
2874 5573 3003 5622 ferre
3036 5574 3259 5622 laborem.

1909 5649 2059 5701 Ctde
2097 5664 2163 5700 cu
2201 5649 2274 5702 ait
2301 5646 2564 5702 Horatius,
2610 5645 2698 5697 lib.
2748 5659 2781 5709 ι,
2814 5653 2912 5696 sat.
2945 5642 2996 5693 ὅ.
3032 5641 3206 5709 Forte_
3233 5652 3334 5709 non
3365 5637 3439 5689 di-

1907 5731 2090 5769 versus
2137 5718 2228 5766 fuit
2257 5717 2322 5766 ab
2359 5730 2424 5766 eo
2456 5714 2651 5764 Lucilio
2695 5704 2778 5765 de-
2800 5728 2906 5779 qun
2935 5717 3144 5779 S-lllClllS
3174 5704 3440 5779 _|si’lorus,

1907 5783 2201 5853 Etymolog.
2241 5783 2330 5836 lib.
2363 5798 2396 5847 ι,
2447 5797 2563 5850 cap.
2596 5783 2679 5848 53,
2721 5783 2785 5837 de
2814 5773 3140 5838 Soloecismo,
3174 5774 3282 5828 huic
3311 5773 3438 5829 scri-
