3930 6232
552 430 647 445 '1‘-

552 432 639 479 307

620 534 823 589 Eusicio
854 530 1105 597 Eugeniae
1136 525 1249 579 vilis
1271 532 1323 575 et
1347 522 1587 587 exiguus.

551 628 741 695 Accipe
769 622 1091 689 conscriptos
1111 614 1317 686 plebeio
1344 602 1576 665 carmine
1611 622 1809 668 versus,

600 695 756 781 ‘Quos
785 713 874 766 dat
898 708 1079 765 dilecti
1118 702 1304 769 pagina
1336 706 1517 752 moesta
1552 695 1665 746 libi.

549 807 715 860 Cbara
744 803 866 855 mihi
900 806 1103 852 vestros
1128 791 1337 844 advexit
1359 786 1578 855 epistula
1600 792 1840 852 questus,

618 894 683 947 Et
711 905 797 945 me
821 886 1057 942 tristitie)
1087 879 1312 949 perculit
1340 877 1459 928 inde
1487 888 1648 929 seno.

549 983 778 1037 Oblitum
802 989 853 1032 te
880 987 1102 1040 namque
1134 969 1297 1037 gemis
1320 962 1569 1020 vilescere
1598 962 1768 1021 nobis,

622 1073 784 1139 Inque
813 1082 930 1121 meo
957 1065 1151 1116 vultum
1182 1058 1343 1113 corde
1372 1054 1571 1123 perisse
1602 1061 1767 1103 tuum.

552 1137 717 1220 Crede
743 1160 871 1213 meis
900 1156 1090 1217 verbis,
1119 1166 1238 1204 nam
1270 1150 1345 1201 fas
1370 1154 1449 1199 est
1475 1141 1700 1196 credere
1729 1137 1876 1190 nobis
1903 1154 1917 1190 :
1950 1192 1952 1194 τ

622 1251 847 1305 Credere
875 1258 1059 1311 nempe
1088 1241 1230 1299 licet,
1260 1250 1377 1290 cum
1400 1231 1641 1285 dubitare
1672 1235 1844 1280 notet.

555 1341 741 1395 Testor
766 1348 990 1402 namque
1017 1330 1198 1390 Deum,
1225 1332 1531 1380 sanctorum
1552 1316 1761 1372 nomina
1792 1320 1976 1379 testor,

622 1427 874 1481 Aﬁectum
906 1421 1061 1474 vestri
1093 1432 1199 1471 nou
1230 1411 1463 1482 tepuisse
1492 1408 1635 1461 mihi.

557 1522 690 1572 Ante
710 1517 859 1586 polus
886 1513 1013 1567 solis
1034 1509 1243 1589 etjluuze
1268 1504 1386 1557 luce
1418 1501 1636 1561 carebit,

623 1608 787 1672 Quam
810 1604 907 1657 sim
939 1595 1553 1667 couSpeclusimmemor
1581 1588 1692 1656 ipse
1722 1587 1816 1639 tui.

562 1706 693 1753 Ante
718 1709 930 1764 quoque
954 1699 1131 1743 nostro
1158 1685 1389 1739 discedet
1416 1691 1631 1750 pectore
1665 1679 1789 1739 vita,

628 1787 793 1851 Quam
819 1791 1003 1837 vestra:
1034 1776 1221 1831 mentis
1248 1775 1411 1827 dulcis
1435 1772 1685 1824 amicitia.

560 1876 785 1925 Volveut
810 1876 1003 1941 puncta
1027 1868 1157 1925 dies,
1187 1863 1461 1915 volveutur
1488 1858 1755 1910 mensibus
1788 1852 1929 1913 anni,

631 1959 846 2025 Semper
872 1958 920 2007 ili
948 1968 1039 2005 ore
1068 1966 1183 2003 meo
1215 1962 1403 2000 nomen
1432 1958 1684 2009 amorque
1716 1951 1853 1991 tuus.

569 2050 642 2100 lSn
664 2049 784 2114 quia
810 2024 1133 2112 deprompsit
1155 2038 1397 2091 affectum
1430 2034 1612 2101 pagina
1645 2040 1899 2090 nostrum,

637 2138 801 2203 Dilige
834 2149 915 2187 me
946 2133 1177 2192 nimium,
1210 2120 1364 2193 dilige
1389 2138 1469 2176 me
1493 2123 1727 2174 nimium.

520 2288 523 2289 ν
558 2227 828 2294 Obsequio
860 2223 1032 2277 cordis
1075 2220 1377 2289 persolvens
1403 2214 1519 2281 jura
1549 2210 1751 2269 salutis,

641 2318 768 2369 llinc
796 2328 978 2383 precor
1006 2320 1061 2363 ut
1092 2308 1262 2361 inise'i
1292 2306 1363 2358 sis
1391 2316 1593 2356 memor
1622 2298 1757 2351 alme
1782 2295 1875 2347 tui.

568 2406 801 2457 Christus
831 2401 1020 2466 ubique
1060 2398 1159 2448 tuis
1187 2393 1444 2448 concedat
1472 2400 1721 2455 prospera
1767 2384 1921 2441 rotis,

637 2491 701 2542 Et
722 2500 903 2557 parcat
928 2488 1093 2550 culpis
1115 2470 1349 2535 Christus
1372 2478 1560 2543 ubique
1592 2476 1742 2526 meis.

722 2648 723 2651 η
885 2592 1039 2646 XXV.
1070 2591 1146 2642 Ad
1175 2589 1433 2657 quemdam
1466 2582 1787 2654 {duiliarenu

558 2691 715 2754 Saepe
748 2695 884 2737 tuam
909 2681 1111 2750 placide
1138 2679 1292 2745 cupio
1316 2678 1435 2744 quia
1470 2690 1621 2727 nosse
1648 2675 1892 2734 Salutem,

556 2813 582 2837 η
642 2776 836 2829 Idcirco
860 2780 1094 2824 nostrum
1126 2768 1335 2835 percipe
1359 2768 1507 2817 Iasius
1536 2765 1663 2814 Ave.

571 2868 740 2917 Ac'ue
767 2845 1014 2926 longiﬂuo
1054 2856 1361 2922 graudescat
1383 2852 1602 2919 epistola
1638 2858 1828 2911 tractu,

641 2947 788 3015 Quod
819 2960 1029 3014 possum
1061 2931 1306 3001 breviter,
1340 2940 1505 2991 dulcis
1533 2939 1723 2997 amice,
1756 2938 1893 2988 vale.

983 3051 1156 3105 XXVI.
1191 3050 1317 3103 Item
1344 3050 1410 3101 ad
1447 3048 1692 3100 emudem.

578 3148 855 3199 lnuueusas
879 3144 1099 3197 Domino
1121 3140 1319 3200 Iaudes,
1348 3148 1631 3205 gratesque
1658 3137 1894 3204 rependi.

644 3237 790 3303 Quod
818 3236 976 3288 missa
999 3232 1309 3285 incolumem
1343 3240 1393 3281 te
1422 3230 1545 3281 mihi
1577 3226 1761 3280 charta
1787 3227 1949 3280 dedit.

568 3324 703 3375 inde
726 3322 1062 3387 salutigerum
1090 3319 1279 3369 devoto
1318 3325 1529 3381 pectore
1556 3330 1767 3365 carmen

649 3410 917 3469 Mittimus,
948 3415 1001 3459 et
1025 3405 1184 3458 charo
1213 3403 1431 3469 dicimus
1453 3415 1574 3453 ore;
1610 3400 1759 3451 vale.

975 3513 1173 3569 XXVII.
1218 3512 1345 3565 Item
1374 3513 1438 3563 ad
1470 3511 1715 3563 eumdem.

580 3611 735 3663 Multa
762 3608 901 3673 salus
928 3606 1090 3666 nobis,
1121 3605 1163 3656 si
1194 3611 1314 3655 sunt
1346 3600 1435 3652 tibi
1460 3600 1593 3653 dona
1620 3598 1830 3651 salutis:

651 3702 717 3751 At
746 3709 799 3752 tu
819 3710 996 3764 sospes
1025 3709 1141 3759 ave,
1168 3701 1223 3745 tu
1242 3695 1354 3745 sine
1385 3690 1484 3744 fine
1504 3691 1639 3743 vale.

952 3800 1174 3852 XXVIII.
1225 3799 1407 3851 Versus
1436 3800 1495 3849 de
1526 3810 1760 3865 tempore.

578 3896 820 3959 Quinque
840 3890 998 3943 trahit
1024 3886 1240 3939 volvens
1262 3900 1514 3937 annorum
1550 3895 1784 3949 tempora
1804 3884 2042 3943 lustrum,

578 3985 841 4049 Quattuor
867 3996 932 4033 ex
954 3977 1102 4031 annis
1127 3990 1373 4028 numerus
1404 3974 1578 4025 linitur
1604 3973 1835 4042 Olympi,

587 4072 712 4126 Nam
744 4070 905 4123 tribus
934 4065 1159 4135 impletis
1193 4066 1333 4117 trieto.
1349 4064 1454 4116 rica
1487 4061 1691 4115 solvere
1720 4076 1833 4113 mos
1856 4072 1954 4113 est.

936 4174 1115 4230 XXIX.
1160 4172 1341 4225 Versus
1383 4186 1535 4237 supra
1565 4170 1763 4221 lectum.

589 4273 812 4340 Imperat
833 4269 1179 4336 omnipotens,
1196 4263 1376 4332 procul
1400 4263 1459 4315 οἱ
1488 4260 1668 4329 procul
1688 4260 1876 4326 effuge,
1893 4260 2115 4324 dtenion,

591 4426 694 4475 bit:
729 4441 744 4469 ι
779 4420 934 4471 Fiunt
954 4424 1202 4481 praeterea
1249 4420 1301 4465 et
1320 4413 1554 4480 plurimis
1578 4413 1743 4465 modis
1768 4413 2113 4477 (solmcismi):

594 4494 717 4542 Nam
752 4486 974 4538 Lucilius
1018 4491 1224 4534 erutum
1268 4494 1457 4545 genera
1497 4482 1913 4533 solmcismorum
1968 4482 2118 4542 dixit,

591 4574 721 4624 quos
760 4568 943 4607 omnes
964 4552 1124 4624 vit're
1154 4550 1324 4624 potius
1355 4562 1508 4612 quam
1540 4550 1686 4624 sequi
1716 4550 1890 4613 debet,
1920 4552 2008 4617 qui
2040 4566 2122 4603 re-

594 4616 765 4691 gulam
790 4631 931 4673 recte
964 4616 1203 4691 loquendi
1230 4625 1409 4667 tenere
1440 4617 1632 4691 studet.
1672 4633 1688 4662 ι

665 4692 826 4742 Porro
855 4692 952 4743 hoc
988 4682 1326 4755 epigramma,
1362 4682 1499 4755 quod
1545 4682 1700 4733 animi
1735 4689 1943 4755 tantum
1960 4687 2122 4755 grat'a

598 4760 663 4809 ab
690 4758 922 4821 Eugenio
951 4751 1271 4807 elaboratum
1318 4751 1735 4821 credimus,_non
1784 4762 1888 4802 tam
1933 4752 2125 4805 iudicat

597 4841 718 4878 eum
770 4818 924 4875 simili
964 4823 1193 4874 carmine
1237 4822 1552 4873 delectatum
1593 4818 1770 4877 fuisse,
1819 4833 1973 4884 quam
2013 4820 2128 4884 ejus

601 4893 791 4957 ingenii
834 4891 1120 4941 ubertatem
1149 4890 1489 4948 demonstrat,
1520 4902 1625 4952 quo
1651 4895 1902 4955 quantum
1935 4895 2128 4940 tentis-

598 4975 679 5016 set
709 4958 1097 5023 assequebatur.

672 5043 693 5062 ιι
731 5019 858 5079 Milli
899 5022 1059 5073 edidit
1098 5019 1277 5081 Sirm.,
1321 5021 1401 5071 cui
1444 5037 1541 5073 nos
1584 5023 1860 5075 lectionem
1893 5021 2129 5077 Tolet.ui

605 5090 1107 5162 prxtuhruus‘louge
1129 5088 1227 5162 incl
1252 5102 1417 5162 orem,
1451 5092 1589 5141 nulla
1618 5095 1771 5143 mala.

679 5163 702 5197 b
735 5162 789 5212 In
822 5159 1017 5213 Codice
1068 5156 1320 5211 Toletauo
1374 5157 1559 5220 legitur
1605 5160 1992 5224 ltercewintus;
2039 5163 2129 5215 sed

608 5234 837 5301 priorem
877 5231 1152 5301 lectionem
1196 5226 1517 5301 relincudaiu
1545 5238 1801 5301 putamus,
1840 5246 1995 5295 quam
2023 5233 2133 5282 edi-

612 5294 688 5354 ilit
716 5304 783 5352 cl.
813 5297 1117 5352 Sirmoudus
1147 5312 1210 5349 ex
1240 5294 1334 5346 Ms.
1362 5294 1689 5346 Bibliotheca:
1717 5294 1883 5347 sam-ti
1909 5298 2133 5351 Victoris

609 5370 892 5423 I‘arisiens.
924 5368 1297 5432 continuatque
1326 5362 1674 5432 vetustissima
1693 5364 1953 5432 scriptura
1978 5368 2133 5416 Astu-

615 5442 734 5495 rica:
768 5437 1015 5492 existens,
1043 5444 1097 5483 ut
1134 5428 1284 5485 docet
1324 5444 1421 5483 nos
1466 5428 1769 5481 Ambrosius
1797 5433 1859 5481 de
1892 5430 2129 5494 Morales,

616 5512 665 5559 in
688 5524 787 5573 qua
820 5512 832 5549 t
861 5500 1213 5573 liindasvintus
1251 5514 1336 5573 re}
1367 5512 1484 5550 cum
1514 5512 1675 5549 uxore
1709 5511 1802 5549 sua
1846 5496 2131 5573 Reciherga

618 5565 956 5641 amplissimas
976 5565 1288 5641 donationes
1300 5566 1551 5641 fecerunt,
1576 5567 1889 5641 monasterio
1901 5566 1964 5617 de
1980 5568 2135 5621 Com-

621 5634 774 5701 plullo
804 5640 852 5689 in
901 5634 1164 5687 territorio
1210 5634 1520 5701 Asturicensi
1550 5635 1668 5693 sito,
1714 5644 1935 5699 utroque
1965 5639 2133 5689 eidrm

619 5696 997 5755 Subscribeute.
1033 5712 1152 5765 rege
1180 5696 1384 5765 quidem
1416 5702 1573 5766 priori
1615 5703 1745 5767 loco,
1776 5696 1959 5758 deinde
2002 5711 2132 5772 regi-

1176 391 1406 467 sascrt
1454 404 1718 460 EU.‘.l~‘.l\|l
1760 401 1963 456 EI’ISC.
2006 398 2127 451 Tot.

2233 395 2335 448 ANI
2372 393 2603 449 OPUSC.
2646 391 2816 445 PARS
2852 390 3076 442 ιἰιιιιλ.

2113 519 2155 571 Λ
2256 509 2331 561 Ne
2359 507 2537 560 fraude
2558 515 2791 559 nostrum
2820 503 2992 572 possis
3012 500 3157 553 adire
3186 508 3379 552 torum.

3684 314 3687 331 Γ

3631 381 3734 433 583

2183 598 2257 650 Ne
2282 611 2494 648 somnos
2523 595 2715 656 turbes,
2748 608 2813 645 ne
2836 592 3021 643 mortis
3050 588 3221 641 vincla
3250 588 3546 648 ministres,

2251 686 2325 741 Ne
2351 687 2499 739 fallas
2526 686 2754 739 animum
2780 682 3020 737 sordibus
3051 680 3162 747 ipse
3188 691 3380 730 meum.

2598 772 2763 826 XXX.
2812 771 2995 823 Versus
3021 776 3084 821 de
3106 778 3304 821 testate.

2320 863 2456 916 Dura
2484 862 2623 930 quod
2650 862 2814 929 gignit
2834 868 2887 912 et
2910 870 3101 911 amara
3118 856 3347 919 cunctis,

2322 952 2549 1019 Tempus
2576 952 2813 1003 mstivdm
2845 963 3095 1001 resonare
3122 960 3303 1011 cogar,

2326 1040 2591 1109 Sapphico
2615 1039 2746 1092 tristi
2772 1037 3079 1091 modulante
3105 1051 3279 1096 versu,

2461 1130 2644 1184 Omnia
2670 1144 2875 1197 passus.

2328 1220 2473 1273 Nunc
2494 1220 2643 1287 polus
2673 1218 2855 1271 Pltmbi
2887 1216 3046 1269 nimio
3071 1215 3248 1267 calore

2344 1308 2563 1362 Estibus
2601 1306 2803 1375 ﬂagrat,
2847 1305 3139 1365 ﬂuviosque
3168 1304 3348 1359 siccat.

2330 1398 2532 1451 Intonat
2567 1397 2752 1458 tristis,
2781 1395 3123 1462 jaculansque
3151 1393 3318 1444 vibrat

2465 1485 2702 1539 Fulmina
2732 1485 2864 1537 dira.

2330 1574 2531 1640 Ingruit
2559 1574 2725 1626 imber
2755 1571 2997 1624 inludens
3017 1572 3181 1631 arvis,

2330 1662 2484 1715 Flore
2507 1676 2626 1713 nam
2656 1661 2826 1714 suevit
2854 1660 3082 1725 spoliate
3111 1659 3242 1709 vites
3269 1676 3279 1707 :

2328 1750 2484 1820 Spem
2515 1765 2724 1817 quoque
2754 1748 2955 1814 frugum
2980 1745 3191 1815 populat
3224 1747 3421 1799 nivosis

2472 1841 2681 1896 Grande
2705 1840 2891 1907 lapillis

2337 1930 2465 1984 Bufo
2493 1945 2629 1983 nunc
2657 1937 2846 1997 turget,
2878 1936 2931 1981 at
2951 1928 3118 1979 amica
3144 1927 3289 1980 silvis

2272 2076 2275 2077 ν
2340 2021 2529 2089 Vipera
2560 2020 2718 2080 ltedit,
2740 2016 3047 2085 gelidusque
3067 2031 3306 2085 serpens,

2342 2112 2593 2178 Scorpius
2622 2110 2726 2163 ictu
2749 2108 2973 2174 jugulat,
3007 2106 3251 2174 peritque

2478 2196 2661 2250 Stellio
2689 2206 2910 2263 pestem.

2342 2287 2513 2339 Musca
2542 2301 2679 2338 nunc
2708 2288 2873 2343 saavit,
2903 2285 3153 2352 piceaque
3175 2284 3358 2346 blatta,

2344 2373 2403 2423 lat
2431 2373 2581 2425 culex
2604 2370 2843 2435 mordax,
2867 2372 3142 2438 olidusque
3172 2372 3363 2426 cimex.

2345 2460 2538 2513 Suetus
2570 2458 2620 2511 iu
2652 2465 2807 2512 nocte
2830 2456 3049 2524 vigilare
3073 2458 3225 2525 pulex

2482 2547 2718 2614 Corpora
2746 2547 2949 2615 pungit.

2344 2640 2515 2693 Tollat
2541 2638 2651 2691 lucc
2685 2646 2917 2690 monstra
2942 2635 3080 2689 Deus
3097 2639 3437 2705 iuiprecanzi.

2340 2731 2483 2784 Pel'e
2514 2730 2838 2796 languorem,
2874 2730 3047 2784 tribue
3071 2728 3325 2795 quietem,

2342 2822 2411 2876 Ut
2436 2837 2624 2889 queam
2653 2831 2829 2886 gratas
2861 2820 3067 2886 placido
3093 2831 3286 2886 sopore

2501 2907 2733 2976 Carpere
2762 2918 2961 2959 noctes.

2309 3016 2490 3071 XXXI.
2526 3014 2601 3067 De
2636 3025 2793 3068 morte
2832 3014 3062 3082 conjugis
3103 3012 3465 3066 Cliindasvindi
3496 3016 3655 3081 regis.

2208 3108 2263 3163 Si
2286 3107 2410 3162 dare
2438 3122 2533 3175 pro
2565 3090 2735 3159 morte
2760 3119 2994 3173 gemmas
3024 3103 3259 3155 licuisset
3289 3111 3342 3156 et
3368 3118 3579 3159 aurum,

2214 3198 2357 3251 b‘ulla
2390 3208 2410 3231 υ
2442 3197 2575 3249 mala
2604 3203 2849 3265 poterant
2874 3208 3056 3261 regum
3084 3193 3367 3247 dissolvere
3396 3193 3576 3245 vitam.

2216 3286 2317 3338 Sed
2346 3287 2466 3354 quia
2497 3300 2612 3337 sors
2640 3298 2740 3335 una
2782 3291 2967 3335 cuncta
3000 3281 3241 3333 mortalia
3271 3290 3506 3349 quassat,

2214 3374 2319 3427 Nec
2348 3374 2570 3440 pretium
2601 3370 2809 3423 redimit
2837 3382 3007 3433 reges,
3036 3383 3132 3419 nec
3173 3367 3323 3420 ﬂetus
3352 3368 3567 3434 egentes
3604 3388 3618 3429 ;

2218 3461 2346 3513 llinc
2374 3474 2471 3526 ego
2490 3468 2560 3521 te,
2593 3452 2807 3523 coniux,
2832 3456 2951 3522 quia
2976 3456 3190 3508 vincere
3214 3453 3317 3506 fata
3348 3457 3582 3519 uequisi.

2219 3548 2420 3599 Funere
2460 3544 2785 3611 perfunctam
2817 3542 3012 3595 sanctis
3037 3541 3353 3593 commendo
3379 3544 3657 3595 tuendam.

2219 3640 2283 3692 Ut
2310 3652 2427 3691 cum
2458 3635 2664 3687 ﬂamma
2698 3649 2854 3687 vorax
2880 3633 3055 3685 veniet
3080 3634 3391 3685 comburere
3421 3616 3622 3693 terras,

2215 3730 2445 3783 Cmtihus
2470 3729 2697 3795 ipsorum
2731 3726 2918 3779 merito
2948 3725 3146 3777 sociata
3179 3736 3441 3790 resurgas-.

2218 3818 2281 3871 Et
2310 3834 2447 3871 nunc
2476 3818 2635 3870 chara
2660 3816 2785 3867 mihi
2808 3814 2915 3879 jam
2942 3812 3234 3877 [iecit-erga
3259 3814 3451 3875 valeto,

2217 3908 2469 3972 Quodque
2497 3919 2626 3972 paro
2654 3896 2901 3955 feretrum
2930 3916 3025 3953 rex
3048 3900 3073 3937 δ
3102 3898 3528 3962 Cbiudasvintus,
3560 3898 3773 3955 amato.

2222 3999 2243 4025 θ
2279 4000 2541 4047 Annorum
2567 3991 2794 4045 breviter
2823 3997 2986 4043 restat
3011 3989 3217 4043 edicere
3245 4003 3525 4050 summam,

2221 4081 2333 4146 Qua
2355 4082 2521 4134 tenuit
2540 4081 2723 4145 vitam,
2743 4080 2896 4132 simul
2926 4087 2978 4132 et
3007 4078 3269 4132 connubia
3300 4087 3501 4131 nostra.

2222 4170 2438 4224 Fmdera
2466 4170 2696 4238 coujugii
2725 4178 2926 4237 septem
2957 4168 3065 4221 fere
3101 4167 3250 4220 duxit
3280 4168 3329 4221 in
3361 4184 3549 4233 annos,

2226 4260 2480 4313 Undecies
2518 4260 2652 4312 binis
2688 4273 2854 4313 arvum
2884 4272 3001 4311 cum
3029 4258 3300 4317 mensibus
3339 4269 3479 4314 octo.

2224 4428 2288 4465 ua
2329 4413 2409 4465 his
2449 4412 2656 4465 verbis:
2708 4410 2814 4482 Ego
2842 4409 3132 4482 “Recibergu
3185 4408 3379 4475 Regina
3428 4411 3558 4462 hanc
3586 4428 3781 4482 senem

2225 4486 2505 4534 testamenti
2537 4480 2797 4548 conﬁrmo.
2841 4480 3654 4548 Exhibet__hocrmonumentnm
3690 4480 3775 4533 Ill.

2234 4554 2415 4619 lepes,
2450 4559 2577 4603 tum.
2611 4546 2643 4601 ll
2686 4551 2877 4616 Scrip.,
2906 4563 3029 4619 xm.‘
3061 4546 3173 4598 Non
3222 4547 3540 4619 ignoramus,
3576 4551 3783 4609 pradi-

2226 4614 2361 4672 ctaiu
2390 4620 2709 4685 Scripturam
2738 4633 2766 4669 a
2790 4614 3101 4669 iiouuemiue
3122 4616 3329 4685 explodi
3360 4614 3506 4685 quasi
3531 4617 3780 4679 spuriam

2227 4703 2289 4740 ac
2313 4680 2558 4740 sublesta,
2588 4686 2743 4737 lidei:
2786 4686 2877 4737 sed
2918 4692 2973 4735 ut
2999 4684 3159 4749 gratis
3190 4680 3235 4733 ei
3267 4680 3623 4749 concedamus
3654 4694 3785 4748 post

2229 4771 2419 4807 annum
2450 4753 2571 4817 646,
2601 4768 2753 4819 quem
2772 4764 2879 4820 pra}
2893 4766 2947 4803 se
2969 4747 3088 4813 fert,
3114 4751 3142 4820 I"
3170 4747 3597 4820 isse_cuu_lictam,
3624 4747 3785 4804 certe

2229 4823 2367 4883 quod
2431 4814 2787 4885 Recibe'rgam'
2844 4833 3061 4871 uxorem
3125 4814 3784 4885 CliindasvintiHappeltat

2230 4883 2686 4956 (quemadmodum
2710 4900 2763 4940 et
2800 4885 3261 4956 Eugeniusnoster
3289 4883 3338 4935 in
3360 4884 3476 4956 Ms._
3493 4883 3783 4956 Victorino

2230 4950 2388 5023 supra
2421 4956 2650 5020 laudato)
2693 4970 2795 5005 non
2839 4954 2932 5023 nisi
2955 4950 3334 5023 antiqui-sime
3372 4953 3583 5006 innixus
3616 4955 3779 5008 testi-

2233 5018 2429 5083 monio,
2462 5022 2542 5073 vel
2566 5018 2843 5074 traditione
2871 5019 3056 5089 fecisse
3074 5018 3381 5089 credendus
3406 5030 3487 5073 est
3513 5022 3784 5089 supplau-

2232 5102 2389 5210 tatior,
2421 5106 2523 5157 quo
2551 5102 2647 5143 suo
2689 5096 2990 5143 commento
3018 5085 3254 5141 fallacem
3282 5089 3516 5143 veritatis
3566 5085 3782 5143 vestem

2232 5176 2299 5210 Ittt
2325 5171 2488 5210 ueret.

2232 5171 2488 5212 ttnlueret.

2304 5235 2323 5259 ε
2358 5228 2521 5281 Aliter
2548 5226 2632 5279 hic
2660 5240 2843 5279 versus
2871 5224 3057 5291 legitur
3084 5224 3134 5275 in
3172 5222 3371 5278 Codice
3396 5232 3581 5278 nostro
3606 5223 3783 5278 Tole-

2235 5307 2353 5349 ιπηο
2379 5314 2389 5347 :

2396 5364 2572 5428 Fuuge
2600 5361 2804 5413 deﬂeta.
2844 5360 3025 5417 Restat
3048 5372 3101 5415 et
3118 5363 3293 5414 dicere
3321 5374 3602 5419 summam,

2232 5434 2412 5501 Inepte
2440 5432 2670 5501 quidem,
2702 5439 2754 5482 et
2779 5434 3049 5495 ηιθιιιιωεμ,
3072 5433 3167 5482 nisi
3193 5441 3332 5483 tutus
3356 5431 3438 5481 hic
3467 5428 3617 5478 locus
3642 5441 3775 5480 cum

2233 5497 2381 5555 versu
2406 5497 2713 5565 praecedenti
2742 5501 2811 5550 ita
2844 5501 3174 5552 restituatur:

2302 5564 2555 5640 Quodque
2577 5580 2711 5640 paro
2736 5566 2980 5640 feretrum
3003 5583 3093 5620 rex
3116 5564 3514 5617 Chiudasviutus
3536 5573 3775 5633 amator,

2307 5637 2537 5698 Fuugere
2560 5632 2763 5687 delicia.
2802 5636 3000 5697 Restat,
3026 5646 3124 5687 etc.

2241 5706 2425 5759 Verum
2449 5710 2613 5755 totum
2643 5704 2691 5755 id
2720 5704 2880 5759 solius
2910 5713 2988 5758 est
3018 5703 3351 5769 conjecturas.
