3930 6232
441 330 532 386 ετι
1481 332 1535 384 S.
1581 332 1845 386 EUGlaNll
1885 331 2118 388 OPUSC.
2155 334 2325 388 l‘AllS
2365 335 2594 389 PRIMA.
2941 409 2946 415 .
3547 340 3670 394 379.

345 471 359 479 ο
447 442 613 506 Quam
643 459 745 497 non
779 443 912 497 velle
941 443 1101 507 videt,
1126 443 1218 498 sed
1249 439 1600 510 major‘jussio
1627 444 1786 509 cogit.

438 530 678 598 Denique
693 532 841 602 jussa
863 533 1004 586 bona
1031 532 1155 586 dum
1184 533 1594 601 promulgantur
1623 531 1850 600 agenda,

437 624 535 688 Qui
566 625 795 693 complet
821 625 1055 695 sapiens,
1079 624 1167 693 qui
1199 624 1310 676 vult
1331 629 1679 677 contemnere
1707 622 1948 676 demens.

438 711 588 777 Quod
615 713 659 766 si
689 711 962 780 Virgilius,
994 718 1050 765 et
1069 719 1245 763 vatum
1277 725 1514 764 summus
1537 707 1800 763 Homerus

439 803 732 856 Censuram
762 816 1007 855 meruere
1033 815 1222 854 novam
1246 807 1368 869 post
1395 799 1501 852 fata
1521 799 1721 861 subire,

444 936 2473 964 Μ

2027 453 2072 503 Α
2104 445 2272 517 Quam
2288 446 2378 498 dat
2396 448 2755 506 Aristarchus.
2771 448 2968 515 Tucca,
2989 449 3299 519 Variusque,
3317 453 3678 522 Probusque:

2104 533 2212 587 Cur
2236 533 2570 603 dedignetur,
2605 537 2747 605 quod
2769 537 2948 605 jussus
2969 539 3208 610 principe
3233 557 3428 611 magno

2107 624 2331 677 Parvula
2354 625 2614 694 prmparvi
2645 625 2896 682 Draconti
2919 631 3158 684 carmina
3188 632 3307 686 libri

2108 714 2367 770 Pa‘rvulus
2398 715 2664 783 Eugenius
2688 731 2950 786 nugarum
2972 720 3114 774 mole
3138 719 3316 790 piavi?

2480 940 3687 971 .._..___________.__________,

1075 1047 1629 1124 DRACUNTII
1689 1042 2264 1120 HEXAEMERI
2317 1045 2611 1120 LIBER
2667 991 3073 1126 PRIMUS.

1799 1201 1886 1217 ﬂ

437 1292 611 1343 Prima
641 1289 755 1343 dies
783 1289 869 1341 lux
901 1297 981 1341 est
1010 1287 1183 1350 terris,
1214 1301 1358 1340 mors
1385 1301 1486 1338 una
1519 1285 1775 1345 tenebris,

435 1381 549 1435 Lux
578 1382 734 1434 datur
756 1387 880 1432 ante
903 1379 1104 1448 polum,
1136 1378 1225 1431 lux
1250 1377 1376 1431 clari
1404 1390 1565 1429 causa
1597 1374 1733 1439 diei,

433 1471 548 1526 Lux
572 1471 731 1537 jubar
747 1471 1061 1532 aethereum,
1093 1469 1185 1522 lux
1210 1467 1383 1520 noctis
1411 1467 1561 1519 limes
1587 1474 1642 1519 et
1668 1466 1894 1527 umbrae,

433 1560 545 1615 Lux
575 1560 735 1615 facies
756 1560 914 1612 rebus
943 1557 1170 1620 cunctis,
1198 1565 1251 1610 et
1275 1557 1362 1609 lux
1389 1555 1673 1610 elementis
1696 1593 1710 1616 ,

436 1657 546 1707 Lux
569 1652 760 1718 genitis
792 1650 1050 1718 factisque
1078 1649 1243 1712 calor,
1277 1647 1364 1700 lux
1389 1648 1558 1714 gratia
1586 1646 1740 1710 solis,

439 1742 549 1794 Lux
579 1740 740 1794 decus
767 1749 1052 1800 astrorum,
1085 1739 1172 1791 lux
1199 1753 1360 1791 aurea
1389 1752 1588 1796 cornua
1611 1739 1774 1799 lunae,

438 1831 554 1884 Lux
587 1830 759 1897 fulgor
784 1830 929 1891 coeli,
960 1829 1051 1883 lnx‘
1076 1837 1130 1882 et
1157 1827 1447 1896 primordia
1477 1825 1684 1886 mundi,

434 1919 548 1974 Lux
576 1919 828 1988 splendor
855 1921 1099 1980 ﬂammae,
1132 1918 1219 1970 lux
1249 1917 1426 1984 magni
1460 1917 1720 1983 temporis
1747 1914 1926 1980 index,

435 2012 552 2063 Lux
581 2025 715 2078 opus
744 2010 983 2063 auctoris
1012 2007 1259 2076 primum,
1293 1992 1604 2072 candorque
1634 2005 1872 2074 pudoris,

440 2097 554 2153 Lux
583 2099 754 2152 honor
782 2097 1047 2164 agricolis,
1072 2095 1390 2164 requieslux
1419 2095 1666 2148 omnibus
1693 2095 1871 2162 mgris,

439 2187 555 2240 Lux
583 2188 679 2240 αξνί
713 2194 876 2252 meta,
908 2186 996 2238 lux
1025 2201 1142 2254 qum
1169 2186 1261 2238 dat
1289 2193 1526 2252 tempora
1557 2187 1730 2247 metis,

435 2278 551 2340 Qua
581 2275 719 2329 bene
750 2281 1057 2329 constructa
1088 2275 1269 2328 mundi
1303 2276 1592 2344 primordia
1619 2275 1817 2327 lucent.

437 2365 626 2418 clarus
651 2365 846 2432 ubique
877 2363 1038 2430 Deus,
1068 2379 1338 2432 nunquam
1370 2363 1642 2416 mutabilis
1671 2370 1877 2423 auctor,

440 2457 609 2520 Quem
640 2471 747 2508 non
778 2454 1067 2507 obscurant
1097 2466 1415 2522 quacunque
1443 2460 1688 2521 exparte
1719 2439 1969 2510 tenebrat,

444 2545 553 2598 Nec
580 2544 822 2598 celantur
850 2545 898 2596 ei
929 2557 1260 2610 quaecunque
1288 2544 1511 2597 obscura
1547 2553 1824 2611 geruntur.

441 2633 763 2701 Principium
789 2632 940 2686 fictis
970 2633 1140 2686 lucem
1179 2634 1267 2686 dat
1288 2634 1420 2688 lucis
1447 2635 1620 2701 origo,

440 2722 554 2787 Qua
584 2722 779 2776 mundo
819 2722 923 2775 vita
955 2722 1226 2792 pra‘missa
1254 2731 1334 2777 est
1357 2724 1593 2792 principe
1622 2724 1757 2788 luce,

442 2811 568 2878 Qua:
599 2821 764 2866 totum
797 2813 1074 2882 praecessit
1103 2829 1236 2880 opus
1264 2814 1406 2880 quod
1432 2815 1673 2868 continet
1697 2816 1860 2879 orbis,

442 2903 568 2967 Quin
598 2902 728 2956 solis
759 2902 1020 2970 praiveuit
1049 2903 1149 2955 iter
1180 2902 1464 2971 lumenque
1493 2918 1796 2965 coruscum,

445 2990 610 3056 Cujus
635 2989 795 3056 jussit
824 3005 928 3058 ope
958 2991 1254 3045 clarescere
1282 3002 1472 3045 cuncta
1497 3003 1699 3046 creata.

515 3081 693 3136 Altera
719 3081 916 3149 quippe
945 3080 1060 3135 dies
1082 3082 1201 3136 caeli
1223 3067 1461 3136 convexa
1496 3092 1752 3148 meretur,

441 3174 507 3229 Et
529 3172 884 3240 supraemos
907 3173 1135 3238 ingentia
1161 3173 1380 3226 ﬂumina
1409 3174 1623 3239 dantur,

447 3266 526 3316 Ac
553 3261 858 3315 dominatur
886 3275 1022 3328 aqua
1054 3263 1364 3327 glomeratis
1389 3263 1620 3318 fontibus
1643 3265 1802 3330 alma,

440 3351 656 3420 lgnihns
681 3352 929 3406 mthereis
954 3352 1154 3406 caelesti
1181 3353 1310 3408 sede
1341 3354 1545 3408 locatis.

448 3443 600 3500 Unda
623 3446 780 3497 beata
807 3444 982 3508 nimis,
1017 3445 1211 3498 meruit
1232 3461 1350 3512 quae
1373 3455 1510 3501 tecta
1538 3451 1777 3514 polorum

443 3535 597 3590 Celsa
629 3535 815 3611 favore
847 3536 960 3598 Dei,
991 3538 1138 3601 jussu
1166 3551 1422 3604 suspensa
1446 3539 1725 3604 Tonantis,

446 3625 728 3680 Limitihus
756 3634 1006 3680 contenta
1029 3628 1141 3683 suis
1169 3628 1431 3682 elementa
1461 3640 1755 3690 morantur,

444 3713 557 3774 Nec
580 3717 823 3770 ﬂammas
846 3717 1125 3786 restinguit
1153 3733 1309 3787 aqua,
1339 3719 1628 3788 glaciemve
1656 3729 1866 3789 teporat

447 3806 745 3861 Flammeus
777 3807 911 3874 ignis
940 3821 1110 3876 aquas.
1138 3806 1367 3861 Servant
1396 3809 1494 3862 sub
1527 3809 1641 3878 lege
1674 3817 1914 3864 tenorem

444 3901 753 3966 lncorrupta
779 3913 957 3965 suum,
985 3913 1088 3950 mn
1115 3899 1421 3967 impugnata
1452 3899 1707 3960 vicissim,

445 3990 556 4048 Non
580 3988 806 4043 discreta
829 3989 1063 4057 quidem,
1095 3987 1190 4042 sed
1224 4004 1322 4042 nec
1351 3991 1604 4057 permista
1633 3999 1931 4045 morantur.

512 4080 692 4133 Tertia
721 4080 1006 4132 eteruleurn
1040 4079 1186 4145 ponti
1212 4079 1300 4132 lux
1332 4079 1496 4132 edidit
1516 4095 1722 4149 arquor,

443 4168 716 4227 Fluctibus
748 4169 1020 4222 immensis
1051 4167 1221 4238 pelagi
1248 4167 1380 4222 freta
1410 4169 1596 4237 glauca
1623 4171 1939 4246 liquescunt,

447 4263 510 4314 Et
540 4275 686 4312 mare
714 4259 1025 4325 navigerum
1055 4260 1292 4326 quatitur
1340 4261 1708 4328 spumantibus
1736 4263 1891 4315 undis
1921 4283 1931 4314 ;

444 4350 561 4420 Ipsa
591 4350 705 4405 dies
734 4359 923 4404 terrain
952 4351 1235 4404 meruit-de
1265 4352 1509 4405 ﬂuctibus
1531 4362 1764 4406 auctam.

448 4441 660 4494 Eruitur
691 4449 830 4494 terra
859 4429 1012 4493 vasto
1039 4441 1278 4493 demersa
1309 4442 1593 4508 profundo,

454 4534 515 4582 l-Lt
540 4529 802 4582 solidante
831 4531 990 4596 globo
1015 4532 1228 4596 gravior
1258 4531 1526 4596 perinane
1553 4536 1824 4601 pependit.

444 4620 759 4675 Sustentant
783 4618 1006 4672 solidam
1039 4621 1211 4673 ﬂuidis
1242 4620 1506 4675 radicibus
1530 4623 1701 4687 undae,

446 4711 614 4774 Quam
645 4710 836 4764 molles
867 4718 1081 4778 portant
1107 4724 1205 4763 ceu
1238 4709 1578 4764 fundamenta
1606 4714 1859 4781 liquores.

447 4801 603 4854 Arida
631 4800 879 4854 materies
901 4802 1104 4868 rapitur
1129 4801 1196 4854 de
1225 4801 1388 4854 corde
1420 4802 1622 4866 liuenti,

448 4891 689 4964 Nondum
721 4899 889 4943 mater
910 4891 1121 4952 humus,
1151 4892 1301 4959 cujus
1331 4907 1453 4960 pars
1481 4895 1639 4951 solvit
1668 4911 1902 4958 arenam,

447 4980 501 5033 in
527 4981 703 5042 glebas
733 4996 858 5049 pars
884 4984 1119 5035 membra
1149 4982 1292 5049 ligat,
1327 4998 1448 5052 pars
1477 4999 1638 5039 saxea
1667 4995 1860 5054 turget,

446 5071 699 5125 Cautibus
726 5080 899 5124 exstat
923 5072 1117 5126 montis
1146 5088 1304 5140 apex,
1336 5088 1458 5141 pars
1481 5075 1695 5128 ﬂumina
1725 5079 1931 5146 meigit,

450 5163 670 5218 I’lanitie
700 5179 822 5232 pars
854 5173 999 5218 tensa
1023 5164 1189 5231 jacet.
1214 5181 1335 5232 pars
1363 5165 1539 5219 littora
1572 5176 1780 5232 curvat,

448 5255 575 5309 l‘ars
597 5255 751 5307 datur
781 5256 831 5308 in
865 5256 1116 5319 tumulos,
1144 5271 1267 5324 pars
1297 5271 1484 5324 aspera
1514 5257 1734 5326 rupibus
1763 5259 1965 5324 horret,

451 5346 575 5399 l‘ars
604 5348 739 5416 riget
763 5347 1197 5410 inculta,.residet
1221 5362 1343 5415 pars
1374 5347 1509 5400 valle
1540 5348 1817 5416 profunda,

452 5440 516 5489 Ισζι
544 5439 708 5492 colles
734 5439 916 5494 tumidi
949 5438 1174 5492 cumulis
1199 5438 1325 5505 juga
1352 5437 1492 5491 celsa
1518 5439 1787 5507 supinant,

452 5529 620 5591 Atque
641 5528 864 5580 humiles
892 5543 1110 5596 campos
1140 5529 1325 5597 spatiis
1346 5528 1633 5597 arqualibus
1657 5538 1860 5597 aptant,

456 5618 577 5674 l'ars
605 5621 725 5671 data
758 5618 1016 5674 dulcilluis
1041 5621 1287 5676 undantis
1319 5620 1548 5675 lontibus
1579 5623 1713 5694 agri.

525 5753 544 5786 “
579 5749 682 5818 AL,
713 5769 796 5812 ex.

2034 4483 2089 4543 D

1889 1200 2253 1214 ι--δ--ηη

2107 1281 2375 1337 Promitur
2399 1283 2562 1338 herba
2586 1286 2784 1350 virens,
2815 1288 2855 1338 it
2881 1289 3138 1347 surculus.
3165 1291 3339 1344 omnis
3371 1291 3423 1344 in
3451 1306 3646 1356 auras,

2113 1373 2176 1424 Et
2201 1387 2414 1440 semper
2439 1375 2629 1428 vestita
2658 1377 2827 1430 comis
2857 1375 3145 1433 frondescit
3172 1367 3332 1434 oliva.

2107 1462 2294 1515 Omnia
2322 1477 2479 1531 poma
2509 1463 2688 1519 virens
2717 1466 2938 1534 profert,
2970 1484 3075 1522 non
3107 1472 3337 1538 parturit
3366 1471 3549 1536 arbor,

2109 1550 2325 1620 Lingua:
2355 1553 2534 1608 laurus
2562 1554 2735 1608 bonos
2759 1556 2919 1610 solvit
2944 1558 3194 1612 donanda
3227 1561 3421 1628 poetis.

2109 1642 2270 1695 Torta
2305 1657 2400 1710 per
2422 1643 2667 1711 obliquos
2695 1647 2737 1699 it
2757 1645 2878 1700 vitis
2902 1647 2955 1700 in
2979 1649 3110 1703 orbe
3137 1651 3422 1721 corymbos
3445 1694 3460 1716 ,

2113 1731 2372 1786 Verberat
2392 1741 2447 1786 et
2471 1733 2662 1801 palmae
2691 1733 2929 1791 calamos
2955 1737 3199 1793 ﬂuitante
3227 1739 3471 1809 ﬂagello;

2036 1809 2078 1864 Β
2113 1818 2276 1872 Vinea
2302 1821 2616 1889 pampineos
2642 1822 3031 1878 subarundinat
3059 1827 3204 1880 ebria
3233 1843 3476 1898 campos,

2107 1907 2322 1962 Munera
2345 1909 2543 1963 laetitia:
2565 1911 2836 1977 spondens
2867 1915 3218 1981 pendentibus
3247 1919 3388 1983 uvis,

2105 1998 2391 2054 Fructibus
2420 2010 2442 2036 ιι
2474 2008 2528 2054 et
2556 2002 2717 2056 variis
2743 2002 2989 2058 redolent
3019 2007 3264 2061 ﬂorentia
3295 2025 3440 2068 rura.

2108 2087 2220 2142 Una
2247 2103 2443 2157 parens
2464 2090 2623 2144 tellus
2646 2107 2751 2145 non
2770 2086 2941 2146 unum
2987 2094 3156 2148 fundit
3185 2097 3426 2160 odorem,

2104 2174 2211 2230 Sed
2241 2185 2373 2244 quot
2399 2186 2522 2233 sunt
2548 2178 2745 2244 herbae,
2773 2190 2851 2233 tot
2875 2183 3262 2251 permiscentur
3301 2188 3517 2243 odores.

2106 2266 2254 2320 India
2289 2277 2415 2321 tunc
2437 2267 2666 2334 primum
2692 2281 2956 2335 generans
2985 2273 3255 2340 pigmenta
3286 2291 3383 2344 per
3407 2277 3612 2333 herbas

2110 2354 2303 2407 Eduxit
2325 2355 2424 2408 sub
2445 2354 2560 2408 sole
2588 2371 2749 2416 novo.
2779 2359 3103 2429 rudibusque
3130 2365 3379 2420 racemis.

2181 2450 2272 2501 Est
2298 2449 2446 2502 locus
2472 2448 2675 2504 interea
2703 2450 3003 2510 diffundens
3020 2464 3278 2523 quattuor
3305 2473 3519 2523 amnes,

2109 2537 2352 2593 Floribus
2377 2539 2657 2596 ambrosiis
2689 2551 2958 2609 gemmato
2984 2547 3186 2614 ceSpite
3209 2549 3402 2615 pictus,

2113 2629 2302 2681 l'lenus
2332 2629 2615 2686 odoriferis
2645 2647 2913 2700 nunquam
2947 2638 3306 2692 marcentibus
3335 2638 3540 2702 herbis,

2114 2718 2310 2770 llortus
2332 2717 2383 2771 in
2415 2720 2547 2772 orbe
2570 2719 2662 2773 Dei
2693 2723 2900 2776 cunctis
2930 2722 3137 2782 felicior
3165 2727 3366 2780 hortis.

2113 2806 2339 2861 Fructus
2362 2807 2502 2861 inest
2530 2809 2676 2873 anni,
2709 2825 2829 2864 cum
2863 2821 3103 2880 tempora
3129 2816 3332 2870 nesciat
3358 2816 3508 2873 anni.

2113 2899 2221 2952 Illic
2260 2897 2414 2952 ﬂoret
2443 2899 2638 2953 humus
2665 2916 2878 2969 semper
2906 2904 3003 2957 sub
3026 2919 3152 2959 vere
3181 2909 3424 2975 perenni,

2113 2991 2367 3044 Arboreis
2392 2990 2517 3045 hinc
2543 2992 2666 3045 inde
2695 2994 2864 3046 comis
2887 2995 3106 3049 vestitur
3134 2997 3376 3052 animuis.

2118 3079 2412 3148 Frondibus
2441 3081 2659 3136 intextis
2687 3099 2958 3138 ramorum
2988 3101 3168 3141 murus
3195 3102 3396 3156 opacus

2112 3171 2421 3240 Stringitur,
2450 3183 2612 3239 atque
2635 3175 2781 3228 omni
2813 3177 3047 3242 pendent
3073 3193 3138 3233 ex
3163 3180 3351 3233 arbore
3379 3178 3610 3247 fructus,

2111 3261 2175 3314 Et
2203 3264 2396 3330 passim
2426 3277 2522 3332 per
2549 3273 2697 3332 prata
2726 3264 2925 3331 jacenl.
2959 3264 3070 3319 Non
3102 3268 3231 3322 solis
3261 3269 3464 3323 anhelis

2111 3351 2440 3427 Flammatur
2468 3352 2647 3416 radiis,
2674 3353 2910 3420 quatitur
2936 3370 3035 3408 nec
3056 3354 3266 3411 ﬂatibus
3296 3357 3435 3425 ullis,

2111 3441 2218 3496 Nec
2240 3441 2534 3509 conjuratis
2559 3441 2686 3496 furit
2706 3441 2813 3495 illic
2835 3443 2990 3498 turbo
3013 3447 3281 3512 procellis.

2111 3531 2226 3585 Non
2250 3531 2448 3600 glacies
2478 3533 2715 3586 districta
2744 3533 2947 3598 domat,
2973 3550 3076 3589 non
3103 3536 3374 3602 grandinis
3407 3536 3546 3594 ictus

2114 3622 2392 3688 Verberat,
2423 3631 2516 3675 aut
2542 3622 2729 3690 gelidis
2749 3632 3044 3685 canescunt
3063 3635 3214 3697 prata
3241 3625 3485 3694 pruinis;

2113 3713 2247 3766 Sunt
2270 3713 2339 3766 ibi
2370 3712 2464 3766 sed
2489 3712 2513 3747 ιι
2545 3713 2725 3782 placiti
2752 3712 2974 3777 fructus,
3001 3730 3140 3784 quos
3169 3718 3380 3770 mollior
3406 3731 3536 3772 aura

2112 3803 2292 3860 Edidit
2332 3819 2624 3872 exsurgens
2654 3805 2834 3858 nitidis
2858 3805 2925 3860 de
2951 3805 3189 3862 fontibus
3210 3808 3370 3862 horti.

2111 3895 2405 3950 Arboribus
2429 3901 2608 3948 movet
2631 3894 2719 3948 illa
2746 3909 2929 3949 comas
2948 3897 3015 3951 de
3052 3895 3266 3952 ﬂamine
3295 3897 3462 3965 molli,

2110 3985 2408 4042 Frondibus
2437 3985 2680 4055 impulsis
2708 3987 2993 4042 immobilis
3016 3990 3200 4044 umbra
3235 4000 3470 4061 vagatur.

2111 4073 2356 4129 Fluctuat
2383 4090 2542 4129 omne
2571 4090 2776 4140 nemus,
2809 4085 2864 4130 et
2891 4085 3080 4130 nutant
3101 4079 3326 4147 pendula
3352 4095 3513 4151 poma

2111 4163 2218 4218 Ver
2246 4164 2316 4218 ibi
2347 4172 2663 4234 perpetuum
2690 4180 3001 4221 communes
3025 4177 3288 4238 temperat
3309 4185 3483 4236 auras,

2109 4254 2186 4308 Ne
2209 4255 2366 4310 laedat
2392 4253 2568 4320 ﬂores,
2604 4265 2659 4310 et
2698 4265 2755 4311 ut
2784 4259 2960 4312 omnia
2993 4274 3150 4328 poma
3182 4271 3499 4327 coquantur.

2110 4348 2227 4404 Non
2255 4349 2442 4418 apibus
2476 4350 2626 4404 labor
2651 4359 2734 4405 est
2762 4352 2898 4405 ceris
2928 4349 3160 4404 formare
3190 4351 3389 4406 cicutas
3418 4369 3433 4413 ;

2113 4441 2351 4496 Nectaris
2375 4442 2594 4496 :ntherei
2623 4442 2820 4496 sudant
2847 4458 2913 4496 ex
2944 4443 3138 4498 arbore
3167 4445 3342 4508 rrella,

2118 4533 2183 4584 Et
2206 4536 2439 4600 pendent
2460 4533 2726 4601 foliisjam
2751 4533 2938 4600 pocula
2962 4532 3159 4586 blanda
3189 4535 3384 4598 futura,

2116 4620 2314 4675 Pendet
2337 4631 2390 4675 et
2412 4631 2610 4692 optata:
2641 4623 2792 4674 vivax
2823 4622 3083 4676 medicina
3113 4622 3320 4676 salutis.

2110 4712 2314 4766 Cmtera
2334 4711 2571 4782 depingit
2591 4714 2750 4766 variis
2773 4705 2960 4767 natura
2994 4712 3190 4781 ﬁguris.

2181 4802 2441 4853 Auroram
2459 4801 2568 4868 jam
2601 4809 2789 4872 quarta
2822 4803 2936 4856 dirs
2961 4803 3289 4872 prmmiserat
3311 4803 3486 4870 undis,

2111 4872 2177 4941 Et
2200 4890 2452 4945 rutilante
2483 4892 2628 4961 polo,
2655 4903 3045 4961 compressemt
3074 4902 3217 4947 astra
3246 4895 3455 4958 rubore.

2113 4982 2232 5035 Mox
2259 4981 2387 5036 solis
2415 4982 2624 5035 radiare
2648 4983 2863 5050 globum
2889 4985 3040 5051 jubet
3069 4986 3190 5051 igne
3215 4986 3421 5040 salutis.

2112 5071 2344 5124 Flamma
2373 5072 2620 5130 salutaris
2649 5075 2918 5143 perfundit
2946 5075 3144 5130 lumine
3175 5075 3450 5142 uiundum,

2109 5162 2310 5217 Cuncta
2332 5163 2610 5219 salutifero
2631 5165 2808 5219 rident
2832 5165 3095 5219 elementa
3127 5181 3350 5235 vapore,

2109 5253 2271 5322 Cujus
2301 5254 2366 5308 ab
2399 5255 2519 5322 igne
2542 5270 2638 5309 suo
2669 5256 2847 5309 lunam
2875 5255 3026 5324 jubet
3049 5258 3124 5310 ire
3155 5256 3465 5319 secundam,

2111 5347 2263 5414 Nigra
2291 5347 2630 5400 tenebrarum
2663 5361 3011 5415 corrumpere
3048 5355 3286 5414 tempora
3319 5346 3518 5410 noctis,
3556 5418 3563 5423 I

2111 5441 2164 5493 Et
2203 5439 2460 5509 trepidam
2494 5438 2734 5507 proferre
2761 5439 2902 5493 diem
2933 5437 3224 5492 comitante
3251 5438 3450 5506 quiete.

2112 5534 2341 5588 Candida
2372 5532 2687 5600 somnigeris
2717 5531 3006 5600 perlustrat
3029 5530 3283 5582 cornibus
3309 5541 3487 5590 axem,

2109 5629 2235 5690 Qua:
2265 5638 2486 5678 numero
2517 5621 2815 5690 estmajorc
2846 5620 3041 5685 brevis,
3071 5629 3124 5675 et
3145 5620 3298 5690 plena
3325 5619 3550 5675 minore.

2181 5755 2205 5795 δ
2239 5755 2343 5820 AL,
2367 5755 2575 5827 placidi.
