3932 6344
201 449 292 502 375

203 560 478 614 Flammeus
504 565 727 610 ornatus
755 555 877 611 mali
903 569 996 624 per
1023 554 1194 608 sidera
1221 553 1366 607 fulsit
1393 572 1406 605 :

199 650 367 704 Olltcia
393 648 575 710 stellis,
603 661 881 712 numeros,
910 655 964 700 et
1001 647 1216 699 nomina
1243 644 1425 713 jussit,

201 739 444 804 Tempora
476 734 767 795 distribuit,
800 734 917 789 loca
947 733 1190 798 contulit,
1223 732 1432 801 ignibus
1460 732 1592 800 egit,

201 828 458 882 Limitibns
483 826 616 889 fixit,
644 825 806 891 jubar
825 823 1013 888 induit,
1044 837 1146 875 axe
1168 823 1386 883 rotavit,

201 917 430 969 Cursibus
457 918 676 984 aptavit,
708 913 829 968 caeli
859 913 1164 981 regionibus
1192 911 1338 965 addit
1370 928 1384 962 :

203 1006 417 1074 Agntinis
444 1006 704 1058 innumeri
732 1017 831 1058 nec
855 1003 1098 1058 ﬂammea
1119 1003 1293 1057 sidera
1322 1001 1519 1056 ctelum

201 1093 480 1147 Destituunt
504 1107 823 1163 quocunque
844 1091 955 1157 die,
975 1092 1070 1146 sed
1102 1093 1218 1145 luce
1244 1079 1569 1159 premuntur.

198 1182 416 1238 Luminis
442 1183 680 1238 immensi
711 1183 916 1237 radiato
941 1181 1142 1236 vertice
1171 1180 1377 1234 Phoebi.

198 1271 294 1325 Nec
318 1272 500 1325 mirum
525 1271 569 1325 si
597 1272 743 1329 clara
771 1272 937 1324 latent
961 1270 1064 1334 sub
1090 1269 1205 1324 sole
1230 1282 1465 1323 corusco

197 1359 389 1424 Sidera,
409 1377 511 1428 quo
533 1361 791 1416 mundum
814 1367 1076 1415 monstrat
1096 1373 1344 1411 mensura
1378 1356 1662 1410 minorem.

197 1452 285 1514 Qui
312 1460 446 1503 tovet
470 1452 592 1519 igne
617 1451 708 1519 pio
738 1450 953 1511 caelum,
971 1463 1129 1526 pare
1176 1448 1374 1510 sidera,
1412 1456 1582 1501 terras
1618 1485 1632 1497 .

197 1541 499 1609 Conceptum
519 1541 719 1594 virtute
747 1539 836 1594 Dei
859 1555 1016 1610 quem
1041 1539 1250 1608 sphaera
1277 1538 1520 1607 polorum

197 1631 436 1697 Sustinet,
461 1639 516 1684 et
539 1630 705 1685 sentit
735 1630 1012 1684 Dominum
1036 1644 1132 1699 per
1154 1636 1346 1683 cuncta
1376 1635 1676 1687 tonantem,

197 1722 344 1788 Cujus
370 1722 435 1774 ab
464 1723 687 1791 imperio
710 1721 927 1776 veniunt
949 1735 1281 1790 quaecunque
1315 1719 1588 1773 ministrat
1613 1734 1626 1767 :

194 1808 363 1864 Omnia
382 1809 564 1876 jussus
593 1812 722 1880 agit,
755 1819 923 1864 totum
953 1810 1053 1865 sub
1082 1810 1197 1877 lege
1224 1811 1451 1868 laborat,

194 1898 332 1952 Miles
349 1909 399 1954 et
427 1900 540 1968 ipse
569 1899 682 1964 Dei,
715 1914 835 1953 cum
859 1899 1037 1951 lunam
1065 1905 1119 1951 et
1137 1897 1311 1958 sidera
1334 1906 1520 1950 cuncta

191 1989 439 2052 Ostentat,
467 1989 566 2043 sub
592 2003 720 2041 vere
748 2003 908 2063 novo,
939 1987 1039 2040 sub
1068 1997 1308 2054 tempore
1336 1986 1532 2054 primo,

191 2080 292 2133 Sub
317 2081 483 2133 tirone
513 2079 602 2132 die
628 2087 880 2131 veterana
910 2078 960 2131 in
987 2078 1143 2132 acula
1177 2086 1419 2145 paratus.

254 2171 400 2224 Addit
429 2170 611 2238 quinta
635 2169 752 2222 dies
772 2168 1018 2221 animalia
1047 2177 1238 2222 cuncta
1271 2166 1544 2234 profundi.

191 2262 242 2312 In
268 2275 451 2327 corpus
475 2260 775 2314 solidantur
801 2272 973 2324 aquae,
1009 2258 1266 2324 nervique
1294 2257 1523 2324 ligantur
1557 2271 1571 2307 ε

189 2348 440 2403 Musculus
468 2348 662 2401 humor
691 2355 831 2413 erat,
858 2349 1053 2400 ﬂuctus
1082 2346 1316 2399 durescit
1344 2347 1393 2398 in
1418 2361 1560 2407 ossa,

188 2438 351 2502 Atque
379 2435 515 2490 oculi
542 2443 881 2503 gemmautur
903 2435 1058 2503 aquis
1078 2433 1303 2488 hutnore
1329 2439 1530 2501 gelato,

190 2524 247 2576 Et
275 2531 399 2594 quot
426 2535 550 2578 sunt
583 2525 798 2588 ﬂuctus,
832 2531 914 2578 tot
935 2523 1111 2578 forsan
1142 2523 1193 2576 in
1221 2537 1438 2590 aequore
1472 2523 1668 2592 pisces.

189 2611 438 2668 Luserunt
456 2615 621 2668 ﬂuido
650 2627 746 2684 per
776 2615 969 2668 caerula
1002 2622 1149 2668 vasta
1175 2622 1383 2677 natatu,

186 2704 246 2757 Et
269 2708 530 2776 crispante
557 2704 697 2759 freto
722 2706 1018 2774 perﬂabant
1047 2703 1267 2757 naribus
1292 2703 1478 2766 undas,

186 2795 473 2862 'l‘crrigcnis
505 2795 715 2848 factura
746 2794 895 2849 cibos
919 2803 1040 2862 post
1068 2802 1266 2848 cuncta
1293 2794 1560 2848 creandis.

250 2880 402 2936 Exilit
424 2883 548 2937 inde
573 2885 760 2936 volans
787 2896 919 2951 gens
944 2882 1154 2951 plumea
1183 2883 1301 2936 laata
1330 2897 1426 2952 pcr
1455 2898 1633 2947 auras,

183 2972 312 3022 Aera
343 2971 657 3025 concutiens
686 2970 881 3040 pennis
906 2971 1206 3040 crepitante
1233 2971 1436 3033 volatu,

185 3061 247 3112 Et
268 3069 392 3129 puto
418 3062 727 3116 collaudant
745 3062 1025 3116 Dominum
1054 3063 1313 3116 memisse
1335 3062 1526 3117 creari.

184 3149 269 3203 lla:
297 3151 451 3206 niveo
477 3151 713 3206 candore
737 3151 928 3216 nitent,
960 3152 1058 3203 has
1089 3166 1321 3218 purpura
1348 3153 1526 3216 vestit,

182 3235 270 3293 llis
289 3255 511 3295 croceus
534 3241 728 3309 pluma:
750 3240 900 3294 color
928 3249 1032 3305 est,
1063 3239 1160 3294 has
1189 3255 1384 3295 aureus
1413 3251 1594 3310 ornat,

180 3329 427 3384 Albentea
457 3330 578 3384 aliis
607 3344 796 3399 penna:
818 3329 1116 3384 s’olithntur
1144 3331 1348 3396 ocellis,

179 3425 346 3488 Atque
371 3422 693 3492 hyacinthus
720 3422 874 3477 adest
897 3438 993 3492 per
1011 3422 1146 3476 colla
1171 3430 1227 3476 et
1249 3432 1470 3492 pectora
1493 3423 1699 3494 fulgens
1723 3440 1736 3475 :

178 3508 386 3564 Eminet
413 3510 498 3565 his
517 3512 770 3564 cristatus
793 3525 950 3579 apex,
977 3511 1072 3564 has
1101 3511 1278 3579 lingua
1301 3513 1542 3578 decorat,

181 3603 284 3656 llas
307 3601 514 3657 virides
538 3617 728 3672 penna:
753 3602 1002 3665 reddunt,
1032 3603 1127 3656 has
1152 3604 1385 3657 discolor
1405 3613 1562 3657 ornat

178 3691 337 3746 Multa
370 3693 805 3760 per‘innumeras
834 3705 1056 3745 currens
1092 3694 1297 3760 pictura
1329 3694 1572 3748 volucres

179 3781 242 3832 Et
264 3781 466 3834 levibus
488 3789 700 3833 tenuem
721 3779 1014 3833 subtexunt
1041 3795 1164 3834 aera
1190 3781 1403 3850 plumis.
1572 3786 1580 3794 '

174 3872 284 3940 Ipsa
312 3872 427 3924 dies
453 3868 640 3925 folium
669 3869 853 3934 ramis,
880 3879 934 3924 et
956 3870 1176 3924 ﬂoribus
1205 3871 1398 3926 herbas

173 3959 402 4024 Evomit,
425 3969 483 4013 et
506 3959 670 4026 spicis
698 3959 844 4014 acuit
871 3972 1025 4027 seges
1054 3962 1229 4014 omnis
1253 3962 1474 4016 aristas.

174 4049 317 4103 Silva
341 4049 522 4104 comis
549 4050 741 4102 vestita
768 4052 926 4114 viret,
957 4049 1220 4118 nidosque
1248 4051 1506 4121 loquaces

175 4140 422 4207 Exhibet,
447 4147 506 4193 et
535 4140 709 4192 varias
731 4139 983 4194 decantat
1007 4141 1217 4208 garrula
1244 4157 1428 4198 voces.
1481 4199 1484 4202 ,

173 4229 302 4282 Cum
333 4230 652 4299 vagabunda
677 4229 828 4284 volat
850 4230 1133 4284 commotis
1161 4230 1434 4299 plausibus
1460 4232 1592 4298 ales,

175 4318 472 4373 Frondibus
501 4320 741 4372 insidens
769 4328 928 4373 vento
955 4333 1076 4373 cum
1111 4319 1296 4374 fronde
1326 4331 1593 4385 movetur,

178 4407 450 4477 Unguibus
475 4408 546 4462 ad
571 4422 752 4462 ramos
773 4406 931 4461 inﬂxa
963 4407 1242 4463 tenacibus
1271 4409 1500 4464 hzcrens.

176 4495 535 4567 Pennigernm
568 4512 790 4551 vernare
818 4511 1006 4551 nemus
1032 4511 1200 4565 vapor
1222 4507 1379 4567 urget
1404 4499 1458 4553 in
1490 4514 1618 4554 usus

177 4589 438 4655 Pignoris,
468 4597 529 4642 et
549 4589 693 4642 molli
723 4588 1012 4640 durescunt
1036 4602 1136 4641 ova
1162 4595 1371 4654 tepore.

177 4678 488 4733 Pennantur
509 4686 639 4730 tunc
654 4676 890 4730 membra
902 4675 1092 4746 globis,
1114 4677 1440 4742 animantur,
1458 4679 1732 4747 anhelant,

177 4767 542 4837 Rumpuutur,
572 4764 846 4819 contracta
874 4774 1090 4830 sonant,
1123 4765 1321 4819 nutrita
1353 4768 1568 4822 volatus

175 4861 425 4924 ‘l'entant,
455 4866 516 4912 et
542 4855 763 4910 rudibus
782 4855 1044 4909 librantur
1065 4857 1118 4909 in
1140 4871 1266 4910 aera
1298 4859 1506 4926 pennis.

174 4949 277 5002 Sed
302 4962 426 5002 cum
457 4947 767 5002 discordem
790 4945 929 4999 inter
955 4959 1014 4999 se
1041 4945 1306 5001 elementa
1336 4957 1539 5012 coacta,

179 5039 394 5092 Fetibus
421 5039 638 5093 eductis
657 5034 1151 5089 concordant'unda
1184 5037 1266 5091 vel
1295 5037 1464 5105 ignis;

178 5129 326 5184 Unda
350 5136 504 5184 creat
529 5126 794 5190 volucres,
820 5124 1066 5196 producit
1094 5125 1307 5183 ﬂamma
1332 5130 1596 5194 volucres.

181 5217 376 5271 Pabula
405 5217 806 5279 montiferant,
835 5214 929 5271 sed
951 5229 1058 5270 non
1086 5219 1185 5285 qui
1209 5228 1457 5286 pasceret
1476 5222 1670 5277 herbas

179 5307 395 5372 Adfuit;
425 5307 645 5361 intacta:
661 5307 964 5362 senuissent
989 5306 1207 5362 ﬂoribus
1231 5307 1434 5374 herbae,

179 5395 239 5451 Ni
266 5396 537 5465 pascenda
565 5395 717 5451 daret
744 5396 900 5452 tellus
916 5398 1156 5462 iumenta
1186 5411 1283 5469 per
1305 5411 1484 5469 agros.
1578 5428 1580 5430 τ

251 5586 274 5613 ³
299 5577 408 5642 AL,
433 5576 661 5630 uaccula.

249 5645 276 5683 ι’
302 5645 414 5709 AL,
443 5645 672 5698 destituit

249 5725 271 5753 ι
305 5715 415 5779 AL,
440 5731 535 5782 per
559 5725 720 5782 prata.

251 5784 277 5822 ά
305 5783 414 5850 AL,
440 5799 554 5839 nec.

1075 426 1080 428 ⁷
1119 441 1478 498 DRACONTII
1520 439 1913 498 usxssusm
1949 439 2073 495 Ltu.
2117 441 2382 497 PRIMUS.

1763 553 1813 608 A
1909 552 2071 605 Sexta
2095 553 2207 606 dies
2239 553 2419 608 Phoebi
2451 552 2607 608 rutilo
2627 562 2964 622 processerat
2993 563 3135 620 ortu,

3364 449 3392 500 ι

1839 639 1972 694 Cum
2003 650 2189 695 natura
2214 657 2408 711 parens
2427 643 2592 710 gignit
2617 644 2902 697 animantia
2933 645 3111 699 terris.

1842 730 2105 786 Cornibus
2125 721 2411 801 erumpunt
2431 743 2628 788 armata
2660 735 2832 790 fronte
2851 734 3081 804 juvenci,

1845 821 1909 872 Et
1936 829 2198 889 periprata
2227 835 2389 889 vagos
2408 824 2647 889 sequitur
2671 836 2768 877 sua
2801 832 2823 859 ι
2854 825 3047 878 bucula
3081 835 3284 878 tauros.

1842 907 2043 962 Cervus
2071 910 2122 962 in
2148 925 2272 964 arva
2303 910 2458 978 fugax
2485 912 2732 979 palmetis
2757 913 3006 967 cornibus
3033 924 3194 978 errat,

1846 1000 1910 1053 Et
1939 999 2092 1053 velox
2115 1003 2412 1070 prorumpit
2431 1017 2624 1072 equus,
2655 1019 2820 1071 pecus
2848 1004 2979 1058 utile
2998 1005 3164 1060 bellis.

1847 1089 2010 1158 Impia
2041 1089 2306 1145 terribiles
2326 1090 2568 1159 producit
2598 1101 2736 1145 terra
2764 1094 2976 1158 leones,

1844 1177 2164 1247 Simplicitas
2187 1180 2364 1233 ovium
2393 1180 2602 1234 fraudes
2626 1197 2842 1249 passura
2866 1183 3148 1251 luporum-

1847 1265 2120 1321 Etraucos
2150 1269 2323 1321 timuit
2343 1269 2645 1324 discurrens
2673 1271 2829 1328 datua
2859 1272 3147 1327 molossos.

1843 1353 2066 1422 Spumat
2091 1344 2252 1424 aper,
2269 1366 2467 1410 mortes
2499 1357 2684 1411 lunato'
2704 1358 2862 1414 dente
2903 1361 3158 1429 minatur,

1847 1443 1912 1496 Et
1932 1443 2070 1496 latus
2091 1443 2370 1512 obliquans
2388 1444 2675 1498 meditatur
2701 1447 2881 1513 praelia
2914 1456 3118 1515 torvus,

1846 1533 1923 1586 Ac
1953 1534 2162 1587 maxilla
2188 1532 2337 1587 ferox
2363 1533 2525 1588 duros
2552 1533 2578 1571 δ
2600 1535 2815 1589 deszevit
2844 1537 2896 1590 in
2923 1552 3118 1602 armos,

1847 1623 2115 1677 Audacter
2140 1631 2352 1677 certans
2377 1624 2678 1692 spumantia
2708 1624 2844 1679 bella
2873 1640 3109 1680 movere.

1847 1712 2090 1780 Cignitur
2109 1727 2269 1766 omne
2285 1727 2452 1781 genus
2463 1713 2744 1782 pecudum,
2773 1728 2940 1782 genus
2955 1731 3115 1771 omne
3141 1716 3398 1781 ferarum,

1847 1801 1990 1854 lnter
2017 1808 2166 1869 prata
2196 1814 2381 1867 vagum
2412 1802 2556 1853 nullo
2584 1802 2802 1855 custode
2823 1818 2919 1873 per
2946 1804 3157 1859 herbas.

1772 1872 1821 1933 Β
1849 1893 2016 1948 lnstar
2042 1892 2238 1946 montis
2267 1892 2467 1946 habens
2492 1893 2687 1946 incedit
2713 1872 2882 1947 bestia
2910 1897 3050 1948 mole
3073 1912 3090 1959 ;

1846 1983 2111 2037 Prumitur
2138 1983 2324 2049 anguis
2351 1982 2521 2047 hians,
2543 1982 2787 2050 quatiens
2803 1983 2902 2035 sub
2923 1971 3084 2036 dente
3107 2000 3394 2048 venenum,

1844 2076 1910 2129 Et
1939 2074 2211 2129 maculosa
2240 2074 2378 2141 repit
2402 2073 2637 2138 squamis
2665 2087 2760 2140 per
2783 2073 2981 2125 viscera
3009 2087 3250 2141 serpens,

1843 2167 1968 2218 Atra
1998 2179 2200 2218 venena
2233 2179 2430 2217 nocens
2462 2165 2686 2217 missura
2716 2179 2748 2216 e
2768 2163 2977 2218 ﬂatibus
3021 2165 3153 2228 oris,

1842 2252 1909 2304 Et
1935 2254 2110 2306 subito
2137 2267 2383 2321 sparsura
2414 2267 2602 2318 graves
2634 2268 2728 2320 per
2766 2253 2918 2306 sibila
2942 2261 3166 2316 mortes,

1843 2342 2016 2410 Atque
2043 2343 2229 2396 eadem
2258 2342 2512 2395 membris
2535 2327 2865 2408 impertitura
2890 2344 3145 2397 medelas.

1912 2431 2014 2485 Sed
2048 2446 2113 2484 ne
2141 2439 2330 2485 cuncta
2360 2429 2517 2483 simul
2545 2431 2740 2499 passim
2775 2439 2797 2465 ο
2826 2431 3082 2498 permista
3117 2433 3358 2498 fuissent,

1844 2521 2118 2587 Distribuit
2146 2521 2260 2574 loca
2281 2531 2426 2575 certa
2458 2521 2613 2589 Deus,
2645 2531 2702 2575 et
2729 2530 2969 2590 tempora
3001 2524 3130 2576 tixit.

1842 2612 2106 2678 Tempore
2134 2627 2240 2664 non
2272 2628 2377 2664 uno
2407 2612 2623 2664 veniunt
2650 2625 2770 2679 qua:
2800 2627 2937 2665 suave
2966 2621 3225 2666 vocantur
3257 2631 3271 2666 :

1843 2701 1956 2755 Non
1986 2715 2197 2768 semper
2219 2711 2399 2754 movet
2421 2717 2566 2755 arma
2595 2702 2698 2765 leo,
2731 2718 2831 2756 nec
2852 2704 3096 2772 scorpius
3123 2704 3285 2757 ictum

1841 2791 2064 2858 Semper
2089 2791 2266 2857 habet,
2290 2806 2389 2845 nec
2410 2806 2622 2860 semper
2648 2794 2756 2860 agit
2784 2795 2893 2847 fera
2925 2795 3101 2862 vipera
3131 2810 3361 2861 morsus,

1843 2881 1951 2936 Nec
1975 2897 2186 2950 semper
2215 2881 2409 2934 tollunt
2429 2883 2495 2936 ad
2526 2883 2741 2936 vulnera
2765 2883 2901 2936 colla
2933 2895 3177 2938 cerastm.

1844 2969 1958 3025 Non
1987 2985 2199 3040 semper
2223 2969 2350 3024 furit
2371 2971 2508 3024 unda
2535 2973 2693 3025 utaris
2721 2968 2767 3036 ἀ,
2800 2987 2905 3026 non
2936 2987 3155 3041 semper
3181 2974 3354 3027 adurit

1843 3061 1984 3116 Solis
2010 3062 2202 3130 ubique
2229 3060 2410 3125 calor;
2444 3077 2540 3130 pro
2569 3070 2812 3130 tempore
2843 3071 3108 3129 temperat
3130 3063 3296 3128 ignes.

1819 3146 1828 3151 ’
1848 3154 1948 3204 Pro
1977 3152 2194 3218 regione
2221 3152 2387 3218 plagae
2407 3159 2769 3219 contemperat
2792 3152 2933 3204 unda
2953 3167 3226 3218 vaporem,

1770 3212 1817 3274 δ
1848 3241 1911 3294 Et
1933 3212 2380 3296 modo'bellantes
2407 3241 2595 3295 lluctus
2616 3212 2747 3294 freta
2776 3243 2922 3308 pigra
2953 3212 3224 3308 jacebunt.

1843 3332 1958 3401 lpsc
1983 3331 2160 3401 polus,
2181 3334 2272 3401 qui
2302 3333 2502 3401 grande
2540 3340 2705 3394 tonat,
2735 3334 2848 3386 sine
2871 3334 3010 3387 nube
3040 3350 3263 3390 serenus

1839 3420 1956 3477 Jatn
1987 3431 2146 3485 tacet,
2169 3431 2225 3477 et
2254 3434 2277 3460 υ
2300 3437 2434 3492 puro
2471 3423 2692 3476 redeunt
2717 3438 2810 3476 sua
2835 3424 3031 3478 lumina
3060 3426 3220 3481 cmlo.

1911 3511 2076 3565 Multa
2098 3511 2229 3565 locis
2257 3512 2382 3563 data
2402 3521 2525 3566 sunt
2553 3511 2711 3566 variis
2739 3512 2976 3580 dispersa
3000 3528 3096 3583 per
3119 3516 3327 3570 orbem.

1841 3600 2001 3657 Arida
2030 3599 2272 3668 vipereos
2299 3615 2499 3668 angues
2535 3602 2771 3669 suscepit
2802 3617 2984 3670 arena,

1840 3688 2064 3744 Humida
2088 3690 2306 3744 sortitur
2327 3691 2480 3744 tellus
2501 3691 2610 3744 fera
2633 3691 2768 3746 colla
2798 3692 3011 3747 leonum
3034 3711 3048 3756 ;

1841 3779 1987 3834 India
2015 3794 2134 3834 cum
2163 3779 2387 3846 gemmis
2415 3786 2470 3832 et
2504 3780 2737 3832 eburnea
2770 3784 3011 3835 monstra
3040 3782 3291 3837 minatur.

1844 3869 2022 3924 Bellua
2049 3870 2256 3922 divinos
2283 3869 2422 3922 inter
2449 3878 2738 3935 generatur
2768 3870 2982 3934 odores,

1841 3959 2252 4027 Ambrosiasque
2277 3959 2417 4028 sapit
2446 3959 2584 4012 male
2605 3958 2854 4027 frangens
2878 3960 3045 4027 bestia
3067 3975 3289 4027 messes,

1841 4052 2186 4119 Incertasque
2213 4051 2362 4105 color
2393 4052 2541 4118 tigris
2562 4067 2657 4120 per
2682 4052 2827 4106 mille
2853 4054 3061 4107 colores

1839 4140 2109 4195 Montibus
2137 4140 2394 4211 Hyrcanis
2419 4143 2583 4205 venit,
2623 4141 2640 4177 τ
2673 4151 2832 4210 atque
2860 4142 3014 4195 eﬂ'eta
3039 4144 3229 4196 marito

1842 4231 2082 4295 Mittitur,
2114 4241 2171 4285 ut
2196 4233 2370 4286 vincat
2388 4247 2608 4286 currens
2637 4233 2823 4285 orbata
2867 4231 3146 4298 proCellas.

1841 4320 2103 4375 Cornibus
2129 4323 2322 4375 erectis
2348 4323 2535 4374 sortita
2564 4331 2646 4373 est
2673 4321 2842 4373 Africa
2870 4320 3076 4382 damas,

1842 4409 2086 4463 Concava
2110 4410 2404 4476 suscipiunt
2431 4424 2524 4477 per
2555 4418 2761 4463 montes
2788 4425 2913 4463 saxa
2939 4410 3218 4465 dracones.

1769 4533 1821 4590 ι)
1843 4499 2044 4552 Caetera
2070 4497 2336 4554 distribuit
2355 4498 2579 4552 diversis
2605 4501 2806 4552 semina
2836 4500 2988 4552 terris
3015 4517 3029 4550 :

1849 4593 1943 4647 Plu
1957 4591 2088 4645 rima
2117 4591 2412 4658 conjunxit,
2443 4592 2536 4644 sed
2563 4592 2765 4658 ceSpite
2792 4591 2955 4643 multa
2985 4590 3215 4645 diremit.

1916 4681 2131 4734 Munera
2161 4691 2415 4748 praeterea
2444 4679 2730 4733 funduntur
2756 4680 2932 4733 divitis
2953 4683 3066 4734 auri
3097 4698 3109 4732 :

1847 4771 2072 4826 Protulit
2098 4771 2320 4823 eximias
2356 4780 2378 4815 ε
2409 4769 2659 4823 illustrior
2685 4769 2829 4823 ludia
2851 4783 3103 4841 gemmas,

1846 4859 2148 4916 Producunt
2186 4859 2369 4911 niveos
2396 4865 2450 4911 et
2478 4857 2656 4911 littora
2697 4858 2854 4911 rubra
2884 4856 3110 4924 lapillos.

1845 4949 2202 5003 Flammantes
2225 4946 2525 5013 viridesque
2556 4947 2677 4999 tulit
2715 4947 2999 5016 Babylonia
3052 4954 3281 5007 crustas,

1847 5040 2060 5093 Persida
2091 5037 2336 5092 nobilitat
2357 5036 2601 5105 pretiosis
2623 5038 2802 5091 littora
2830 5036 3072 5102 gemmis,

1844 5129 2085 5197 Frigidus
2109 5135 2161 5181 et
2192 5142 2348 5182 roseo
2376 5127 2725 5186 carbunculus
2754 5124 2904 5178 ardet
2931 5125 3150 5179 honore.

1843 5217 2002 5271 Seres
2036 5215 2120 5269 illa
2146 5216 2360 5270 trahunt
2387 5206 2531 5267 nullo
2551 5215 2648 5268 sub
2677 5214 2869 5282 pollice
2888 5213 3067 5279 ducta,

1846 5307 2082 5360 Balsama
2112 5304 2383 5359 Caesareos
2403 5305 2611 5372 plorant
2639 5302 2860 5370 virgulta
2883 5316 2978 5370 per
2999 5314 3175 5368 agros,

1845 5397 1909 5450 Et
1932 5397 2089 5451 nimis
2107 5395 2426 5449 ambrosiam
2457 5393 2702 5462 lacrymze
2729 5391 2856 5444 dant
2876 5404 3065 5445 munus
3090 5389 3115 5426 δ
3146 5388 3339 5443 odores
3365 5404 3380 5442 :

1915 5582 1939 5648 ξ
1968 5576 2078 5648 AL,
2104 5592 2255 5646 pura.

1917 5643 1937 5681 ί
1969 5643 2076 5710 AL,
2105 5643 2208 5698 Ἀρ.

1915 5722 1941 5758 σ
1971 5716 2076 5778 AL,
2107 5711 2404 5768 industrior.

1917 5780 1943 5818 ³*
1976 5785 2079 5849 AL,
2110 5783 2296 5837 odoris.
