3930 6232
558 392 661 447 ’575

557 504 847 558 Cinnamon
872 500 1087 556 interius
1113 497 1313 569 profert
1346 492 1367 532 ά
1393 497 1663 551 thnicia
1705 496 1879 557 tellus,

557 591 697 646 Solis
724 589 891 643 amica
917 588 1104 654 nimis;
1137 603 1258 640 nam
1290 602 1395 639 non
1423 587 1488 639 de
1516 587 1628 637 sole
1650 594 1860 651 perusta

555 681 679 736 llaec
705 682 853 735 nardi
884 680 1061 747 liores,
1086 681 1198 739 hmo
1228 678 1401 745 portio
1432 674 1601 741 fundit
1628 684 1915 727 amomum.

624 768 875 822 Omnibus
905 768 986 821 bis
1006 767 1217 835 genitis,
1250 766 1441 817 animal
1466 762 1687 815 rationis
1717 765 1941 816 amicum

556 853 833 911 Formatur
865 858 1060 910 \irtute
1083 855 1199 917 Dei,
1232 856 1444 907 limatur
1486 853 1538 905 in
1562 860 1726 906 artus.

558 946 623 999 Ut
647 945 671 982 ι’
701 947 1004 1000 dominator
1026 953 1112 998 eat
1138 943 1461 998 moderatior
1489 942 1731 994 omnibus
1755 951 1893 989 unus

558 1050 577 1076 ε
605 1036 817 1090 Naturae
838 1037 988 1103 jussu
1015 1050 1129 1103 qum
1158 1034 1379 1102 protulit
1410 1030 1589 1087 omnia
1616 1031 1907 1096 princeps:

550 1129 645 1178 Ast
672 1125 938 1178 hominem
966 1140 1069 1178 non
1102 1132 1241 1177 terra
1265 1124 1419 1191 parit,
1446 1137 1549 1175 non
1579 1126 1771 1188 pontus
1795 1119 1861 1171 ab
1893 1117 2063 1178 undis,

549 1212 665 1267 Non
690 1212 898 1277 omium,
934 1228 1037 1266 non
1061 1222 1201 1265 astra
1231 1221 1437 1274 creant,
1464 1225 1568 1263 non
1598 1209 1780 1278 purior
1803 1222 1895 1260 aer
1918 1224 1931 1269 ;

550 1303 655 1357 Sed
677 1303 1063 1357 dominatorem
1094 1302 1397 1356 dominator
1423 1314 1661 1354 summus
1699 1306 1752 1351 et
1774 1306 1963 1350 auctor

548 1394 770 1448 Limavit
799 1410 891 1464 per
913 1396 1149 1448 membra
1181 1395 1349 1447 virum
1371 1386 1437 1446 de
1457 1391 1674 1460 pulvere
1705 1388 1920 1441 factum.

545 1485 726 1545 Limus
751 1487 923 1540 adhuc
948 1484 1200 1539 deformis
1221 1490 1356 1544 erat,
1383 1482 1705 1534 membrntur
1734 1480 1786 1530 in
1816 1485 1964 1529 artus

543 1576 814 1643 Corporea
842 1576 1050 1642 species
1078 1572 1305 1626 hominis
1330 1570 1563 1625 ctelestis
1592 1571 1797 1633 imago;

543 1667 883 1734 Conspicitur
913 1680 1047 1718 nova
1073 1658 1239 1717 forma
1268 1664 1388 1726 viri,
1419 1663 1531 1715 sine
1560 1668 1737 1714 mente
1760 1671 2060 1731 parumper,

545 1755 776 1822 Spiritus
798 1752 999 1806 infusus
1023 1753 1197 1807 subito
1221 1767 1314 1819 per
1345 1750 1578 1803 membra
1612 1748 1870 1812 cucurrit,

544 1842 612 1895 Et
636 1839 888 1896 calefacta
917 1840 1115 1895 rubens
1136 1840 1304 1895 tenuit
1333 1838 1619 1907 prtecordia
1647 1838 1886 1903 sanguis.

545 1932 667 1986 Mox
696 1930 922 1985 rubuere
946 1944 1114 1997 gente,
1148 1939 1290 1984 totos
1317 1930 1478 1983 rubor
1499 1928 1665 1981 inficit
1690 1936 1869 1986 artus;

542 2021 657 2074 Jam
686 2021 819 2075 cutis
839 2029 921 2074 est
941 2020 1029 2087 qui
1057 2018 1230 2088 pulvis
1261 2025 1395 2079 erat,
1424 2018 1530 2085 jam
1563 2026 1706 2070 terra
1738 2015 1999 2072 medullas

542 2108 757 2165 Ossibus
788 2108 1023 2172 includit,
1054 2114 1281 2175 surgunt
1307 2106 1357 2159 in
1386 2120 1557 2159 messe
1583 2104 1781 2173 capilli,

542 2201 681 2256 Orbe
705 2202 902 2253 micant
922 2198 1133 2266 gemino
1162 2195 1482 2262 gemmantia
1513 2194 1710 2247 lumina
1739 2193 1873 2254 visu,

540 2291 607 2343 Et
627 2303 814 2343 vocem
834 2299 1090 2355 compago
1118 2285 1263 2339 dedit
1310 2299 1443 2338 nova
1473 2284 1717 2337 machina
1746 2268 1993 2349 surgens,

542 2380 830 2433 Auctorem
856 2376 1072 2429 laudare
1093 2388 1248 2428 suum
1281 2374 1459 2442 gavisa
1490 2372 1629 2440 quod
1658 2381 1818 2424 esset.

614 2488 763 2541 Tunc
790 2487 975 2541 oculos
1012 2501 1107 2555 per
1131 2496 1321 2540 cuncta
1347 2485 1476 2551 jacit
1507 2503 1517 2535 :
1546 2484 1766 2536 miratur
1797 2496 2063 2535 ammnum

541 2579 630 2634 Sic
658 2578 848 2632 florere
877 2576 1071 2639 locum,
1103 2576 1180 2628 sic
1208 2589 1370 2641 puros
1399 2572 1635 2626 fontibus
1667 2585 1853 2624 amnes

542 2671 807 2735 Quattuor
830 2666 1068 2719 undilluo
1098 2666 1420 2731 stringentes
1440 2664 1647 2731 gurgite
1676 2662 1815 2730 ripas

544 2762 625 2813 lre
655 2774 749 2828 per
775 2759 1027 2811 arboreos
1050 2757 1235 2819 saltus,
1260 2769 1584 2822 camposque
1614 2755 1868 2808 virentes.

546 2849 767 2901 Miratur
792 2861 851 2901 se
876 2845 1003 2915 quid
1032 2846 1100 2900 sit
1127 2846 1309 2907 homo,
1336 2858 1469 2910 quos
1508 2843 1675 2896 factus
1705 2844 1769 2895 ad
1795 2858 1933 2896 usus.

542 2938 691 2991 Scire
717 2938 884 3005 cupit,
916 2936 1142 3003 simplex
1165 2943 1218 2987 et
1248 2948 1352 2985 non
1383 2932 1544 2986 habet
1574 2931 1713 2985 unde
1745 2932 2001 2999 requirat,

546 3030 663 3095 Quo
692 3028 884 3083 merito
910 3026 1121 3080 sibimet
1148 3024 1269 3080 data
1298 3025 1366 3078 sit
1389 3024 1652 3092 possessio
1679 3023 1704 3057 ά
1732 3024 1937 3085 mundi,

542 3132 565 3158 ε
594 3120 767 3186 Atque
786 3125 981 3170 acterna
1007 3115 1197 3170 domus
1220 3113 1449 3167 nemoris
1472 3127 1564 3182 per
1592 3111 1917 3177 ﬂorea,rura.

542 3206 708 3258 Parva
732 3203 916 3272 procul
944 3210 1153 3271 spectat
1180 3202 1374 3255 virides
1399 3200 1641 3267 jumenta
1674 3216 1770 3269 per
1797 3215 1954 3263 agros
1984 3224 1994 3251 :

540 3294 649 3349 llac
678 3293 745 3347 de
774 3308 833 3348 re
860 3294 1050 3347 tacitus
1082 3291 1097 3328 ί
1130 3291 1400 3358 νυινίιίιυθ
1424 3299 1477 3344 et
1499 3290 1657 3344 corde
1687 3290 1923 3357 requirit,

545 3385 638 3440 Vel
667 3396 835 3453 quare
853 3396 1034 3436 secum
1060 3396 1164 3434 non
1190 3382 1295 3434 sTnt
1322 3379 1435 3433 hmc
1461 3379 1571 3448 ipsa
1600 3379 1809 3433 volutat
1834 3396 1843 3429 ε

543 3476 677 3529 Nam
713 3481 965 3529 consorte
990 3486 1197 3535 carens,
1228 3486 1346 3525 cum
1377 3485 1486 3539 quo
1517 3468 1783 3524 conferret
1808 3472 2016 3537 egel‘at.

613 3586 829 3641 Viderat
856 3584 1205 3651 Omnipotens
1236 3582 1350 3635 hare
1388 3581 1533 3634 illum
1564 3582 1727 3636 corde
1775 3591 2097 3648 moventem,

541 3681 605 3735 Et
629 3682 912 3735 miseratus
939 3678 1013 3731 ait
1043 3695 1055 3729 :
1086 3677 1275 3731 demus
1308 3686 1331 3723 ε
1362 3674 1550 3731 solatia
1580 3674 1744 3737 facto,

544 3772 867 3839 Participem
896 3770 1128 3838 generis.
1170 3768 1441 3836 Tanquam
1465 3770 1510 3823 si
1538 3768 1738 3823 diceret
1764 3777 1948 3823 auctor
1981 3786 1993 3821 :

540 3862 659 3917 Non
682 3860 852 3915 solum
876 3861 1031 3927 decet
1061 3875 1179 3913 esse
1207 3858 1398 3925 virum,
1434 3858 1701 3913 consortia
1727 3858 1923 3911 blanda

538 3952 776 4019 Noverit,
799 3966 934 4006 uxor
962 3952 1064 4005 erit
1084 3950 1235 4019 cujus
1266 3958 1443 4003 tamen
1468 3950 1569 4004 iste
1598 3948 1847 4011 maritus;

537 4042 850 4110 Conjugium
876 4055 934 4095 se
963 4042 1189 4109 quisque
1216 4050 1391 4101 vocet,
1418 4038 1644 4092 dulcedo
1673 4047 1913 4091 recurrat

536 4132 792 4187 Cordibus
820 4131 1078 4191 innocuis,
1108 4140 1161 4184 et
1184 4130 1287 4185 sint
1316 4129 1406 4182 tibi
1440 4129 1623 4196 pignus
1647 4135 1890 4195 uterque,

538 4222 685 4275 Velle
705 4235 860 4289 pares
889 4229 943 4275 et
970 4220 1109 4273 nolle
1131 4234 1285 4288 pares
1304 4263 1316 4283 ,
1350 4229 1493 4272 stans
1524 4232 1625 4271 una
1656 4218 1918 4282 voluntas,

537 4309 668 4366 Pars
693 4310 854 4364 animi
879 4325 1123 4377 concors,
1153 4309 1367 4379 paribus
1419 4310 1703 4363 decurrere
1729 4310 1884 4375 votis,

536 4401 705 4454 Ambo
732 4400 831 4455 sibi
857 4398 1070 4468 requies
1096 4399 1291 4462 cordis,
1325 4400 1430 4450 sint
1449 4397 1605 4452 ambo
1629 4396 1833 4462 ﬁdeles,

536 4491 598 4545 Et
625 4494 927 4560 quicunque
950 4491 1105 4544 datur
1132 4506 1305 4552 casus,
1337 4493 1405 4543 sit
1432 4506 1591 4545 causa
1618 4492 1861 4547 duorum.

606 4582 713 4637 Nec
762 4596 931 4642 mora,
971 4580 1082 4648 jam
1111 4582 1255 4635 venit
1286 4582 1391 4634 alta
1444 4580 1619 4649 quies,
1665 4584 1955 4651 oculosque
2004 4598 2091 4636 δυο

1923 4670 2092 4742 [pinat

534 4762 780 4825 Somnus,
813 4776 866 4815 et
894 4761 944 4815 in
971 4759 1175 4814 dulcem
1205 4760 1487 4813 solvuntur
1522 4760 1761 4813 membra
1788 4774 2037 4827 soporem
2071 4776 2087 4826 ;

534 4850 639 4905 Sed
664 4866 784 4905 cum
804 4852 924 4917 jure
950 4850 1093 4905 Deus
1122 4851 1265 4903 nullo
1299 4850 1615 4918 prohibente
1652 4852 1855 4906 valeret

538 4941 756 4995 Demere
780 4939 1107 5009 particulam,
1141 4940 1206 4994 de
1230 4954 1336 5007 quo
1362 4939 1387 4977 δ
1418 4940 1563 5009 prius
1593 4941 1706 5007 ipse
1737 4952 1976 5010 pararat,

534 5029 779 5085 Attamen
811 5030 985 5085 ablata
1011 5029 1194 5097 juveni
1217 5046 1282 5082 ne
1314 5039 1462 5083 costa
1494 5029 1735 5092 doleret,

534 5121 796 5177 Redderet
824 5131 878 5176 et
906 5123 1109 5176 tristem
1132 5122 1331 5185 subito,
1358 5127 1515 5188 quem
1542 5123 1732 5179 laedere
1759 5125 1941 5187 nollet,

601 5287 625 5312 κ
658 5277 765 5340 AL,
797 5277 885 5329 sub
914 5278 1157 5344 phaenice.

600 5347 625 5381 δ
655 5346 733 5399 Al.
749 5388 763 5412 ,
792 5346 1133 5398 dominanter.

603 5428 623 5453 ε
656 5417 762 5479 AL,
786 5414 998 5467 Natura
1020 5418 1197 5485 jussit.

601 5485 624 5521 ἀ
654 5485 761 5545 AL,
786 5485 1022 5537 mundus.

603 5563 625 5627 ἢ
654 5555 815 5627 Atque
842 5556 1016 5627 domus
1049 5554 1245 5609 alterna
1276 5572 1449 5610 nemus
1477 5574 1563 5627 per
1588 5558 1747 5625 ﬂorea
1777 5574 1919 5611 rura.

605 5625 619 5658 ί
665 5624 769 5686 ΑΙ.,
804 5624 965 5690 angit.

602 5702 625 5760 β
655 5693 761 5752 AL,
786 5692 1065 5760 adjutort'o.

597 5758 635 5835 δί
653 5759 756 5825 AL,
787 5758 921 5830 pius.

1619 388 1678 441 S.
1718 386 1987 443 EUGENII
2026 382 2259 439 OPUSC.
2302 385 2473 443 PARS
2510 387 2734 441 PRIMA.

2133 498 2177 549 A
2212 496 2316 549 Fur
2338 497 2513 563 opifex
2540 497 2652 549 vult
2672 512 2791 549 esse
2815 510 2962 549 suns.
3003 496 3131 548 Nam
3160 504 3337 565 posset
3356 498 3631 551 alumnam

3660 380 3794 435 376

2207 588 2427 640 Pulvere
2452 588 2519 641 de
2541 588 2695 641 simili
2720 589 2963 656 princeps
2993 588 3219 641 formare
3257 589 3507 656 puellam.

2204 676 2307 729 Sed
2327 692 2433 745 quo
2463 677 2647 744 plenus
2676 693 2827 731 amor
2849 686 2961 731 toto
2988 678 3055 731 de
3083 678 3245 731 corde
3264 680 3489 742 veniret,

2205 766 2341 821 Nosc
2377 783 2434 821 re
2463 769 2512 819 in
2546 783 2711 821 uxore
2732 769 2901 822 voluit
2921 783 3014 821 sua
3049 770 3284 822 membra
3309 770 3583 821 maritum.

2207 857 2466 913 Dividitur
2502 857 2513 893 ί
2545 867 2794 912 contexta
2817 858 2972 922 cutis,
2999 858 3311 912 subducitur
3331 874 3438 910 una

2204 944 2409 999 Sensim
2437 955 2582 999 costa
2608 948 2744 1010 viro,
2767 948 2864 1000 sed
2894 963 3014 1001 mox
3044 949 3274 1001 reditura
3306 949 3516 1002 marito.

2204 1034 2335 1085 Nam
2366 1034 2572 1098 juvenis
2601 1036 2665 1087 de
2690 1044 2837 1103 parte
2868 1036 3013 1088 brevi
3044 1035 3301 1090 formatur
3325 1038 3506 1089 adulta

2210 1122 2385 1190 Virgo,
2409 1122 2625 1185 decora,
2656 1124 2817 1185 rudis,
2855 1135 3060 1179 matura
3092 1126 3411 1179 tumentibus
3437 1125 3621 1183 annis,

2204 1210 2443 1278 Conjugii
2472 1212 2772 1280 sobolisque
2800 1228 2984 1281 capax,
3015 1215 3206 1282 quibus
3227 1226 3347 1279 apta
3382 1217 3681 1283 probatur,

2204 1302 2267 1355 Et
2295 1303 2409 1357 sine
2436 1302 2569 1356 lacte
2598 1304 2685 1371 pio
2709 1305 2902 1358 crescit
2933 1305 3151 1357 infantia
3182 1310 3371 1374 pubes.

2274 1390 2547 1446 Excutitur
2573 1408 2763 1448 somno
2788 1394 3021 1462 juvenis,
3042 1394 3187 1449 videt
3217 1397 3327 1464 ipse
3355 1395 3588 1463 puellam

2206 1482 2339 1532 Ante
2364 1480 2545 1533 oculos
2567 1490 2740 1536 astare
2768 1498 2917 1547 suos,
2948 1486 3100 1553 pater
3129 1485 3250 1539 inde
3286 1487 3505 1539 maritus
3528 1526 3544 1552 ,

2203 1567 2317 1621 Non
2352 1580 2365 1617 ι
2406 1577 2604 1622 tantum
2632 1584 2697 1623 ex
2728 1571 2869 1624 coitu
2893 1572 3121 1638 genitor,
3146 1575 3237 1627 sed
3268 1573 3509 1639 conjugis
3530 1581 3775 1632 auctor;

2202 1657 2429 1710 Somnus
2454 1664 2571 1710 erat
2594 1666 2800 1725 partus,
2828 1669 3119 1728 conceptus
3144 1663 3344 1715 semine
3373 1664 3546 1727 nullo,

2207 1744 2475 1799 Materiem
2500 1748 2671 1816 sopita
2699 1749 2849 1814 quies
2875 1751 3119 1809 produxit
3146 1754 3359 1815 amoris,

2133 1816 2171 1871 Β
2202 1835 2540 1904 Aﬂ'ectusque
2565 1851 2733 1890 novos
2754 1837 2930 1890 blandi
2963 1853 3195 1906 genuere
3216 1857 3453 1910 separes.

2200 1928 2449 1981 Constitit
2473 1936 2597 1981 ante
2622 1928 2805 1981 oculos
2832 1929 2978 1981 nullo
3001 1930 3261 1985 velamine
3290 1934 3449 2000 tecta,

2198 2018 2434 2087 Corpore
2458 2017 2593 2070 nuda
2625 2018 2780 2070 simul
2802 2019 2978 2080 niveo,
3004 2034 3101 2071 ceu
3135 2021 3372 2089 Nympha
3400 2026 3692 2092 profundi.

2200 2107 2454 2160 Cwsaries
2485 2106 2693 2159 intonsa
2723 2107 2913 2171 comis,
2943 2118 3075 2174 gena
3108 2108 3329 2175 pulchra
3358 2112 3575 2177 rubore,

2199 2196 2385 2251 Omnia
2412 2196 2628 2266 pulchra
2652 2211 2860 2265 gerens,
2886 2197 3091 2262 oculos,
3124 2201 3382 2265 os,colla,
3412 2220 3733 2275 manusque
3768 2224 3785 2259 :

2204 2286 2269 2339 Ut
2296 2288 2505 2358 qualem
2538 2297 2753 2354 possent
2774 2287 2922 2353 digiti
2952 2285 3185 2343 formare
3205 2288 3484 2357 Tonantis,

2203 2380 2385 2431 Nescia
2413 2392 2561 2430 mens
2589 2377 2692 2430 illis
2720 2374 2833 2429 ﬁeri
2862 2391 2977 2442 qua:
3005 2392 3166 2430 causa
3196 2377 3398 2433 fuisset.

2273 2490 2419 2543 Tunc
2468 2489 2604 2543 Dens
2651 2499 2704 2542 et
2756 2488 3001 2557 princeps
3064 2488 3249 2543 ambos
3303 2489 3325 2526 ι
3378 2490 3679 2559 conjunxit
3731 2498 3788 2549 in

3540 2580 3749 2651 [unum
3770 2623 3786 2646 ,

2205 2670 2268 2722 Et
2297 2678 2499 2724 remeat
2522 2684 2615 2724 sua
2645 2678 2796 2723 costa
2826 2670 2964 2733 viro,
2987 2684 3081 2723 sua
3110 2670 3344 2724 membra
3373 2673 3618 2740 recepit;

2204 2761 2407 2829 Accipit
2434 2768 2487 2811 et
2515 2758 2688 2825 fenus,
2718 2774 2836 2813 cum
2866 2776 2970 2813 non
2998 2761 3067 2811 sit
3093 2758 3301 2817 debitor
3329 2760 3482 2815 ullus.

2205 2847 2294 2905 llis
2321 2848 2477 2902 datur
2499 2849 2673 2903 omnis
2702 2848 2915 2911 humus,
2948 2858 3002 2901 et
3035 2849 3287 2918 quidquid
3312 2850 3457 2916 jussa
3486 2852 3747 2918 creavit;

2204 2936 2354 2989 Aeris
2385 2944 2436 2989 et
2469 2936 2641 3003 pelagi
2674 2936 2831 3000 letus,
2859 2936 3123 2989 elementa
3152 2945 3379 2991 duorum

2202 3024 2436 3081 Arbitrio
2465 3026 2747 3080 commissa
2780 3035 3015 3081 manent.
3047 3025 3139 3081 His
3163 3025 3385 3099 Crescite
3412 3028 3548 3082 dixit

2202 3115 2569 3186 Omnipotens,
2602 3118 2805 3187 replete
2832 3118 3006 3171 solum
3036 3117 3102 3171 de
3128 3119 3328 3173 semine
3357 3128 3558 3185 vestro,

2205 3208 2722 3279 Sanguinisingeniti
2754 3215 2907 3261 natos
2935 3208 3133 3261 nutrite
3161 3217 3398 3274 nepotes,

2202 3298 2263 3352 Et
2291 3300 2356 3353 de
2382 3299 2531 3367 prole
2560 3313 2727 3351 novos
2759 3298 2961 3350 iterum
2985 3294 3002 3349 ι
3036 3307 3281 3366 reparate
3304 3300 3534 3366 jogales.

2202 3389 2440 3455 Dumque
2468 3386 2662 3441 fretum
2692 3396 2853 3450 terra,
2878 3384 3005 3439 dum
3034 3384 3173 3441 Catio
3199 3388 3442 3442 sublevat
3473 3406 3593 3457 aer,

2201 3478 2333 3531 Dum
2363 3478 2491 3531 solis
2521 3477 2683 3531 micat
2706 3491 2806 3531 axe
2830 3476 3010 3545 jubar,
3037 3478 3160 3530 dum
3194 3477 3316 3531 luna
3344 3482 3594 3534 tenebras

2201 3568 2448 3637 Dissipat,
2482 3576 2535 3620 et
2565 3582 2700 3636 puro
2731 3567 2909 3621 lucent
2937 3581 3054 3619 mea
3082 3568 3255 3620 sidera
3283 3568 3441 3631 cmlo,

2198 3659 2417 3710 Sumere
2438 3654 2699 3725 quidquid
2730 3655 2925 3709 habent
2956 3656 3189 3723 pomaria
3223 3666 3404 3711 nostra
3437 3656 3645 3727 licebit,

2199 3748 2513 3815 Deli'ciaaque
2544 3748 2708 3800 ﬂuent
2734 3746 2905 3809 vobis,
2929 3755 2981 3795 et
3003 3746 3226 3801 honesta
3257 3747 3538 3818 voluptas:

2199 3837 2415 3891 Arboris
2446 3837 2598 3890 unius
2629 3843 2832 3889 tantum
2866 3836 3067 3890 nescite
3099 3851 3367 3904 saporem.

2268 3945 2483 4001 Dixerat
2504 3945 2601 4000 ista
2630 3944 2787 4008 Deus,
2814 3946 2991 3999 sanxit
3013 3954 3199 3999 natura
3229 3947 3371 4014 quod
3401 3949 3579 4019 inQuit

2196 4037 2566 4106 Omnipotens,
2598 4037 2826 4102 migrare
2852 4034 3009 4098 diem,
3040 4036 3315 4092 discedere
3338 4043 3534 4105 solem,

2196 4126 2303 4181 Nec
2331 4128 2503 4181 lucem
2533 4140 2771 4179 remeare
2801 4134 2951 4193 putat
2982 4134 3188 4181 terrena
3221 4114 3471 4196 propago,

2196 4219 2583 4287 Subductisque
2611 4218 2771 4284 nigris
2792 4228 2827 4251 η’
2863 4216 3093 4272 collucet
3121 4218 3242 4271 luna
3276 4220 3536 4283 tenebris,

2194 4309 2377 4363 Sidera
2409 4317 2597 4362 cuncta
2632 4316 2820 4361 notant
2850 4308 2987 4363 coelo
3018 4308 3227 4364 radiare
3252 4326 3460 4365 sereno.

2194 4400 2288 4453 Ast
2318 4400 2405 4453 ubi
2440 4412 2757 4465 purpureum
2784 4404 3085 4464 surgentem
3117 4413 3183 4452 ex
3212 4414 3425 4467 :equore
3455 4416 3696 4458 εει-ηυηι

2126 4490 2175 4546 D
2202 4489 2498 4544 Luciferum
2528 4486 2923 4555 vibrarejubar,
2961 4490 3312 4557 dammasque
3333 4491 3497 4550 ciere,

2196 4579 2259 4633 Et
2287 4580 2533 4633 reducem
2558 4593 2722 4644 super
2750 4585 2889 4631 astra
2920 4576 3059 4631 diem
3086 4578 3151 4633 de
3177 4581 3287 4635 sole
3304 4575 3608 4648 rubentem,

2194 4674 2314 4727 Mox
2345 4680 2591 4727 revocata
2621 4671 2802 4725 fovent
2831 4671 3078 4724 hesterna
3109 4673 3157 4725 in
3187 4674 3375 4739 gaudia
3406 4686 3644 4741 mentes,

2194 4762 2470 4832 Temporis
2489 4771 2542 4815 et
2572 4763 2806 4830 requiem
2837 4770 3150 4827 noscentes,,
3185 4762 3301 4817 luce
3326 4763 3513 4819 diurna

2192 4855 2483 4924 Coeperunt
2510 4867 2727 4922 sperare
2756 4852 2915 4915 (Ιὶιιιη,
2948 4859 2972 4885 η
3006 4851 3178 4906 ridere
3205 4854 3467 4909 tenebras.

2192 4944 2293 4996 Tot
2324 4945 2461 4996 bona
2490 4940 2625 4993 facta
2657 4941 2795 4993 Deus
2826 4955 2930 4993 non
2962 4940 3287 4994 obliviscitur
3317 4958 3580 5011 unquam,

2192 5036 2317 5099 Quae
2346 5041 2561 5101 pr0ptcr
2585 5032 2827 5085 homines
2856 5030 2923 5085 fet
2943 5032 2999 5095 it,
3024 5034 3303 5099 sanxitque
3332 5050 3568 5091 manere.

2264 5133 2287 5158 θ
2320 5124 2410 5176 llis
2435 5122 2681 5175 dominus
2712 5120 2922 5187 pietatis
2954 5135 3108 5189 opem
3135 5121 3438 5178 subducere
3466 5140 3577 5180 non
3608 5132 3749 5195 vult,

2266 5286 2279 5312 ι
2318 5279 2422 5340 AL,
2452 5286 2700 5329 conlecta.

2262 5350 2275 5393 ι
2309 5348 2632 5411 Al.,~tamen.

2260 5414 2279 5450 ¹¹
2306 5417 2411 5477 AL,
2445 5417 2725 5484 conjungit.

2264 5485 2275 5521 ¹
2310 5488 2417 5545 AL,
2443 5486 2694 5551 copulate.

2257 5567 2292 5591 ιη
2321 5556 2430 5617 AL,
2460 5554 2631 5606 lunari
2662 5556 2769 5609 luce
2796 5557 3033 5608 tenebris.
3116 5584 3119 5587 ‹

2256 5634 2278 5659 η
2312 5626 2417 5685 AL,
2451 5624 2634 5676 redire.

2259 5704 2281 5730 ο
2313 5693 2420 5759 AL,
2446 5693 2565 5749 llic.
