3932 6332
165 427 266 479 5τ7

165 538 429 603 l’rojicere
455 550 554 588 nec
588 533 791 600 plasma
822 547 973 585 suum
1003 538 1026 564 ι
1059 529 1168 582 vult
1193 527 1451 580 Conditor
1481 525 1601 586 :evi,

166 629 292 682 Esse
323 627 450 679 nihil
484 639 720 694 prorsus
753 638 812 676 sc
835 630 1022 690 praeter
1051 620 1249 688 ubique
1275 616 1589 685 rogandum.

171 720 232 771 Et
260 715 358 769 nisi
378 715 668 769 subveniat
693 727 1010 766 succurrens
1038 724 1139 763 non
1163 708 1262 761 erit
1295 707 1451 760 ullos.

166 804 288 857 lude
316 805 458 855 malo
491 804 669 856 bonus
688 807 771 854 est
794 799 992 850 homini
1025 798 1185 859 Deus,
1215 795 1465 848 omnibus
1497 801 1686 846 auctor
1717 834 1731 857 ,

168 893 322 964 hlpse
358 891 566 961 Opifex,
596 892 864 954 dominus,
890 899 1088 950 rector,
1118 887 1248 951 dux,
1277 886 1494 948 arbiter,
1529 884 1704 948 index,

165 987 428 1039 Continua
451 985 699 1037 bonitate
722 983 859 1050 pius,
901 981 1098 1033 virtute
1127 979 1421 1037 modestus.

164 1075 520 1142 Simplicitate
545 1074 745 1137 bonus,
775 1081 828 1125 et
848 1071 1078 1126 culmine
1118 1070 1314 1123 celsior
1339 1067 1506 1122 omni.

131 1165 310 1217 ‘lbant
341 1180 437 1231 per
467 1165 656 1223 flores.
689 1169 744 1216 et
769 1171 877 1214 tota
910 1161 1111 1212 rosaria
1155 1159 1260 1212 lmti

169 1254 303 1305 inter
323 1252 584 1314 odoratas
613 1265 834 1314 messes,
860 1253 1116 1315 lucosque
1148 1248 1401 1309 virentes,

167 1344 486 1411 Simpliciter
511 1342 778 1410 pecudum
812 1342 935 1400 ritu,
971 1336 1053 1391 vel
1088 1353 1236 1390 more
1261 1337 1516 1402 ferarum,

170 1434 489 1499 Corporibus
522 1432 700 1494 nudis,
732 1438 785 1482 et
809 1427 982 1492 nescia
1015 1428 1177 1480 corda
1197 1435 1220 1464 ο
1254 1425 1490 1494 pn'duris.

171 1527 291 1587 unm
313 1536 436 1589 pars
468 1522 834 1573 membrorum
871 1515 1130 1570 secretior
1159 1524 1299 1568 esset
1328 1513 1593 1578 habenda,

175 1611 314 1664 L‘nde
340 1611 505 1662 rudes
535 1610 755 1671 scirent,
785 1607 911 1676 quid
960 1605 1196 1659 moribus
1223 1613 1365 1658 esset
1409 1605 1689 1656 honestum
1715 1602 1736 1650 ἲ

172 1699 316 1766 Quod
345 1684 882 1768 digitosoculosque
934 1704 1144 1764 pu'.ant,
1197 1694 1301 1749 boe
1354 1693 1584 1745 membra
1642 1704 1737 1754 pu-

1525 1779 1732 1849 [dc-mla.

176 1873 380 1929 Publica
409 1875 716 1942 jungebant
734 1873 1011 1927 affectibus
1032 1873 1216 1926 oscula
1243 1872 1454 1940 passim,

175 1965 277 2018 Nec
304 1965 468 2018 rubor
499 1964 641 2016 ullus
666 1972 801 2025 erat,
833 1978 954 2015 cum
984 1970 1154 2017 staret
1182 1961 1330 2028 origo
1354 1960 1588 2028 pudoris,

175 2053 525 2121 lllicitumque
557 2053 657 2106 sibi
687 2066 904 2121 prorsus
935 2051 1062 2104 nihil
1093 2065 1212 2105 esse
1242 2051 1528 2118 putabant;

177 2143 236 2194 Et
261 2143 392 2195 bene
415 2141 732 2203 credebant,
757 2141 950 2208 quibus
971 2141 1150 2194 omnia
1176 2139 1331 2207 jussit
1360 2139 1425 2191 ad
1458 2154 1628 2198 usum,

177 2234 385 2286 Arboris
414 2234 573 2286 unius
600 2234 771 2286 fructu
799 2233 896 2286 sub
929 2233 1044 2298 lege
1075 2239 1288 2298 negato.

157 2363 171 2373 κ
246 2341 470 2395 Vomere
507 2356 618 2394 non
647 2341 802 2394 tellus
825 2379 840 2402 ,
870 2356 973 2392 non
1007 2339 1194 2392 raStris
1223 2339 1364 2402 iussa
1393 2337 1633 2402 domari,

176 2435 417 2500 Qmerere
447 2448 548 2487 nec
575 2433 742 2486 sudor
772 2432 973 2486 fructus
1001 2445 1319 2497 quocunque
1348 2430 1531 2482 labore

177 2524 408 2591 Cogitur,
440 2534 536 2576 aut
563 2538 786 2593 campos
812 2523 991 2590 aliquo
1019 2523 1084 2575 de
1114 2519 1259 2574 fonte
1290 2520 1490 2587 rigare.

180 2616 458 2669 lmbriferis
487 2628 708 2680 semper
738 2613 931 2680 pluviis
959 2611 1267 2664 absentibus
1297 2611 1427 2663 uber

179 2708 388 2776 ticspes,
417 2716 475 2760 et
505 2705 946 2760 arbitrio-crescit
967 2705 1137 2757 fetura
1169 2704 1385 2757 marito.

181 2799 432 2852 Pneterea
458 2799 590 2852 solis
617 2798 772 2852 datus
801 2807 884 2850 est
916 2798 1064 2851 loetts
1092 2797 1179 2850 ille
1206 2797 1414 2849 duobus
1440 2833 1455 2856 ,

180 2887 388 2940 Deliciis
410 2888 691 2940 hominum
726 2895 930 2939 tantum
954 2892 1294 2939 constructus
1312 2882 1526 2949 opacis.

181 2977 288 3031 Non
319 2979 558 3046 placidas
583 2986 850 3031 sustentat
874 2991 1020 3038 aves,
1050 2990 1154 3029 non
1187 2991 1282 3029 ore
1325 2982 1598 3037 cruentas,

182 3065 449 3134 Unguibus
479 3076 715 3120 armatas
745 3067 913 3120 nescit
943 3065 1179 3134 perferre
1209 3067 1467 3128 volucres,

1163 413 1515 469 nnacomn
1555 401 1906 467 llEXAllll-ZRI
1947 407 2065 459 Lm.
2110 405 2378 459 Plinius.

1761 526 1802 577 Α
1838 516 2102 567 Ριιητιεοε
2131 516 2244 568 sine
2273 514 2386 581 lege
2413 512 2560 567 cibos
2583 512 2632 565 in
2665 519 2833 566 morte
2865 515 3092 576 futurus,

3287 375 3388 458 δτι

1836 605 1953 656 Mox
1985 604 2118 671 sapit
2143 603 2317 656 infelix
2350 603 2474 670 quid
2501 616 2740 670 pravum,
2768 602 2892 668 quid
2914 611 2982 652 snt
3005 601 3283 654 honeslub
3305 641 3319 664 ,

1831 691 2050 757 Cognita
2080 692 2388 759 simplicitas
2407 698 2461 744 et
2490 705 2615 744 mox
2645 699 2725 744 est
2748 691 2910 744 corde
2940 689 3135 756 fugata.

1833 778 2066 833 Membra
2097 779 2337 846 pudenda
2372 787 2522 846 putat
2546 786 2749 846 partem
2779 792 2895 845 quae
2919 786 3002 832 est
3030 775 3192 845 prolis
3217 767 3388 841 origo,

1834 864 1899 917 Et
1927 881 2026 932 qua
2053 867 2252 918 Ventris
2273 875 2389 918 erat
2416 863 2617 932 pridem
2649 862 2876 931 digestio
2905 864 3090 930 turpis.

1834 954 2090 1008 Omnibus
2115 969 2178 1006 ex
2203 954 2450 1006 membris
2475 968 2596 1020 pars
2630 952 2880 1008 mundior
2911 951 3022 1019 ipsa
3053 957 3286 1016 putatur,

1836 1045 1999 1097 Noxia
2023 1044 2130 1098 sola
2162 1044 2326 1111 magis
2355 1042 2529 1095 fuerat
2556 1056 2672 1111 quur
2696 1043 2746 1094 in
2773 1056 3001 1107 corpore
3031 1049 3162 1093 toto.

1836 1135 1906 1185 Us
1940 1143 1962 1177 α
1993 1133 2190 1184 aditum
2224 1132 2407 1186 mortis
2440 1142 2563 1184 tunc
2595 1133 2838 1199 protulit,
2865 1140 3024 1196 atque
3050 1127 3234 1195 reiecit

1838 1219 2037 1286 Lingua
2069 1220 2378 1283 malisuadi,
2410 1221 2501 1270 sed
2531 1229 2583 1270 et
2625 1232 2778 1271 aures
2819 1218 2998 1269 limina
3031 1216 3266 1269 mortis.‘

1837 1306 2056 1359 Viderat
2076 1308 2421 1373 Umniputens
2451 1304 2471 1339 ιι
2498 1320 2710 1358 onmem
2739 1306 2986 1356 didicisse
3016 1303 3292 1369 pudorem,
3316 1320 3318 1324 τ

1845 1394 1860 1430 ί
1887 1398 2227 1450 Perdiderant
2248 1410 2404 1463 quem
2436 1398 2616 1448 traude
2649 1395 2780 1448 truci
2801 1396 3128 1463 dapibusque
3147 1394 3395 1457 comesis,

1838 1486 2089 1540 Errantes
2120 1501 2213 1554 per
2235 1484 2381 1554 prata
2406 1499 2546 1548 reos,
2577 1483 2820 1550 foliisque
2852 1489 3092 1549 tegentes

1841 1576 1854 1623 i
1894 1575 2008 1626 Jam
2039 1575 2208 1628 fmdos
2234 1585 2381 1628 artus
2407 1590 2420 1638 ;
2450 1574 2576 1627 dant
2598 1574 2773 1640 agnita
2801 1573 3038 1624 membra
3067 1580 3291 1632 reatum,

1840 1666 2082 1718 Idicitum
2111 1666 2131 1700 ι
2167 1666 2369 1717 licitum
2403 1672 2673 1732 repu.ant,
2706 1661 3012 1728 licitumque
3040 1658 3280 1727 profecto

1839 1757 2083 1808 (ireditur
2111 1769 2226 1808 esse
2252 1754 2417 1807 nefas.
2451 1752 2559 1805 llos
2581 1755 2824 1819 increpat
2852 1766 2946 1804 ore
2977 1749 3180 1803 tonanti

1773 1858 1808 1911 ις
1846 1849 2160 1911 Sacrilegos,
2187 1846 2276 1912 qui
2305 1845 2421 1913 jura
2456 1845 2543 1898 llei
2573 1843 2826 1896 calcando
2858 1842 3158 1908 profanant.

1842 1937 1971 1988 llum
2000 1945 2242 2004 quazrunt
2275 1937 2406 1988 ollas
2434 1935 2571 1988 foliis
2594 1932 2676 1986 vel
2709 1947 2838 2000 rupe
2861 1932 3110 1993 latebras,

1839 2028 1972 2081 lline
1996 2030 2167 2096 magis
2195 2026 2429 2090 obtunsi,
2455 2027 2596 2095 quod
2625 2026 2846 2078 credunt
2876 2036 3031 2090 posse
3062 2021 3229 2074 latere

1839 2116 1987 2170 Tune
2036 2117 2399 2185 quodcunque
2430 2117 2616 2177 Deum,
2669 2114 2753 2167 cui
2800 2121 2988 2166 cuncta
3017 2120 3198 2165 creata
3231 2119 3402 2178 pates-

1841 2272 1904 2327 Et
1931 2274 2118 2328 merito
2141 2275 2263 2341 quia
2291 2281 2477 2327 cuncta
2509 2273 2634 2326 facit
2665 2273 2892 2340 fecitqtic
2917 2271 3176 2340 jubendo,
3234 2202 3400 2270 lcum.

1841 2361 1955 2414 Non
1988 2361 2117 2429 fugit
2139 2359 2415 2421 artificem,
2440 2361 2639 2415 calidos
2661 2376 2778 2428 qua:
2809 2377 2980 2413 massa
3003 2361 3242 2414 caminos

1842 2452 1914 2504 Su
1950 2454 2133 2511 tineat,
2169 2451 2354 2518 r..bigo
2393 2449 2405 2486 ι
2445 2451 2616 2504 latens
2639 2465 2757 2517 qua:
2784 2445 2988 2502 viscera
3019 2448 3144 2501 ferri

1843 2541 2124 2603 Corrodat,
2151 2556 2269 2607 qua:
2299 2540 2457 2593 missa
2485 2541 2651 2595 semel
2680 2542 2895 2593 fornace
2919 2539 3198 2605 liquescat.

1846 2638 1882 2663 ιυ
1909 2627 2006 2680 llic
2034 2645 2138 2681 non
2163 2629 2369 2681 defossa
2399 2632 2577 2695 proJit
2604 2628 2791 2681 tellure
2820 2627 3051 2685 metalla,

1845 2717 2168 2772 l‘romiltens
2191 2720 2354 2780 saxis,
2381 2727 2436 2770 et
2463 2734 2565 2770 non
2590 2720 2656 2770 de
2694 2718 2910 2786 pulvere
2937 2729 3194 2783 gemmas.

1844 2808 1957 2861 Scit
1981 2809 2173 2874 qubus
2203 2807 2453 2860 immittat
2475 2806 2748 2860 mordaces
2779 2806 3022 2858 fluctibus
3044 2806 3251 2869 hamos,

1849 2895 2067 2950 ltetibus
2095 2909 2186 2948 aut
2214 2897 2387 2964 pisces
2417 2894 2567 2948 fallat
2594 2900 2860 2949 scrutator
2889 2907 3169 2960 aquarum,

1847 2986 1912 3040 Et
1937 2987 2076 3041 male
2101 2997 2352 3041 venturas
2371 2988 2598 3055 spondet
2628 2987 2726 3040 sibi
2749 2994 2906 3038 nauta
2949 2983 3228 3053 procellas.

1843 3073 1900 3128 Si
1923 3075 2161 3142 pluvialis
2183 3077 2370 3137 hiems,
2391 3083 2484 3125 aut
2505 3088 2704 3126 saxeus
2735 3080 2919 3139 urgeat
2940 3073 3131 3137 imber,

179 3157 341 3211 Untne
361 3171 532 3224 genus
563 3155 823 3224 pecudum
854 3157 1046 3218 nescit,
1079 3170 1246 3222 genus
1284 3170 1443 3207 omne
1480 3153 1736 3207 ferarum.
1773 3189 1818 3248 ϐ
1848 3162 1962 3217 Non
1991 3162 2122 3216 [arei
2151 3163 2459 3230 agricolam,
2487 3161 2596 3214 sub
2627 3162 2780 3214 ιρι-ηε
2810 3161 3066 3230 providus
3098 3160 3251 3215 undae

178 3245 332 3297 Solus
361 3245 433 3297 ibi
466 3243 682 3312 irrepsit
703 3256 991 3310 squamoso
1024 3257 1512 3311 corporescrpens,

183 3335 482 3389 Fraudibus
523 3335 754 3388 imbutus
813 3334 1019 3398 mortis,
1053 3343 1215 3403 caput
1245 3349 1404 3388 omne
1457 3333 1742 3396 malorum,

182 3427 411 3481 Pectore
443 3430 664 3496 vipereo
691 3427 949 3481 mellitum
976 3441 1043 3478 ex
1069 3442 1163 3480 ore
1199 3438 1465 3478 venenum

181 3515 203 3550 ά
239 3515 489 3572 Funereo
513 3519 612 3570 sub
633 3517 792 3569 dente
823 3529 1016 3582 parans
1037 3522 1320 3582 Spumante
1351 3511 1554 3581 palato.

183 3609 320 3673 Ergo
351 3609 442 3660 u..i
469 3609 608 3660 livor
630 3607 764 3660 edax
790 3597 1072 3658 contusum
1102 3603 1260 3657 dente
1289 3616 1551 3657 venenum

190 3696 401 3749 Invidia:
427 3695 696 3748 mordacis
725 3695 929 3747 habens
959 3695 1058 3746 sub
1086 3695 1258 3746 l'ronte
1289 3694 1546 3754 modesta,

184 3789 381 3851 Qttxril
406 3803 566 3854 Opem
589 3787 827 3849 sceleris,
855 3802 951 3855 per
979 3801 1139 3854 quam
1168 3785 1381 3837 fallatur
1409 3783 1679 3847 honestas,

183 3878 618 3946 Simplicitasque
647 3878 821 3938 cadat,
847 3877 931 3929 vel
955 3875 1169 3929 credula
1197 3874 1357 3930 corda
1389 3885 1410 3910 ε
1445 3882 1625 3928 reatus

184 3966 464 4020 lncurrant
493 3983 598 4019 non
631 3955 827 4020 fraude‘
841 3980 959 4029 sua,
990 3958 1265 4018 sed‘clade
1297 3965 1537 4030 perenni.

252 4054 432 4109 Fortia
465 4057 628 4110 corda
660 4055 762 4108 viri
816 4070 920 4109 non
977 4054 1330 4123 expugnanda
1387 4070 1484 4122 per
1525 4067 1752 4121 anguem

186 4145 474 4201 Prmsensit
505 4147 718 4217 pietatis
746 4146 921 4216 inops,
954 4145 1049 4200 sed
1075 4146 1317 4215 conjugis
1346 4159 1501 4199 aures

186 4238 509 4305 Aggreditur
536 4239 633 4290 sub
658 4252 790 4291 voce
819 4238 929 4305 pia,
955 4252 1203 4291 sermone
1235 4236 1466 4304 iiialigno

189 4329 475 4382 Insidiosus
505 4328 616 4381 adit
645 4329 780 4381 lien!
812 4329 991 4382 mollia
1019 4328 1180 4381 corda
1205 4328 1411 4396 puellae,

190 4420 382 4486 Ingerit
404 4433 500 4473 ore
529 4419 675 4474 cibos
701 4419 900 4473 crudeli
936 4419 1118 4472 funere
1149 4420 1352 4488 plenos.

193 4512 279 4565 llis
317 4511 332 4548 τ
363 4510 521 4564 simul
551 4512 836 4579 assumptis
866 4521 1174 4564 reserantur
1200 4512 1392 4564 lumina
1423 4511 1620 4573 cordis,

198 4602 264 4653 de
293 4601 548 4668 permista
571 4599 726 4655 bonis
754 4600 921 4668 patuit
946 4601 1187 4654 doctrina
1218 4601 1502 4655 malorum.

199 4692 446 4746 l’mnituit
477 4691 709 4746 nescisse
730 4691 914 4761 dapes,
943 4701 997 4745 et
1016 4693 1206 4746 damna
1230 4701 1484 4760 putantur

197 4780 470 4850 Temporis
500 4791 688 4836 exacta
718 4783 907 4851 Spatia,
942 4783 1232 4852 procedere
1260 4783 1409 4853 pejus

198 4877 391 4926 Ausum
420 4874 621 4942 quippe
652 4873 818 4926 nefas.
851 4870 1044 4927 Tentat
1064 4881 1284 4928 seducta
1317 4877 1584 4938 maritum,

202 4959 264 5012 Et
289 4963 428 5030 capit
457 4963 722 5015 insontem
747 4963 855 5031 jam
889 4965 1044 5017 noxia
1077 4964 1272 5018 femina
1303 4965 1367 5017 vi:
1389 4975 1520 5020 tum.

202 5051 567 5108 Circnmventa
595 5065 749 5122 perit,
777 5055 867 5108 sed
897 5056 1292 5124 circumscripta
1324 5055 1460 5110 l‘el‘eil
1489 5067 1527 5110 ι.

207 5143 307 5198 Nec
335 5145 738 5213 circumscripta
769 5160 989 5214 serpens
1012 5145 1228 5214 impune
1260 5146 1565 5215 triumphat.

206 5231 330 5286 Nam
360 5243 640 5304 postquam
664 5233 874 5302 juvenis
895 5236 1088 5292 violata
1119 5245 1298 5290 mente
1323 5237 1561 5292 comedit

277 5395 298 5419 "
329 5388 436 5452 AL,
464 5391 579 5441 scit.

277 5454 404 5509 1rAl.
437 5460 586 5524 Spes.

280 5537 300 5562 ε
332 5528 412 5580 AL
428 5570 440 5588 .
465 5529 655 5581 livoris.

278 5597 300 5629 ·ε
329 5596 437 5661 AL,
463 5595 720 5654 Fundere.

281 5669 302 5730 ξ
329 5666 432 5730 AL,
460 5681 673 5723 reatum.

283 5725 299 5763 ¹
334 5725 439 5799 AL,
470 5738 642 5789 senui.

280 5807 304 5844 ε
331 5803 442 5868 ΔΙ..
472 5805 656 5862 aditu.

1800 3228 1818 3249 ⁸
1849 3228 2322 3304 ι’τοωίιιίιῶηιεε
2348 3252 2631 3317 designans
2657 3259 2679 3284 υ
2715 3228 2832 3302 arte
2857 3264 3128 3316 saporem.

1847 3340 2089 3408 lnspecta
2122 3341 2316 3394 tellure
2345 3340 2508 3393 semel
2533 3340 2647 3392 sine
2678 3339 2890 3391 flatibus
2918 3339 3056 3403 ullis,

1847 3428 2012 3488 Sibila
2041 3434 2163 3483 dum
2193 3431 2439 3496 reticent,
2471 3433 2694 3481 necdum
2734 3439 2988 3496 serpente
3009 3436 3213 3493 notato,

1851 3518 2096 3574 Prtedieit
2117 3519 2323 3589 Psyllus
2352 3521 2459 3573 vim
2483 3520 2847 3587 cujuscunque
2869 3519 3081 3572 veneni.

1850 3609 2007 3676 Signa
2032 3609 2172 3662 videt
2200 3610 2435 3664 medicus
2465 3611 2670 3673 mortis,
2694 3609 3006 3676 reducisque
3030 3609 3236 3674 salutis,

1853 3699 1915 3754 Et
1940 3709 2093 3767 necat
2122 3708 2214 3753 aut
2233 3692 2460 3768 spondet
2484 3701 2745 3752 victurum
2769 3698 2949 3767 judice
2982 3700 3112 3764 visu,

1855 3792 2027 3845 'l'mdia
2056 3791 2270 3859 lmtitite,
2299 3792 2379 3844 vel
2401 3791 2589 3858 gaudia
2614 3791 2844 3845 luctibus
2871 3791 3079 3846 indens.

1856 3883 1962 3936 Cur
1983 3883 2224 3952 exempla
2267 3886 2454 3936 damus
2485 3884 2663 3951 populi
2694 3884 2940 3950 praescire
2961 3885 3133 3936 futura
3154 3925 3170 3948 ,

1856 3975 1986 4026 Cum
2020 3983 2246 4028 testante
2269 3975 2394 4043 ,Deo
2417 3975 2674 4027 doceatur
2713 3989 2872 4027 nosse
2901 3974 3042 4042 quod
3072 3975 3279 4029 instat?

1856 4063 2014 4117 Natio
2045 4066 2258 4132 viperea
2284 4063 2498 4122 clamat,
2529 4060 2842 4114 mortalibus
2873 4061 3067 4129 inquit,

1856 4153 2014 4219 Signa
2045 4155 2150 4222 poli
2183 4152 2369 4215 nusds,
2398 4151 2699 4221 praedicitis,
2734 4152 2977 4206 imminet
3001 4152 3168 4205 imber
3188 4194 3209 4219 ,.

1859 4246 1925 4294 lat
1978 4246 2172 4305 veniet,
2205 4257 2300 4296 nec
2331 4241 2462 4293 l'allit
2491 4242 2680 4308 hiems,
2715 4256 2812 4295 nec
2840 4242 3012 4294 tardat
3041 4242 3249 4295 adesse.

1863 4336 2001 4387 Ecce
2029 4349 2196 4402 genus
2220 4334 2493 4386 hominum
2524 4342 2744 4399 ventura
2769 4335 2908 4388 scire
2937 4335 3210 4404 probatur.

1865 4426 1972 4476 ὕεα
1995 4424 2209 4483 mirum,
2235 4422 2430 4474 Christi
2453 4422 2497 4474 si
2525 4424 2689 4475 sentit
2714 4423 2888 4489 imago
2918 4424 3174 4484 futurum,

1789 4534 1836 4592 υ
1864 4513 1996 4567 Cum
2019 4528 2115 4565 nos
2148 4521 2426 4565 venturum
2457 4518 2708 4564 moneant
2735 4510 2983 4565 animalia
3011 4512 3198 4563 multa.

1865 4603 2231 4666 Ardeanana,
2264 4617 2410 4665 sues,
2445 4601 2693 4664 formicae,
2726 4613 2942 4665 corvus,
2970 4601 3195 4654 birundo

1864 4694 2160 4748 l’r.ctliCtttil
2189 4693 2411 4761 pluvias,
2447 4707 2547 4745 nec
2571 4692 2682 4760 jam
2713 4694 2964 4762 praesagia
2999 4690 3210 4756 fallunt,

1865 4785 1999 4849 Quid
2025 4799 2109 4837 res
2140 4785 2412 4838 exanimes
2446 4793 2610 4839 testas
2635 4785 2854 4839 ardente
2882 4785 3097 4838 luterna

1865 4875 2168 4930 Stiiitillare
2198 4876 2376 4930 oleum
2406 4875 2577 4944 fungis
2601 4875 2964 4929 crescentibus
2989 4875 3187 4944 ignem.

1866 4969 1944 5019 An
1970 4967 2108 5020 Deus
2132 4965 2471 5036 omnipotens
2503 4974 2683 5034 posset
2704 4961 2911 5021 nescire
2934 4965 3168 5019 latebras

1869 5057 2058 5127 Rupis,
2084 5065 2139 5108 et
2169 5072 2234 5110 ex
2267 5056 2402 5110 foliis
2430 5056 2595 5109 vestis
2617 5064 2864 5110 contexta
2885 5054 3101 5109 caducis

1869 5154 2126 5216 Aspectus
2157 5149 2373 5201 obstare
2404 5147 2491 5200 Dei
2516 5148 2539 5199 ?
2568 5145 2718 5200 Tune
2744 5147 2876 5199 voce
2905 5154 3133 5210 reatum,

1868 5237 2102 5290 Crimine
2129 5235 2359 5290 femineo
2383 5244 2555 5289 semet
2585 5249 2838 5304 peccasse
2865 5233 3064 5290 fatetur
3095 5251 3110 5290 :

1940 5388 1963 5425 ιι
1998 5389 2105 5457 AL,
2136 5391 2412 5442 hominem.

1944 5460 1958 5494 ά
1993 5460 2074 5511 AL
2088 5501 2103 5526 ,
2130 5459 2454 5513 Perdiderat.

1942 5532 1954 5577 i
1996 5530 2099 5594 AL,
2137 5531 2436 5583 facundos.

1942 5597 1962 5634 l‘
1993 5601 2100 5664 AL,
2123 5603 2336 5667 justum.

1949 5668 1958 5704 ¹
1995 5669 2101 5735 AL,
2132 5670 2326 5721 labens.

1940 5748 1976 5774 η’
2003 5742 2110 5805 AL,
2135 5737 2291 5791 Ilinr.

1941 5819 1965 5843 ιι
1995 5809 2100 5872 AL,
2126 5819 2264 5862 ante.
