3930 6232
496 410 599 463 379
1510 456 1515 457 ν
1551 410 1605 462 S.
1650 406 1916 464 EUGliNll
1955 404 2192 461 Ol‘USC.
2237 404 2411 461 PARS
2450 407 2677 461 PRIMA.
3628 409 3751 464 380

495 524 679 579 lnfelix
708 523 898 592 conjux
930 523 981 576 in
1011 522 1237 590 conjuge
1254 522 1400 576 facta
1430 522 1711 586 redundat,
2082 526 2129 582 Α
2159 517 2252 572 His
2279 520 2653 574 dominaretur
2680 518 2893 573 cunctis
2920 519 3021 575 sub
3050 532 3209 573 carne
3234 520 3445 583 creatis,

498 617 566 670 Et
592 631 713 670 reus
736 624 760 652 ⁸
787 622 1027 681 excusat,
1052 614 1147 668 sed
1177 630 1281 667 non
1312 614 1615 681 purgandus
1645 613 1861 682 agebat,
2158 607 2396 674 Corpora
2425 608 2746 676 corporibus
2779 609 3048 662 servirent
3073 618 3262 661 cuncta
3286 610 3524 663 subacta.

497 707 560 758 Et
580 706 657 759 sic
678 705 989 773 participem
1015 712 1234 773 propter
1261 702 1450 777 solatia
1478 702 1642 757 cladis
2228 693 2456 763 Spiritus
2475 697 2677 751 interea
2707 698 2872 752 servit
2897 698 3014 751 sine
3039 712 3267 767 corpore
3292 709 3504 765 ventus,

494 796 753 851 Conscius
772 796 963 850 ascivit
990 792 1188 858 secius,
1216 790 1317 847 'ceu
1342 794 1534 847 femina
1565 795 1729 861 possit
2155 782 2356 839 V'WUS
2386 784 2492 852 agit
2518 786 2704 849 "Ubes.
2750 786 2800 838 ill
2831 786 3009 839 Dubii?
3051 788 3280 842 craSSiOI'
3306 804 3403 842 aer

492 888 570 940 Ad
598 887 771 941 scelus
793 885 1111 939 horrendum
1135 885 1218 939 vel
1247 900 1386 938 smva
1420 884 1626 951 piacula
1662 884 1847 938 mortis
2153 870 2409 938 C"8i“"‘;
2450 872 2463 909 ί
2500 874 2625 927 him:
2654 873 2855 929 ίίιδιπθε
2902 874 3123 929 “ﬂium
3147 915 3160 937 ι
3196 876 3546 945 ριίιείδοδίῖῑιθ
3576 893 3742 930 δεῖθ’

492 978 764 1048 Supplicia
794 976 1033 1031 sociante
1055 975 1189 1029 duos
1219 975 1457 1028 relevare
1480 984 1651 1026 reatu.
3612 965 3747 1034 [nus

489 1069 731 1124 Credidit
766 1068 944 1122 infelix
968 1085 983 1123 :
1019 1068 1111 1123 sed
1140 1083 1235 1136 par
1258 1066 1523 1121 sententia
1545 1064 1777 1127 damnat,

2157 1049 2359 1103 Ventus
2386 1050 2481 1105 alit
2510 1052 2525 1101 i
2564 1050 2795 1116 fructus,
2820 1061 2871 1104 et
2901 1062 3092 1107 ventus
3116 1054 3287 1121 spicat
3313 1057 3527 1119 aristas,

489 1162 635 1227 Quos
663 1176 757 1229 par
796 1160 949 1227 culpa
980 1167 1144 1213 tenet.
1174 1157 1382 1212 Gradus
1403 1154 1519 1221 illic
1548 1157 1806 1223 temporis
1829 1154 1857 1193 δ
1890 1155 2029 1209 inter
2157 1140 2390 1195 νθηίηῖη
2419 1143 2606 1197 πελίνο
2635 1158 2772 1210 quas
2810 1141 2944 1195 ῧδιιι
2978 1143 3193 1197 Immo"
3214 1160 3360 1209 alim.

490 1253 587 1305 Est
609 1260 830 1313 tantum,
861 1265 983 1303 nam
1011 1262 1170 1302 causa
1193 1246 1646 1315 ligatcommunis
1670 1254 1978 1314 utrumque.

2155 1229 2395 1283 Deﬂorat
2424 1231 2649 1295 fructus,
2682 1241 2739 1285 et
2764 1232 2969 1285 decutit
2990 1232 3182 1285 arhore
3198 1232 3376 1287 ﬂores.
3400 1252 3423 1268 ι

2156 1312 2397 1375 Flatibus
2424 1322 2668 1377 accendit
2697 1322 2953 1377 ﬂammas.
2993 1332 3049 1374 et
3077 1331 3341 1389 temperat
3366 1332 3566 1389 :estus;

2153 1406 2390 1461 Flatibus
2418 1409 2636 1463 alternis
2660 1410 2889 1463 redeunt
2919 1410 3233 1463 comitantia
3262 1410 3400 1473 vitae,

2153 1495 2302 1564 Itque
2329 1499 2572 1564 reditque
2594 1512 2721 1551 suos
2750 1498 3044 1565 repetendo
3077 1499 3299 1566 spiritus
3327 1499 3570 1565 haustus,

2155 1584 2174 1621 ¹ί
2213 1589 2269 1639 Et
2296 1588 2413 1641 duci
2437 1596 2597 1642 vento
2630 1587 2773 1641 libra:
2809 1589 3071 1650 pulmonis
3103 1589 3374 1655 anhelant,

2150 1675 2417 1732 Faucibus
2439 1694 2730 1733 excurrens
2758 1679 2808 1730 in
2842 1678 3062 1732 naribus
3091 1693 3219 1731 aura
3250 1679 3483 1733 vicissim

2156 1763 2174 1803 1
2210 1767 2411 1821 Vitales
2442 1778 2648 1822 recreat
2670 1783 2765 1835 per
2793 1772 3031 1821 membra
3058 1769 3293 1835 tepentia
3328 1785 3537 1839 sensus,

2074 1858 2123 1916 Β
2153 1853 2327 1921 Atque
2348 1855 2515 1909 modo
2543 1856 2753 1923 gelidis,
2786 1856 2972 1909 calidis
2999 1871 3141 1909 nunc
3165 1855 3377 1911 ﬂatibus
3404 1875 3498 1914 ora

2150 1945 2415 1999 Illustrata
2447 1947 2647 2015 vigent,
2678 1954 2731 2001 et
2758 1957 2983 2015 tangunt
3006 1948 3172 2001 ﬂabra
3204 1950 3458 2018 palatum.

2145 2038 2260 2092 Non
2286 2042 2399 2095 htcc
2422 2042 2667 2096 humanis
2699 2053 2903 2096 tantum
2932 2045 3235 2113 spiramina,
3254 2046 3513 2098 membris
3534 2094 3569 2109 [ν

2144 2130 2285 2182 Sunt
2312 2130 2456 2194 data,
2487 2133 2582 2184 sed
2609 2133 2815 2185 cunctis
2848 2133 3208 2186 animantibus
3236 2147 3365 2185 aura
3390 2136 3617 2188 recurrit

2216 2220 2448 2287 Spiritus
2471 2220 2558 2273 ille
2594 2220 2703 2282 Dei,
2738 2239 2841 2289 quo
2869 2237 3093 2289 corpora
3121 2232 3309 2274 cuncta
3334 2232 3634 2285 moventur,

2142 2307 2330 2361 Omnia
2354 2311 2716 2377 complectens
2744 2312 2929 2375 agitat,
2964 2311 3366 2379 fovet,_inserit,
3400 2321 3574 2379 urget,

2144 2395 2297 2448 Unde
2317 2409 2486 2462 genus
2513 2398 2722 2449 diversa
2755 2400 2972 2451 trahunt
2996 2408 3050 2451 et
3076 2401 3279 2451 semina
3307 2414 3503 2465 rerum,

2147 2481 2357 2535 Mnbilis
2380 2484 2639 2537 immenso
2670 2486 2891 2538 veniens
2922 2500 2952 2538 e
2978 2484 3126 2539 fonte
3152 2486 3394 2552 perenni.

2084 2632 2089 2635 τ
2144 2572 2375 2627 Artificis
2410 2574 2639 2627 formata
2663 2589 2821 2627 manu
2845 2574 3047 2640 digesta
3077 2583 3360 2628 moventur

2141 2660 2340 2716 Ordine
2366 2672 2556 2717 cuncta
2584 2679 2704 2727 suo,
2736 2674 2919 2717 manet
2942 2665 3296 2718 irrevocabile
3335 2680 3547 2730 munus,

2140 2749 2250 2804 Nec
2281 2759 2456 2805 tamen
2487 2752 2757 2806 intereunt
2784 2752 3059 2821 pereuntia
3084 2752 3201 2819 lege
3223 2752 3436 2806 diurna.

2143 2838 2275 2903 Quis
2304 2852 2464 2907 neget
2495 2841 2758 2895 undiﬂuos
2789 2842 3082 2910 procedere
3110 2841 3343 2895 fontibus
3372 2858 3576 2908 amnes,

2142 2933 2381 2995 Quorum
2406 2933 2516 3000 jam
2549 2934 2751 2987 reditus
2783 2950 3052 3002 nunquam
3084 2937 3317 3001 speravit
3341 2939 3538 3003 origo?
3569 2982 3572 2984 ν

2146 3023 2476 3076 lncessanter
2503 3028 2668 3090 aquas
2698 3024 2824 3078 licet
2850 3036 3061 3078 evomat
3091 3024 3284 3092 impete
3317 3027 3499 3094 pleno,

2143 3110 2414 3165 danturam
2450 3123 2626 3168 tamen
2655 3115 2793 3168 unda
2820 3125 2981 3183 negat
3006 3118 3207 3169 sentire
3228 3116 3436 3173 ﬂuenti.

2070 3197 2115 3256 C
2146 3202 2180 3222 '"
2212 3204 2471 3258 Omnibus
2499 3205 2582 3257 hic
2607 3221 2720 3259 mos
2749 3214 2831 3260 est
2856 3206 2921 3260 de
2951 3205 3175 3260 ﬂanuuis
3198 3208 3384 3262 tollere
3406 3209 3651 3267 ﬂammas
3674 3254 3693 3279 ,

2142 3292 2250 3346 Nec
2279 3294 2468 3346 minuit
2503 3304 2529 3329 υ
2573 3295 2860 3362 quidquam
2886 3296 3157 3348 detractus
3182 3299 3247 3349 ab
3286 3301 3492 3361 ignibus
3523 3303 3688 3370 ignis.

2140 3387 2344 3441 Damna
2374 3388 2547 3441 aliena
2586 3388 2762 3441 solent
2791 3388 3017 3441 aliorum
3050 3388 3193 3441 lucra
3226 3404 3452 3456 parare;

2144 3478 2293 3532 0llic
2348 3489 2617 3548 qumstus,
2683 3494 2790 3533 non
2829 3478 3020 3531 damna
3076 3488 3284 3546 parant.
3350 3490 3375 3528 ιν
3422 3481 3480 3533 ln
3540 3482 3741 3538 fomite

3472 3570 3738 3642 [ﬂammis

557 1361 805 1428 Exsurgit
831 1372 1057 1415 censura
1082 1357 1177 1411 Dei
1208 1358 1406 1423 pietate
1432 1371 1643 1420 severa,

484 1451 554 1505 Et
575 1452 691 1505 vita:
716 1451 1005 1517 mortisque
1026 1447 1180 1501 simul
1208 1448 1472 1501 sententia
1502 1444 1695 1499 fertur.

484 1540 814 1611 Supplicium
842 1539 1045 1601 infelix,
1070 1553 1179 1605 quo
1203 1552 1346 1590 mors
1372 1535 1550 1601 datur,
1581 1545 1742 1603 atque
1772 1544 2014 1600 negatur.

428 1696 431 1699 Α
483 1629 626 1685 Ultio
654 1630 830 1684 vitalis
860 1627 1141 1681 cohibetur
1172 1626 1344 1678 limite
1374 1627 1580 1679 mortis.

479 1722 645 1777 l‘mna
676 1719 811 1774 mori
841 1717 1069 1773 crudelis
1097 1724 1231 1781 erat,
1258 1716 1350 1769 sed
1374 1716 1551 1769 vivere
1576 1716 1742 1784 pejus.

478 1810 622 1878 Otia,
651 1809 869 1863 delicias
895 1806 1139 1875 perdunt,
1164 1806 1481 1873 discuntque
1511 1808 1743 1871 latiores,

483 1902 584 1968 Qui
614 1901 820 1955 cultore
847 1898 957 1953 Deo
984 1897 1211 1952 fructum
1246 1897 1453 1952 telluris
1478 1897 1766 1959 habebant,

478 1991 723 2061 Agricola
744 1990 989 2045 dominus
1019 2004 1178 2059 quam
1203 1988 1437 2041 nondum
1464 1995 1705 2039 verterat
1732 2000 1961 2055 unquam
1992 2004 2007 2051 ;

477 2081 597 2150 Ipse
626 2082 825 2148 rigator
848 2087 986 2140 erat,
1010 2086 1176 2139 sator,
1211 2084 1420 2137 auctor,
1452 2091 1675 2137 messor,
1700 2084 1898 2129 arator.

475 2170 765 2225 Offendunt
799 2181 819 2207 ο
853 2183 995 2222 nunc
1017 2167 1176 2235 ambo
1199 2167 1366 2235 pium,
1403 2166 1691 2220 truduntur
1719 2166 1786 2219 ab
1816 2168 1972 2219 horto

474 2261 725 2329 Perpetui
754 2258 778 2295 ά
804 2258 949 2312 ﬂoris
972 2299 986 2317 ,
1015 2265 1224 2311 nonest
1252 2257 1350 2311 sub
1374 2256 1495 2324 jure
1524 2272 1760 2317 reorum,

476 2351 542 2403 Et
564 2351 683 2402 vine
708 2363 854 2402 mors
875 2356 1013 2402 meta
1043 2346 1224 2411 datur,
1256 2361 1376 2401 cum
1410 2345 1513 2399 fine
1544 2346 1828 2399 malorum.

478 2438 668 2506 Magna
700 2438 787 2492 Dei
813 2439 1001 2507 pietas,
1024 2452 1236 2506 semper
1264 2438 1354 2505 qui
1379 2445 1646 2503 temperat
1676 2438 1798 2487 iras.

476 2525 595 2580 Vita
624 2527 799 2595 gravis
821 2528 1094 2581 hominum
1121 2525 1435 2580 subducitur
1464 2526 1661 2593 impete
1684 2525 1895 2587 mortis,

475 2615 604 2682 Quae
625 2614 857 2671 recidiva
881 2615 1048 2683 magis
1076 2615 1245 2669 vivaci
1277 2615 1441 2669 corde
1465 2616 1714 2682 resurgit.

476 2706 619 2760 Mors
647 2704 1040 2759 mundanorum
1071 2706 1283 2772 requies
1312 2699 1398 2757 est'
1422 2712 1569 2757 certa
1603 2704 1872 2770 laborum,

479 2798 548 2851 Et
572 2796 712 2850 male
734 2796 931 2849 viventi
957 2804 1240 2865 pnestatur
1270 2794 1372 2848 line
1401 2796 1609 2848 salutis.

472 2885 801 2941 Continuans
827 2884 1189 2953 quodcunque
1232 2891 1390 2937 nocet
1436 2897 1765 2952 pravumque
1816 2885 2040 2937 bonum-

896 2996 897 2999 γ
1684 2971 1696 2981 “
1794 2986 1801 2994 ’
1892 2974 2036 3044 ique.

472 3068 629 3123 Solus
650 3069 701 3122 in
730 3075 989 3122 aeternum
1017 3066 1154 3120 Deus
1178 3074 1260 3121 est
1286 3074 1543 3134 regnator
1574 3074 1629 3119 et
1658 3072 1871 3129 auctor,

475 3160 659 3215 Virtus
686 3174 789 3213 una
817 3158 978 3229 Deus,
1015 3160 1185 3213 trinus
1214 3158 1353 3211 Deus
1378 3158 1550 3212 omnis
1573 3168 1625 3211 ct
1654 3173 1806 3220 unus,

472 3249 549 3305 De
568 3265 674 3319 quo
698 3258 965 3319 speratum
988 3249 1296 3303 conceditur
1323 3264 1480 3302 omne
1508 3250 1589 3301 bet
1617 3249 1792 3300 “num
1811 3288 1824 3311 ,

472 3342 541 3396 Et
564 3355 898 3410 quaecunque
923 3341 1103 3408 jubet,
1137 3340 1482 3408 pmsumplio
1513 3340 1653 3392 nulla
1688 3352 1710 3375 υ
1745 3341 1959 3403 refellit,

472 3430 581 3485 Nec
603 3431 753 3485 deest
780 3430 999 3484 eﬂ‘cctus
1019 3430 1244 3485 faciendi
1271 3439 1509 3499 tempore
1538 3430 1753 3484 eodem.

479 3523 497 3559 ¹
526 3523 692 3587 Quem
717 3537 880 3591 penes
907 3530 961 3575 et
984 3536 1171 3575 sensus
1197 3521 1482 3590 primordia
1510 3520 1675 3574 multa
1700 3520 2012 3590 loquuntur,

473 3611 540 3689 Et
560 3627 692 3666 voce
722 3612 981 3666 reticente
1009 3620 1167 3665 sonat
1186 3625 1347 3678 super
1370 3610 1568 3665 aethera
1592 3625 1787 3674 sermo,

756 3648 1954 3726 ζξξξΪζζξ-ῖξῖξῖξξξξνξ,ξ’ξξζνίξξξξξῗξξξξη,η-
2144 3655 2405 3710 Detractis
2426 3648 2636 3711 auferte
2654 3657 2832 3725 jubar.
2861 3657 3152 3711 succiditur
3181 3658 3334 3726 ignis.

474 3702 550 3756 Ac
573 3716 722 3756 mens
752 3702 883 3769 pura
917 3700 1079 3754 Deum
1114 3701 1292 3768 potius
1320 3714 1478 3767 quam
1504 3700 1679 3770 lingua
1705 3709 1975 3770 precatur.

846 3745 883 3822 _'
917 3745 1079 3754 """
1115 3745 1291 3823 “vf”
1310 3745 1478 3824 Αξ¹““ξ”
1497 3745 1679 3824 _""°"."
1707 3745 1975 3824 "'""_""'
2142 3745 2253 3801 Nec
2281 3748 2495 3802 carnale
2512 3762 2680 3815 genus
2709 3748 2903 3800 minuit
2927 3748 3097 3800 fetura
3128 3750 3359 3801 creando
3389 3765 3406 3803 :

546 3811 684 3879 ΕιἮο
714 3811 889 3880 operis
934 3826 1141 3865 memor
1169 3811 1281 3879 ipse
1308 3820 1331 3857 Β
1362 3811 1464 3875 ευίν
1496 3819 1622 3865 "mc
1653 3812 1881 3881 imper“
1920 3828 2037 3907 im"
2143 3836 2281 3892 Ecce
2308 3838 2451 3891 dedit
2472 3838 2672 3891 homini
2700 3838 2977 3907 plusquam
3008 3838 3108 3891 sibi
3142 3854 3237 3893 rex
3260 3839 3399 3895 Deus
3419 3852 3647 3907 auctor,

1920 3906 2039 3976 lbos
2146 3927 2428 3983 Formatur
2454 3929 2650 3981 virtute
2682 3906 2772 3981 Dei
2804 3942 2916 3981 mas
2940 3918 3077 3981 unus
3102 3937 3157 3982 et
3186 3944 3288 3983 una
3310 3970 3326 3995 ,

473 3992 703 4087 sedibus
733 4006 999 4087 θετθδξων
1024 3993 1238 4087 Ρίξθίάᾲο
1267 3995 1608 4087 ᾀοωίηθυίξπ
1633 4004 1689 4047 ¹¹¹
1720 3995 1861 4059 orbi,
2144 4018 2209 4073 Et
2231 4019 2425 4072 multos
2452 4025 2599 4072 creat
2626 4034 2760 4072 unus
2786 4018 2971 4086 homo,
2994 4032 3239 4072 mansura
3271 3992 3511 4087 propago

474 4083 551 4137 Ae
581 4092 746 4137 totum
776 4084 917 4151 quod
945 4084 1173 4139 mundus
1197 4085 1375 4150 habet,
1408 4087 1507 4141 sub
1530 4084 1653 4153 jure
1676 4093 1923 4139 tenerent
1950 4101 1963 4147 ;

2141 4108 2368 4162 Maxima
2404 4107 2459 4159 fit
2484 4109 2713 4175 generis,
2748 4123 2909 4176 quam
2943 4083 3161 4176 parvula
3205 4083 3587 4180 fundit-origo;

476 4177 542 4229 Et
569 4175 709 4267 quod
736 4174 889 4231 ﬂoret
916 4174 1129 4241 humus,
1178 4176 1360 4231 viridis
1381 4178 1521 4245 quod
1552 4177 1817 4243 germinat
1839 4176 2024 4241 herba,
2142 4197 2309 4252 parva
2341 4200 2446 4254 ι)εο
2476 4174 2648 4253 fuerat
2673 4174 2965 4253 suc—cede",
2991 4212 3117 4252 cura
3149 4199 3468 4267 peremptis,

475 4266 627 4333 Quod
650 4268 825 4336 spicat
852 4268 1061 4330 messis,
1095 4269 1237 4337 quod
1266 4270 1427 4323 ramis
1458 4269 1688 4338 parturit
1714 4268 1896 4336 arbor,
2147 4285 2205 4342 Ni
2230 4295 2545 4357 consumpta
2577 4286 2731 4342 dare;
2755 4296 2876 4356 post
2903 4286 3059 4343 Wa
3090 4266 3369 4356 resurget},
3399 4288 3549 4341 νίιω,

475 4357 627 4423 Quod
654 4365 924 4426 geminant
950 4358 1107 4424 vites,
1156 4359 1299 4427 quod
1331 4374 1543 4414 amoena
1575 4360 1843 4414 comantia
1890 4358 2036 4411 fron-
2213 4377 2317 4432 Sed
2341 4394 2408 4431 ne
2438 4378 2506 4431 εει
2531 4378 2712 4440 ﬁxum,
2747 4377 2946 4431 minus
2973 4393 3079 4431 ηοη
3103 4392 3220 4432 esse
3254 4378 3477 4446 sepultis

1889 4449 2038 4518 idem
2146 4468 2405 4524 Cordibus
2434 4468 2644 4523 illorum
2667 4468 2757 4537 qui
2774 4468 2904 4536 legis
2929 4476 3112 4522 sancta
3143 4464 3428 4536 profanant
3446 4508 3462 4533 ,

475 4542 893 4613 Flumina,quod
917 4544 1131 4597 mittunt
1151 4544 1502 4612 fontes,quod
1534 4544 1754 4597 ﬂuctuat
1784 4542 1808 4579 ιι
1836 4544 2027 4608 amnis,
2068 4548 2118 4607 Ι)
2144 4560 2333 4613 Annua
2363 4556 2865 4627 conspiciunt-agris
2900 4555 3164 4610 frumenta
3196 4555 3400 4608 renasci

476 4635 626 4699 Quod
650 4635 820 4703 pelagi
848 4636 1009 4690 trahit
1038 4638 1175 4690 unda
1200 4638 1343 4703 freti,
1368 4637 1513 4705 quod
1544 4637 1723 4691 littora
1759 4636 1997 4697 tundunt,

2146 4652 2347 4706 Mortua
2378 4664 2471 4719 per
2491 4650 2667 4703 sulcos
2697 4656 2892 4702 terram
2933 4646 3182 4700 findentis
3204 4646 3364 4699 aratri
3389 4661 3402 4707 ;

476 4726 744 4780 Murmure
770 4727 910 4793 quod
948 4727 1089 4780 venti
1122 4726 1309 4780 ﬂantes
1339 4743 1468 4796 vaga
1494 4740 1756 4780 marmora
1780 4726 2038 4793 crispant,
2092 4760 2095 4761 ν
2145 4742 2314 4810 Major
2332 4751 2387 4794 ει
2406 4754 2471 4793 εχ
2505 4738 2707 4793 "uncis
2732 4737 2901 4805 surgit
2926 4736 3191 4790 radicibus
3218 4736 3406 4794 arbor,

476 4816 627 4881 Quod
655 4826 914 4885 generant
939 4824 1115 4881 terrm,
1140 4816 1282 4886 quod
1314 4817 1550 4882 ﬂumina,
1575 4825 1794 4887 pontus,
1827 4825 1882 4871 et
1911 4832 1997 4871 aer

2146 4832 2210 4885 Et
2228 4830 2366 4884 foliis
2391 4828 2580 4882 veStita
2602 4828 2737 4881 viret
2759 4825 3100 4879 redeuntibus
3120 4825 3292 4877 annis.

480 4907 670 4962 Usibus
701 4908 947 4962 humanis
969 4908 1091 4961 data
1118 4915 1242 4962 sunt
1268 4909 1379 4962 haec
1401 4908 1827 4963 cunetatvenire.
1951 4935 1956 4939 -
2145 4931 2169 4969 ιι
2204 4920 2487 4990 Pampinus
2515 4916 2717 4971 uvifera
2743 4915 2864 4968 vitis
2886 4922 3154 4968 sarmenta
3188 4912 3433 4977 revestit,

482 5001 549 5055 Ut
573 5000 764 5056 similis
790 5001 879 5069 qui
908 5000 1077 5056 factus
1104 5008 1219 5055 erat
1241 5002 1309 5056 de
1337 5001 1568 5072 pulvere,
1585 4999 1821 5067 Christo,

2147 5023 2169 5049 τ
2202 5013 2267 5067 Et
2289 5011 2557 5080 geminata
2584 5008 2666 5062 sui
2694 5006 2921 5061 redeunt
2945 5005 3167 5074 virgulta
3196 5004 3419 5058 ruboris.

553 5141 576 5201 ξ·
608 5132 717 5196 AL,
746 5142 957 5187 excusat
982 5149 1057 5201 se,
1085 5149 1206 5197 non,
1226 5144 1333 5189 etc.
2223 5138 2237 5177 ι
2291 5138 2399 5199 AL,
2467 5137 2581 5191 Vita
2605 5136 2724 5189 (tcta
2752 5136 2968 5187 animat.

552 5199 578 5237 ι’
610 5200 719 5265 AL,
748 5204 924 5256 index.
1044 5199 1049 5201 “
2215 5220 2252 5246 ιη
2294 5209 2400 5269 AL,
2436 5204 2761 5260 Hominibus.

556 5280 577 5345 ς
603 5271 712 5345 AL,
746 5283 882 5345 hinc.
2214 5287 2239 5316 ιι
2282 5279 2390 5339 AL,
2419 5290 2644 5345 unquam
2663 5273 2905 5326 detractis
2930 5272 2995 5323 ab
3025 5272 3226 5341 ignibus
3255 5276 3409 5341 ignes.

551 5338 577 5374 ά
611 5341 716 5405 AL,
744 5343 889 5407 ﬂores
921 5359 1010 5394 nec
1041 5352 1177 5397 sunt.
2221 5357 2244 5383 ο
2285 5349 2392 5407 AL,
2420 5347 2497 5398 in.

559 5410 718 5530 :2!“
754 5411 957 5530 βίειιὶι.
2216 5446 2243 5485 ρ
2286 5433 2449 5487 Totus
2500 5432 2585 5486 hic
2612 5430 2761 5485 locus
2790 5430 3035 5483 variatus
3074 5437 3157 5484 est
3210 5430 3262 5482 in
3294 5427 3486 5483 Codice
3530 5438 3724 5479 nostro

660 5481 717 5530 l..
798 5496 916 5530 ene:
945 5497 1088 5530 auem
1118 5499 1340 5530 ιωιςηηι.
2146 5506 2403 5530 unum”.
2457 5502 2547 5530 ..ηλ
2580 5508 2856 5530 ηη......,.ο..ρ
2892 5516 2904 5530 .

683 5520 717 5544 ”’
754 5496 916 5570 HT.
945 5497 1088 5550 quem
1118 5499 1340 5535 mlum"
2146 5506 2425 5566 Toletauo,
2457 5502 2548 5555 sed
2578 5508 2861 5570 corruptus
2892 5516 2905 5553 :

554 5555 582 5651 ἶ
612 5548 719 5651 AL,
751 5548 907 5601 Deus.
959 5548 964 5550 “

2156 5548 2362 5651 "Mi.
2466 5612 2480 5626 .
2642 5611 2654 5650 ε
2684 5548 2772 5651 “ir.
2818 5570 2917 5651 “in.
2948 5568 3388 5651 fomitellammas
3454 5632 3464 5641 .

565 5618 582 5720 ξ
612 5618 923 5741 ﬁll-9’27)?“
2290 5618 2550 5694 betractae
2681 5618 2829 5693 forte-
2843 5618 3336 5707 jiibarvsubducitur
3366 5618 3495 5702 ignis

685 5727 721 5749 ο,
753 5726 867 5741 νπννο

563 5754 575 5799 ὲ
749 5731 950 5823 ᾖῇξξιη,
2218 5745 2244 5784 (ι
2276 5734 2381 5797 AL,
2416 5731 2702 5799 Pampinis.

559 5822 581 5861 ι
615 5826 719 5893 AL,
749 5817 959 5882 Reduci.
2220 5846 2236 5871 r
2273 5835 2332 5887 [at
2366 5831 2561 5891 tempta
2594 5821 2730 5877 rosei
2760 5820 2981 5875 redeunt
3010 5820 3233 5887 virgulta
3270 5817 3491 5875 ruburast

2770 6000 2803 6010 ν
