3930 6232
199 353 279 404 b3!

198 464 452 519 Ambrosio
474 465 707 521 reduces
733 480 1052 538 rumpuntur
1071 473 1268 527 cortice
1288 473 1487 527 fructus
1503 513 1518 534 ,

196 554 248 606 Ει
269 554 345 607 cui
374 555 475 606 vita
503 557 690 622 fugax,
712 567 767 612 et
789 575 884 628 par
908 576 1026 614 cum
1056 560 1186 614 flore
1205 573 1450 616 senectus
1470 603 1486 628 ,

197 644 266 698 Sit
287 644 509 697 rediviva
539 653 722 700 virens
747 658 802 702 et
822 650 1054 703 crinibus
1073 651 1233 704 herba
1258 653 1473 706 renatis.

194 733 332 799 Ligna
361 747 717 790 renascuntur
737 739 920 792 reduci
940 739 1036 791 sub
1050 740 1285 806 germine
1300 749 1488 794 cuncta
1512 757 1526 804 ;

191 814 300 894 Quae
325 841 458 880 nunc
486 829 652 880 lierha
686 831 804 893 fuit,
839 830 1034 896 lignum
1059 832 1223 896 jacet,
1249 833 1409 884 herba
1434 831 1626 885 futura.

175 951 180 956 -
249 919 587 988 Squammeus
607 921 828 974 exuitur
849 920 1060 974 stellato
1091 921 1320 987 tegmine
1346 936 1594 990 serpens,

189 1007 314 1060 Pelle
338 1008 656 1070 renascenti,
692 1024 876 1063 rursus
903 1009 1159 1063 redeunte
1174 1010 1422 1076 juventa,

188 1096 360 1165 Reptat
385 1096 538 1151 hians
559 1098 753 1165 anguis
775 1114 871 1167 per
897 1098 1046 1151 sibila
1069 1107 1283 1167 guttura
1312 1097 1566 1166 pandens.

187 1198 208 1224 ι
237 1187 505 1240 Frontibus
543 1188 795 1242 arboreis
820 1190 1068 1242 amittunt
1097 1204 1292 1242 cornua
1325 1188 1488 1253 cervi,

187 1277 434 1343 Anguibus
455 1278 783 1344 absumptis,
813 1281 905 1331 sed
936 1295 1056 1330 mox
1081 1278 1309 1346 palmata
1331 1285 1624 1346 resurgunt.

187 1372 336 1418 Aeria:
351 1368 615 1420 nudantur
641 1383 792 1431 aves,
815 1383 932 1421 cum
960 1368 984 1404 δ
1008 1383 1178 1434 penna
1203 1376 1406 1420 vetusta
1435 1387 1446 1420 :
1655 1365 1662 1372 ”

189 1458 244 1509 Et
262 1471 384 1509 nova
404 1457 670 1510 sulwestit
697 1467 971 1526 reparatas
994 1457 1168 1526 pluma
1191 1459 1454 1511 volucres.

188 1551 365 1602 Mortua
388 1557 649 1615 praeterea
673 1563 935 1603 amorum
967 1550 1159 1602 lumina
1189 1550 1382 1602 dudum

187 1642 317 1696 Nube
338 1641 676 1694 tenebrarum
705 1641 964 1707 discussa,
995 1641 1112 1695 luce
1140 1649 1350 1709 recepta
1371 1682 1385 1703 ,

145 1788 149 1790 _
187 1734 254 1786 Ad
270 1732 401 1784 visus
421 1741 443 1768 ε
468 1732 681 1784 rediere
710 1746 855 1794 suos,
876 1731 1157 1798 vultusque
1185 1731 1376 1798 sepulti
1405 1747 1417 1794 ;

184 1821 461 1876 Nocturnus
487 1835 570 1888 pe.
589 1835 748 1887 pessa
783 1820 897 1873 dies
917 1820 1161 1874 oculatur
1188 1821 1381 1888 imago.

184 1915 363 1967 Mortua
385 1927 509 1980 pars
530 1912 771 1966 hominis
790 1910 812 1947 δ
843 1911 1196 1981 quotiespars
1235 1927 1337 1964 una
1367 1910 1583 1979 jacebat
1606 1951 1621 1976 ,

187 2003 370 2058 Funera
405 2003 521 2056 viva
544 2016 764 2069 gerens,
797 2001 951 2055 vivax
983 2002 1034 2054 in
1058 2010 1228 2056 morte
1257 2002 1520 2067 cadaver;

188 2101 254 2152 Ac
277 2097 384 2150 sine
411 2105 585 2149 morte
618 2103 800 2148 tamen
821 2094 965 2147 vitali
998 2104 1168 2148 morte
1199 2101 1468 2162 perempta
1491 2134 1507 2159 ,

189 2189 245 2240 Et
263 2185 486 2238 rediviva
510 2184 657 2237 salus
677 2184 854 2237 reduci
879 2199 972 2250 per
993 2183 1228 2236 membra
1259 2196 1457 2252 vapore

116 2317 120 2320 -
184 2279 419 2339 Nascitur,
437 2285 492 2329 et
511 2275 717 2329 calidus
740 2273 1131 2344 repetitvitalia
1171 2288 1391 2338 sensus,

185 2367 298 2420 Ossa
349 2363 533 2420 tenebs
592 2379 864 2434 venasque
917 2365 1107 2427 ciens,
1169 2371 1191 2398 “-
1253 2364 1558 2434 sudansqzie
1607 2379 1729 2417 me-

1524 2454 1613 2525 [dtl
1639 2455 1732 2507 las.

246 2548 497 2604 Phanicis
531 2546 550 2585 τ
585 2547 901 2601 exhaustam
928 2552 1152 2600 renovat
1195 2545 1335 2600 Deus
1378 2546 1499 2614 igne
1541 2547 1734 2612 juven-

1567 2635 1695 2706 [tam
1717 2677 1733 2703 ,

187 2729 590 2795 Combustusque
612 2741 777 2781 senex
805 2725 1006 2780 tumulo
1029 2725 1267 2795 procedit
1288 2725 1518 2788 adultus,

188 2819 491 2874 Consumens
518 2817 612 2869 dat
639 2817 874 2870 membra
900 2828 1057 2882 rogus
1083 2816 1198 2868 sine
1224 2825 1369 2870 sorte
1411 2813 1661 2881 sepulcri.

188 2911 377 2978 ignibus
398 2909 697 2971 exstinctis,
723 2907 831 2974 jam
861 2914 1067 2960 mortua
1098 2903 1306 2959 ﬂamma
1328 2907 1588 2972 resurgit,

193 3001 424 3056 Redditur
449 3001 584 3069 ignis
627 3001 761 3052 edax
784 2998 1019 3052 redivivo
1048 2998 1245 3052 lumine
1271 2996 1518 3058 candens,

187 3093 246 3146 Et
263 3092 476 3147 scintilla
506 3090 692 3143 volans
723 3087 962 3142 incendia
993 3097 1141 3140 vasta
1172 3087 1412 3147 reducit,

185 3185 246 3237 Et
263 3183 393 3253 quod
418 3181 590 3234 fumus
625 3189 758 3244 erat,
785 3178 976 3234 stridet
998 3177 1306 3247 jubarignis
1334 3177 1505 3231 anheli
1534 3195 1548 3241 ;

184 3275 292 3342 lgne
312 3289 442 3340 vago
464 3273 711 3327 rutilatur
736 3286 892 3340 apex,
922 3269 1009 3324 fax
1038 3277 1227 3324 rtetera
1258 3269 1437 3321 lambit
1460 3310 1475 3334 ,

185 3368 240 3419 ιι
265 3365 449 3418 malum
483 3374 728 3430 repetens
756 3373 939 3416 erecto
964 3360 1110 3415 crine
1135 3368 1375 3426 vagatur.

245 3459 438 3511 Mortua
466 3471 573 3509 nox
599 3455 696 3508 sub
730 3455 846 3529 luce
865 3452 1027 3514 cadit,
1061 3451 1195 3518 perit
1223 3466 1381 3504 aurea
1410 3450 1532 3502 luna
1555 3491 1568 3515 ,

184 3551 336 3617 Atque
362 3562 457 3616 per
493 3559 746 3599 ascensus
776 3552 829 3596 et
850 3557 1053 3596 cornua
1076 3541 1276 3608 colligit
1300 3541 1446 3606 ignes
1464 3581 1479 3604 ,

185 3643 242 3695 Et
261 3641 379 3693 dum
402 3652 544 3692 caeca
569 3637 720 3702 latet,
751 3643 1001 3702 reparato
1029 3633 1225 3687 lumine
1252 3632 1413 3702 fulget
1436 3671 1452 3697 ,
1471 3681 1495 3705 τ

185 3736 523 3804 Mentiturque
549 3732 689 3786 diem
723 3731 811 3784 lux
843 3728 1028 3797 frigida
1057 3727 1185 3781 solis
1221 3727 1410 3793 imago.

183 3822 409 3878 Lucifero
439 3820 696 3876 redeunte
725 3819 848 3886 polo
870 3817 1170 3870 moriuntur
1193 3822 1247 3868 et
1272 3823 1412 3868 astra
1441 3831 1455 3865 :

182 3911 384 3965 Nuntius
418 3923 626 3963 aurora:
676 3906 967 3960 subductus
993 3912 1164 3957 morte
1195 3903 1377 3958 diurna

185 3999 374 4056 Lucifer
396 3998 684 4053 exstinctas
718 3993 890 4049 reﬁcit
915 4009 1008 4062 per
1035 3993 1206 4046 sidera
1243 3990 1522 4068 ﬂammas:

188 4090 370 4143 Exhinc
397 4096 421 4134 ι
444 4085 720 4140 nocturnis
742 4082 900 4151 jubar
920 4081 1113 4136 emicat
1132 4081 1252 4149 igne
1268 4096 1513 4136 corusco.

187 4182 392 4238 Roscida
423 4180 706 4249 puniceum
734 4191 990 4245 spargens
1010 4189 1200 4228 aurora
1225 4175 1473 4228 ruborem

188 4269 324 4325 Ducit
346 4272 541 4339 ubique
567 4268 704 4321 diem
741 4267 1034 4336 periturum
1062 4265 1235 4318 noctis
1263 4263 1330 4317 ab
1355 4263 1584 4329 umbris;

189 4365 241 4415 Et
262 4371 429 4414 tamen
461 4360 573 4413 hare
593 4357 658 4410 de
681 4357 795 4410 sole
818 4354 973 4425 perit,
996 4369 1104 4423 quo
1126 4355 1283 4408 missa
1317 4345 1583 4408 rubebat.~

185 4457 262 4509 Sol
288 4455 467 4509 oculus
496 4452 637 4516 caeli,
659 4450 886 4504 famulus
908 4464 1068 4518 super
1090 4457 1231 4503 astra
1262 4448 1518 4503 Tonantis
1539 4491 1554 4514 ,

187 4544 330 4611 Cujus
358 4546 424 4596 ab
451 4544 719 4598 immensis
747 4542 1094 4608 languescunt
1113 4539 1282 4594 sidera
1312 4540 1538 4594 flammis
1561 4581 1576 4606 ,

190 4632 248 4688 Ni
266 4632 441 4700 gelidis
461 4632 725 4685 animetur
744 4629 896 4698 aquis
923 4645 1020 4699 per
1043 4629 1232 4684 carrula
1260 4632 1404 4699 ponti
1428 4669 1443 4692 ,

189 4725 370 4778 Occidit
398 4725 507 4792 ipse
529 4723 639 4775 dies
664 4736 824 4790 super
849 4735 1063 4790 mquora
1080 4720 1192 4774 sole
1220 4721 1475 4787 cadente;

191 4811 213 4846 ι
242 4813 298 4863 lit
322 4827 425 4876 quo
443 4811 733 4872 demersus,
764 4823 933 4863 novus
961 4822 1175 4876 aequore
1203 4823 1360 4863 mane
1387 4808 1634 4878 resurgit.

191 4898 400 4968 Vespere
425 4907 682 4953 nocturno
711 4899 851 4952 hunc
883 4897 1086 4952 radiata
1111 4897 1229 4952 luce
1243 4899 1520 4953 rubentem

193 4990 453 5059 l’urpureis
471 4990 748 5045 abscondit
774 4989 942 5058 aquis,
961 4987 1242 5056 redditque
1263 4989 1450 5044 diurne

195 5081 472 5150 Deposuqu
501 5091 686 5146 natura
713 5095 867 5134 suum
891 5079 990 5134 sub
1017 5089 1174 5134 nocte
1193 5080 1455 5149 sepultum

254 5220 276 5247 ³
305 5213 408 5280 AL,
438 5211 749 5268 Fraudibus.

254 5284 276 5320 δ
305 5285 403 5347 AL,
429 5288 585 5354 pinna
614 5293 804 5336 vetusta
830 5294 922 5337 est.

257 5362 277 5390 ε
309 5354 404 5419 AL,
433 5357 616 5408 redire.

255 5422 280 5457 α
306 5425 401 5486 AL,
429 5427 622 5495 quoties
652 5439 770 5491 pars
799 5424 906 5477 viva
929 5423 1154 5494 jacebat.

259 5499 280 5566 ξ
304 5495 399 5566 AL,
426 5497 748 5566 gignensque.

262 5558 277 5597 τ
308 5561 404 5624 AL,
424 5558 676 5618 auaui.

259 5641 280 5674 ε
310 5635 403 5695 AL,
433 5645 726 5686 nocturnus.

260 5699 282 5806 ιζ
309 5701 410 5825 21.,
435 5701 676 5825 siquam
701 5720 888 5758 mersus
909 5705 1033 5770 obit,
1073 5720 1250 5771 novus,
1273 5717 1375 5762 etc.

370 5810 406 5838 .,
435 5789 543 5826 ore.

1177 338 1541 418 unaconru'
1567 367 1962 424 lll-ZXAESIERI
2002 369 2125 425 LIB.
2167 372 2431 428 PRIMUS.

3271 383 3375 434 33‘!

1759 481 1806 533 A
1833 476 1985 531 Mane
2011 491 2374 551 resurgentem
2397 482 2468 536 de
2493 481 2736 537 ﬂuctibus
2763 484 2776 521 ί
2814 486 2944 541 orbe
2962 456 3201 553 recepto.

1908 567 2008 620 Tot
2031 569 2184 622 simul
2207 573 2464 641 exen'plis
2485 574 2666 627 moniti
2687 573 2932 629 defuncta
2972 580 3176 633 renasci

1837 658 2121 713 Credamus
2149 663 2343 717 virtute
2370 665 2495 727 Dei,
2529 680 2646 733 quae
2671 676 2855 720 cuncta
2878 670 3098 722 creavit.

1841 748 1902 800 Et
1931 759 2177 814 gruerata
2206 752 2381 819 vigent
2409 755 2506 807 sub
2537 755 2792 809 nutritore
2825 757 2838 806 i
2869 756 3110 811 Tonante
3131 798 3148 823 ,

1836 835 2075 902 Quicum
2104 852 2264 906 regna
2285 842 2389 910 poli
2417 852 2593 896 teneat
2622 842 2646 880 ιι
2670 845 2950 910 stellantis,
2971 855 3026 900 et
3053 847 3177 910 alti,

1836 927 1974 981 Aera
2001 929 2297 998 concludit,
2327 941 2517 1002 terram
2542 933 2698 997 levat,
2727 946 2942 1002 aequora
2968 934 3152 1000 solvit,

1837 1019 1900 1070 lit
1925 1026 2089 1072 totum
2116 1021 2253 1087 cepit
2276 1038 2375 1074 una
2401 1028 2586 1076 manus
2614 1025 2754 1090 quod
2783 1039 2959 1078 sermo
2988 1025 3221 1078 creavit:

1839 1106 1986 1161 Unus
2016 1109 2209 1178 ubique
2233 1111 2390 1174 Deus,
2417 1112 2542 1165 dum
2579 1111 2747 1178 jussio
2778 1121 3046 1180 rumperet
3070 1129 3193 1183 una.

1834 1197 1932 1261 Qui
1957 1206 2158 1251 tantum
2187 1199 2302 1267 pius
2332 1212 2434 1268 est,
2461 1209 2714 1268 quantum
2745 1202 2897 1255 decet
2936 1202 3354 1270 omnipotentem

1836 1288 1903 1341 Et
1933 1288 2074 1342 nulla
2103 1289 2295 1343 virtute
2330 1290 2522 1354 minor,
2550 1290 2650 1343 nisi
2682 1291 2916 1346 verberis
2937 1291 3043 1353 ira,

1834 1377 1938 1432 Sed
1962 1379 2094 1431 votis
2125 1387 2180 1433 et
2204 1387 2390 1448 sponte
2408 1380 2598 1442 bonus,
2623 1387 2820 1447 pietate
2834 1388 2888 1433 et
2911 1393 3113 1433 amore.

1835 1466 2002 1534 Quem
2033 1485 2182 1524 mens
2235 1485 2365 1539 pura
2389 1470 2538 1537 juvat
2567 1471 2857 1533 Lominum,
2893 1485 2996 1525 non
3024 1470 3240 1524 victima
3270 1484 3401 1536 snp-

3216 1560 3387 1630 [plex;

1837 1647 1903 1703 Ut
1927 1662 1985 1702 se
2011 1649 2301 1717 poeniteant
2321 1651 2536 1704 sceleris
2565 1651 2702 1704 mala
2733 1659 2854 1705 vota
2884 1665 3094 1705 reorum
3114 1691 3131 1716 ,

1840 1736 1900 1788 Et
1931 1752 2068 1790 nova
2104 1735 2119 1774 ι
2146 1739 2432 1792 succedant
2460 1741 2755 1792 animorum
2785 1742 2962 1796 cordia
2986 1743 3215 1809 piorum.

1768 1800 1813 1859 Β
1843 1825 1932 1880 Ille
1951 1826 2146 1879 etenim
2181 1827 2318 1880 Deus
2345 1835 2447 1896 est,
2473 1843 2629 1895 quem
2663 1829 2806 1882 nulla
2835 1800 3070 1883 retardat
3099 1829 3249 1897 origo
3271 1867 3286 1891 ,

1837 1915 1997 1984 Cujus
2025 1917 2090 1970 ab
2112 1925 2325 1984 aspectu
2356 1926 2564 1971 montes
2589 1926 2645 1970 et
2663 1933 2790 1970 saxa
2819 1927 2858 1953 ω
2885 1916 3135 1970 ﬂuiscunt
3217 1951 3228 1962 -

1840 2006 1894 2057 In
1923 2005 2148 2069 cineres,
2177 2015 2231 2058 et
2253 2006 2424 2074 pulvis
2452 2007 2574 2071 erit,
2604 2021 2762 2074 quem
2804 2006 2933 2059 dura
2964 2005 3214 2073 ligabant.

1837 2096 1935 2162 Qui
1965 2095 2073 2150 visa
2099 2096 2307 2159 tellure,
2337 2097 2492 2150 simul
2518 2113 2641 2152 mox
2675 2098 2904 2166 pondera
2937 2097 3113 2149 muniti

1835 2189 2102 2254 Concutit,
2132 2196 2187 2242 et
2215 2189 2389 2242 subito
2418 2197 2677 2242 monstrat
2700 2205 2830 2255 vaga
2869 2199 3006 2244 terra
3039 2199 3317 2243 tremorem
3336 2225 3354 2250 ,

1839 2279 1913 2344 Ac
1939 2279 2248 2337 formidatos
2275 2279 2509 2332 ostendit
2532 2279 2755 2347 pendula
2779 2291 2976 2334 motus.

1837 2371 2031 2425 Alveus
2058 2371 2270 2435 expavit
2296 2379 2319 2406 υ
2345 2371 2544 2424 violato
2577 2371 2771 2424 vertice
2801 2379 3044 2438 turgens,

1836 2459 1968 2512 Dum
1997 2459 2224 2513 reduces
2251 2461 2472 2513 sentiret
2494 2474 2678 2530 aquas,
2702 2468 2758 2512 et
2795 2459 2938 2512 siste:
2953 2466 3008 2511 et
3037 2473 3246 2512 amnem

1836 2545 1956 2600 Visa
1987 2547 2076 2600 Dei
2108 2548 2286 2612 facies,
2311 2557 2365 2602 et
2391 2563 2654 2602 marmora
2684 2549 2868 2616 glauca
2900 2547 3102 2615 fugaret

1833 2635 2064 2704 Gurgitis
2091 2638 2343 2706 aequorei,
2368 2653 2474 2706 quo
2505 2640 2727 2692 mundus
2757 2639 2984 2706 cingitur
3012 2638 3217 2701 omnis,

1837 2727 1900 2779 Et
1930 2727 2116 2795 pelago
2131 2727 2399 2795 spatiante
2424 2727 2570 2779 fretis
2600 2741 2662 2779 ac
2683 2726 2874 2780 littoris
2887 2735 3040 2780 aestu.

1834 2817 1933 2883 Qui
1964 2816 2029 2870 de
2059 2819 2317 2871 thesauris
2344 2826 2622 2870 ventorum
2654 2816 2869 2894 ﬂuinina
2894 2817 3076 2879 mittit,

1835 2908 1898 2961 lit
1929 2907 2099 2961 frenat
2125 2907 2331 2962 rabidas
2352 2907 2402 2960 in
2433 2915 2746 2975 tempestate
2771 2905 3050 2975 procellas.

1833 2996 2112 3050 Gt'anliuis
2141 3005 2300 3064 atque
2322 2985 2570 3070 nivis‘q’ui
2598 2995 2745 3049 novit
2765 3009 2881 3063 quzc
2923 2995 2992 3047 sit
3011 2994 3178 3064 origo,

1835 3090 1934 3154 Qui
1961 3089 2052 3142 dat
2078 3087 2358 3143 fulmineos
2380 3089 2577 3142 collisis
2603 3089 2830 3141 nubibus
2854 3091 3002 3156 ignes
3024 3127 3039 3150 ,

1788 3177 1801 3194 ‘
1835 3180 1935 3245 Qui
1968 3189 1992 3216 ο
2020 3181 2165 3234 laxas
2193 3180 2469 3234 abscondit
2496 3194 2682 3248 aquas,
2705 3189 2760 3234 et
2789 3179 3030 3233 continet
3059 3179 3254 3234 imbres
3273 3218 3290 3244 ,

1837 3272 1934 3337 Qui
1964 3272 2064 3325 scit
2088 3286 2194 3340 quo
2221 3271 2417 3324 nitidus
2438 3271 2717 3340 crystallus
2744 3277 2926 3323 ventre
2957 3279 2982 3318 Ρ
3011 3279 3246 3336 creatur,

1835 3363 2066 3419 Candida
2095 3363 2342 3416 materies
2365 3362 2559 3428 glacies
2590 3362 2824 3415 imitatur
2843 3375 3119 3430 aquarum.

1903 3455 2001 3522 Qui
2024 3463 2208 3508 noctes
2234 3453 2422 3507 hiemis
2447 3452 2693 3521 producit
2718 3454 2830 3505 sole
2847 3452 3083 3517 ‘minore,

1835 3548 1900 3602 Et
1926 3546 2052 3602 solis
2078 3544 2344 3614 protendit
2374 3544 2472 3596 iter
2504 3541 2890 3595 llannnantibns
2912 3540 3058 3594 horis
3083 3583 3098 3604 ,

1834 3637 1933 3703 Qui
1963 3634 2146 3689 Phoebi
2169 3633 2332 3688 saltus
2360 3634 2560 3694 statu't,
2590 3632 2828 3699 lunaque
2849 3630 3084 3694 labores,

1832 3728 1930 3795 Qui
1959 3726 2150 3780 rusulis
2171 3724 2384 3778 stellare
2407 3739 2612 3787 neruus,
2639 3722 2724 3776 vel
2752 3720 2969 3792 ﬂoribus
2997 3736 3152 3792 agros

1832 3821 2062 3890 Imperat
2091 3818 2350 3884 autumni,
2379 3817 2468 3885 qui
2497 3815 2672 3870 dulcia
2703 3829 2860 3883 poma
2890 3823 3137 3882 saporat,

1831 3911 1895 3964 Et
1923 3909 2135 3978 fragiles
2163 3908 2384 3975 gemmis
2408 3905 2579 3958 variat
2603 3905 2654 3958 in
2686 3904 2880 3958 vitibus
2903 3918 3063 3966 uvas,

1831 4002 1899 4056 Ut
1925 4001 2072 4055 cibus
2095 4007 2149 4052 et
2179 4010 2333 4066 potus
2361 3997 2468 4050 sint
2505 3996 2664 4048 ubera
2696 3993 2872 4047 dulcia
2901 3993 3078 4046 musti.

1828 4090 1928 4156 Qui
1951 4089 2043 4142 dat
2063 4101 2342 4142 corvorum
2373 4084 2529 4154 pullis
2557 4083 2826 4147 alimenta,
2855 4080 3081 4151 faci'que

1829 4181 2046 4236 Noverit
2067 4188 2123 4234 ut
2143 4179 2318 4232 vultur
2338 4192 2450 4245 .qua
2481 4177 2547 4229 sit
2573 4175 2788 4242 regione
2816 4175 3064 4240 cadaver,

1829 4271 1944 4326 Dux
1973 4271 2106 4326 odor
2132 4283 2297 4338 usque
2322 4281 2484 4334 sagax
2511 4281 2668 4335 quem
2696 4282 2818 4320 mox
2849 4266 3033 4318 invitat
3057 4262 3123 4318 ad
3165 4279 3343 4319 escam
3371 4285 3385 4319 ι

1829 4363 2078 4432 Ρτωρειίε
2104 4369 2195 4414 aut
2224 4358 2412 4426 aquila:
2443 4367 2470 4406 ει
2493 4357 2642 4411 senio
2673 4370 2930 4408 renovare
2954 4352 3270 4422 juventam,

1827 4453 1925 4518 Qui
1957 4459 2132 4506 rostro
2155 4456 2431 4503 crescente
2447 4446 2640 4500 famem
2663 4444 2924 4499 tolerabat
2940 4444 3174 4500 'obunco.

1831 4544 1927 4610 Qui
1959 4541 2124 4611 pascit
2153 4552 2170 4578 τ
2205 4555 2533 4609 quaecunque
2559 4547 2706 4592 creat
2735 4538 2934 4607 pietate
2983 4537 3236 4605 parentis,

1830 4635 1956 4687 Vitae
1988 4641 2133 4687 certa
2155 4633 2297 4686 salus
2320 4647 2413 4699 per
2441 4630 2584 4683 mille
2615 4630 2846 4699 pericula
2868 4627 3053 4681 mortis
3073 4668 3088 4689 ,

1827 4723 2092 4783 Dt-biljhus
2119 4723 2306 4787 virtus,
2337 4720 2605 4789 opulentia
2637 4715 2806 4786 major
2829 4720 3030 4785 egenis,

1825 4813 2090 4866 Auxilium
2120 4798 2345 4874 miseris,
2371 4825 2492 4875 spes
2517 4818 2572 4863 et
2598 4808 2836 4886 defensio
2876 4809 3070 4877 pressis
3089 4846 3103 4870 ,

1826 4903 2106 4957 Fessorum
2137 4901 2322 4965 virtus,
2352 4896 2484 4953 dans
2514 4898 2833 4953 nutrimehta
2851 4900 3069 4980 salutis.

1894 4993 1992 5058 Qui
2022 4992 2150 5047 facit
2168 5003 2420 5048 arternam
2451 5000 2510 5045 ut
2538 4989 2923 5060 mortalialege
2952 4991 3133 5048 latenti

1823 5084 2054 5140 Membra
2081 5093 2260 5153 tegant
2285 5084 2536 5151 animam,
2564 5093 2721 5139 vento
2744 5085 2977 5155 spirante
2997 5083 3200 5153 loquaci
3221 5101 3238 5140 ι

1897 5218 1910 5266 ἱ
1957 5216 2062 5280 AL,
2097 5216 2336 5270 Tonanti.

1894 5285 1916 5322 ⁸
1945 5286 2052 5352 ΛΙ.,
2084 5289 2344 5341 stillantis.

1896 5354 1914 5393 ι
1944 5356 2051 5422 AL,
2078 5360 2395 5412 succenderit.

1893 5435 1930 5462 ω
1958 5427 2064 5492 AL,
2094 5427 2361 5496 (litescunt.

1892 5504 1916 5530 υ
1945 5496 2054 5560 ΑΙ.,
2084 5504 2320 5553 violento.

1893 5575 1918 5601 ο
1945 5567 2062 5632 Al.,_
2075 5568 2228 5622 latas.

1892 5646 1918 5683 Ρ
1948 5637 2055 5703 AL,
2076 5648 2292 5691 creatus.

1892 5717 1915 5754 1t
2082 5711 2273 5761 senium
2303 5725 2541 5762 renovare
2556 5712 2781 5780 juventa.

1899 5787 1915 5812 τ
1949 5777 2057 5844 AL,
2081 5780 2478 5851 quodqnmnquc.

3457 4293 3476 4318 ο
