3930 6232
490 372 593 426 εὲῗ)

494 483 615 545 Qui,
645 480 778 535 luna:
802 491 1070 537 crescente
1090 483 1267 551 globo,
1294 480 1445 549 jubet
1470 498 1684 553 aequora
1722 495 1963 539 crescant

495 571 758 627 Fluctibus
787 582 808 607 ⁸
833 574 1066 639 ahjectis,
1105 588 1343 633 crescant
1366 592 1484 629 cum
1510 576 1737 629 fontibus
1765 591 1947 631 amnes
1969 616 1983 639 ,

491 658 706 713 Crescat
732 668 785 712 et
808 661 1061 714 inclusum
1084 664 1262 729 capite
1282 678 1446 729 genus
1471 678 1629 717 omne
1648 665 1848 718 cerebri
1865 704 1879 729 ,

494 745 556 796 Et
583 756 883 800 mtnuantnr
912 764 1062 817 aqtne
1093 750 1212 801 luna
1246 751 1511 805 minuente
1540 752 1788 819 liquores,

491 835 563 884 Ac
592 833 916 888 tlecreseenti
947 837 1255 890 decrescant
1286 838 1397 905 lege
1428 840 1662 907 perenni.

489 920 587 983 Qui
619 934 766 986 reges
789 931 845 973 et
870 936 1026 989 regna
1057 914 1255 988 demat,
1278 927 1570 993 sternitque
1599 938 1858 994 pctentes,

493 1010 680 1077 Dejicit
707 1012 895 1074 elatos,
922 1024 972 1066 et
990 1015 1177 1097 mergit
1203 1016 1268 1068 ab
1297 1031 1418 1068 arce
1438 1016 1722 1083 superbos,

490 1100 659 1166 Atque
679 1114 1023 1167 oppressores
1052 1102 1191 1154 Dens
1219 1104 1487 1169 opprimit,
1517 1113 1571 1157 et
1628 1106 1707 1157 ius
1737 1104 1877 1158 ultor

493 1185 674 1240 lile'vat
700 1189 877 1253 elisos,
908 1198 961 1242 et
986 1190 1289 1243 consolatur
1312 1191 1527 1246 adactos

492 1277 739 1331 Luctibus
767 1292 814 1333 et
838 1280 1060 1342 damnis,
1084 1289 1137 1333 et
1158 1282 1372 1335 vulnera
1401 1297 1535 1336 s'nva
1558 1284 1819 1337 dolentes.

491 1366 514 1403 ιι
541 1367 615 1419 Τυ
649 1369 815 1432 nobis,
845 1369 1035 1422 invicte
1062 1369 1216 1433 Deus,
1247 1372 1441 1438 pietate
1460 1372 1717 1425 medelam

493 1455 767 1523 lmpendis,
797 1458 879 1513 cui
912 1470 1099 1513 cuncta
1127 1459 1269 1513 salus
1298 1460 1645 1514 medicamine
1667 1461 1811 1515 nullo
1839 1471 1938 1526 est,

559 1574 578 1600 "
608 1568 716 1634 AL,
745 1570 980 1637 adjectis.

1524 376 1582 429 S.
1626 375 1893 430 EUGI‘INII
1930 372 2168 429 OI’USC.
2211 372 2378 426 PARS
2406 373 2634 428 PRIMA.

1470 498 1684 553 aequora
1722 495 1963 539 crescant
2070 490 2109 540 Α
2144 481 2301 545 Quod
2329 485 2532 550 species
2562 494 2769 539 terrena
2807 493 2957 554 parat
2984 484 3251 553 languoris
3278 487 3340 539 atl
3366 496 3551 542 :estus.

3595 378 3713 431 584

2212 567 2345 635 Spes
2374 571 2640 645 hominum
2687 588 2930 640 cernens,
2960 584 3014 630 et
3054 584 3171 630 tota
3227 579 3496 645 precantia
3550 592 3715 630 cont-

3504 666 3712 736 [μινυς.

2145 755 2334 822 Aspice
2360 752 2686 820 despectum.
2717 742 2975 807 defectum
3005 752 3131 806 tolle
3152 768 3453 822 parumper,

2139 842 2562 909 Confessumque
2585 841 2733 909 juva,
2761 857 2917 909 quem
2945 844 3164 911 paenitet
3194 858 3309 897 esse
3337 852 3625 897 nocentem
3650 882 3669 907 ,

2144 933 2214 985 (lt
2238 932 2439 984 valeam
2470 946 2687 984 narrare
2714 941 2831 985 tuas
2858 932 2960 986 hoc
2987 934 3220 987 carmine
3241 934 3323 987 lau
3345 935 3439 995 les,

2147 1026 2288 1084 Quas
2316 1029 2502 1089 potero
2528 1038 2541 1072 :
2571 1034 2688 1072 nam
2720 1035 2874 1094 nemo
2903 1020 3043 1073 valet
3081 1036 3297 1075 narrare
3325 1031 3537 1075 creatus

2157 1111 2244 1162 Vel
2276 1109 2536 1163 modicum
2566 1110 2802 1164 facientis
2832 1126 2982 1177 opus,
3017 1111 3157 1178 quod
3189 1127 3335 1165 tuens
3361 1128 3453 1165 rea
3502 1113 3716 1166 clamat

2158 1202 2375 1255 Pectore
2394 1212 2618 1255 contuso
2648 1201 2963 1271 lacrymans,
2988 1210 3041 1255 et
3061 1217 3189 1256 voce
3218 1202 3377 1258 ﬁdeli.

2155 1292 2319 1345 Ubses
2344 1306 2519 1344 sermo
2548 1300 2665 1343 tuus
2695 1300 2875 1344 nostro
2902 1306 3021 1344 nam
3043 1292 3202 1349 corde
3225 1301 3450 1359 tenetur,

2147 1381 2261 1444 Quo
2283 1388 2334 1433 te
2358 1380 2616 1447 promittis
2644 1381 2801 1433 nimia
2832 1381 3027 1448 pietate
3050 1390 3346 1451 parentem.

2215 1574 2241 1612 ι’
2268 1576 2375 1637 AL,
2407 1574 2565 1628 Tum.

1654 1690 3697 1719 G—-—_————_—I—-‘-——'———‘——

1326 1775 2015 1881 DBACONTII
2094 1762 2855 1880 HEXAEMERI

1660 1932 1751 2005 LI
1770 1932 1939 2006 BER
2002 1932 2552 2008 SECUNDUS.
2644 1958 2647 1959 ί

1284 2060 1389 2119 AD
1434 2058 1943 2120 THEODOSIUM
1990 2060 2385 2120 JUNIOBEM
2429 2059 2876 2121 AUGUSTUM.

493 2177 623 2235 lloc
656 2178 927 2254 sequenti
962 2176 1164 2236 libello
1202 2175 1847 2254 auctore’srsatisfactio
1882 2176 2264 2254 continetur,
2289 2192 2417 2254 quo
2443 2174 2515 2235 ab
2532 2174 3114 2254 omnipotenteDeo
3150 2175 3384 2233 veniam
3412 2176 3589 2252 petit,
3623 2192 3716 2254 _nc

560 2250 929 2333 praecedenti:
956 2253 1491 2333 carmincoliqttfd
1526 2250 1807 2333 mea—ntus
1839 2250 2316 2333 errasset.,_Deiri
2347 2250 2683 2311 Theodosio
2720 2252 2978 2311 Juniort‘
3012 2253 3290 2328 Augusto
3322 2250 3553 2328 precem
3590 2251 3711 2309 dce
3774 2328 3783 2333 v

563 2333 704 2407 fert,
744 2349 856 2389 cur
889 2330 958 2390 de
992 2331 1321 2409 triumphis
1353 2329 1531 2391 illius
1568 2329 1771 2388 eodem
1799 2347 1977 2405 opere
2011 2331 2322 2401 tacuisset.

490 2512 600 2564 ilex
632 2520 829 2565 mtcrne
863 2511 1019 2572 Deus,
1042 2520 1226 2565 auctor
1247 2522 1526 2580 rectorque
1555 2529 1793 2579 serenus,

558 2599 721 2665 Quem
753 2602 929 2653 tremit
956 2616 1112 2655 omne
1140 2602 1333 2666 solum,
1355 2604 1444 2670 qni
1468 2605 1603 2671 regis
1626 2605 1743 2672 igne
1770 2605 1968 2674 polum.

495 2689 703 2762 Sidera,
731 2688 957 2752 flamma,
988 2690 1118 2753 dies,
1149 2706 1305 2759 quem
1337 2692 1437 2755 Sol,
1461 2709 1566 2745 nox
1586 2732 1602 2758 ,
1653 2694 1773 2746 luna
1806 2694 2041 2747 fatentur

558 2776 861 2841 Auctorem,
893 2778 1160 2851 dominum
1184 2782 1373 2834 smcula
1402 2790 1589 2834 cuncta
1620 2784 1862 2851 probant.

495 2868 678 2920 Omnia
710 2876 1031 2936 permutans,
1067 2869 1211 2921 nullo
1234 2869 1497 2922 mutabilis
1525 2886 1661 2935 tevo,

490 2968 511 2992 υ
552 2956 775 3011 Posthac
802 2973 1010 3025 semper
1039 2958 1160 3020 eris,
1198 2958 1284 3028 qui
1308 2958 1568 3021 es'tnodo,
1605 2959 1685 3012 vel
1710 2959 1891 3013 fueris.

489 3048 569 3100 Nil
600 3046 623 3082 δ
655 3047 860 3101 confert
884 3048 1153 3116 demitque
1185 3049 1275 3103 tibi
1307 3052 1423 3103 tam
1452 3048 1602 3118 longa
1633 3062 1870 3106 vetustas
1900 3070 1911 3102 :

555 3135 741 3189 O.nnia
771 3144 979 3205 tempus
1005 3138 1219 3203 habent,
1244 3154 1363 3192 nam
1389 3140 1477 3193 tibi
1502 3147 1707 3207 tempus
1733 3142 1900 3194 abest.

490 3225 567 3276 'l'u
600 3235 801 3279 mentes
822 3226 1107 3280 hominum
1135 3230 1373 3293 quamvis
1404 3244 1497 3296 per
1525 3230 1729 3295 singula
1754 3230 1902 3284 ducis
1920 3270 1934 3295 ,

561 3313 880 3382 Ellingisque
906 3316 1057 3369 bonis
1082 3316 1304 3370 candida
1330 3319 1487 3371 corda
1510 3318 1652 3371 viris.

490 3407 588 3470 Qui
618 3405 748 3459 facis
783 3419 801 3443 ο
837 3406 1000 3460 iratus
1022 3408 1219 3461 homini
1243 3408 1507 3461 Contraria
1537 3408 1670 3463 bella
1691 3450 1705 3471 ,

560 3491 926 3561 Propitiusque
950 3495 1122 3563 jubes.
1156 3503 1214 3548 ut
1244 3497 1383 3550 bona
1400 3507 1588 3551 cuncta
1620 3495 1644 3531 d
1676 3479 1845 3566 gerat.

488 3581 748 3652 Quidquid
770 3592 933 3651 agunt
954 3585 1192 3640 homines
1216 3623 1231 3649 ,
1285 3586 1445 3655 bona,
1470 3601 1721 3656 prospera
1746 3627 1760 3651 ,
1811 3595 1991 3641 sancta
2022 3628 2035 3650 ,

1765 3676 1998 3729 modesta
2024 3712 2039 3739 ,

1765 3694 1769 3727 l

566 3756 644 3811 Te
674 3757 897 3812 faciente
927 3758 1075 3826 lldht,
1101 3775 1206 3830 quo
1235 3761 1370 3815 bona
1402 3772 1587 3816 cuncta
1622 3676 1769 3815 fiuntl.

488 3848 529 3900 Ε
554 3856 737 3900 contra
765 3848 1002 3912 adversa,
1030 3851 1302 3918 probrosa,
1336 3852 1583 3919 maligna,
1618 3852 1897 3906 inhonesta

556 3939 633 3993 Tu
665 3940 774 3994 liet-i
798 3942 995 4009 pateris
1016 3982 1029 4005 ,
1062 3928 1159 4010 qui
1177 3942 1310 3996 mala
1343 3943 1481 3997 nulla
1504 3943 1649 3997 facis.

486 4029 608 4083 Ηιιιο
641 4037 727 4083 tua
754 4030 838 4083 lex
863 4031 1060 4095 dOCUII,
1098 4041 1119 4067 °
1146 4031 1330 4102 Moyse
1357 4035 1660 4101 pnescripta
1691 4042 1926 4090 notante.

552 4118 683 4171 Cum
709 4120 1045 4190 perdurattttn
1075 4134 1168 4175 cor
1195 4121 1485 4176 Pharaonis
1514 4123 1607 4175 ait.

482 4208 569 4261 Sic
602 4206 621 4244 ί
650 4224 735 4261 me
765 4210 959 4277 lingua,
987 4210 1143 4275 Duos,
1164 4212 1334 4279 lingua
1366 4223 1608 4280 patrantc
1639 4222 1864 4277 reatum,

554 4299 716 4353 Noxia
741 4301 893 4369 culpa
926 4301 1095 4369 ligans
1124 4302 1282 4354 traxit
1311 4303 1376 4354 atl
1401 4304 1604 4377 illicita.

486 4388 553 4442 Ut
578 4391 667 4457 qui
700 4389 833 4444 facta
858 4392 1049 4445 ducunt
1089 4407 1299 4459 possent
1329 4408 1542 4447 narrare
1576 4405 1600 4439 π
1636 4406 1840 4450 tuorum
1867 4433 1883 4459 ,

557 4480 701 4534 Unde
723 4481 848 4533 mihi
879 4493 1095 4548 possent
1124 4483 1259 4535 dena
1292 4496 1469 4536 ventre
1505 4484 1681 4538 smul.

493 4570 708 4621 Praemia
736 4570 1061 4637 despicerent
1095 4577 1117 4605 υ
1156 4582 1324 4626 taettts
1366 4583 1443 4625 tot
1473 4573 1681 4640 regibus
1711 4574 1877 4639 ulmis,

558 4662 620 4712 lit
648 4668 881 4727 peterent
905 4662 1079 4715 subito
1109 4672 1251 4715 certa
1286 4663 1474 4727 pericla
1502 4678 1677 4717 IIIISL'I'.

482 4754 599 4818 Quo
631 4752 731 4806 nisi
758 4751 990 4806 cmlestis
1014 4752 1218 4808 Donnnt
1258 4766 1267 4789 ι
1302 4764 1617 4822 (onspctttts
1652 4754 1713 4807 ad
1739 4756 1957 4808 aztltram

556 4844 757 4911 Aspera
787 4851 976 4897 cuncta
1009 4842 1021 4891 i
1057 4849 1319 4913 premunt,
1354 4858 1603 4912 prospera
1647 4845 1787 4896 nulla
1826 4846 2029 4911 juvant.

484 4935 747 4988 ll‘ﬂSCCllle
778 4932 887 4987 Deo
912 4934 1143 5009 membra
1172 4942 1440 4987 mutantur
1469 4940 1521 4987 et
1548 4941 1693 4986 artus
1718 4972 1732 4998 ,

552 5024 843 5077 Verttmtur
864 5038 1069 5088 sensus,
1100 5026 1325 5078 vertitur
1350 5034 1401 5077 et
1429 5024 1651 5092 species.

487 5116 766 5168 l'crsarum
796 5129 974 5183 regem
998 5113 1020 5151 ⁵*
1054 5115 1364 5185 Babylonica
1406 5129 1565 5182 regna
1598 5123 1862 5168 tenentem

552 5258 574 5283 α
603 5248 707 5312 AL,
742 5247 948 5317 Noster.

548 5316 572 5351 ι·
602 5319 645 5368 Α
670 5356 705 5381 .,
729 5316 890 5370 addit.

556 5401 575 5424 ε
615 5390 716 5449 AL,
747 5391 904 5441 iratos
934 5388 1179 5443 homines.

551 5456 572 5491 δ
606 5458 708 5519 ΑΙ.,
742 5470 970 5526 regnent.

554 5536 575 5561 ο
608 5528 667 5577 Al
698 5567 712 5589 ,
744 5528 902 5578 Mose.

559 5594 571 5628 ί
613 5597 711 5655 AL,
744 5611 856 5649 mea
878 5598 1050 5653 t‘onfa.

551 5674 572 5709 ts
614 5667 709 5729 »\l.,
742 5684 984 5721 meorum.

555 5739 574 5767 “
604 5738 705 5803 AL,
734 5740 896 5790 tactis.

2065 5178 2113 5233 1)

2212 2512 2336 2567 Post
2360 2514 2521 2567 decus
2552 2512 2756 2580 imperii
2784 2511 3021 2567 novimus
3050 2526 3168 2566 esse
3208 2525 3414 2565 novent.

2142 2602 2274 2656 Tum
2304 2603 2650 2657 diadetnalent
2682 2609 2961 2669 turparunt
2984 2616 3177 2655 cornua
3209 2601 3458 2667 frontem,

2209 2690 2434 2756 Mugitus
2460 2689 2679 2756 pecudis
2706 2691 2863 2743 verba
2895 2690 3041 2743 fuere
3069 2690 3234 2742 ducis.

2140 2778 2353 2831 Erravit
2382 2794 2476 2847 per
2504 2786 2653 2847 prata
2680 2794 2843 2847 vagus
2872 2777 3004 2830 mala
3027 2776 3261 2844 gramina
3286 2786 3497 2844 pastus,

2213 2868 2274 2919 Et
2297 2867 2385 2933 qui
2412 2867 2508 2921 bos
2532 2864 2720 2928 fuerat,
2744 2865 2811 2918 de
2841 2866 2975 2918 bove
3009 2864 3175 2918 factus
3198 2866 3357 2918 homo
3382 2875 3483 2917 est.

2144 2955 2317 3023 Liqttit
2345 2966 2398 3009 et
2428 2957 2649 3009 antistes
2670 2970 2822 3009 verus
2850 2963 3001 3022 pater
3024 2955 3112 3009 ille
3136 2953 3374 3019 Joannis,

2213 3045 2545 3114 Elinguisqtte
2566 3044 2665 3098 fuit
2700 3060 2829 3099 voce
2857 3054 3064 3099 tacente
3084 3046 3263 3101 si!ens.
3408 3044 3409 3047 “

2141 3136 2236 3186 Ast
2271 3147 2370 3201 ego
2398 3136 2665 3203 peccando
2688 3135 2819 3200 regi.
2846 3133 3179 3204 Dominoque
3211 3135 3441 3203 Deoqne,

2209 3223 2364 3290 Pejor
2390 3239 2506 3278 sum
2533 3216 2701 3277 iactus
2726 3224 3061 3290 deteriorque
3090 3218 3241 3278 cane.

2140 3315 2370 3367 Vulnera
2399 3315 2575 3367 vexati
2602 3312 2618 3351 ι
2657 3324 2807 3367 curat
2834 3329 2924 3367 sua
2951 3315 3128 3381 lingua
3160 3315 3373 3368 molossi
3389 3334 3403 3381 ;

2210 3402 2320 3455 lleu
2346 3402 2459 3455 tne!
2494 3404 2687 3472 quippe
2716 3402 2843 3456 tnihi
2868 3402 3085 3457 vulnera
3115 3404 3283 3470 lingua
3320 3405 3487 3459 dedit.

2141 3490 2245 3543 Sed
2274 3492 2362 3557 qui
2380 3491 2608 3545 restituit
2636 3490 2851 3559 pecudis
2880 3500 3001 3560 post
3036 3494 3270 3545 membra
3299 3503 3611 3562 tyrannum,

2212 3576 2278 3631 Ut
2307 3579 2456 3631 fieret
2480 3579 2687 3632 rediens
2716 3580 2766 3631 in
2796 3594 2887 3632 sua
2915 3592 3076 3645 regna
3102 3580 3289 3643 bonus,

2141 3669 2344 3737 Quique
2372 3669 2677 3722 t'bformavit
2698 3670 2841 3722 taciti
2862 3667 3215 3724 modulamina
3240 3671 3407 3736 verbi,

2215 3762 2279 3816 Ut
2307 3762 2542 3815 mutilata
2571 3777 2732 3815 sonos
2755 3762 2927 3828 lingua
2957 3763 3113 3829 ligata
3136 3764 3304 3828 daret,

2066 3855 2108 3915 (ζ
2143 3851 2257 3919 Ipse
2284 3852 2414 3904 meis
2444 3858 2624 3919 parcet
2659 3851 2867 3915 erratis,
2898 3858 3055 3918 atque
3078 3851 3285 3919 jubebit

2208 3942 2271 3994 L‘t
2300 3956 2384 3995 me
2403 3939 2654 4010 respiciat
2679 3950 2715 3976 ω
2738 3941 3085 4007 restitttatque
3106 3940 3238 4009 pius.

2136 4032 2295 4100 Culpa
2320 4031 2532 4099 quidem
2560 4031 2734 4099 gravis
2754 4039 2853 4091 est,
2892 4032 3041 4084 venia
3064 4031 3156 4083 sed
3189 4031 3339 4097 digna
3368 4040 3550 4084 reatus
3574 4068 3590 4093 ,

2206 4122 2356 4186 Quod
2386 4121 2502 4175 sine
2531 4121 2733 4189 peccati
2756 4120 2978 4173 crttnine
3003 4134 3157 4171 nemo
3188 4118 3304 4171 fuit.

2137 4212 2264 4263 Nam
2296 4210 2433 4265 Deus
2468 4210 2800 4278 omnipotens
2828 4208 3015 4276 potuit,
3041 4207 3163 4259 dum
3192 4206 3447 4261 conderet
3466 4210 3662 4263 orbem
3682 4247 3702 4270 .

2204 4302 2461 4356 Tristibus
2490 4301 2680 4353 amotis
2704 4300 2899 4367 optima
2929 4300 3040 4352 sola
3061 4288 3187 4351 dare
3212 4341 3225 4363 ,

2135 4390 2239 4444 Sed
2264 4391 2470 4443 diversa
2502 4404 2689 4442 creatis
2713 4398 2765 4442 et
2793 4388 3169 4453 discordantia,
3198 4398 3221 4422 "
3250 4388 3411 4455 jttss't
3434 4432 3447 4453 ,

2209 4488 2271 4538 Et
2293 4487 2431 4539 bona
2454 4486 2607 4539 mista
2638 4482 2811 4543 malis,
2836 4490 2889 4535 et
2918 4482 3051 4534 mula
3082 4483 3237 4535 mista
3266 4482 3436 4535 bonis.

2134 4576 2221 4628 Sic
2244 4576 2507 4629 elementa
2539 4584 2726 4641 potens
2745 4572 3007 4625 contraria
3033 4572 3240 4625 miscuit
3261 4583 3445 4625 auctor
3461 4613 3475 4635 ,

2204 4665 2425 4718 Humida
2448 4678 2565 4717 cum
2596 4664 2770 4725 siccis,
2804 4663 2953 4727 ignea
2986 4676 3103 4714 cum
3132 4661 3335 4727 gelidis.

2136 4754 2333 4806 Littera
2362 4754 2696 4818 doctiloquax
2727 4752 2913 4819 apibus
2942 4759 3163 4816 cognata
3195 4752 3476 4817 probatur.

2206 4852 2228 4878 ο
2260 4844 2417 4909 Queis
2444 4842 2599 4896 datur
2628 4850 2682 4894 ut
2713 4842 2939 4893 habeant
2960 4840 3173 4907 vulnera
3198 4838 3351 4893 mella
3372 4838 3527 4889 simul

2134 4935 2265 4989 Ccra
2297 4934 2387 4987 dat
2416 4933 2678 4999 ingenium
2708 4931 2899 4998 pueris,
2932 4928 3215 4997 primordia
3259 4942 3446 4982 sensus
3474 4945 3486 4979 :

2208 5024 2333 5077 lude
2364 5023 2420 5073 fit
2448 5032 2501 5074 et
2530 5030 2741 5089 praestet
2769 5021 2959 5081 littera,
2991 5019 3069 5071 vel
3089 5027 3297 5072 noceat.

2140 5116 2291 5184 Aspis
2316 5112 2470 5165 habet
2492 5122 2515 5159 Ρ
2543 5120 2786 5173 tnortetn,
2817 5110 2971 5163 habet
2997 5118 3049 5162 et
3073 5108 3413 5162 tnelieutnitta
3438 5120 3668 5176 serpens

2215 5245 2229 5281 ί
2267 5245 2371 5306 AL,
2404 5255 2665 5308 conceptus
2686 5241 2750 5290 ab
2780 5241 2957 5291 tt'thra.

2212 5313 2224 5361 i
2266 5315 2371 5375 AL,
2396 5321 2607 5376 premat.

2210 5384 2227 5415 “
2256 5383 2363 5441 AL,
2390 5380 2720 5448 Babylonum.

2214 5448 2225 5485 ¹
2261 5452 2367 5511 AL,
2393 5459 2591 5500 curant.

2207 5530 2243 5555 ¹¹²
2271 5520 2375 5579 AL,
2406 5521 2753 5583 rrspicialqtte.

2207 5600 2230 5625 η
2264 5590 2367 5651 AL,
2385 5589 2571 5655 jungit.

2206 5662 2230 5689 ο
2263 5659 2366 5717 AL,
2393 5656 2515 5718 Quis

2208 5733 2231 5772 l‘
2271 5726 2372 5791 AL,
2407 5733 2613 5777 mortes.
