3930 6232
520 380 641 437 38,-

588 492 709 544 Mox
735 498 982 545 exoratus
1011 490 1241 557 praestita
1267 488 1608 556 supplicibus.

518 578 665 631 Alter
686 579 806 631 item
835 576 1077 646 princeps
1106 575 1313 630 modico
1342 576 1893 643 sermone'probatnr

591 666 904 720 Commodus
935 666 1201 733 Augustus
1225 664 1304 717 vir
1332 664 1526 732 pietate
1556 666 1725 718 bonus
1752 679 1766 717 :

514 752 697 807 Nobile
720 761 1035 821 prteceptum
1054 791 1068 816 ,
1098 762 1351 813 rectores,
1381 752 1564 805 discite
1594 761 1715 820 post
1734 767 1851 816 me,

578 843 659 897 Sit
680 844 849 896 bonus
878 843 928 895 in
960 842 1065 895 vita
1092 842 1179 909 qui
1213 842 1352 893 volet
1378 855 1495 894 esse
1528 842 1636 914 Dei.

510 930 649 1001 Ecce
675 931 802 1000 quid
835 932 1089 1001 impendit
1116 930 1313 985 homini
1335 931 1615 985 clementia
1638 932 1884 999 simplex,

577 1018 648 1076 Ut
669 1028 880 1087 prtestet
906 1021 1093 1083 vitam,
1128 1019 1365 1074 conferat
1385 1033 1545 1090 atque
1576 1020 1602 1057 δ
1628 1022 1884 1075 animum.

508 1109 668 1164 Fama
695 1111 886 1164 ducum
908 1126 1048 1166 mors
1076 1121 1155 1165 est
1184 1112 1333 1165 bellis
1356 1112 1575 1166 collecta
1596 1113 1846 1177 cruentis,

578 1200 652 1252 Ex
672 1198 860 1267 quibus
879 1206 901 1235 ο
923 1202 1152 1254 occurrit
1173 1215 1311 1268 stupe
1337 1210 1515 1254 reatus
1533 1210 1706 1254 atrox.

506 1286 684 1343 Gloria
710 1289 967 1344 bellorum
993 1291 1213 1345 ducibus
1242 1291 1555 1359 populisque
1582 1291 1881 1361 triumphus
1900 1329 1915 1356 ,

573 1376 630 1431 In
652 1394 930 1433 commune
953 1380 1134 1434 datum
1154 1379 1342 1433 dividit
1369 1382 1702 1447 omnipotens
1724 1398 1738 1445 ;

504 1465 635 1521 Nam
656 1468 876 1523 ducibus
897 1479 1099 1523 tantum
1122 1478 1338 1539 praestat
1368 1472 1643 1525 clementia
1670 1472 1910 1537 laudem;

572 1559 686 1612 Non
718 1558 879 1614 habet
908 1562 1019 1614 haec
1044 1562 1320 1636 comitem,
1352 1563 1772 1633 participemque
1802 1574 1978 1633 negat.

502 1648 668 1713 Dicit,
702 1651 753 1703 in
783 1665 930 1703 arma
950 1652 1102 1704 simul
1132 1639 1322 1707 fuimus
1351 1669 1469 1708 cum
1493 1656 1762 1723 principe,
1795 1656 1977 1720 miles,

574 1740 657 1792 Me
685 1748 949 1808 pugnante
977 1756 1155 1798 comes
1180 1744 1349 1799 victor
1373 1746 1439 1799 ab
1466 1747 1619 1799 hoste
1648 1747 1801 1801 redit.
1872 1770 1876 1777 -

500 1824 746 1894 Nunquid
769 1835 823 1880 ut
854 1829 1088 1896 ignoscat
1112 1839 1306 1894 rector,
1339 1847 1459 1900 pars
1486 1834 1665 1887 militis
1688 1835 1884 1889 instat?

570 1916 715 1983 Soli,
744 1917 833 1984 qui
863 1921 1123 1988 ignoscit,
1177 1921 1345 1988 gloria
1375 1923 1544 1978 laudis
1570 1926 1692 1978 erit.

500 2004 615 2059 Rex
647 2006 735 2074 qui
762 2006 851 2058 dat
879 2009 1083 2061 veniam
1112 2009 1375 2078 subjecto,
1408 2022 1461 2066 et
1488 2021 1749 2081 temperat
1777 2016 1911 2079 iras,

568 2093 688 2149 Plus
712 2111 867 2163 quam
898 2098 1045 2151 turba
1072 2098 1226 2164 facit,
1257 2102 1342 2170 qui
1368 2116 1463 2155 sua
1494 2104 1651 2157 corda
1681 2105 1878 2159 domat.

496 2184 589 2248 Te,
624 2182 778 2248 Deus,
802 2187 1059 2253 aspiciens
1087 2189 1353 2242 effundere
1380 2191 1518 2244 nolle
1546 2207 1812 2257 cruorem,

568 2271 635 2326 Ut
661 2274 776 2327 sine
805 2286 1050 2343 peccato,
1080 2292 1183 2331 non
1211 2279 1326 2333 sine
1353 2280 1504 2333 laude
1534 2280 1711 2343 daret;

492 2360 728 2416 Contulit
748 2366 951 2417 absenti
983 2375 1134 2419 teme
1165 2369 1439 2436 pelagique
1472 2371 1791 2438 triumphos.

565 2450 743 2502 Ansila
770 2458 1012 2515 testatur,
1042 2452 1252 2506 Maurus
1282 2456 1476 2521 ubique
1496 2455 1659 2521 jacet.

493 2538 895 2607 Quod‘pereunt
923 2540 1123 2607 hostes,
1154 2545 1294 2611 regis
1324 2544 1531 2611 fortuna
1554 2555 1808 2611 vocatur;

562 2628 712 2694 Quod
743 2641 963 2699 pereunt
990 2634 1189 2701 pepuli,
1210 2634 1459 2702 temporis
1488 2636 1618 2690 ordo
1641 2640 1793 2705 gerit.

493 2720 677 2774 Omnia
712 2730 917 2789 tempus
948 2723 1083 2789 agit,
1123 2738 1240 2776 cum
1274 2734 1510 2792 tempore
1547 2735 1732 2780 cuncta
1764 2738 2041 2794 creantur;

533 2803 823 2879 "Tempora
851 2820 972 2863 sunt
1000 2812 1146 2875 vitze,
1178 2822 1413 2881 tempora
1444 2817 1629 2869 mortis
1658 2826 1830 2871 erunt.

493 2896 594 2952 Sex
621 2908 743 2952 sunt
771 2909 953 2955 aetates
981 2904 1251 2970 hominum
1280 2909 1535 2973 cujusque
1558 2918 1806 2975 senectus,
1876 2923 1885 2931 '

494 3024 499 3027 ι
567 2989 630 3041 Et
654 2979 1110 3045 distincta'tenent
1131 3001 1367 3060 tempora
1395 3010 1618 3072 quaeque
1647 3014 1760 3051 sua.

495 3077 734 3146 Nunquid
760 3080 999 3134 adulterii
1024 3084 1275 3151 strepitus
1299 3084 1514 3139 infantia
1540 3086 1766 3157 simplex

564 3167 835 3232 Vindicat,
866 3178 956 3222 aut
985 3170 1219 3225 fremitus
1249 3173 1393 3241 pigra
1423 3162 1634 3230 senet.“
1663 3177 1836 3244 gerit?

496 3262 606 3315 Non
632 3262 912 3315 catulastra
943 3266 1077 3330 gerit
1104 3267 1341 3333 puerilia,
1374 3284 1478 3321 non
1509 3282 1641 3337 puer
1664 3272 1823 3327 audet

564 3351 857 3404 Attreclare
888 3362 1038 3405 tener
1071 3353 1254 3406 Martia
1286 3357 1387 3408 tela
1419 3373 1593 3411 manu.

496 3441 607 3495 Non
637 3440 762 3493 furit
796 3443 845 3494 in
876 3441 1133 3495 Venerem
1163 3444 1391 3497 nondum
1422 3448 1738 3513 pubentibus
1763 3451 1932 3515 annis,

562 3529 669 3582 Nec
698 3528 857 3582 fetum
889 3539 1072 3597 partus
1098 3528 1289 3585 femina
1317 3534 1491 3587 reddit
1518 3553 1649 3591 anus

496 3616 726 3669 Maturus
752 3625 963 3681 tractat,
988 3618 1148 3685 gemit
1176 3628 1227 3672 et
1257 3622 1601 3678 tremebunda
1622 3635 1865 3681 senectus

564 3703 744 3757 Nescia
776 3702 992 3757 fervoris
1020 3706 1099 3759 vel
1125 3707 1350 3763 levitatis
1382 3712 1551 3780 inops.

498 3790 739 3857 Nunquid
768 3801 888 3844 nata
916 3807 1066 3858 seges
1088 3796 1327 3849 homines
1354 3815 1476 3851 mox
1512 3814 1681 3854 armat
1713 3815 1965 3869 agrestes,

562 3876 804 3931 Floribus
830 3888 920 3930 aut
947 3881 1136 3944 genitis
1164 3882 1362 3935 fructus
1390 3885 1528 3937 inest
1555 3889 1727 3940 subito
1751 3890 1772 3941 ?

498 3964 745 4020 Novimus
773 3975 911 4018 astra
945 3967 1051 4035 poli
1080 3968 1350 4023 confectos
1377 3973 1599 4040 perdere
1628 3991 1830 4041 cursus,

560 4049 979 4127 Transactasque
1003 4059 1158 4115 simul
1188 4064 1263 4114 sic
1294 4065 1552 4131 repetisse
1578 4066 1705 4120 vias.

500 4146 752 4213 Tempore
780 4148 901 4200 luna
932 4164 1028 4204 suo
1059 4152 1268 4213 crescit,
1300 4154 1381 4206 vel
1412 4154 1587 4208 deficit
1613 4156 1764 4221 orbe,

563 4237 724 4303 Cujus
752 4238 1048 4291 admtatem
1075 4242 1295 4307 plurima
1321 4260 1459 4312 saepe
1484 4245 1631 4300 fiunt.

499 4326 623 4379 Nam
653 4327 773 4378 luna
792 4338 1063 4381 crescente
1084 4330 1269 4384 fretum
1292 4334 1615 4389 incrementa
1643 4350 1878 4405 resumit,

567 4412 677 4474 Qua
708 4411 975 4462 minuente
997 4411 1101 4477 poli
1124 4420 1203 4463 est
1230 4415 1397 4466 minor
1418 4418 1589 4468 undat1
1615 4436 1825 4475 manus.

500 4500 701 4552 Cinthia
730 4500 851 4552 dum
881 4503 1092 4565 crescit,
1124 4500 1293 4553 fontes
1319 4512 1373 4555 et
1395 4504 1605 4557 ﬂumina
1639 4506 1920 4577 crescant,

566 4590 628 4640 Et
656 4589 963 4643 minuuntur
985 4591 1107 4643 item
1138 4590 1346 4645 Cinthia
1374 4593 1497 4644 dum
1527 4596 1734 4647 minuit.

502 4676 611 4743 Ipsa
644 4679 866 4732 medulla
895 4680 1061 4732 latens
1088 4680 1331 4734 observat
1359 4698 1554 4736 cornua
1585 4683 1740 4749 lunas,

568 4764 790 4818 Servant
813 4776 866 4819 et
894 4768 1028 4820 luna:
1058 4776 1190 4821 tecta
1219 4771 1433 4823 cerebra
1464 4771 1666 4836 globos.

501 4852 590 4905 Sol
612 4853 793 4906 oculus
817 4855 933 4907 coeli
963 4856 1168 4909 radians
1194 4856 1419 4911 fuscatur
1446 4862 1511 4913 ab
1534 4862 1744 4922 umbra,

574 4941 636 4993 Et
665 4951 839 4995 tamen
869 4944 931 4995 ad
952 4946 1134 4999 solitas
1157 4946 1300 5012 itque
1320 4948 1556 5017 reditque
1579 4950 1774 5018 plagas.

572 5080 596 5105 ⁸
620 5070 726 5131 AL,
758 5070 1004 5137 profatur.

572 5139 598 5177 ι’
630 5138 689 5191 ΑΙ
718 5178 733 5202 ,
766 5138 1006 5190 animum.

579 5221 600 5246 ε
628 5209 731 5264 ΑΙ..
765 5207 1006 5258 excurrit.

574 5279 596 5315 d
629 5278 733 5328 Nos
759 5275 1045 5341 legeremus
1066 5284 1237 5336 maris.

578 5358 599 5382 ε
632 5346 737 5407 AL,
768 5357 952 5409 sep'em
977 5348 1186 5403 dierum.

580 5414 596 5450 ¹
630 5417 733 5477 AL,
762 5429 987 5484 sagaces.

1501 379 1554 433 S.
1598 377 1864 431 EUGENll
1902 376 2003 431 ΟΡ.
2049 370 2251 432 ΕΡΙΞΟ.
2292 376 2623 432 τυιετΑΝι

3618 388 3727 443 538

2092 505 2129 552 Α
2168 484 2444 554 Accipiunt
2464 488 2622 543 facies
2646 490 2864 558 crispas,
2893 490 3166 560 lucemque
3188 504 3458 548 resumunt

2227 575 2424 629 Ordine
2444 588 2630 631 cuncta
2659 593 2755 632 suo
2780 579 2951 634 sidera
2980 580 3086 633 ﬁxa
3115 582 3253 649 polo.

2162 666 2391 732 Damna,
2419 672 2503 722 vel
2529 682 2808 739 augmenta
2839 673 2997 727 rebus
3026 674 3289 727 elementa
3312 675 3574 729 dederunt
3594 717 3610 741 ,

2227 755 2456 826 Tempus
2483 759 2678 812 habent
2707 768 2888 814 noctes
2908 801 2921 820 .
2949 769 3153 830 tempus
3179 771 3233 815 et
3264 764 3372 830 ipse
3395 760 3528 818 dies.

2164 844 2433 912 Accipiunt
2461 855 2745 912 augmenta
2765 848 2898 913 dies,
2930 858 3221 916 noctesque
3245 850 3495 916 vicissim,

2227 931 2291 984 Et
2319 934 2562 986 minuunt
2588 949 2776 989 cursus
2798 946 3016 1005 perpete
3046 937 3162 1005 lege
3192 938 3318 1006 poli.

2156 1018 2413 1088 Tempora
2443 1022 2519 1076 sic
2544 1024 2701 1077 liores
2727 1025 2979 1090 retinent,
3010 1027 3087 1081 sic
3109 1036 3347 1095 tempora
3367 1043 3591 1094 messes,

2224 1106 2289 1161 Et
2315 1123 2434 1162 cum
2458 1110 2572 1179 lege
2595 1111 2731 1165 redit
2760 1114 2880 1169 vitis
2905 1130 3146 1170 amoenus
3165 1117 3355 1171 honor.

2170 1245 3707 1272 -———_______________________

2500 1337 2741 1378 uxrucn
2780 1340 3057 1381 uascourn
3096 1342 3250 1382 Lmen
3289 1329 3349 1383 ll.

2149 1446 2575 1505 MONOSTICHA
2662 1454 3304 1515 ltElIAPlTULATIONlS
3337 1472 3359 1498 θ
3437 1461 3711 1517 SEPTIMI

2220 1519 2348 1573 DlEl
2379 1530 2439 1573 A.
2469 1525 2521 1574 Β.
2558 1520 2848 1577 EUGENIO
2878 1527 2941 1580 IN
3003 1527 3157 1581 FINE
3192 1530 3368 1585 LIBRI
3409 1531 3711 1586 DRACUN-

2220 1586 2306 1640 ΤΗ
2343 1589 2749 1646 ADJICIENUA.
3000 1596 3003 1599 ⁷

2147 1717 2352 1772 Primus
2382 1720 2433 1773 in
2464 1721 2592 1774 orbe
2618 1721 2728 1777 dies
2758 1723 2889 1778 lucis
2918 1724 3203 1792 primordia
3232 1728 3474 1799 sumpsit.

2078 1838 2127 1898 Β
2152 1811 2300 1863 Alter
2323 1811 2646 1879 Splendilluis
2676 1813 2864 1866 cmlum
2895 1812 3119 1868 firmavit
3146 1816 3199 1869 in
3222 1818 3351 1871 oris.

2151 1896 2360 1951 Tertius
2390 1899 2706 1966 undivagum
2734 1916 2880 1954 mare
2906 1902 2997 1954 dat
3023 1918 3142 1956 cum
3170 1906 3410 1972 germine
3435 1915 3613 1961 terras.

2148 1986 2375 2052 Quartus
2400 1986 2561 2041 habet
2589 1986 2864 2052 thbum,
2894 1990 3201 2058 lunamque,
3231 2000 3287 2045 et
3309 1995 3482 2048 sidera
3510 1997 3660 2050 cmli.

2146 2078 2370 2140 Quintus
2399 2076 2717 2145 plumigeras
2747 2078 2987 2132 volucres
3015 2079 3295 2149 piscesque
3324 2092 3592 2140 natantes.

2145 2165 2336 2219 Sextus
2365 2158 2753 2234 quadrupedes,
2779 2154 3012 2236 reptans,
3046 2170 3429 2239 hominesquef
3460 2176 3704 2241 fugices.

2146 2255 2421 2321 Septimus
2450 2264 2532 2308 est
2560 2257 2786 2310 Domino
2813 2259 3047 2327 requies,
3072 2260 3155 2313 his
3182 2263 3285 2315 rite
3310 2266 3559 2331 peractis.

2145 2342 2259 2396 Non
2287 2345 2407 2411 quia
2434 2346 2808 2413 Cunctipoteus
2837 2348 3068 2403 humano
3094 2366 3239 2403 more
3262 2354 3465 2408 laboret

2146 2433 2386 2497 Actibus,
2414 2444 2504 2487 aut
2526 2435 2693 2489 fessus
2716 2449 2917 2505 quaerat
2946 2442 3277 2506 requiescere
3306 2445 3541 2508 tandem,

2146 2522 2243 2586 Qui
2269 2538 2481 2591 semper
2511 2527 2778 2593 requietus
2807 2529 2943 2593 agit,
2975 2526 3278 2599 faciensque
3304 2535 3528 2600 quiescit
3559 2554 3576 2601 ;

2144 2613 2247 2665 Sed
2276 2614 2417 2679 quod
2448 2628 2596 2668 sacra
2623 2616 2774 2683 quies
2801 2620 2987 2686 typicis
3014 2619 3267 2687 adoperta
3294 2624 3472 2690 figuris

2142 2704 2302 2759 Multa
2326 2716 2475 2773 gerat
2526 2709 2709 2775 signis,
2739 2719 2790 2763 et
2819 2711 3011 2777 pandat
3036 2715 3254 2782 mystica
3284 2718 3454 2771 nobis.

2143 2798 2290 2850 Dicta
2324 2800 2414 2851 Dei
2433 2802 2663 2867 requies,
2690 2803 2830 2869 quod
2861 2790 3016 2857 rebus
3041 2805 3161 2872 jure
3188 2809 3432 2861 creandis

2143 2886 2257 2954 Ipsa
2285 2891 2471 2942 modus
2497 2893 2688 2952 fuerat,
2730 2894 2935 2945 cunctis
2955 2906 3009 2945 et
3037 2895 3267 2947 maxima
3291 2898 3436 2960 linis;

2142 2977 2273 3029 Nam
2304 2993 2436 3031 nova
2460 2994 2681 3047 qumque
2708 2980 2857 3046 fiunt,
2882 2982 2987 3047 jam
3020 2994 3142 3037 tunc
3172 2986 3341 3037 ordita
3365 2988 3683 3055 probantur.

2146 3067 2291 3120 Dicta
2313 3066 2405 3120 Dei
2436 3070 2663 3135 requies,
2693 3072 2832 3139 quod
2865 3081 3044 3125 nostra
3068 3074 3362 3143 redemptio
3384 3077 3629 3139 Christus

2065 3165 2108 3224 (ζ
2140 3150 2199 3205 In
2226 3167 2385 3206 carne
2416 3154 2646 3219 veniens,
2677 3165 2729 3207 et
2756 3156 2927 3211 carnis
2957 3156 3126 3212 vincla
3156 3153 3446 3225 resolvens,

2139 3238 2251 3293 Hoc
2280 3241 2534 3294 redeunte
2560 3242 2644 3295 die
2671 3241 2812 3296 felici
2842 3254 3014 3301 morte
3037 3249 3263 3315 quievit.

2142 3331 2289 3383 Dicta
2320 3332 2407 3383 Dei
2438 3334 2667 3398 requies,
2698 3334 2839 3397 quod
2868 3350 2965 3387 nos
2991 3346 3112 3402 post
3139 3320 3286 3392 mille
3314 3339 3524 3401 labores

2137 3416 2293 3471 Solus
2325 3417 2517 3485 ubique
2549 3417 2731 3472 fovens
2762 3421 2811 3472 in
2841 3436 2901 3473 se
2928 3424 3267 3489 requiescere
3291 3428 3463 3493 cogit;

2098 3562 2120 3583 ί
2139 3505 2245 3565 Nec
2271 3506 2428 3559 datur
2456 3508 2557 3561 ulla
2585 3510 2735 3576 quies
2755 3510 2978 3574 miseris,
3012 3512 3111 3566 nisi
3130 3514 3350 3582 suscipit
3376 3519 3508 3585 ipse.

2140 3594 2287 3650 Dicta
2317 3612 2530 3666 quoque
2568 3608 2649 3653 est
2673 3602 2902 3669 requies,
2937 3603 3202 3657 mundana
3224 3606 3364 3673 quod
3384 3607 3524 3660 actio
3552 3622 3696 3675 pne.

3533 3696 3549 3767 [
3571 3713 3699 3751 setis

2141 3774 2268 3827 Post
2296 3789 2388 3828 sex
2416 3785 2619 3841 mtates,
2647 3792 2782 3843 quas
2811 3781 3035 3834 mundus
3064 3783 3116 3833 in
3145 3784 3330 3839 ordine
3354 3786 3544 3850 currit,

2140 3861 2256 3916 Otia
2288 3873 2312 3909 tt
2337 3865 2632 3930 percipiens
2658 3873 2854 3919 mterna
2886 3882 3015 3934 pace
3043 3872 3283 3936 quiescit.

2142 3953 2289 4006 Dicta
2317 3969 2527 4021 quoque
2553 3964 2633 4008 cst
2657 3959 2885 4025 requies,
2919 3975 3038 4027 quin
3068 3963 3221 4016 nobis
3247 3965 3427 4019 ultima
3448 3982 3565 4021 sors
3589 3980 3694 4032 est,

2143 4041 2271 4093 Nam
2304 4046 2422 4095 vitm
2441 4032 2635 4099 cursus
2658 4049 2934 4103 mundana:
2964 4052 3118 4106 molis
3149 4054 3212 4107 ad
3245 4055 3410 4108 instar
3437 4073 3451 4108 :

2142 4130 2246 4185 Sex
2273 4142 2393 4185 sunt
2416 4144 2596 4188 aetates
2619 4136 2872 4201 hhomini,
2898 4142 2989 4193 sed
3017 4143 3237 4209 septima
3270 4159 3412 4198 mors
3437 4154 3539 4201 est.

2145 4219 2318 4275 Prima
2348 4232 2495 4277 tenet
2520 4232 2694 4278 ortum
2725 4230 2933 4291 generis
2960 4229 3176 4284 infantia
3200 4234 3441 4302 simplex,

2142 4311 2321 4365 Altera
2351 4314 2541 4365 deinde
2567 4314 2576 4347 ί
2608 4315 2827 4379 pueritia
2857 4317 3029 4371 mollis
3062 4320 3299 4385 habetur,

2142 4398 2319 4452 Tertia
2354 4415 2473 4465 quae
2500 4404 2735 4468 sequitur
2766 4404 2872 4470 ipsa
2903 4407 3160 4461 vocitatur
3188 4410 3386 4475 adulta,

2067 4492 2113 4547 ι)
2142 4491 2339 4552 Quarta
2367 4491 2500 4552 gerit
2530 4494 2735 4545 virtutis
2763 4509 2917 4562 Opem
2948 4501 3187 4563 Speciosa
3213 4500 3450 4567 juventa,

2141 4575 2329 4640 Quinta
2367 4589 2579 4635 senecta
2614 4584 2787 4647 gravis
2814 4586 2825 4631 i
2863 4586 2926 4635 ad
2957 4586 3137 4639 ultima
3170 4596 3407 4656 tempora
3438 4580 3687 4657 vergens.

2139 4664 2297 4717 Sexta
2325 4668 2468 4719 venit
2490 4670 2695 4722 senium
2720 4670 2765 4735 ιι,
2794 4674 2934 4740 quod
2959 4677 3075 4727 vita:
3106 4679 3345 4729 terminat
3368 4694 3561 4731 aerum.

2142 4751 2263 4806 Hmc
2292 4754 2381 4808 tibi
2404 4796 2420 4822 ,
2448 4759 2555 4809 ltex
2577 4774 2799 4823 summe,
2822 4761 2971 4827 jussu
2994 4766 3296 4831 compulsus
3326 4766 3477 4820 herili

2141 4842 2387 4898 Servulus
2416 4844 2681 4912 Eugenius
2704 4850 2890 4902 devota
2914 4860 3087 4907 mente
3115 4853 3324 4907 dicavit.

2213 5060 2359 5126 SAL,
2387 5060 2551 5126 prwri,
2578 5061 2699 5110 iens.

2215 5125 2239 5161 ιλ
2270 5125 2679 5189 ΑΙηἎιοηιὶηηυι.

2218 5204 2231 5229 ι
2264 5197 2369 5261 AL,
2398 5199 2505 5246 loco
2535 5197 2748 5260 iueritia
2775 5199 2957 5264 mollis,
2987 5210 3091 5255 etc.

2218 5269 2231 5310 l
2269 5265 2375 5325 AL,
2404 5276 2450 5314 et
2481 5268 2530 5312 in
2558 5266 2752 5318 ultimi.

2216 5331 2239 5369 ¹ι
2268 5332 2373 5397 AL,
2398 5345 2527 5397 qua’.
