3934 6228
529 356 623 412 591
1551 347 1788 401 SANC'I'I
1830 347 2095 401 EUGENII
2140 346 2345 402 EPISC.
2396 346 2721 401 'I'ULETANI
3625 338 3736 392 592

538 471 611 522 Da
642 475 814 533 guttas
843 465 1001 518 oculis
1032 478 1213 531 posco,
1242 461 1306 515 da
1329 460 1493 513 verba
1520 458 1770 525 querelis,

600 556 727 607 Nam
758 553 880 606 ﬂere
908 553 1138 619 requies,
1168 550 1356 616 gaudia
1386 560 1543 615 paena
1576 546 1721 597 mihi.

531 645 745 700 Junctus
772 659 914 697 eram
943 644 1159 696 nimium
1190 641 1384 694 dilecto
1413 645 1588 691 mente
1609 636 1801 701 sodali,

599 733 757 800 Cujus
784 733 852 786 ob
881 732 1127 795 allectum
1153 728 1385 783 carmina
1417 735 1601 780 mcesta
1626 732 1840 778 canunt.

516 821 642 875 Non
671 822 747 875 sic
780 821 1043 874 Eurialum
1074 816 1223 870 Nisus
1250 816 1429 869 dilexit
1456 822 1709 878 amatum,

588 909 853 963 .Nectebat
882 916 939 959 ut
969 921 1062 959 nos
1094 920 1191 973 pax
1220 904 1269 956 in
1296 917 1477 956 amore
1507 901 1661 954 Deus.

533 998 835 1052 Concordes
864 978 1065 1048 animos
1093 994 1303 1046 solvens
1330 990 1591 1044 discordia
1618 986 1831 1055 carpsit,

611 1089 675 1139 Et
699 1085 858 1139 cessit
882 1084 1023 1137 duris
1054 1098 1152 1151 pax
1184 1091 1395 1135 tenuata
1426 1079 1582 1132 dolis.

538 1176 604 1229 Ut
635 1184 803 1226 turtur
832 1175 992 1232 solus,
1026 1185 1277 1238 percusso
1304 1181 1573 1233 compare,
1604 1164 1814 1233 plango,

610 1264 673 1315 Et
700 1262 885 1315 frustra
912 1265 1167 1329 Iacrymas
1198 1273 1361 1326 penso
1388 1258 1559 1325 perire
1588 1268 1749 1308 meas.

542 1351 917 1417 Laborjocari,
951 1350 1124 1413 labor;
1153 1365 1261 1401 suc:
1283 1347 1443 1399 urrite
1472 1345 1638 1406 fratri,

524 1472 543 1501 ιτ
613 1437 1017 1491 Prmbete-sucio
1047 1449 1166 1488 cum
1197 1434 1393 1501 pietate
1424 1446 1659 1484 manum.

539 1525 699 1588 Pelle,
734 1538 941 1592 precor,
968 1522 1174 1589 penitus
1198 1519 1478 1595 pungentia
1503 1517 1693 1586 jurgia,
1714 1516 1952 1580 Christe,

605 1616 674 1670 Ut
701 1614 897 1681 possim
926 1613 1090 1665 sacris
1116 1610 1263 1664 hctus
1292 1610 1478 1663 adesse
1505 1610 1625 1662 tuis.

827 1702 912 1755 XI.
942 1700 1021 1753 De
1050 1700 1273 1770 partibus
1303 1697 1510 1753 'humani
1539 1698 1783 1765 corporis.
1847 1716 1851 1725 ν

540 1794 782 1847 Partibus
816 1802 837 1827 ⁸
868 1800 1076 1845 constat
1104 1791 1345 1845 humanae
1376 1790 1615 1842 machina
1646 1787 1838 1847 carnis,

605 1880 709 1935 Sed
740 1870 1097 1946 multipliciter
1122 1892 1239 1945 qtae
1268 1884 1609 1929 numerentur
1638 1874 1819 1926 habes.

535 1971 714 2025 I‘ortio
742 1962 907 2037 prima
937 1960 1112 2036 caput,
1142 1967 1326 2030 collus,
1357 1981 1420 2019 ac
1448 1964 1680 2027 brachia,
1713 1972 1947 2021 truncus,

603 2060 797 2121 Intera,
826 2074 1012 2113 sensus
1040 2058 1197 2118 iners,
1226 2056 1442 2117 femora,
1476 2069 1647 2117 crura,
1683 2052 1863 2121 pedes.

993 2146 1103 2199 XII.
1138 2145 1213 2198 De
1245 2145 1477 2197 Phoenice
1505 2160 1608 2196 ave.

538 2239 702 2293 Unica
730 2253 850 2294 sum
881 2237 1096 2291 thnix
1121 2235 1362 2289 immensi
1394 2233 1647 2302 temporis
1673 2232 1804 2293 ales,

536 2330 665 2381 (lum
698 2328 819 2382 volo
844 2336 954 2381 tum
979 2327 1205 2388 morior,
1236 2333 1290 2378 et
1318 2325 1475 2376 vitam
1505 2331 1675 2377 morte
1705 2334 1937 2373 resumo.

1058 2414 1191 2467 XIII.
1228 2413 1299 2465 De
1323 2408 1551 2465 Alcione.
1655 2398 1658 2401 ⁷

546 2505 724 2561 Aleion
750 2502 1025 2556 hibernum
1054 2518 1173 2559 cum
1203 2502 1352 2570 ponit
1375 2500 1552 2553 littore
1580 2496 1777 2558 nidum,

609 2580 837 2661 Spumea
870 2591 1131 2660 ﬂuctivagi
1166 2591 1422 2657 frangitur
1451 2589 1587 2643 unda
1617 2588 1733 2642 sali.
1766 2613 1768 2617 ν

536 2684 651 2755 Ituc
672 2670 804 2750 ergo
829 2681 1054 2735 celerem
1080 2679 1299 2733 festinus
1329 2679 1502 2731 navita
1529 2691 1753 2745 puppem
1788 2693 1799 2727 :

518 2760 543 2812 Ϋ
612 2774 695 2825 Bis
722 2762 925 2841 septem
952 2770 1090 2824 soles
1115 2784 1331 2837 aaguora
1351 2777 1466 2822 tuta
1495 2776 1699 2821 tenent.

812 2866 840 2891 ’
1024 2876 1159 2928 XIV.
1204 2875 1278 2927 De
1315 2876 1599 2927 hirundine.

545 2966 809 3019 Arboreas
840 2979 999 3017 exosa
1026 2979 1224 3023 comas.
1256 2975 1307 3017 et
1335 2978 1456 3017 rura
1487 2964 1809 3031 relinquens,

613 3050 814 3105 Vestrae
843 3060 975 3104 tet-ta
1005 3054 1189 3105 domus
1218 3052 1409 3119 hospes
1435 3051 1664 3105 hirundo
1694 3052 1830 3104 colo.

550 3139 728 3201 Parce,
762 3154 968 3208 precor,
996 3149 1205 3194 nostros
1233 3140 1390 3193 dente
1418 3140 1729 3206 contingere
1759 3147 1927 3199 natos,

609 3213 704 3280 ‘Est
734 3240 959 3294 namque
988 3226 1213 3285 facinus,
1244 3226 1449 3292 hospita
1478 3222 1709 3279 membra
1738 3225 1935 3278 cibum.

1089 3335 1196 3389 XV.
1236 3335 1305 3388 De
1335 3345 1543 3388 turture.

553 3426 691 3480 Utile
720 3425 1032 3493 Coniugibus
1058 3426 1351 3491 exemplum
1381 3426 1589 3491 prmheo
1617 3432 1787 3479 turtur
1820 3441 1833 3474 :
1878 3450 1885 3453 η

546 3516 656 3569 Νοη
682 3511 864 3585 repeto
898 3515 1202 3574 thalamum,
1232 3528 1329 3568 nec
1356 3514 1550 3581 conjux
1577 3521 1721 3568 casta
1751 3513 2017 3566 maritum.

866 3686 871 3691 _
1065 3624 1196 3677 XVI.
1231 3623 1305 3676 De
1334 3641 1547 3691 pavone.

550 3709 763 3774 Fulgida
796 3708 947 3775 pinna
975 3709 1097 3764 facit
1124 3711 1378 3765 illustrem
1410 3712 1636 3777 tegmine
1665 3718 1884 3778 pairum;

614 3798 785 3850 Aurea
816 3797 987 3864 pluma
1016 3800 1165 3862 nitet,
1191 3801 1280 3853 sed
1308 3800 1433 3853 caro
1459 3802 1585 3857 dura
1610 3811 1804 3854 manet.

920 3885 1073 3939 XVII.
1108 3885 1183 3939 De
1215 3887 1386 3939 avibus
1412 3889 1720 3956 loquacibus.

546 3973 828 4036 Psittacus,
856 3983 1145 4047 et_corvus,
1172 3977 1356 4029 cornix
1375 4016 1390 4040 ,
1419 3985 1469 4028 ct
1500 3977 1706 4042 garrula
1739 3978 1878 4044 pica,

611 4062 889 4131 Gragulus,
920 4074 974 4119 et
998 4065 1163 4118 sturni
1187 4067 1348 4118 verba
1379 4064 1577 4118 referre
1603 4064 1793 4119 solent.

1054 4173 1234 4227 XVIII.
1267 4174 1343 4231 De
1370 4176 1581 4229 bubone.

550 4249 734 4311 Vitans
765 4259 1078 4325 plumigeras
1105 4260 1283 4314 infelix
1314 4264 1453 4316 bubo
1481 4273 1741 4328 catervas,

617 4347 861 4400 Carmine
889 4347 1032 4399 fatali
1057 4346 1237 4401 funera
1266 4350 1376 4422 dira
1409 4352 1571 4402 canit.
1796 4341 1807 4346 ’

927 4454 1061 4509 XIX.
1096 4454 1172 4509 De
1200 4457 1397 4510 ecltitna
1424 4458 1685 4525 pisciculo.

550 4540 802 4598 Parvulas
828 4544 1089 4609 ecbitnas,
1119 4544 1385 4613 ingentem
1412 4546 1646 4613 pondere
1677 4564 1861 4603 navem

476 4628 477 4631 “
616 4620 961 4687 Ειιιοιιυιιεῖιι
992 4634 1175 4689 mediis
1197 4649 1289 4688 ore
1316 4643 1496 4689 tenere
1534 4636 1699 4691 vales.

1066 4720 1183 4773 XX.
1210 4720 1293 4791 De
1317 4725 1569 4781 stillione.

553 4802 735 4859 Stellio
758 4802 989 4869 guttatus
1014 4821 1206 4861 nomen
1231 4806 1297 4861 de
1324 4822 1545 4877 corpore
1564 4812 1803 4881 sumpsit,
1856 4846 1859 4851 η

617 4892 838 4945 Stellata
860 4895 1076 4948 maculis
1105 4896 1349 4964 languida
1370 4901 1601 4953 membra
1627 4903 1866 4954 trahens.

793 4976 927 5031 XXI.
958 4982 1243 5049 Asyndeton
1272 4981 1333 5035 de
1356 4985 1569 5054 quinque
1596 4988 1846 5043 sensibus.

554 5070 792 5128 Auditus,
821 5070 981 5130 visus,
1011 5082 1213 5135 gustus,
1242 5070 1446 5139 oll‘atio,
1470 5081 1637 5129 tactus

552 5164 711 5223 Aure,
741 5156 932 5219 oculis,
958 5171 1071 5219 ore,
1101 5175 1247 5225 nare,
1271 5170 1390 5214 cute
1419 5168 1655 5229 corporis
1680 5161 1910 5224 emam,

932 5244 1091 5300 XXII.
1133 5248 1205 5301 De
1234 5251 1534 5319 temporibus
1563 5256 1703 5308 anui.
1870 5252 1875 5256 ⁷

557 5337 655 5389 \‘er
678 5336 841 5404 gignit
870 5336 1045 5399 liores,
1071 5336 1361 5405 pinguescit
1390 5340 1645 5393 messibus
1671 5351 1845 5407 testas,

558 5429 847 5480 Autumnus
873 5440 1016 5487 uvas,
1040 5426 1221 5478 bruma
1242 5428 1459 5482 succidit
1485 5422 1674 5481 oI.vas.
1758 5470 1759 5473 η

560 5572 827 5653 oscitantia
872 5574 1069 5629 invexit
1105 5585 1287 5629 contra
1324 5570 1534 5633 omnem
1559 5580 1805 5634 carminis
1833 5588 1888 5635 et
1913 5562 2091 5651 synta-

566 5652 687 5690 ιευε
710 5652 984 5697 rationem.

2516 459 2553 511 Χ
2566 458 2694 511 XIII.
2740 456 2997 510 Disticlton
3031 456 3404 525 prognosticon.

2179 546 2330 601 Mane
2357 551 2549 601 rubens
2579 548 2771 603 ctelum
2804 555 3058 599 venturus
3090 545 3292 598 nuntiat
3320 544 3534 605 imbres,

2177 636 2408 705 Vespere
2436 638 2713 706 puniceum
2737 637 2907 701 signat
2932 649 3252 703 consurgere
3281 643 3521 688 ventum.

2565 741 2749 795 XXIV.
2784 741 2912 795 Item
2943 743 3323 811 prognosticon.

2176 832 2306 886 Cum
2337 842 2503 885 terras
2532 832 3011 907 nebula‘pressant,
3043 832 3133 886 lux
3161 833 3303 886 clara
3333 829 3703 899 propinquat;

2246 918 2464 984 (Etltera
2498 934 2613 973 cum
2643 910 2887 984 densant,
2915 921 3173 975 imbribus
3203 934 3327 974 arva
3356 920 3553 985 rigant.

2716 1008 2874 1061 XXV.
2903 1008 2979 1061 De
3006 1010 3190 1078 glacie.

2178 1095 2391 1162 Frigore
2420 1098 2720 1151 constricta:
2755 1098 3006 1164 pendent,
3037 1107 3095 1151 ut
3122 1098 3334 1162 vellera,
3368 1098 3605 1165 Iitttpltm,

2250 1187 2311 1238 tt
2335 1194 2439 1239 stat
2470 1184 2569 1238 lixa
2600 1187 2716 1240 loco
2745 1188 2954 1239 cursilis
2979 1187 3115 1239 unda
3142 1189 3281 1254 gelu.

2696 1274 2877 1329 XXVI.
2920 1275 3187 1343 xEnigma,

2179 1365 2305 1430 Quae
2332 1381 2418 1420 res
2446 1375 2782 1434 progenerat,
2812 1380 2919 1432 quo
2948 1361 3159 1419 detn‘um
3188 1365 3417 1432 gignitur
3446 1364 3605 1432 ipsa?

2253 1456 2401 1511 Unda
2428 1456 2548 1521 gelu
2575 1464 2818 1521 generat,
2847 1455 3082 1521 gignitur
3106 1454 3247 1507 unda
3274 1454 3414 1519 gelu.

2561 1543 2768 1597 XXVII.
2815 1543 2892 1595 De
2924 1544 3139 1612 gugathe
3168 1542 3359 1609 lapide.

2180 1634 2306 1685 Sum
2338 1633 2487 1691 levis.
2517 1641 2570 1685 et
2599 1632 2751 1695 leuis,
2784 1634 2934 1699 piceo
2958 1634 3139 1686 colore
3164 1632 3414 1698 gagathes
3446 1647 3461 1689 ;

2184 1722 2358 1775 Ardeo
2388 1722 2583 1775 tinctus
2612 1736 2766 1787 aqua,
2800 1722 3098 1787 restinguor
3128 1714 3317 1774 tinctus
3346 1720 3508 1773 olivo.

2648 1830 2875 1883 XXVIII.
2913 1830 2988 1883 De
3011 1842 3256 1901 magnete.

2180 1920 2391 1987 Magnes
2424 1919 2697 1974 lerricolor
2728 1919 2923 1974 l‘errum
2951 1920 3273 1989 suspendere
3293 1920 3439 1972 novit
3466 1936 3477 1969 :

2248 2010 2329 2063 Sit
2350 2024 2579 2077 prmsens
2609 2008 2880 2070 adamans,
2912 2008 3050 2074 quod
3080 2016 3224 2061 tenet
3253 2007 3341 2060 ille
3365 2005 3528 2060 cadit.

2664 2117 2859 2171 XXIX.
2896 2118 2967 2169 De
2992 2109 3247 2170 asbeston.

2184 2208 2438 2261 Asheston
2470 2208 2660 2261 callido
2684 2211 2727 2261 si
2755 2210 2823 2261 sit
2852 2222 3135 2261 succensus
3157 2207 3223 2260 ab
3251 2207 3384 2273 igne,

2252 2296 2356 2349 Nec
2384 2296 2521 2349 valet
2542 2297 2825 2361 exstingui,
2857 2310 2955 2348 nec
2983 2310 3079 2347 sua
3107 2294 3317 2346 ﬂamma
3350 2293 3502 2362 perit.

2671 2402 2832 2457 XXX.
2858 2403 2937 2456 De
2965 2404 3252 2457 adamante.

2188 2490 2458 2545 Prmdurus
2476 2490 2729 2544 adamans
2759 2494 2951 2544 l‘errum
2980 2506 3081 2545 non
3108 2492 3323 2561 suscipit
3354 2505 3548 2548 omne;

2255 2580 2466 2633 Ilircino
2498 2589 2664 2635 tactus
2684 2581 2938 2649 sanguine
2959 2582 3127 2636 mollis
3154 2581 3274 2635 erit.

2674 2688 2855 2741 XXXI.
2885 2690 2964 2741 De
2985 2692 3251 2756 speculari.

2188 2778 2255 2831 Ut
2279 2777 2507 2831 Phtehus
2529 2779 2769 2833 succular
2803 2779 3064 2831 transiens
3087 2779 3379 2846 irrumpere
3409 2786 3602 2838 nescn,

2258 2868 2347 2921 Sic
2376 2867 2638 2921 Christum
2664 2881 2925 2934 generatis
2944 2868 3089 2932 virgo
3121 2865 3279 2917 Mara
3309 2873 3504 2917 manet.

2595 2952 2803 3007 XXXII.
2838 2953 2914 3005 De
2940 2954 3054 3005 citri
3084 2952 3343 3020 qualitate.

2195 3042 2410 3096 Pulchra
2444 3052 2580 3105 cute,
2608 3058 2766 3097 carne
2793 3043 2978 3106 dulcis,
3003 3051 3057 3096 et
3084 3043 3271 3095 acerba
3294 3041 3555 3099 medullis.

2562 3129 2791 3184 XXXIII.
2828 3132 2893 3183 In
2932 3132 3071 3184 disco
3101 3140 3359 3200 argenteo.

2191 3220 2421 3273 Candida
2450 3220 2793 3287 conspicuum
2822 3218 3071 3285 produxit
3097 3232 3266 3271 massa
3288 3218 3558 3277 catinum,

2260 3309 2372 3373 Quo
2396 3323 2552 3375 parce
2583 3306 2779 3360 nitidus
2810 3308 2996 3359 transit
3025 3306 3077 3359 in
3106 3322 3197 3360 ora
3221 3308 3388 3361 cibus.

2624 3391 2851 3446 XXXIV.
2876 3391 2941 3446 In
2966 3410 3083 3446 vase
3114 3394 3322 3447 salario.

2189 3488 2427 3551 Congrua
2457 3485 2739 3553 pulmentis
2770 3484 3026 3537 introrsus
3054 3499 3215 3552 grana
3238 3493 3525 3552 geruntur,
3720 3505 3762 3530 ς,

2258 3575 2515 3631 Concreta
2538 3573 2767 3640 limphis,
2795 3583 2885 3625 aut
2907 3573 3102 3627 nutrita
3131 3574 3416 3628 montibus.

2285 3759 2289 3763 ‘
2507 3684 2719 3739 XXXV.
2749 3684 2809 3737 In
2836 3683 3044 3753 ﬁbulam
3086 3687 3421 3740 matronilem.

2190 3777 2357 3831 Ollicii
2381 3777 2546 3828 nostri
2576 3783 2658 3827 est
2680 3774 2881 3826 vincire
2898 3775 3133 3841 segmina
3172 3790 3372 3837 morsu.

2266 3864 2331 3917 Ut
2359 3870 2506 3915 tensa
2532 3848 2782 3928 pulchros
2805 3860 2941 3927 palla
2958 3868 3177 3927 premat
3198 3862 3463 3915 humeros.

2483 3947 2716 4002 XXXVI.
2744 3946 2808 3999 In
2836 3948 3121 4001 columnam
3160 3948 3438 4017 parvulam.

2192 4040 2321 4094 Cum
2348 4040 2447 4093 sim
2474 4053 2631 4108 parva
2656 4038 2829 4103 nimis,
2856 4039 3086 4105 ingentia
3116 4040 3348 4106 pondera
3370 4048 3553 4109 porto,

2260 4130 2455 4184 Nititur
2482 4138 2535 4184 et
2565 4129 2776 4185 fabrica:
2804 4143 2889 4205 me
2909 4142 3069 4196 super
3095 4131 3265 4182 omnis
3288 4144 3441 4200 onus.
3600 4114 3609 4121 ’

2306 4316 2309 4317 ν
2694 4236 2951 4292 XXXVII.
2986 4237 3059 4291 Dc
3081 4239 3246 4291 arula.

2193 4332 2350 4384 Arula
2378 4345 2473 4383 sex
2496 4328 2648 4382 rebus
2669 4343 2877 4396 semper
2900 4328 3184 4387 candescit.
3207 4329 3389 4390 asello,

2124 4412 2169 4468 Ι)
2198 4419 2424 4485 Ignibus,
2452 4425 2506 4469 et
2537 4418 2688 4485 lignis
2715 4433 2831 4471 cum
2863 4416 3083 4486 forcipe,
3110 4416 3253 4480 folle,
3285 4418 3490 4472 batilln.

2371 4523 2647 4577 XXXVIII.
2676 4524 3016 4593 Interrogatio
3055 4541 3148 4593 pro
3176 4525 3283 4578 caeli
3310 4526 3575 4593 qualitate.

2192 4612 2429 4680 Suspice,
2463 4614 2507 4666 si
2537 4614 2703 4666 rutilis
2734 4613 2989 4679 refulgent
3016 4612 3211 4665 aethera
3236 4612 3476 4662 ﬂammiq

2595 4702 2870 4768 R‘sponsio
2909 4719 3000 4769 pro
3042 4701 3325 4753 serenitate.

2190 4787 2385 4843 Lucida
2416 4790 2640 4844 IucilIuis
2653 4790 2928 4857 perlucent
2957 4790 3130 4842 sidera
3149 4787 3323 4853 signis.

2714 4876 2842 4928 Item
2887 4892 2979 4944 pro
3028 4875 3221 4927 nubilo.

2176 4967 2345 5038 Ignea
2373 4967 2690 5020 nimbivoma
2718 4964 3028 5031 compressit
3053 4965 3228 5016 nubila
3260 4965 3415 5031 palla.

2556 5050 2705 5112 Item,
2737 5068 2848 5103 cum
2868 5053 3047 5104 caelum
3070 5052 3269 5105 mistam
3290 5063 3379 5105 est.

2184 5142 2320 5199 Pars
2346 5140 2465 5195 coeli
2488 5140 2652 5193 claret
2674 5142 2864 5206 stellis,
2893 5154 3014 5208 pars
3044 5142 3207 5208 pallet
3229 5143 3297 5196 ab
3329 5144 3547 5198 umbris.

2516 5247 2749 5306 XXXIX.
2782 5252 2857 5306 De
2885 5254 3129 5323 qualitate
3149 5266 3424 5309 ventorum.

2190 5345 2393 5397 Circius
2421 5343 2622 5403 aestivo,
2652 5342 2923 5396 \ullurnus
2945 5340 3139 5411 frigore
3167 5353 3346 5412 gratus
3370 5361 3383 5404 ;

2191 5430 2396 5485 Circius
2423 5428 2631 5482 (BSIIVOS
2659 5432 2946 5498 compescit
2972 5432 3181 5485 ﬂamine
3211 5432 3439 5486 morbos.

2262 5593 2285 5619 ι
2312 5584 2421 5637 IIoc
2448 5583 2563 5656 loco
2586 5584 2911 5639 desideratur
2927 5588 3125 5656 aliquid
3152 5587 3217 5641 ad
3243 5583 3486 5641 carminis
3513 5583 3757 5656 integri-

2194 5662 2353 5707 tatem
2379 5670 2394 5715 ;
2426 5668 2521 5706 nos
2548 5653 2885 5718 legeremus:
2915 5653 3152 5721 Partibus
3179 5656 3286 5708 hcc
3306 5660 3521 5707 constat.
