3934 6228
182 415 266 469 393
1232 422 1724 480 OPUSCULORUM
1765 423 1940 480 PARS
1980 424 2314 481 SECUNDA.

693 526 807 586 XL.
838 532 918 586 Ad
944 533 1193 588 Calidum.

186 618 322 672 Vivat
341 616 615 673 innumero
636 623 960 678 seculorum
990 625 1217 690 tramite,
1247 633 1425 682 rector

237 706 447 761 [tincta
476 708 636 764 nobis
654 711 852 765 :emula
874 713 1011 768 colla
1028 727 1274 782 premens
1297 731 1310 778 ;

183 797 251 851 Sis
268 811 416 863 regno
444 796 599 863 lelix,
623 806 682 854 et
711 800 861 868 pacis
891 815 1114 856 munere
1139 801 1363 871 pollens,

238 884 313 940 Sis
330 885 540 954 pietatis
564 900 778 954 amans,
809 887 1132 957 iustitiaeque
1159 897 1337 944 tenax.

663 977 802 1031 XLI.
833 981 858 1009 ⁸
886 977 968 1030 Ad
993 979 1211 1032 sabana.

181 1064 408 1120 Omnibus
434 1063 659 1131 eﬁ'ectis,
680 1081 800 1136 qua:
819 1067 994 1137 poscit
1019 1083 1140 1123 cura
1163 1059 1378 1136 lavacri,

242 1151 499 1208 Praetende
524 1156 787 1212 membris
816 1156 977 1210 lintea
1008 1157 1150 1212 clara
1177 1161 1300 1213 tuis.

107 1231 125 1248 ⁸
184 1239 206 1279 ι’
225 1241 281 1296 Et
301 1240 407 1295 haec
430 1241 695 1297 candiﬁco
719 1243 1036 1314 praeniteant
1063 1244 1290 1313 tegmina
1319 1245 1493 1310 cultu,

241 1330 464 1383 Vestrum
491 1330 569 1385 sic
596 1331 849 1385 meritum
875 1333 1133 1399 promicet
1160 1341 1284 1388 ante
1308 1333 1498 1388 Deum.
1561 1375 1572 1382 .

716 1414 872 1472 XLII.
904 1417 1196 1474 Conclusio.

183 1508 498 1563 Omnipotens
523 1520 711 1560 rerum
735 1505 921 1571 factor,
953 1522 1244 1578 regumque
1281 1516 1509 1576 creator,

243 1602 420 1671 Accipe
447 1603 716 1671 propitius
737 1615 853 1671 quae
883 1605 976 1659 tibi
1003 1619 1211 1662 summe
1241 1607 1449 1675 loquor.

187 1694 380 1767 Porrige
404 1693 680 1748 victricem
706 1709 802 1763 pro
829 1711 982 1751 sacro
1013 1698 1255 1766 principe
1278 1697 1520 1752 dextram
1543 1731 1560 1759 ν

249 1781 362 1846 Qum
387 1787 604 1850 prtestet
627 1784 769 1838 votis
791 1798 1044 1852 prospera
1075 1785 1213 1840 bona
1245 1784 1374 1839 suis.

191 1871 406 1927 Perierat
433 1871 673 1939 insignes
694 1887 907 1941 semper
927 1888 993 1928 ex
1021 1875 1176 1929 hoste
1206 1873 1519 1942 triumphos,

249 1961 347 2014 Nec
371 1961 525 2014 cedat
556 1961 701 2022 ullis,
731 1971 780 2015 te
806 1961 1116 2026 comitante,
1136 1957 1310 2018 malis.

191 2049 255 2103 Sit
283 2047 494 2102 blandus
525 2048 761 2114 famulis,
789 2049 861 2103 sit
891 2049 1023 2102 lenis
1052 2064 1247 2104 censor
1275 2047 1486 2116 iniquis,

255 2135 336 2189 Sic
360 2135 507 2189 nobis
535 2137 767 2204 placeat,
797 2152 896 2192 nec
921 2137 1014 2190 tibi
1041 2136 1332 2204 displiceat.

196 2225 253 2280 Et
280 2224 432 2279 multa
453 2225 697 2288 breviter
720 2241 881 2296 parvo
909 2240 1157 2282 sermone
1187 2239 1455 2296 perorem,

254 2313 325 2366 Sit
348 2312 483 2366 bona
509 2319 625 2367 tota
643 2327 851 2381 gerens,
872 2324 928 2366 et
955 2313 1092 2367 mala
1116 2312 1258 2368 nulla
1287 2325 1524 2384 gemens.

198 2396 263 2456 τε
285 2402 526 2463 donante,
550 2417 766 2471 precor,
789 2403 880 2471 qui
909 2416 1100 2471 regnas
1122 2404 1294 2456 trinns
1323 2410 1378 2455 et
1405 2415 1561 2467 unus,

260 2505 279 2531 ε
306 2490 454 2546 Texis
476 2492 530 2544 in
555 2500 812 2546 maternum
837 2493 1029 2547 saecula
1056 2500 1246 2547 cuncta
1278 2491 1435 2545 D~-us.

454 2577 636 2634 XLIII.
673 2580 750 2634 De
776 2581 1012 2649 superbia
1052 2590 1100 2636 et
1128 2582 1433 2635 humilitate.

201 2668 290 2733 Qui
310 2668 433 2736 petit
459 2669 677 2724 excelsa
707 2669 862 2724 debet
887 2669 1056 2723 vitare
1085 2670 1290 2722 ruinam
1317 2685 1332 2733 ;

261 2755 312 2809 In
335 2765 467 2809 terra
496 2756 763 2810 recubans
790 2770 897 2810 non
941 2755 1097 2810 timet
1123 2754 1266 2809 unde
1295 2762 1429 2809 ruat.

756 2859 1164 2919 PROVERT‘IA.

151 2988 156 2995 ,
265 2930 430 2986 XLIV.
456 2933 800 2989 Puovaamuu
820 2949 1041 2988 rntttuu.
1071 2962 1139 2974 -—
1163 2927 1239 2988 De
1260 2933 1674 3006 frontiaindicio.

206 3019 226 3059 ⁸
254 3020 409 3076 Frons
433 3022 668 3077 hominis
706 3032 938 3078 mentem
969 3025 1186 3093 proprio
1211 3025 1476 3094 depromit
1501 3025 1702 3080 amictu
1736 3038 1750 3076 :

263 3108 431 3174 Qualis
459 3110 638 3165 vultus
664 3111 784 3175 erit,
816 3111 938 3164 talia
959 3111 1126 3166 corda
1153 3112 1310 3180 gerit.

634 3267 637 3269 _
656 3199 813 3254 XLV.
849 3199 1175 3254 Prooerbium
1201 3216 1258 3254 tt.

210 3288 430 3355 Frigidus
457 3288 509 3341 in
537 3287 691 3342 bellis
719 3286 911 3342 frustra
941 3288 1277 3357 prmcingitur
1302 3289 1500 3350 armis;

211 3377 283 3431 Nil
302 3376 436 3430 valet
461 3377 720 3438 exterius,
741 3375 921 3431 deﬁcit
949 3377 1034 3431 ubi
1066 3377 1280 3448 propria
1311 3378 1503 3432 virtue.

633 3463 812 3520 XLVI.
856 3464 1184 3520 Proverbium
1223 3480 1297 3520 Ill.

207 3553 286 3608 Ille
301 3554 485 3622 jubere
505 3553 678 3621 nefas,
704 3554 793 3608 ille
821 3555 1132 3621 perhibetur
1157 3570 1360 3616 amare.

268 3644 360 3710 Qui
389 3645 675 3713 prohibere
702 3644 860 3702 valet,
886 3658 986 3698 nec
1008 3645 1290 3712 prohibere
1310 3644 1472 3698 volet.

646 3729 844 3784 XLVII.
884 3729 1207 3785 Proverbium
1245 3747 1317 3787 tv.

208 3821 441 3889 Confugis
468 3828 524 3873 et
533 3820 661 3883 .nati
687 3820 811 3874 vitia
837 3821 925 3874 vix
953 3835 1112 3877 nosse
1132 3821 1390 3885 valemus,

210 3909 454 3976 Quodque
481 3907 624 3962 domi
653 3909 871 3976 geritur,
903 3909 1160 3978 postremi
1191 3909 1332 3963 scire
1356 3907 1608 3964 solemus.

643 3995 867 4051 XLVIII.
897 3995 1224 4051 Prorerbium
1260 4012 1314 4050 v.

219 4086 336 4139 Cum
362 4089 578 4154 coniux,
608 4095 780 4145 natus.
810 4084 898 4138 vel
926 4099 1111 4139 servus
1136 4093 1325 4152 peccat
1351 4084 1616 4148 alumnus,

282 4174 490 4230 Cantica
517 4176 700 4245 vulgus
718 4173 894 4234 habet.
919 4186 1016 4226 nos
1039 4180 1215 4226 tamen
1236 4172 1336 4226 ista
1359 4173 1542 4227 latent.

665 4253 841 4317 XLIX.
875 4258 1204 4314 Prouerbium
1234 4273 1308 4312 vr.

227 4347 355 4402 Pane
379 4364 475 4404 suo
496 4350 697 4414 vivens,
723 4349 897 4404 aliena
927 4346 1137 4417 negotia
1178 4345 1448 4417 snpplens,

283 4435 381 4491 Iste
407 4451 568 4491 sanus
592 4449 731 4504 aeger
756 4446 858 4490 est.

728 4523 790 4578 L'.
825 4522 1158 4578 Proverbium
1183 4539 1275 4578 vn.

221 4611 444 4667 Carduus
469 4619 522 4665 et
550 4609 696 4678 spina
719 4626 839 4666 cum
864 4619 1075 4681 pastum
1120 4612 1320 4682 praebet
1347 4610 1514 4665 asello

287 4705 507 4756 Lactuca
525 4699 682 4754 labris
707 4715 925 4770 compar
951 4709 1052 4757 est.

677 4785 757 4838 LI.
800 4785 1128 4841 Proverbium
1154 4801 1264 4842 vni.

229 4875 332 4943 Ipse
360 4890 543 4930 manus
570 4875 780 4929 sibimet
807 4875 1079 4931 immundo
1105 4886 1338 4934 stercore
1367 4871 1525 4940 fedat,

291 4965 385 5030 Qui
413 4980 593 5019 canem
621 4963 786 5018 cauda
815 4971 1064 5017 retentat.

523 5071 625 5124 LII.
663 5067 1059 5127 SENTENTIE
1094 5071 1358 5128 SEPTEM
1370 5112 1385 5127 .

237 5160 354 5215 Esca
384 5156 473 5212 ﬁes
502 5162 735 5227 canibus,
765 5163 923 5217 fueris
942 5159 987 5216 si
1015 5159 1246 5216 iurmure
1270 5163 1478 5218 mistus.

303 5269 458 5356 {lion
486 5277 720 5356 a‘po‘eta,‘
738 5272 828 5356 sed
879 5273 948 5356 ab
986 5272 1229 5356 imperito
1256 5272 1472 5356 librario
1507 5277 1634 5356 haec
1678 5272 1760 5325 in-

239 5341 439 5404 scriptio
452 5341 619 5405 potuit
631 5341 838 5405 apponi,
860 5341 1058 5394 sabana
1083 5342 1344 5395 scribente
1363 5357 1460 5410 pro
1474 5343 1758 5406 sindonem,

242 5404 465 5478 (πυρά-(ιε
487 5405 744 5478 plerisque
769 5407 883 5460 aliis
909 5410 1149 5465 similiter
1167 5409 1480 5478 iudicamus.

242 5421 366 5474 quoa
402 5421 465 5474 ne
487 5421 744 5473 plerisque
769 5421 883 5460 ams
909 5421 1149 5465 Slmllllel'
1167 5421 1480 5478 iudicamus.

209 5527 217 5552 .
304 5473 330 5512 ³
356 5473 846 5558 Furiisserum
873 5489 971 5558 93.2
998 5485 1075 5532 νει
1154 5546 1167 5558 .
1347 5546 1360 5558 .
1447 5553 1457 5558 _
1528 5545 1540 5558 .

305 5555 325 5580 ε
355 5542 592 5594 alendum
619 5541 718 5594 hoc
744 5542 858 5595 loco
887 5543 1126 5599 videmus
1153 5546 1205 5599 in
1251 5546 1414 5600 verbo
1439 5545 1585 5610 texis,
1612 5545 1761 5600 nobis

305 5626 427 5670 sque
453 5609 672 5663 alterius
695 5608 898 5662 Codicis
923 5611 1124 5665 auxilio
1151 5614 1456 5670 insanabile.

247 5610 427 5677 absque
453 5610 672 5663 alterius
695 5610 898 5662 Codicis
923 5611 1124 5665 auxilio
1151 5614 1456 5670 insanabile.

307 5681 324 5712 ε
361 5683 410 5731 In
437 5677 665 5758 quqlam
692 5671 976 5796 fragmento
1015 5679 1163 5760 Jonas
1191 5682 1599 5746 Aurelianensis,
1623 5681 1762 5749 apud

251 5744 301 5796 Ρ.
327 5746 531 5796 Florez.
550 5761 603 5796 In
628 5759 745 5796 ann.
803 5745 835 5796 0
857 5752 987 5796 tom.
1018 5744 1062 5796 ν
1093 5745 1234 5796 Hlsn.
1269 5749 1419 5796 Sacr-
1445 5788 1460 5796 -
1518 5752 1762 5796 letmntnr

251 5744 301 5797 P.
327 5744 603 5812 Florez,in
628 5759 745 5813 app.
773 5744 835 5798 I0
857 5752 987 5798 tom.
1018 5744 1062 5797 V
1093 5745 1234 5815 Hisp.
1269 5749 1420 5808 Sacr.
1445 5788 1460 5820 ,
1518 5744 1763 5822 leguntur

556 5826 815 5900 Parma.
846 5833 1221 5899 LXXXVII.

1746 548 1793 605 Α
1825 534 2062 589 Detrahit
2086 534 2575 602 adversusl‘amam,
2604 538 2876 608 componit
2903 540 3124 597 amicus.

1820 620 1874 675 Si
1896 621 2071 676 barbae
2097 631 2338 681 sanctum
2361 622 2580 689 faciunt,
2611 625 2738 679 nihil
2771 626 3005 681 sanctius
3029 625 3203 684 hirco.

1825 709 2039 764 Femina
2069 720 2293 779 nuptura
2321 726 2594 767 servorum
2621 715 2843 786 crimina
2869 716 3036 783 ﬁngit.

1821 800 1890 853 At
1919 798 2106 852 melius
2136 799 2317 864 vivens
2357 802 2553 866 catula,
2581 810 2741 871 quam
2770 802 2945 858 functa
2972 805 3159 860 leaena.

1822 881 2042 937 Mendax
2071 893 2152 939 est
2172 886 2425 953 promissa
2455 902 2675 955 negans,
2699 898 2792 944 aut
2818 890 3038 946 reddere
3068 891 3304 948 tardam.

1824 972 2022 1041 Duplex
2053 989 2150 1030 nec
2174 975 2311 1030 bello
2337 975 2508 1040 tortis,
2539 993 2639 1035 nec
2669 994 2805 1047 pace
2836 980 3027 1037 ﬁdelis.

2219 1102 2572 1161 DISTICIION
2614 1107 2808 1162 δινεῖ
2830 1110 2982 1164 ωλι.

2255 1193 2382 1248 LIII.
2415 1195 2682 1251 Distichon
2711 1199 2954 1266 primum.

1827 1270 2007 1332 Divina
2032 1276 2263 1346 bonitas,
2282 1295 2349 1336 ne
2372 1281 2542 1346 feriat,
2573 1286 2742 1337 exerit
2770 1284 2922 1347 iram,

1828 1362 2030 1436 Ilioque
2051 1369 2135 1436 pie
2159 1369 2380 1434 cruciat,
2411 1385 2476 1425 ne
2504 1373 2885 1441 perpetualiter
2913 1384 3050 1428 urat.

2350 1482 2481 1537 LIV.
2519 1483 2780 1538 Distichou
2807 1501 2862 1540 tl.

1829 1567 2063 1638 Quisque
2089 1571 2224 1624 bene
2247 1571 2498 1640 loquitur,
2530 1581 2584 1627 et
2611 1574 2717 1628 vita
2747 1588 2940 1643 pravus
2964 1573 3189 1631 habetur
3208 1619 3221 1638 .

1831 1655 1982 1711 llunc
1999 1671 2094 1710 sua
2139 1657 2298 1711 verba
2329 1658 2508 1726 ligant,
2541 1668 2597 1714 et
2625 1677 2728 1716 vox
2759 1677 2978 1748 quqqne
3001 1664 3212 1734 propria
3242 1661 3389 1718 datr.-

2449 1787 2453 1792 .
3252 1771 3391 1808 llial.

2449 1787 2453 1792 .
3297 1771 3311 1805 ι

2358 1832 2460 1886 LV.
2497 1831 2758 1891 Distichon
2789 1839 2863 1890 nl.
3251 1747 3294 1819 [Ι
3318 1764 3365 1808 Μ

1835 1921 2021 1975 Omnia
2050 1935 2167 1990 quae
2194 1928 2436 1976 metuunt
2462 1924 2720 1990 homines,
2748 1927 2859 1980 hare
2883 1927 2986 1982 rite
3011 1940 3284 1990 caventur,

1833 2005 2068 2076 Namque
2091 2009 2254 2063 Deum
2294 2020 2552 2077 metuens,
2573 2023 2695 2081 post
2744 2015 2914 2082 ipsum
2957 2018 3124 2071 currit
3162 2019 3228 2073 ab
3255 2021 3394 2088 ipso.

2357 2127 2482 2180 LVI.
2513 2128 2778 2184 Disticha»

1836 2195 2120 2278 Virginitas
2139 2214 2311 2268 carnis
2348 2215 2548 2269 intacto
2577 2231 2806 2284 corpore
2833 2219 3078 2285 habetur,

1838 2297 2121 2369 Virginitas
2143 2303 2304 2356 animi
2336 2301 2456 2357 ﬁdei
2479 2303 2782 2370 integritate
2810 2315 3042 2362 tenetur.

2355 2389 2505 2446 LVII.
2533 2390 2796 2447 Disticlton
2819 2410 2866 2446 ν.

1841 2476 1983 2531 Mors
2003 2478 2172 2547 prima
2200 2473 2351 2548 pellit
2376 2480 2628 2542 animam,
2662 2481 2892 2536 secunda
2923 2490 3154 2537 retentat
3174 2523 3190 2545 .

1846 2565 1912 2620 Ut
1932 2566 2138 2623 nollens
2163 2568 2352 2623 subeat
2380 2569 2624 2622 meritam
2648 2571 2713 2624 de
2742 2585 2968 2641 corpore
2996 2587 3230 2643 pwnam.

2334 2655 2508 2710 LVIII.
2533 2645 2942 2715 Monostichou.’

1850 2741 2009 2796 [lecta
2036 2741 2165 2798 tides
2190 2756 2402 2798 sensum
2433 2747 2639 2814 pandit,
2669 2763 2775 2802 non
2797 2749 3018 2806 credere
3043 2749 3260 2807 claudit.

2225 2849 2353 2903 LIX.
2394 2844 2588 2905 Versus
2615 2854 2667 2906 in
2697 2853 3021 2909 bibliotheca.

1848 2936 2045 3007 Regula
2072 2954 2206 3008 quos
2237 2941 2354 2995 lidei
2378 2943 2717 2998 commendat
2755 2959 2976 3001 noscere
3002 2947 3196 3012 librOs,

1919 3027 2026 3083 Hos
2055 3036 2235 3095 nostra
2258 3043 2495 3098 praesens
2524 3030 2841 3088 bibliotheca
2862 3043 3036 3092 .tenet.

1849 3116 2091 3185 Quinque
2118 3118 2293 3186 priora
2322 3119 2460 3185 gerit
2489 3123 2788 3176 veneranda
2820 3125 3086 3181 volumina
3115 3126 3266 3196 legis,

1774 3188 1820 3250 (Ξ
1853 3206 2201 3269 Hinclosues,
2229 3209 2535 3276 Optimaque
2565 3211 2686 3266 hinc
2736 3213 2899 3279 Ruth,
2932 3188 3205 3272 Moabitica
3230 3225 3407 3286 gesta.

1851 3294 2023 3349 Bisbis
2049 3293 2248 3361 Regum
2275 3303 2559 3351 nectuntur
2588 3299 2640 3352 in
2664 3299 2852 3354 ordine
2884 3302 3024 3358 libri.

1853 3381 2025 3450 Atque
2052 3381 2134 3438 bis
2162 3384 2341 3438 ortoni
2369 3395 2696 3442 concurrunt
2725 3387 2846 3443 inde
2870 3389 3180 3460 Prophetas;

1856 3472 1933 3525 En
1956 3469 2074 3537 Job,
2105 3472 2257 3528 Psalle
2280 3477 2438 3537 rium,
2470 3475 2745 3544 Salomon,
2767 3485 2818 3532 et
2850 3478 3017 3550 Verba
3043 3481 3274 3537 dierum.

1858 3559 2035 3614 Esdrae
2054 3563 2396 3630 consequitur
2425 3565 2634 3630 Esther,
2652 3565 2923 3635 Sapientia
2945 3566 3092 3634 Jesu,

1857 3647 2012 3708 Tobi.
2044 3646 2290 3702 etJudith
2317 3666 2330 3701 :
2363 3652 2632 3706 concludit
2661 3655 2774 3708 haec
2806 3655 3262 3722 Machaba-orum;

1857 3735 1952 3789 IIic
1982 3735 2306 3791 Testamenti
2336 3737 2543 3793 Veteris
2591 3741 2813 3810 ﬁnisque
2835 3745 3151 3813 modusque.

1924 3823 2076 3878 Nunc
2100 3839 2342 3881 reserare
2371 3827 2499 3882 libet
2517 3829 2750 3884 carmine
2771 3831 2966 3900 scripta
2996 3841 3018 3869 ο
3048 3827 3202 3886 Novi.

1857 3911 2120 3977 Quattuor
2148 3911 2200 3967 in
2233 3915 2408 3984 capite
2433 3931 2706 3970 sacrorum
2729 3917 2867 3972 dicta
2894 3919 3169 3984 librorum,

1858 4000 2003 4066 Quos
2030 3999 2315 4071 Evangelia
2343 4011 2491 4058 recte
2517 4003 2702 4059 dixere
2730 4006 2954 4072 priores.

1860 4089 1983 4144 llam
2009 4093 2373 4161 conscripsere
2399 4093 2542 4146 clara
2562 4107 2697 4161 quos
2717 4093 2932 4147 nomina
2961 4096 3206 4163 produnt,

1859 4179 2158 4242 Matthzeus,
2191 4183 2415 4244 Marcus,
2445 4179 2633 4243 Lucas,
2658 4192 2975 4249 sanctusque
3002 4183 3253 4241 Joannes.

1859 4265 1956 4321 IIic
1985 4266 2133 4321 Pauli
2157 4269 2356 4322 monita
2380 4268 2634 4322 doctrina:
2656 4270 2786 4324 ﬂore
2809 4259 3118 4337 coruscant,

1857 4355 1956 4419 Qui
1986 4355 2066 4409 bis
2085 4363 2303 4425 septena
2325 4355 2646 4410 concludens
2669 4355 2772 4411 ﬁne
2798 4359 3068 4422 volumen,

1859 4443 2031 4498 Corda
2054 4444 2141 4512 pia
2169 4443 2384 4508 mulcet,
2407 4458 2460 4499 et
2485 4453 2648 4502 terret
2676 4446 2835 4514 impia
2855 4449 3036 4503 corda.

1785 4505 1836 4565 θ
1861 4505 2090 4588 Iacobus
2118 4533 2204 4589 hic
2235 4505 2404 4590 nitido
2433 4505 2793 4606 praepollens"
2819 4539 3006 4594 ordine
3027 4539 3171 4597 nitet.
3228 4591 3236 4597 .

1865 4625 1929 4677 Et
1961 4621 2102 4679 Petri
2131 4625 2341 4693 gemina
2367 4626 2668 4695 resplendet
2694 4628 2918 4700 epistola
2941 4630 3117 4686 dictis.

1862 4714 1938 4768 Ac
1966 4713 2156 4782 triplex
2183 4714 2373 4782 legitur
2394 4723 2419 4760 ε
2443 4715 2618 4782 magni
2641 4715 2881 4770 doctrina
2907 4715 3149 4780 Joannis;

1865 4800 2154 4871 Parvaque,
2183 4803 2276 4858 sed
2299 4802 2527 4872 prudens
2554 4810 2792 4870 gestetur
2810 4804 2999 4871 pagina
3021 4805 3190 4860 Judm.

1864 4889 1997 4944 Hinc
2024 4900 2079 4944 et
2105 4890 2427 4959 apostolicos
2455 4903 2773 4965 percurrens
2800 4887 2827 4926 ιι
2858 4891 3093 4947 invenies
3111 4901 3284 4962 actus,

1862 4976 2008 5042 Quos
2035 4987 2247 5033 sanctus
2271 4981 2459 5034 merito
2479 4980 2798 5049 conscripsit
2820 4983 3033 5038 nomine
3061 4984 3249 5040 Lucas.

1863 5067 1972 5122 llos
1997 5068 2237 5135 sequitur
2263 5068 2417 5137 plana
2443 5070 2628 5137 versis,
2657 5079 2711 5125 et
2750 5070 2906 5139 plena
2937 5072 3137 5140 ﬁguris,

1865 5156 2008 5210 Visio
2032 5154 2249 5211 Joannis
2289 5170 2664 5212 consummans
2689 5159 2866 5213 omnia
2895 5158 3043 5228 legis.

1863 5265 1916 5318 hi
1945 5265 2051 5346 duo
2072 5280 2255 5346 versus
2285 5267 2484 5346 absque
2508 5276 2680 5338 poeta:
2706 5269 2941 5333 nomine,
2969 5270 3279 5326 hexametro
3311 5271 3414 5327 ali-

1862 5342 2119 5401 quantum
2148 5342 2426 5391 immutato
2451 5354 2462 5388 :

1985 5432 2136 5483 Frons
2153 5435 2358 5485 hominis
2381 5438 2586 5497 propriae
2604 5437 2780 5485 mentis
2803 5437 3044 5498 depromit
3066 5407 3312 5489 amictum.

1936 5538 2057 5617 fita
2089 5540 2307 5617 legimus
2329 5557 2425 5608 pro
2445 5556 2509 5596 eo
2535 5541 2672 5608 quod
2695 5547 2775 5594 est
2797 5541 2960 5617 ir_t__Coi
3019 5558 3065 5617 με
3093 5558 3118 5617 :_
3130 5545 3323 5617 scripta
3341 5540 3418 5617 ei.

1939 5605 1958 5644 ί
1994 5605 2186 5676 Ordine
2209 5605 2427 5675 legimus
2448 5623 2540 5676 pro
2553 5605 2720 5676 Vorrete
2749 5611 2942 5664 nullius
2988 5605 3408 5675 signiﬁcationis.

1934 5686 1959 5747 ᾳ
1989 5675 2475 5747 Ilagnitudo‘habet
2499 5675 2699 5747 Codex,
2735 5677 2931 5747 inepte.

1895 5817 1904 5820 _
1939 5744 1964 5783 δ
1990 5743 2225 5802 Invenies
2251 5745 2455 5803 edimus
2481 5758 2580 5818 pro
2607 5743 2864 5892 invenire;

2792 5835 2822 5892 1

2792 5835 2822 5894 1
