  <div class='ocr_page' id='page_1' title='image "/cluster/home/n/w/nwhite01/storage/ocr_20150623/87-88/uva.x000827073/205.png"; bbox 0 0 3934 6228; ppageno 0'>
   <div class='ocr_carea' id='block_1_1' title="bbox 539 349 684 421">
    <p class='ocr_par' dir='ltr' id='par_1_1' title="bbox 539 349 684 421">
     <span class='ocr_line' id='line_1_1' title="bbox 539 349 684 421; baseline 0.028 -22"><span class='ocrx_word' id='word_1_1' title='bbox 539 349 642 402; x_wconf 65' lang='lat'><strong>395</strong></span> <span class='ocrx_word' id='word_1_2' title='bbox 675 412 684 421; x_wconf 53' lang='grc'><em>,</em></span> 
     </span>
    </p>
   </div>
   <div class='ocr_carea' id='block_1_2' title="bbox 538 450 2050 523">
    <p class='ocr_par' dir='ltr' id='par_1_2' title="bbox 538 450 2050 523">
     <span class='ocr_line' id='line_1_2' title="bbox 538 450 2050 523; baseline -0.007 -10"><span class='ocrx_word' id='word_1_3' title='bbox 538 460 661 513; x_wconf 62' lang='lat' dir='ltr'><strong>Hac</strong></span> <span class='ocrx_word' id='word_1_4' title='bbox 682 461 804 511; x_wconf 88' lang='lat' dir='ltr'><strong>sunt</strong></span> <span class='ocrx_word' id='word_1_5' title='bbox 833 461 856 487; x_wconf 71' lang='grc' dir='ltr'>α</span> <span class='ocrx_word' id='word_1_6' title='bbox 885 469 1032 509; x_wconf 91' lang='lat' dir='ltr'><strong>sacra</strong></span> <span class='ocrx_word' id='word_1_7' title='bbox 1065 454 1153 508; x_wconf 86' lang='lat' dir='ltr'><strong>Dei</strong></span> <span class='ocrx_word' id='word_1_8' title='bbox 1178 455 1330 523; x_wconf 86' lang='lat' dir='ltr'><strong>juris,</strong></span> <span class='ocrx_word' id='word_1_9' title='bbox 1359 456 1469 508; x_wconf 77' lang='lat' dir='ltr'><strong>lucc</strong></span> <span class='ocrx_word' id='word_1_10' title='bbox 1498 454 1717 523; x_wconf 89' lang='lat' dir='ltr'><strong>mystica</strong></span> <span class='ocrx_word' id='word_1_11' title='bbox 1737 450 1763 488; x_wconf 71' lang='grc' dir='ltr'><strong>ι’</strong></span> <span class='ocrx_word' id='word_1_12' title='bbox 1800 453 1889 507; x_wconf 92' lang='lat' dir='ltr'><strong>Dei</strong></span> <span class='ocrx_word' id='word_1_13' title='bbox 1911 453 2010 504; x_wconf 86' lang='lat' dir='ltr'><strong>vivi</strong></span> <span class='ocrx_word' id='word_1_14' title='bbox 2038 471 2050 515; x_wconf 81' lang='lat'><strong>;</strong></span> 
     </span>
    </p>
   </div>
   <div class='ocr_carea' id='block_1_3' title="bbox 612 543 1784 607">
    <p class='ocr_par' dir='ltr' id='par_1_3' title="bbox 612 543 1784 607">
     <span class='ocr_line' id='line_1_3' title="bbox 612 543 1784 607; baseline -0.001 -12"><span class='ocrx_word' id='word_1_15' title='bbox 612 543 733 598; x_wconf 83' lang='lat' dir='ltr'><strong>Ilaec</strong></span> <span class='ocrx_word' id='word_1_16' title='bbox 751 557 963 598; x_wconf 82' lang='lat' dir='ltr'><strong>servare</strong></span> <span class='ocrx_word' id='word_1_17' title='bbox 983 543 1154 607; x_wconf 89' lang='lat' dir='ltr'><strong>decet,</strong></span> <span class='ocrx_word' id='word_1_18' title='bbox 1184 545 1294 597; x_wconf 62' lang='lat' dir='ltr'><strong>haec</strong></span> <span class='ocrx_word' id='word_1_19' title='bbox 1324 551 1584 597; x_wconf 81' lang='lat' dir='ltr'><strong>temerare</strong></span> <span class='ocrx_word' id='word_1_20' title='bbox 1611 549 1784 596; x_wconf 91' lang='lat' dir='ltr'><strong>nocet.</strong></span> 
     </span>
    </p>
   </div>
   <div class='ocr_carea' id='block_1_4' title="bbox 545 631 1730 696">
    <p class='ocr_par' dir='ltr' id='par_1_4' title="bbox 545 631 1730 696">
     <span class='ocr_line' id='line_1_4' title="bbox 545 631 1730 696; baseline -0.003 -10"><span class='ocrx_word' id='word_1_21' title='bbox 545 634 634 686; x_wconf 91' lang='lat' dir='ltr'><strong>Ilis</strong></span> <span class='ocrx_word' id='word_1_22' title='bbox 661 633 806 686; x_wconf 91' lang='lat' dir='ltr'><strong>lectis</strong></span> <span class='ocrx_word' id='word_1_23' title='bbox 833 633 1036 688; x_wconf 90' lang='lat' dir='ltr'><strong>animus</strong></span> <span class='ocrx_word' id='word_1_24' title='bbox 1065 634 1241 685; x_wconf 81' lang='lat' dir='ltr'><strong>divino</strong></span> <span class='ocrx_word' id='word_1_25' title='bbox 1267 647 1485 685; x_wconf 91' lang='lat' dir='ltr'><strong>munere</strong></span> <span class='ocrx_word' id='word_1_26' title='bbox 1512 631 1730 696; x_wconf 89' lang='lat' dir='ltr'><strong>crescit,</strong></span> 
     </span>
    </p>
   </div>
   <div class='ocr_carea' id='block_1_5' title="bbox 609 718 1596 791">
    <p class='ocr_par' dir='ltr' id='par_1_5' title="bbox 609 718 1596 791">
     <span class='ocr_line' id='line_1_5' title="bbox 609 718 1596 791; baseline -0.002 -19"><span class='ocrx_word' id='word_1_27' title='bbox 609 721 881 791; x_wconf 81' lang='lat' dir='ltr'><strong>lllecebras</strong></span> <span class='ocrx_word' id='word_1_28' title='bbox 896 720 1078 776; x_wconf 79' lang='lat' dir='ltr'><strong>mundi,</strong></span> <span class='ocrx_word' id='word_1_29' title='bbox 1094 720 1255 772; x_wconf 90' lang='lat' dir='ltr'><strong>vincit</strong></span> <span class='ocrx_word' id='word_1_30' title='bbox 1279 733 1458 773; x_wconf 90' lang='lat' dir='ltr'><strong>amore</strong></span> <span class='ocrx_word' id='word_1_31' title='bbox 1489 718 1596 772; x_wconf 87' lang='lat' dir='ltr'><strong>Dei.</strong></span> 
     </span>
    </p>
   </div>
   <div class='ocr_carea' id='block_1_6' title="bbox 541 803 1976 874">
    <p class='ocr_par' dir='ltr' id='par_1_6' title="bbox 541 803 1976 874">
     <span class='ocr_line' id='line_1_6' title="bbox 541 803 1976 874; baseline -0.002 -15"><span class='ocrx_word' id='word_1_32' title='bbox 541 807 672 860; x_wconf 80' lang='lat' dir='ltr'><strong>Ilinc</strong></span> <span class='ocrx_word' id='word_1_33' title='bbox 703 820 921 874; x_wconf 87' lang='lat' dir='ltr'><strong>pravum</strong></span> <span class='ocrx_word' id='word_1_34' title='bbox 949 813 1256 872; x_wconf 86' lang='lat' dir='ltr'><strong>rectumque</strong></span> <span class='ocrx_word' id='word_1_35' title='bbox 1279 813 1428 872; x_wconf 90' lang='lat' dir='ltr'><strong>parat</strong></span> <span class='ocrx_word' id='word_1_36' title='bbox 1448 805 1752 858; x_wconf 79' lang='lat' dir='ltr'><strong>discernere</strong></span> <span class='ocrx_word' id='word_1_37' title='bbox 1770 803 1976 867; x_wconf 86' lang='lat' dir='ltr'><strong>doctus,</strong></span> 
     </span>
    </p>
   </div>
   <div class='ocr_carea' id='block_1_7' title="bbox 605 893 1839 962">
    <p class='ocr_par' dir='ltr' id='par_1_7' title="bbox 605 893 1839 962">
     <span class='ocr_line' id='line_1_7' title="bbox 605 893 1839 962; baseline 0 -16"><span class='ocrx_word' id='word_1_38' title='bbox 605 894 811 962; x_wconf 91' lang='lat' dir='ltr'><strong>Optima</strong></span> <span class='ocrx_word' id='word_1_39' title='bbox 839 893 1120 962; x_wconf 77' lang='lat' dir='ltr'><strong>perﬁciens</strong></span> <span class='ocrx_word' id='word_1_40' title='bbox 1151 903 1172 931; x_wconf 84' lang='grc' dir='ltr'><strong><em>ο</em></strong></span> <span class='ocrx_word' id='word_1_41' title='bbox 1202 902 1257 946; x_wconf 92' lang='lat' dir='ltr'><strong>et</strong></span> <span class='ocrx_word' id='word_1_42' title='bbox 1282 894 1418 946; x_wconf 87' lang='lat' dir='ltr'><strong>mala</strong></span> <span class='ocrx_word' id='word_1_43' title='bbox 1446 907 1599 947; x_wconf 89' lang='lat' dir='ltr'><strong>suasa</strong></span> <span class='ocrx_word' id='word_1_44' title='bbox 1625 895 1839 947; x_wconf 85' lang='lat' dir='ltr'><strong>cadens.</strong></span> 
     </span>
    </p>
   </div>
   <div class='ocr_carea' id='block_1_8' title="bbox 537 979 1818 1049">
    <p class='ocr_par' dir='ltr' id='par_1_8' title="bbox 537 979 1818 1049">
     <span class='ocr_line' id='line_1_8' title="bbox 537 979 1818 1049; baseline -0.003 -14"><span class='ocrx_word' id='word_1_45' title='bbox 537 982 667 1035; x_wconf 89' lang='lat' dir='ltr'><strong>llinc</strong></span> <span class='ocrx_word' id='word_1_46' title='bbox 695 989 908 1046; x_wconf 88' lang='lat' dir='ltr'><strong>turgens</strong></span> <span class='ocrx_word' id='word_1_47' title='bbox 934 982 1078 1048; x_wconf 86' lang='lat' dir='ltr'><strong>ponit</strong></span> <span class='ocrx_word' id='word_1_48' title='bbox 1103 983 1337 1048; x_wconf 89' lang='lat' dir='ltr'><strong>perclusa</strong></span> <span class='ocrx_word' id='word_1_49' title='bbox 1357 979 1603 1049; x_wconf 78' lang='lat' dir='ltr'><strong>superbia</strong></span> <span class='ocrx_word' id='word_1_50' title='bbox 1634 979 1818 1044; x_wconf 85' lang='lat' dir='ltr'><strong>fastus,</strong></span> 
     </span>
    </p>
   </div>
   <div class='ocr_carea' id='block_1_9' title="bbox 609 1068 1755 1138">
    <p class='ocr_par' dir='ltr' id='par_1_9' title="bbox 609 1068 1755 1138">
     <span class='ocr_line' id='line_1_9' title="bbox 609 1068 1755 1138; baseline -0.005 -12"><span class='ocrx_word' id='word_1_51' title='bbox 609 1070 865 1126; x_wconf 75' lang='lat' dir='ltr'><strong>Frenatur</strong></span> <span class='ocrx_word' id='word_1_52' title='bbox 891 1068 1063 1132; x_wconf 81' lang='lat' dir='ltr'><strong>luxus,</strong></span> <span class='ocrx_word' id='word_1_53' title='bbox 1085 1069 1554 1138; x_wconf 90' lang='lat' dir='ltr'><strong>comprimitttrque</strong></span> <span class='ocrx_word' id='word_1_54' title='bbox 1582 1069 1755 1131; x_wconf 89' lang='lat' dir='ltr'><strong>dolus,</strong></span> 
     </span>
    </p>
   </div>
   <div class='ocr_carea' id='block_1_10' title="bbox 533 1153 1711 1216">
    <p class='ocr_par' dir='ltr' id='par_1_10' title="bbox 533 1153 1711 1216">
     <span class='ocr_line' id='line_1_10' title="bbox 533 1153 1711 1216; baseline 0.002 -10"><span class='ocrx_word' id='word_1_55' title='bbox 533 1153 759 1207; x_wconf 86' lang='lat' dir='ltr'><strong>Turbida</strong></span> <span class='ocrx_word' id='word_1_56' title='bbox 788 1156 1046 1210; x_wconf 88' lang='lat' dir='ltr'><strong>clamosos</strong></span> <span class='ocrx_word' id='word_1_57' title='bbox 1073 1157 1267 1210; x_wconf 88' lang='lat' dir='ltr'><strong>amittit</strong></span> <span class='ocrx_word' id='word_1_58' title='bbox 1295 1157 1408 1211; x_wconf 87' lang='lat' dir='ltr'><strong>rixa</strong></span> <span class='ocrx_word' id='word_1_59' title='bbox 1437 1155 1711 1216; x_wconf 82' lang='lat' dir='ltr'><strong>tumultus,</strong></span> 
     </span>
    </p>
   </div>
   <div class='ocr_carea' id='block_1_11' title="bbox 607 1246 1799 1318">
    <p class='ocr_par' dir='ltr' id='par_1_11' title="bbox 607 1246 1799 1318">
     <span class='ocr_line' id='line_1_11' title="bbox 607 1246 1799 1318; baseline 0.001 -21"><span class='ocrx_word' id='word_1_60' title='bbox 607 1246 1012 1314; x_wconf 89' lang='lat' dir='ltr'><strong>Acquiriturque</strong></span> <span class='ocrx_word' id='word_1_61' title='bbox 1040 1247 1224 1302; x_wconf 82' lang='lat' dir='ltr'><strong>fovens</strong></span> <span class='ocrx_word' id='word_1_62' title='bbox 1245 1248 1389 1318; x_wconf 86' lang='lat' dir='ltr'><strong>pacis</strong></span> <span class='ocrx_word' id='word_1_63' title='bbox 1414 1262 1594 1300; x_wconf 89' lang='lat' dir='ltr'><strong>amore</strong></span> <span class='ocrx_word' id='word_1_64' title='bbox 1621 1246 1799 1312; x_wconf 87' lang='lat' dir='ltr'><strong>quies.</strong></span> 
     </span>
    </p>
   </div>
   <div class='ocr_carea' id='block_1_12' title="bbox 539 1333 2011 1402">
    <p class='ocr_par' dir='ltr' id='par_1_12' title="bbox 539 1333 2011 1402">
     <span class='ocr_line' id='line_1_12' title="bbox 539 1333 2011 1402; baseline 0 -16"><span class='ocrx_word' id='word_1_65' title='bbox 539 1333 671 1398; x_wconf 86' lang='lat' dir='ltr'><strong>Quid</strong></span> <span class='ocrx_word' id='word_1_66' title='bbox 691 1334 796 1400; x_wconf 91' lang='lat' dir='ltr'><strong>jam</strong></span> <span class='ocrx_word' id='word_1_67' title='bbox 827 1336 985 1388; x_wconf 90' lang='lat' dir='ltr'><strong>multa</strong></span> <span class='ocrx_word' id='word_1_68' title='bbox 1015 1335 1236 1402; x_wconf 89' lang='lat' dir='ltr'><strong>loquar?</strong></span> <span class='ocrx_word' id='word_1_69' title='bbox 1271 1337 1438 1388; x_wconf 83' lang='lat' dir='ltr'><strong>virtus</strong></span> <span class='ocrx_word' id='word_1_70' title='bbox 1471 1335 1556 1388; x_wconf 88' lang='lat' dir='ltr'><strong>hic</strong></span> <span class='ocrx_word' id='word_1_71' title='bbox 1585 1334 1794 1402; x_wconf 88' lang='lat' dir='ltr'><strong>prolicit</strong></span> <span class='ocrx_word' id='word_1_72' title='bbox 1822 1333 2011 1397; x_wconf 86' lang='lat' dir='ltr'><strong>omnis,</strong></span> 
     </span>
    </p>
   </div>
   <div class='ocr_carea' id='block_1_13' title="bbox 604 1420 1787 1489">
    <p class='ocr_par' dir='ltr' id='par_1_13' title="bbox 604 1420 1787 1489">
     <span class='ocr_line' id='line_1_13' title="bbox 604 1420 1787 1489; baseline -0.001 -18"><span class='ocrx_word' id='word_1_73' title='bbox 604 1420 722 1474; x_wconf 65' lang='lat' dir='ltr'><strong>llaec</strong></span> <span class='ocrx_word' id='word_1_74' title='bbox 748 1423 955 1489; x_wconf 88' lang='lat' dir='ltr'><strong>perimit</strong></span> <span class='ocrx_word' id='word_1_75' title='bbox 983 1431 1149 1475; x_wconf 91' lang='lat' dir='ltr'><strong>totum</strong></span> <span class='ocrx_word' id='word_1_76' title='bbox 1180 1424 1336 1475; x_wconf 84' lang='lat' dir='ltr'><strong>lectio</strong></span> <span class='ocrx_word' id='word_1_77' title='bbox 1364 1432 1542 1475; x_wconf 89' lang='lat' dir='ltr'><strong>sancta</strong></span> <span class='ocrx_word' id='word_1_78' title='bbox 1572 1423 1787 1474; x_wconf 89' lang='lat' dir='ltr'><strong>malmn.</strong></span> 
     </span>
    </p>
   </div>
   <div class='ocr_carea' id='block_1_14' title="bbox 533 1506 2076 1578">
    <p class='ocr_par' dir='ltr' id='par_1_14' title="bbox 533 1506 2076 1578">
     <span class='ocr_line' id='line_1_14' title="bbox 533 1506 2076 1578; baseline 0.003 -19"><span class='ocrx_word' id='word_1_79' title='bbox 533 1508 556 1543; x_wconf 74' lang='grc' dir='ltr'><strong><em>ἀ</em></strong></span> <span class='ocrx_word' id='word_1_80' title='bbox 587 1508 719 1562; x_wconf 85' lang='lat' dir='ltr'><strong>Ecce</strong></span> <span class='ocrx_word' id='word_1_81' title='bbox 747 1511 870 1576; x_wconf 91' lang='lat' dir='ltr'><strong>quid</strong></span> <span class='ocrx_word' id='word_1_82' title='bbox 901 1512 1131 1563; x_wconf 84' lang='lat' dir='ltr'><strong>omnium</strong></span> <span class='ocrx_word' id='word_1_83' title='bbox 1172 1526 1266 1578; x_wconf 88' lang='lat' dir='ltr'><strong>per</strong></span> <span class='ocrx_word' id='word_1_84' title='bbox 1295 1525 1483 1563; x_wconf 88' lang='lat' dir='ltr'><strong>nomen</strong></span> <span class='ocrx_word' id='word_1_85' title='bbox 1509 1511 1589 1578; x_wconf 11' lang='lat' dir='ltr'><strong>gvis</strong></span> <span class='ocrx_word' id='word_1_86' title='bbox 1617 1506 1834 1564; x_wconf 88' lang='lat' dir='ltr'><strong>cerneré</strong></span> <span class='ocrx_word' id='word_1_87' title='bbox 1881 1513 2042 1564; x_wconf 84' lang='lat' dir='ltr'><strong>corde</strong></span> <span class='ocrx_word' id='word_1_88' title='bbox 2061 1551 2076 1576; x_wconf 84' lang='lat'><strong>,</strong></span> 
     </span>
    </p>
   </div>
   <div class='ocr_carea' id='block_1_15' title="bbox 599 1596 1979 1674">
    <p class='ocr_par' dir='ltr' id='par_1_15' title="bbox 599 1596 1979 1674">
     <span class='ocr_line' id='line_1_15' title="bbox 599 1596 1979 1674; baseline 0.004 -27"><span class='ocrx_word' id='word_1_89' title='bbox 599 1596 719 1650; x_wconf 69' lang='lat' dir='ltr'><strong>llaec</strong></span> <span class='ocrx_word' id='word_1_90' title='bbox 751 1599 1006 1651; x_wconf 88' lang='lat' dir='ltr'><strong>meditare</strong></span> <span class='ocrx_word' id='word_1_91' title='bbox 1034 1601 1272 1666; x_wconf 84' lang='lat' dir='ltr'><strong>loquens,</strong></span> <span class='ocrx_word' id='word_1_92' title='bbox 1304 1599 1417 1653; x_wconf 65' lang='lat' dir='ltr'><strong>haec</strong></span> <span class='ocrx_word' id='word_1_93' title='bbox 1443 1615 1737 1652; x_wconf 89' lang='lat' dir='ltr'><strong>memorare</strong></span> <span class='ocrx_word' id='word_1_94' title='bbox 1771 1608 1979 1674; x_wconf 86' lang='lat' dir='ltr'><strong>tacens.</strong></span> 
     </span>
    </p>
   </div>
   <div class='ocr_carea' id='block_1_16' title="bbox 527 1675 1979 1757">
    <p class='ocr_par' dir='ltr' id='par_1_16' title="bbox 527 1675 1979 1757">
     <span class='ocr_line' id='line_1_16' title="bbox 527 1675 1979 1757; baseline 0 -19"><span class='ocrx_word' id='word_1_95' title='bbox 527 1685 676 1738; x_wconf 79' lang='lat' dir='ltr'><strong>Nunc</strong></span> <span class='ocrx_word' id='word_1_96' title='bbox 704 1697 941 1752; x_wconf 90' lang='lat' dir='ltr'><strong>superest</strong></span> <span class='ocrx_word' id='word_1_97' title='bbox 974 1687 1086 1751; x_wconf 79' lang='lat' dir='ltr'><strong>l‘ari,</strong></span> <span class='ocrx_word' id='word_1_98' title='bbox 1117 1703 1222 1755; x_wconf 92' lang='lat' dir='ltr'><strong>quo</strong></span> <span class='ocrx_word' id='word_1_99' title='bbox 1251 1689 1356 1741; x_wconf 85' lang='lat' dir='ltr'><strong>sint</strong></span> <span class='ocrx_word' id='word_1_100' title='bbox 1384 1689 1683 1757; x_wconf 72' lang='lat' dir='ltr'><strong>praescripta</strong></span> <span class='ocrx_word' id='word_1_101' title='bbox 1709 1688 1948 1752; x_wconf 88' lang='lat' dir='ltr'><strong>jubente,</strong></span> <span class='ocrx_word' id='word_1_102' title='bbox 1978 1675 1979 1678; x_wconf 3' lang='lat' dir='ltr'><strong>L</strong></span> 
     </span>
    </p>
   </div>
   <div class='ocr_carea' id='block_1_17' title="bbox 601 1771 1758 1838">
    <p class='ocr_par' dir='ltr' id='par_1_17' title="bbox 601 1771 1758 1838">
     <span class='ocr_line' id='line_1_17' title="bbox 601 1771 1758 1838; baseline 0.001 -13"><span class='ocrx_word' id='word_1_103' title='bbox 601 1771 687 1825; x_wconf 78' lang='lat' dir='ltr'><strong>Vel</strong></span> <span class='ocrx_word' id='word_1_104' title='bbox 728 1773 875 1838; x_wconf 87' lang='lat' dir='ltr'><strong>cujus</strong></span> <span class='ocrx_word' id='word_1_105' title='bbox 903 1775 1074 1827; x_wconf 88' lang='lat' dir='ltr'><strong>studio</strong></span> <span class='ocrx_word' id='word_1_106' title='bbox 1096 1776 1145 1827; x_wconf 90' lang='lat' dir='ltr'><strong>in</strong></span> <span class='ocrx_word' id='word_1_107' title='bbox 1174 1775 1368 1828; x_wconf 88' lang='lat' dir='ltr'><strong>Codice</strong></span> <span class='ocrx_word' id='word_1_108' title='bbox 1395 1776 1551 1828; x_wconf 89' lang='lat' dir='ltr'><strong>missa</strong></span> <span class='ocrx_word' id='word_1_109' title='bbox 1582 1775 1758 1830; x_wconf 85' lang='lat' dir='ltr'><strong>simul.</strong></span> 
     </span>
    </p>
   </div>
   <div class='ocr_carea' id='block_1_18' title="bbox 530 1859 1908 1929">
    <p class='ocr_par' dir='ltr' id='par_1_18' title="bbox 530 1859 1908 1929">
     <span class='ocr_line' id='line_1_18' title="bbox 530 1859 1908 1929; baseline 0.002 -17"><span class='ocrx_word' id='word_1_110' title='bbox 530 1859 776 1912; x_wconf 84' lang='lat' dir='ltr'><strong>Summus</strong></span> <span class='ocrx_word' id='word_1_111' title='bbox 801 1869 856 1913; x_wconf 91' lang='lat' dir='ltr'><strong>et</strong></span> <span class='ocrx_word' id='word_1_112' title='bbox 883 1860 1123 1928; x_wconf 82' lang='lat' dir='ltr'><strong>egregius</strong></span> <span class='ocrx_word' id='word_1_113' title='bbox 1150 1862 1412 1927; x_wconf 75' lang='lat' dir='ltr'><strong>congessit</strong></span> <span class='ocrx_word' id='word_1_114' title='bbox 1438 1870 1630 1914; x_wconf 89' lang='lat' dir='ltr'><strong>cuncta</strong></span> <span class='ocrx_word' id='word_1_115' title='bbox 1657 1860 1908 1929; x_wconf 77' lang='lat' dir='ltr'><strong>Joannes,</strong></span> 
     </span>
    </p>
   </div>
   <div class='ocr_carea' id='block_1_19' title="bbox 595 1947 1655 2016">
    <p class='ocr_par' dir='ltr' id='par_1_19' title="bbox 595 1947 1655 2016">
     <span class='ocr_line' id='line_1_19' title="bbox 595 1947 1655 2016; baseline 0.002 -17"><span class='ocrx_word' id='word_1_116' title='bbox 595 1947 714 2000; x_wconf 68' lang='lat' dir='ltr'><strong>liite</strong></span> <span class='ocrx_word' id='word_1_117' title='bbox 739 1948 1086 2001; x_wconf 87' lang='lat' dir='ltr'><strong>ministerium</strong></span> <span class='ocrx_word' id='word_1_118' title='bbox 1120 1947 1422 2016; x_wconf 78' lang='lat' dir='ltr'><strong>pontiﬁcale</strong></span> <span class='ocrx_word' id='word_1_119' title='bbox 1446 1962 1655 2016; x_wconf 88' lang='lat' dir='ltr'><strong>gerens.</strong></span> 
     </span>
    </p>
   </div>
   <div class='ocr_carea' id='block_1_20' title="bbox 528 2021 1805 2104">
    <p class='ocr_par' dir='ltr' id='par_1_20' title="bbox 528 2021 1805 2104">
     <span class='ocr_line' id='line_1_20' title="bbox 528 2021 1805 2104; baseline 0.004 -21"><span class='ocrx_word' id='word_1_120' title='bbox 528 2044 551 2069; x_wconf 71' lang='grc' dir='ltr'><strong>ο</strong></span> <span class='ocrx_word' id='word_1_121' title='bbox 583 2034 833 2086; x_wconf 59' lang='lat' dir='ltr'><strong>the-sarem</strong></span> <span class='ocrx_word' id='word_1_122' title='bbox 859 2045 1016 2086; x_wconf 76' lang='lat' dir='ltr'><strong>vasta:</strong></span> <span class='ocrx_word' id='word_1_123' title='bbox 1046 2034 1168 2088; x_wconf 91' lang='lat' dir='ltr'><strong>dum</strong></span> <span class='ocrx_word' id='word_1_124' title='bbox 1200 2021 1380 2103; x_wconf 85' lang='lat' dir='ltr'><strong>pastor</strong></span> <span class='ocrx_word' id='word_1_125' title='bbox 1404 2035 1648 2104; x_wconf 65' lang='lat' dir='ltr'><strong>praesidet</strong></span> <span class='ocrx_word' id='word_1_126' title='bbox 1667 2037 1805 2102; x_wconf 81' lang='lat' dir='ltr'><strong>urbi,</strong></span> 
     </span>
    </p>
   </div>
   <div class='ocr_carea' id='block_1_21' title="bbox 590 2120 1737 2179">
    <p class='ocr_par' dir='ltr' id='par_1_21' title="bbox 590 2120 1737 2179">
     <span class='ocr_line' id='line_1_21' title="bbox 590 2120 1737 2179; baseline 0.006 -7"><span class='ocrx_word' id='word_1_127' title='bbox 590 2120 711 2172; x_wconf 72' lang='lat' dir='ltr'><strong>limo</strong></span> <span class='ocrx_word' id='word_1_128' title='bbox 739 2121 1033 2173; x_wconf 85' lang='lat' dir='ltr'><strong>veneranda</strong></span> <span class='ocrx_word' id='word_1_129' title='bbox 1058 2136 1156 2176; x_wconf 91' lang='lat' dir='ltr'><strong>suo</strong></span> <span class='ocrx_word' id='word_1_130' title='bbox 1178 2124 1389 2177; x_wconf 87' lang='lat' dir='ltr'><strong>nomine</strong></span> <span class='ocrx_word' id='word_1_131' title='bbox 1410 2124 1550 2178; x_wconf 91' lang='lat' dir='ltr'><strong>dona</strong></span> <span class='ocrx_word' id='word_1_132' title='bbox 1570 2125 1737 2179; x_wconf 92' lang='lat' dir='ltr'><strong>dedit.</strong></span> 
     </span>
    </p>
   </div>
   <div class='ocr_carea' id='block_1_22' title="bbox 519 2208 1963 2282">
    <p class='ocr_par' dir='ltr' id='par_1_22' title="bbox 519 2208 1963 2282">
     <span class='ocr_line' id='line_1_22' title="bbox 519 2208 1963 2282; baseline 0.008 -23"><span class='ocrx_word' id='word_1_133' title='bbox 519 2208 730 2260; x_wconf 80' lang='lat' dir='ltr'><strong>Credite</strong></span> <span class='ocrx_word' id='word_1_134' title='bbox 748 2209 853 2275; x_wconf 91' lang='lat' dir='ltr'><strong>jam</strong></span> <span class='ocrx_word' id='word_1_135' title='bbox 874 2212 1065 2277; x_wconf 90' lang='lat' dir='ltr'><strong>cuncti,</strong></span> <span class='ocrx_word' id='word_1_136' title='bbox 1093 2220 1215 2281; x_wconf 91' lang='lat' dir='ltr'><strong>post</strong></span> <span class='ocrx_word' id='word_1_137' title='bbox 1239 2224 1464 2268; x_wconf 85' lang='lat' dir='ltr'><strong>mortem</strong></span> <span class='ocrx_word' id='word_1_138' title='bbox 1503 2214 1681 2269; x_wconf 84' lang='lat' dir='ltr'><strong>vivere</strong></span> <span class='ocrx_word' id='word_1_139' title='bbox 1709 2214 1963 2282; x_wconf 80' lang='lat' dir='ltr'><strong>functum,</strong></span> 
     </span>
    </p>
   </div>
   <div class='ocr_carea' id='block_1_23' title="bbox 592 2297 1690 2371">
    <p class='ocr_par' dir='ltr' id='par_1_23' title="bbox 592 2297 1690 2371">
     <span class='ocr_line' id='line_1_23' title="bbox 592 2297 1690 2371; baseline 0.005 -21"><span class='ocrx_word' id='word_1_140' title='bbox 592 2297 752 2363; x_wconf 88' lang='lat' dir='ltr'><strong>Cujus</strong></span> <span class='ocrx_word' id='word_1_141' title='bbox 778 2305 898 2365; x_wconf 90' lang='lat' dir='ltr'><strong>post</strong></span> <span class='ocrx_word' id='word_1_142' title='bbox 919 2299 1117 2353; x_wconf 90' lang='lat' dir='ltr'><strong>obitum</strong></span> <span class='ocrx_word' id='word_1_143' title='bbox 1148 2300 1512 2368; x_wconf 80' lang='lat' dir='ltr'><strong>magniﬁcatur</strong></span> <span class='ocrx_word' id='word_1_144' title='bbox 1537 2317 1690 2371; x_wconf 89' lang='lat' dir='ltr'><strong>opus.</strong></span> 
     </span>
    </p>
   </div>
   <div class='ocr_carea' id='block_1_24' title="bbox 1040 2386 1572 2442">
    <p class='ocr_par' dir='ltr' id='par_1_24' title="bbox 1040 2386 1572 2442">
     <span class='ocr_line' id='line_1_24' title="bbox 1040 2386 1572 2442; baseline 0.006 -3"><span class='ocrx_word' id='word_1_145' title='bbox 1040 2386 1150 2442; x_wconf 82' lang='lat' dir='ltr'><strong>LX.</strong></span> <span class='ocrx_word' id='word_1_146' title='bbox 1181 2387 1259 2440; x_wconf 85' lang='lat' dir='ltr'><strong>De</strong></span> <span class='ocrx_word' id='word_1_147' title='bbox 1287 2389 1572 2442; x_wconf 73' lang='lat' dir='ltr'><strong>dilectione.</strong></span> 
     </span>
    </p>
   </div>
   <div class='ocr_carea' id='block_1_25' title="bbox 518 2468 1785 2543">
    <p class='ocr_par' dir='ltr' id='par_1_25' title="bbox 518 2468 1785 2543">
     <span class='ocr_line' id='line_1_25' title="bbox 518 2468 1785 2543; baseline 0.006 -20"><span class='ocrx_word' id='word_1_148' title='bbox 518 2468 739 2537; x_wconf 89' lang='lat' dir='ltr'><strong>Impleat</strong></span> <span class='ocrx_word' id='word_1_149' title='bbox 765 2479 823 2527; x_wconf 90' lang='lat' dir='ltr'><strong>ut</strong></span> <span class='ocrx_word' id='word_1_150' title='bbox 845 2478 1078 2526; x_wconf 77' lang='lat' dir='ltr'><strong>vestrum</strong></span> <span class='ocrx_word' id='word_1_151' title='bbox 1113 2475 1318 2528; x_wconf 83' lang='lat' dir='ltr'><strong>Domini</strong></span> <span class='ocrx_word' id='word_1_152' title='bbox 1341 2474 1556 2528; x_wconf 85' lang='lat' dir='ltr'><strong>dilectio</strong></span> <span class='ocrx_word' id='word_1_153' title='bbox 1583 2479 1785 2543; x_wconf 85' lang='lat' dir='ltr'><strong>pectus,</strong></span> 
     </span>
    </p>
   </div>
   <div class='ocr_carea' id='block_1_26' title="bbox 516 2558 1917 2631">
    <p class='ocr_par' dir='ltr' id='par_1_26' title="bbox 516 2558 1917 2631">
     <span class='ocr_line' id='line_1_26' title="bbox 516 2558 1917 2631; baseline 0.006 -21"><span class='ocrx_word' id='word_1_154' title='bbox 516 2558 625 2614; x_wconf 78' lang='lat' dir='ltr'><strong>Rex</strong></span> <span class='ocrx_word' id='word_1_155' title='bbox 655 2564 826 2629; x_wconf 84' lang='lat' dir='ltr'><strong>ipsum</strong></span> <span class='ocrx_word' id='word_1_156' title='bbox 856 2560 1131 2612; x_wconf 92' lang='lat' dir='ltr'><strong>Dominum</strong></span> <span class='ocrx_word' id='word_1_157' title='bbox 1160 2559 1356 2628; x_wconf 80' lang='lat' dir='ltr'><strong>jugiter</strong></span> <span class='ocrx_word' id='word_1_158' title='bbox 1384 2564 1613 2631; x_wconf 73' lang='lat' dir='ltr'><strong>rogitare</strong></span> <span class='ocrx_word' id='word_1_159' title='bbox 1637 2575 1917 2622; x_wconf 85' lang='lat' dir='ltr'><strong>memento.</strong></span> 
     </span>
    </p>
   </div>
   <div class='ocr_carea' id='block_1_27' title="bbox 517 2644 1778 2718">
    <p class='ocr_par' dir='ltr' id='par_1_27' title="bbox 517 2644 1778 2718">
     <span class='ocr_line' id='line_1_27' title="bbox 517 2644 1778 2718; baseline 0.009 -24"><span class='ocrx_word' id='word_1_160' title='bbox 517 2644 695 2714; x_wconf 78' lang='lat' dir='ltr'><strong>Diligit</strong></span> <span class='ocrx_word' id='word_1_161' title='bbox 725 2645 812 2698; x_wconf 90' lang='lat' dir='ltr'><strong>ille</strong></span> <span class='ocrx_word' id='word_1_162' title='bbox 838 2647 982 2713; x_wconf 89' lang='lat' dir='ltr'><strong>prior</strong></span> <span class='ocrx_word' id='word_1_163' title='bbox 1013 2646 1244 2702; x_wconf 88' lang='lat' dir='ltr'><strong>tribuens</strong></span> <span class='ocrx_word' id='word_1_164' title='bbox 1269 2657 1532 2718; x_wconf 66' lang='lat' dir='ltr'><strong>praecepta</strong></span> <span class='ocrx_word' id='word_1_165' title='bbox 1560 2667 1778 2710; x_wconf 82' lang='lat' dir='ltr'><strong>suorum</strong></span> 
     </span>
    </p>
   </div>
   <div class='ocr_carea' id='block_1_28' title="bbox 516 2731 1854 2806">
    <p class='ocr_par' dir='ltr' id='par_1_28' title="bbox 516 2731 1854 2806">
     <span class='ocr_line' id='line_1_28' title="bbox 516 2731 1854 2806; baseline 0.007 -23"><span class='ocrx_word' id='word_1_166' title='bbox 516 2731 745 2787; x_wconf 81' lang='lat' dir='ltr'><strong>Maxime</strong></span> <span class='ocrx_word' id='word_1_167' title='bbox 764 2742 1026 2799; x_wconf 87' lang='lat' dir='ltr'><strong>natorum,</strong></span> <span class='ocrx_word' id='word_1_168' title='bbox 1049 2737 1382 2806; x_wconf 83' lang='lat' dir='ltr'><strong>cupiuntqni</strong></span> <span class='ocrx_word' id='word_1_169' title='bbox 1408 2754 1624 2793; x_wconf 89' lang='lat' dir='ltr'><strong>currere</strong></span> <span class='ocrx_word' id='word_1_170' title='bbox 1645 2741 1854 2805; x_wconf 89' lang='lat' dir='ltr'><strong>callem,</strong></span> 
     </span>
    </p>
   </div>
   <div class='ocr_carea' id='block_1_29' title="bbox 515 2818 1829 2893">
    <p class='ocr_par' dir='ltr' id='par_1_29' title="bbox 515 2818 1829 2893">
     <span class='ocr_line' id='line_1_29' title="bbox 515 2818 1829 2893; baseline 0.006 -23"><span class='ocrx_word' id='word_1_171' title='bbox 515 2818 682 2881; x_wconf 86' lang='lat' dir='ltr'><strong>Quem</strong></span> <span class='ocrx_word' id='word_1_172' title='bbox 712 2820 831 2875; x_wconf 69' lang='lat' dir='ltr'><strong>caeli</strong></span> <span class='ocrx_word' id='word_1_173' title='bbox 861 2830 1056 2876; x_wconf 87' lang='lat' dir='ltr'><strong>rectam</strong></span> <span class='ocrx_word' id='word_1_174' title='bbox 1086 2832 1335 2889; x_wconf 74' lang='lat' dir='ltr'><strong>regnator</strong></span> <span class='ocrx_word' id='word_1_175' title='bbox 1358 2834 1412 2878; x_wconf 86' lang='lat' dir='ltr'><strong>et</strong></span> <span class='ocrx_word' id='word_1_176' title='bbox 1439 2826 1553 2893; x_wconf 89' lang='lat' dir='ltr'><strong>ipse</strong></span> <span class='ocrx_word' id='word_1_177' title='bbox 1580 2829 1829 2886; x_wconf 80' lang='lat' dir='ltr'><strong>cucurrit,</strong></span> 
     </span>
    </p>
   </div>
   <div class='ocr_carea' id='block_1_30' title="bbox 515 2906 1955 2984">
    <p class='ocr_par' dir='ltr' id='par_1_30' title="bbox 515 2906 1955 2984">
     <span class='ocr_line' id='line_1_30' title="bbox 515 2906 1955 2984; baseline 0.007 -22"><span class='ocrx_word' id='word_1_178' title='bbox 515 2906 730 2978; x_wconf 75' lang='lat' dir='ltr'><strong>Semper</strong></span> <span class='ocrx_word' id='word_1_179' title='bbox 755 2925 939 2964; x_wconf 89' lang='lat' dir='ltr'><strong>amans</strong></span> <span class='ocrx_word' id='word_1_180' title='bbox 967 2920 1140 2975; x_wconf 89' lang='lat' dir='ltr'><strong>natos,</strong></span> <span class='ocrx_word' id='word_1_181' title='bbox 1162 2920 1218 2964; x_wconf 92' lang='lat' dir='ltr'><strong>ut</strong></span> <span class='ocrx_word' id='word_1_182' title='bbox 1247 2927 1457 2980; x_wconf 87' lang='lat' dir='ltr'><strong>semper</strong></span> <span class='ocrx_word' id='word_1_183' title='bbox 1478 2923 1681 2968; x_wconf 90' lang='lat' dir='ltr'><strong>ametur</strong></span> <span class='ocrx_word' id='word_1_184' title='bbox 1709 2919 1775 2969; x_wconf 84' lang='lat' dir='ltr'><strong>ab</strong></span> <span class='ocrx_word' id='word_1_185' title='bbox 1812 2918 1844 2984; x_wconf 76' lang='lat' dir='ltr'><strong>il</strong></span> <span class='ocrx_word' id='word_1_186' title='bbox 1866 2921 1955 2972; x_wconf 75' lang='lat' dir='ltr'><strong>sis.</strong></span> 
     </span>
    </p>
   </div>
   <div class='ocr_carea' id='block_1_31' title="bbox 1058 2995 1525 3052">
    <p class='ocr_par' dir='ltr' id='par_1_31' title="bbox 1058 2995 1525 3052">
     <span class='ocr_line' id='line_1_31' title="bbox 1058 2995 1525 3052; baseline 0.011 -5"><span class='ocrx_word' id='word_1_187' title='bbox 1058 2995 1189 3048; x_wconf 76' lang='lat' dir='ltr'><strong>LXI.</strong></span> <span class='ocrx_word' id='word_1_188' title='bbox 1223 2996 1300 3050; x_wconf 83' lang='lat' dir='ltr'><strong>De</strong></span> <span class='ocrx_word' id='word_1_189' title='bbox 1325 2999 1525 3052; x_wconf 84' lang='lat' dir='ltr'><strong>timore.</strong></span> 
     </span>
    </p>
   </div>
   <div class='ocr_carea' id='block_1_32' title="bbox 518 3080 1824 3155">
    <p class='ocr_par' dir='ltr' id='par_1_32' title="bbox 518 3080 1824 3155">
     <span class='ocr_line' id='line_1_32' title="bbox 518 3080 1824 3155; baseline 0.008 -22"><span class='ocrx_word' id='word_1_190' title='bbox 518 3080 583 3135; x_wconf 76' lang='lat' dir='ltr'><strong>lit</strong></span> <span class='ocrx_word' id='word_1_191' title='bbox 612 3083 796 3135; x_wconf 87' lang='lat' dir='ltr'><strong>timeas</strong></span> <span class='ocrx_word' id='word_1_192' title='bbox 824 3080 1099 3135; x_wconf 87' lang='lat' dir='ltr'><strong>Dominum</strong></span> <span class='ocrx_word' id='word_1_193' title='bbox 1129 3083 1256 3149; x_wconf 88' lang='lat' dir='ltr'><strong>legis</strong></span> <span class='ocrx_word' id='word_1_194' title='bbox 1298 3096 1561 3155; x_wconf 65' lang='lat' dir='ltr'><strong>praecepta</strong></span> <span class='ocrx_word' id='word_1_195' title='bbox 1587 3099 1824 3154; x_wconf 84' lang='lat' dir='ltr'><strong>secutus,</strong></span> 
     </span>
    </p>
   </div>
   <div class='ocr_carea' id='block_1_33' title="bbox 515 3169 1842 3247">
    <p class='ocr_par' dir='ltr' id='par_1_33' title="bbox 515 3169 1842 3247">
     <span class='ocr_line' id='line_1_33' title="bbox 515 3169 1842 3247; baseline 0.011 -27"><span class='ocrx_word' id='word_1_196' title='bbox 515 3172 736 3223; x_wconf 65' lang='lat' dir='ltr'><strong>Maxime</strong></span> <span class='ocrx_word' id='word_1_197' title='bbox 770 3169 786 3233; x_wconf 70' lang='grc' dir='ltr'>ξ</span> <span class='ocrx_word' id='word_1_198' title='bbox 816 3171 857 3222; x_wconf 93' lang='lat' dir='ltr'><strong>D</strong></span> <span class='ocrx_word' id='word_1_199' title='bbox 875 3171 1075 3225; x_wconf 46' lang='lat' dir='ltr'><strong>initicos</strong></span> <span class='ocrx_word' id='word_1_200' title='bbox 1097 3173 1254 3227; x_wconf 89' lang='lat' dir='ltr'><strong>debes</strong></span> <span class='ocrx_word' id='word_1_201' title='bbox 1280 3190 1587 3242; x_wconf 85' lang='lat' dir='ltr'><strong>percurrere</strong></span> <span class='ocrx_word' id='word_1_202' title='bbox 1607 3195 1842 3247; x_wconf 82' lang='lat' dir='ltr'><strong>campos,</strong></span> 
     </span>
    </p>
   </div>
   <div class='ocr_carea' id='block_1_34' title="bbox 511 3255 1786 3322">
    <p class='ocr_par' dir='ltr' id='par_1_34' title="bbox 511 3255 1786 3322">
     <span class='ocr_line' id='line_1_34' title="bbox 511 3255 1786 3322; baseline 0.011 -18"><span class='ocrx_word' id='word_1_203' title='bbox 511 3255 565 3306; x_wconf 94' lang='lat' dir='ltr'><strong>In</strong></span> <span class='ocrx_word' id='word_1_204' title='bbox 595 3255 781 3322; x_wconf 91' lang='lat' dir='ltr'><strong>quibus</strong></span> <span class='ocrx_word' id='word_1_205' title='bbox 810 3263 1005 3309; x_wconf 70' lang='lat' dir='ltr'><strong>mterno</strong></span> <span class='ocrx_word' id='word_1_206' title='bbox 1035 3258 1215 3312; x_wconf 86' lang='lat' dir='ltr'><strong>latices</strong></span> <span class='ocrx_word' id='word_1_207' title='bbox 1234 3259 1300 3312; x_wconf 90' lang='lat' dir='ltr'><strong>de</strong></span> <span class='ocrx_word' id='word_1_208' title='bbox 1338 3261 1482 3314; x_wconf 89' lang='lat' dir='ltr'><strong>l‘onte</strong></span> <span class='ocrx_word' id='word_1_209' title='bbox 1513 3276 1786 3319; x_wconf 88' lang='lat' dir='ltr'><strong>manantes</strong></span> 
     </span>
    </p>
   </div>
   <div class='ocr_carea' id='block_1_35' title="bbox 512 3342 1632 3412">
    <p class='ocr_par' dir='ltr' id='par_1_35' title="bbox 512 3342 1632 3412">
     <span class='ocr_line' id='line_1_35' title="bbox 512 3342 1632 3412; baseline 0.01 -22"><span class='ocrx_word' id='word_1_210' title='bbox 512 3342 748 3396; x_wconf 87' lang='lat' dir='ltr'><strong>Invenies</strong></span> <span class='ocrx_word' id='word_1_211' title='bbox 778 3342 977 3396; x_wconf 87' lang='lat' dir='ltr'><strong>tibimet</strong></span> <span class='ocrx_word' id='word_1_212' title='bbox 1005 3344 1179 3394; x_wconf 83' lang='lat' dir='ltr'><strong>vitalia</strong></span> <span class='ocrx_word' id='word_1_213' title='bbox 1209 3347 1392 3412; x_wconf 90' lang='lat' dir='ltr'><strong>pocula</strong></span> <span class='ocrx_word' id='word_1_214' title='bbox 1426 3347 1632 3401; x_wconf 87' lang='lat' dir='ltr'><strong>dantes.</strong></span> 
     </span>
    </p>
   </div>
   <div class='ocr_carea' id='block_1_36' title="bbox 510 3428 1878 3501">
    <p class='ocr_par' dir='ltr' id='par_1_36' title="bbox 510 3428 1878 3501">
     <span class='ocr_line' id='line_1_36' title="bbox 510 3428 1878 3501; baseline 0.012 -23"><span class='ocrx_word' id='word_1_215' title='bbox 510 3429 635 3490; x_wconf 71' lang='lat' dir='ltr'><strong>Qum</strong></span> <span class='ocrx_word' id='word_1_216' title='bbox 661 3440 890 3495; x_wconf 83' lang='lat' dir='ltr'><strong>segetem</strong></span> <span class='ocrx_word' id='word_1_217' title='bbox 922 3443 1104 3497; x_wconf 88' lang='lat' dir='ltr'><strong>magna</strong></span> <span class='ocrx_word' id='word_1_218' title='bbox 1142 3428 1355 3483; x_wconf 77' lang='lat' dir='ltr'><strong>foveant</strong></span> <span class='ocrx_word' id='word_1_219' title='bbox 1383 3433 1658 3488; x_wconf 87' lang='lat' dir='ltr'><strong>dulcedine</strong></span> <span class='ocrx_word' id='word_1_220' title='bbox 1681 3438 1878 3501; x_wconf 83' lang='lat' dir='ltr'><strong>cordis,</strong></span> 
     </span>
    </p>
   </div>
   <div class='ocr_carea' id='block_1_37' title="bbox 510 3516 1842 3586">
    <p class='ocr_par' dir='ltr' id='par_1_37' title="bbox 510 3516 1842 3586">
     <span class='ocr_line' id='line_1_37' title="bbox 510 3516 1842 3586; baseline 0.009 -19"><span class='ocrx_word' id='word_1_221' title='bbox 510 3516 602 3569; x_wconf 91' lang='lat' dir='ltr'><strong>llic</strong></span> <span class='ocrx_word' id='word_1_222' title='bbox 629 3525 681 3570; x_wconf 89' lang='lat' dir='ltr'><strong>et</strong></span> <span class='ocrx_word' id='word_1_223' title='bbox 711 3517 760 3570; x_wconf 92' lang='lat' dir='ltr'><strong>in</strong></span> <span class='ocrx_word' id='word_1_224' title='bbox 783 3529 1035 3569; x_wconf 76' lang='lat' dir='ltr'><strong>:eternum</strong></span> <span class='ocrx_word' id='word_1_225' title='bbox 1069 3517 1310 3570; x_wconf 86' lang='lat' dir='ltr'><strong>ﬂorentia</strong></span> <span class='ocrx_word' id='word_1_226' title='bbox 1339 3534 1496 3586; x_wconf 88' lang='lat' dir='ltr'><strong>regna</strong></span> <span class='ocrx_word' id='word_1_227' title='bbox 1530 3523 1842 3579; x_wconf 88' lang='lat' dir='ltr'><strong>ministrent.</strong></span> 
     </span>
    </p>
   </div>
   <div class='ocr_carea' id='block_1_38' title="bbox 711 3602 1851 3666">
    <p class='ocr_par' dir='ltr' id='par_1_38' title="bbox 711 3602 1851 3666">
     <span class='ocr_line' id='line_1_38' title="bbox 711 3602 1851 3666; baseline 0.011 -12"><span class='ocrx_word' id='word_1_228' title='bbox 711 3603 857 3656; x_wconf 82' lang='lat' dir='ltr'><strong>L.\ll.</strong></span> <span class='ocrx_word' id='word_1_229' title='bbox 886 3602 960 3656; x_wconf 83' lang='lat' dir='ltr'><strong>De</strong></span> <span class='ocrx_word' id='word_1_230' title='bbox 988 3603 1310 3658; x_wconf 81' lang='lat' dir='ltr'><strong>observandis</strong></span> <span class='ocrx_word' id='word_1_231' title='bbox 1339 3608 1590 3662; x_wconf 80' lang='lat' dir='ltr'><strong>mandatis</strong></span> <span class='ocrx_word' id='word_1_232' title='bbox 1626 3611 1851 3666; x_wconf 79' lang='lat' dir='ltr'><strong>Domini.</strong></span> 
     </span>
    </p>
   </div>
   <div class='ocr_carea' id='block_1_39' title="bbox 509 3693 1936 3770">
    <p class='ocr_par' dir='ltr' id='par_1_39' title="bbox 509 3693 1936 3770">
     <span class='ocr_line' id='line_1_39' title="bbox 509 3693 1936 3770; baseline 0.008 -26"><span class='ocrx_word' id='word_1_233' title='bbox 509 3693 752 3759; x_wconf 79' lang='lat' dir='ltr'><strong>Quisquis</strong></span> <span class='ocrx_word' id='word_1_234' title='bbox 792 3701 932 3745; x_wconf 90' lang='lat' dir='ltr'><strong>amat</strong></span> <span class='ocrx_word' id='word_1_235' title='bbox 963 3693 1260 3756; x_wconf 87' lang='lat' dir='ltr'><strong>Dominunt,</strong></span> <span class='ocrx_word' id='word_1_236' title='bbox 1282 3695 1441 3748; x_wconf 89' lang='lat' dir='ltr'><strong>debet</strong></span> <span class='ocrx_word' id='word_1_237' title='bbox 1468 3701 1797 3755; x_wconf 86' lang='lat' dir='ltr'><strong>sermonibus</strong></span> <span class='ocrx_word' id='word_1_238' title='bbox 1823 3703 1936 3770; x_wconf 90' lang='lat' dir='ltr'><strong>ejus</strong></span> 
     </span>
    </p>
   </div>
   <div class='ocr_carea' id='block_1_40' title="bbox 509 3779 1750 3846">
    <p class='ocr_par' dir='ltr' id='par_1_40' title="bbox 509 3779 1750 3846">
     <span class='ocr_line' id='line_1_40' title="bbox 509 3779 1750 3846; baseline 0.002 -13"><span class='ocrx_word' id='word_1_239' title='bbox 509 3787 746 3834; x_wconf 70' lang='lat' dir='ltr'><strong>tlernuus</strong></span> <span class='ocrx_word' id='word_1_240' title='bbox 775 3779 825 3830; x_wconf 92' lang='lat' dir='ltr'><strong>in</strong></span> <span class='ocrx_word' id='word_1_241' title='bbox 854 3779 1056 3831; x_wconf 92' lang='lat' dir='ltr'><strong>cunctis</strong></span> <span class='ocrx_word' id='word_1_242' title='bbox 1073 3779 1272 3845; x_wconf 86' lang='lat' dir='ltr'><strong>jttgiter</strong></span> <span class='ocrx_word' id='word_1_243' title='bbox 1299 3794 1482 3846; x_wconf 88' lang='lat' dir='ltr'><strong>parere</strong></span> <span class='ocrx_word' id='word_1_244' title='bbox 1509 3783 1750 3839; x_wconf 85' lang='lat' dir='ltr'><strong>libenter.</strong></span> 
     </span>
    </p>
   </div>
   <div class='ocr_carea' id='block_1_41' title="bbox 518 3863 1942 3944">
    <p class='ocr_par' dir='ltr' id='par_1_41' title="bbox 518 3863 1942 3944">
     <span class='ocr_line' id='line_1_41' title="bbox 518 3863 1942 3944; baseline 0.011 -31"><span class='ocrx_word' id='word_1_245' title='bbox 518 3865 681 3918; x_wconf 70' lang='lat' dir='ltr'><strong>Verba</strong></span> <span class='ocrx_word' id='word_1_246' title='bbox 709 3872 900 3917; x_wconf 87' lang='lat' dir='ltr'><strong>sonant</strong></span> <span class='ocrx_word' id='word_1_247' title='bbox 927 3863 1129 3917; x_wconf 89' lang='lat' dir='ltr'><strong>Domini</strong></span> <span class='ocrx_word' id='word_1_248' title='bbox 1159 3881 1172 3915; x_wconf 89' lang='lat'><strong>:</strong></span> <span class='ocrx_word' id='word_1_249' title='bbox 1204 3865 1256 3917; x_wconf 90' lang='lat' dir='ltr'><strong>Si</strong></span> <span class='ocrx_word' id='word_1_250' title='bbox 1280 3868 1397 3932; x_wconf 88' lang='lat' dir='ltr'><strong>quis</strong></span> <span class='ocrx_word' id='word_1_251' title='bbox 1426 3883 1509 3922; x_wconf 92' lang='lat' dir='ltr'><strong>me</strong></span> <span class='ocrx_word' id='word_1_252' title='bbox 1537 3870 1723 3938; x_wconf 78' lang='lat' dir='ltr'><strong>diligit,</strong></span> <span class='ocrx_word' id='word_1_253' title='bbox 1758 3876 1942 3944; x_wconf 79' lang='lat' dir='ltr'><strong>inquit,</strong></span> 
     </span>
    </p>
   </div>
   <div class='ocr_carea' id='block_1_42' title="bbox 514 3947 1701 4013">
    <p class='ocr_par' dir='ltr' id='par_1_42' title="bbox 514 3947 1701 4013">
     <span class='ocr_line' id='line_1_42' title="bbox 514 3947 1701 4013; baseline 0.002 -5"><span class='ocrx_word' id='word_1_254' title='bbox 514 3947 693 4008; x_wconf 75' lang='lat' dir='ltr'><strong>Nostra</strong></span> <span class='ocrx_word' id='word_1_255' title='bbox 721 3951 831 4002; x_wconf 86' lang='lat' dir='ltr'><strong>suis</strong></span> <span class='ocrx_word' id='word_1_256' title='bbox 859 3957 1003 4003; x_wconf 89' lang='lat' dir='ltr'><strong>curet</strong></span> <span class='ocrx_word' id='word_1_257' title='bbox 1024 3951 1310 4005; x_wconf 88' lang='lat' dir='ltr'><strong>discribere</strong></span> <span class='ocrx_word' id='word_1_258' title='bbox 1339 3958 1512 4006; x_wconf 88' lang='lat' dir='ltr'><strong>munia</strong></span> <span class='ocrx_word' id='word_1_259' title='bbox 1543 3957 1701 4013; x_wconf 81' lang='lat' dir='ltr'><strong>ﬁbris.</strong></span> 
     </span>
    </p>
   </div>
   <div class='ocr_carea' id='block_1_43' title="bbox 512 4041 1738 4113">
    <p class='ocr_par' dir='ltr' id='par_1_43' title="bbox 512 4041 1738 4113">
     <span class='ocr_line' id='line_1_43' title="bbox 512 4041 1738 4113; baseline 0.004 -20"><span class='ocrx_word' id='word_1_260' title='bbox 512 4042 708 4095; x_wconf 83' lang='lat' dir='ltr'><strong>Servus</strong></span> <span class='ocrx_word' id='word_1_261' title='bbox 725 4042 862 4094; x_wconf 89' lang='lat' dir='ltr'><strong>enim</strong></span> <span class='ocrx_word' id='word_1_262' title='bbox 881 4041 1028 4094; x_wconf 82' lang='lat' dir='ltr'><strong>factis</strong></span> <span class='ocrx_word' id='word_1_263' title='bbox 1050 4042 1298 4098; x_wconf 87' lang='lat' dir='ltr'><strong>utillitnus</strong></span> <span class='ocrx_word' id='word_1_264' title='bbox 1325 4058 1442 4097; x_wconf 89' lang='lat' dir='ltr'><strong>esse</strong></span> <span class='ocrx_word' id='word_1_265' title='bbox 1466 4046 1738 4113; x_wconf 84' lang='lat' dir='ltr'><strong>probatur,</strong></span> 
     </span>
    </p>
   </div>
   <div class='ocr_carea' id='block_1_44' title="bbox 512 4129 1886 4199">
    <p class='ocr_par' dir='ltr' id='par_1_44' title="bbox 512 4129 1886 4199">
     <span class='ocr_line' id='line_1_44' title="bbox 512 4129 1886 4199; baseline 0.007 -16"><span class='ocrx_word' id='word_1_266' title='bbox 512 4130 562 4183; x_wconf 79' lang='lat' dir='ltr'><strong>Si</strong></span> <span class='ocrx_word' id='word_1_267' title='bbox 591 4130 733 4197; x_wconf 86' lang='lat' dir='ltr'><strong>cupit</strong></span> <span class='ocrx_word' id='word_1_268' title='bbox 760 4129 1036 4197; x_wconf 82' lang='lat' dir='ltr'><strong>exsequier</strong></span> <span class='ocrx_word' id='word_1_269' title='bbox 1069 4129 1238 4195; x_wconf 80' lang='lat' dir='ltr'><strong>lactis,</strong></span> <span class='ocrx_word' id='word_1_270' title='bbox 1271 4133 1408 4199; x_wconf 89' lang='lat' dir='ltr'><strong>quod</strong></span> <span class='ocrx_word' id='word_1_271' title='bbox 1445 4135 1656 4190; x_wconf 88' lang='lat' dir='ltr'><strong>auribus</strong></span> <span class='ocrx_word' id='word_1_272' title='bbox 1683 4138 1886 4192; x_wconf 83' lang='lat' dir='ltr'><strong>hauxit.</strong></span> 
     </span>
    </p>
   </div>
   <div class='ocr_carea' id='block_1_45' title="bbox 982 4216 1570 4287">
    <p class='ocr_par' dir='ltr' id='par_1_45' title="bbox 982 4216 1570 4287">
     <span class='ocr_line' id='line_1_45' title="bbox 982 4216 1570 4287; baseline 0.012 -18"><span class='ocrx_word' id='word_1_273' title='bbox 982 4216 1155 4270; x_wconf 70' lang='lat' dir='ltr'><strong>LXIII.</strong></span> <span class='ocrx_word' id='word_1_274' title='bbox 1193 4218 1266 4271; x_wconf 86' lang='lat' dir='ltr'><strong>De</strong></span> <span class='ocrx_word' id='word_1_275' title='bbox 1301 4223 1570 4287; x_wconf 73' lang='lat' dir='ltr'><strong>sapientia.</strong></span> 
     </span>
    </p>
   </div>
   <div class='ocr_carea' id='block_1_46' title="bbox 511 4305 1515 4374">
    <p class='ocr_par' dir='ltr' id='par_1_46' title="bbox 511 4305 1515 4374">
     <span class='ocr_line' id='line_1_46' title="bbox 511 4305 1515 4374; baseline 0.003 -16"><span class='ocrx_word' id='word_1_276' title='bbox 511 4305 577 4358; x_wconf 87' lang='lat' dir='ltr'><strong>Ut</strong></span> <span class='ocrx_word' id='word_1_277' title='bbox 604 4308 777 4358; x_wconf 87' lang='lat' dir='ltr'><strong>valeas</strong></span> <span class='ocrx_word' id='word_1_278' title='bbox 805 4319 929 4358; x_wconf 85' lang='lat' dir='ltr'><strong>vero</strong></span> <span class='ocrx_word' id='word_1_279' title='bbox 958 4306 1067 4371; x_wconf 88' lang='lat' dir='ltr'><strong>regi</strong></span> <span class='ocrx_word' id='word_1_280' title='bbox 1096 4307 1364 4372; x_wconf 82' lang='lat' dir='ltr'><strong>conjugier</strong></span> <span class='ocrx_word' id='word_1_281' title='bbox 1392 4319 1515 4374; x_wconf 81' lang='lat' dir='ltr'><strong>uno,</strong></span> 
     </span>
    </p>
   </div>
   <div class='ocr_carea' id='block_1_47' title="bbox 511 4393 1764 4463">
    <p class='ocr_par' dir='ltr' id='par_1_47' title="bbox 511 4393 1764 4463">
     <span class='ocr_line' id='line_1_47' title="bbox 511 4393 1764 4463; baseline 0.006 -19"><span class='ocrx_word' id='word_1_282' title='bbox 511 4393 672 4459; x_wconf 78' lang='lat' dir='ltr'><strong>Regia</strong></span> <span class='ocrx_word' id='word_1_283' title='bbox 698 4394 765 4443; x_wconf 90' lang='lat' dir='ltr'><strong>sit</strong></span> <span class='ocrx_word' id='word_1_284' title='bbox 793 4406 1000 4456; x_wconf 88' lang='lat' dir='ltr'><strong>semper</strong></span> <span class='ocrx_word' id='word_1_285' title='bbox 1036 4405 1256 4456; x_wconf 79' lang='lat' dir='ltr'><strong>regnans</strong></span> <span class='ocrx_word' id='word_1_286' title='bbox 1283 4395 1536 4459; x_wconf 81' lang='lat' dir='ltr'><strong>sapientia</strong></span> <span class='ocrx_word' id='word_1_287' title='bbox 1569 4407 1764 4463; x_wconf 92' lang='lat' dir='ltr'><strong>tecum,</strong></span> 
     </span>
    </p>
   </div>
   <div class='ocr_carea' id='block_1_48' title="bbox 511 4479 1769 4551">
    <p class='ocr_par' dir='ltr' id='par_1_48' title="bbox 511 4479 1769 4551">
     <span class='ocr_line' id='line_1_48' title="bbox 511 4479 1769 4551; baseline 0.007 -22"><span class='ocrx_word' id='word_1_288' title='bbox 511 4482 637 4542; x_wconf 73' lang='lat' dir='ltr'><strong>Qure</strong></span> <span class='ocrx_word' id='word_1_289' title='bbox 664 4479 752 4530; x_wconf 92' lang='lat' dir='ltr'><strong>tibi</strong></span> <span class='ocrx_word' id='word_1_290' title='bbox 778 4479 1051 4531; x_wconf 84' lang='lat' dir='ltr'><strong>consilium</strong></span> <span class='ocrx_word' id='word_1_291' title='bbox 1082 4479 1252 4532; x_wconf 73' lang='lat' dir='ltr'><strong>valeat</strong></span> <span class='ocrx_word' id='word_1_292' title='bbox 1278 4481 1518 4534; x_wconf 80' lang='lat' dir='ltr'><strong>conferre</strong></span> <span class='ocrx_word' id='word_1_293' title='bbox 1540 4484 1769 4551; x_wconf 90' lang='lat' dir='ltr'><strong>beatum,</strong></span> 
     </span>
    </p>
   </div>
   <div class='ocr_carea' id='block_1_49' title="bbox 514 4566 1861 4633">
    <p class='ocr_par' dir='ltr' id='par_1_49' title="bbox 514 4566 1861 4633">
     <span class='ocr_line' id='line_1_49' title="bbox 514 4566 1861 4633; baseline 0.006 -15"><span class='ocrx_word' id='word_1_294' title='bbox 514 4566 809 4632; x_wconf 81' lang='lat' dir='ltr'><strong>Amplilicet</strong></span> <span class='ocrx_word' id='word_1_295' title='bbox 833 4579 1046 4633; x_wconf 81' lang='lat' dir='ltr'><strong>regnum</strong></span> <span class='ocrx_word' id='word_1_296' title='bbox 1065 4603 1078 4628; x_wconf 92' lang='lat'><strong>,</strong></span> <span class='ocrx_word' id='word_1_297' title='bbox 1113 4566 1306 4620; x_wconf 90' lang='lat' dir='ltr'><strong>tribuat</strong></span> <span class='ocrx_word' id='word_1_298' title='bbox 1329 4566 1442 4622; x_wconf 86' lang='lat' dir='ltr'><strong>sine</strong></span> <span class='ocrx_word' id='word_1_299' title='bbox 1472 4568 1573 4621; x_wconf 83' lang='lat' dir='ltr'><strong>line</strong></span> <span class='ocrx_word' id='word_1_300' title='bbox 1594 4585 1861 4626; x_wconf 89' lang='lat' dir='ltr'><strong>coronam.</strong></span> 
     </span>
    </p>
   </div>
   <div class='ocr_carea' id='block_1_50' title="bbox 511 4653 1856 4729">
    <p class='ocr_par' dir='ltr' id='par_1_50' title="bbox 511 4653 1856 4729">
     <span class='ocr_line' id='line_1_50' title="bbox 511 4653 1856 4729; baseline 0.008 -25"><span class='ocrx_word' id='word_1_301' title='bbox 511 4653 763 4718; x_wconf 79' lang='lat' dir='ltr'><strong>Tegmine</strong></span> <span class='ocrx_word' id='word_1_302' title='bbox 792 4668 1054 4722; x_wconf 90' lang='lat' dir='ltr'><strong>purpureo</strong></span> <span class='ocrx_word' id='word_1_303' title='bbox 1084 4663 1243 4710; x_wconf 89' lang='lat' dir='ltr'><strong>temet</strong></span> <span class='ocrx_word' id='word_1_304' title='bbox 1264 4657 1571 4720; x_wconf 88' lang='lat' dir='ltr'><strong>circumdet,</strong></span> <span class='ocrx_word' id='word_1_305' title='bbox 1605 4669 1660 4713; x_wconf 89' lang='lat' dir='ltr'><strong>et</strong></span> <span class='ocrx_word' id='word_1_306' title='bbox 1683 4671 1856 4729; x_wconf 88' lang='lat' dir='ltr'><strong>ornet,</strong></span> 
     </span>
    </p>
   </div>
   <div class='ocr_carea' id='block_1_51' title="bbox 511 4739 1709 4814">
    <p class='ocr_par' dir='ltr' id='par_1_51' title="bbox 511 4739 1709 4814">
     <span class='ocr_line' id='line_1_51' title="bbox 511 4739 1709 4814; baseline 0.008 -22"><span class='ocrx_word' id='word_1_307' title='bbox 511 4741 607 4793; x_wconf 84' lang='lat' dir='ltr'><strong>llic</strong></span> <span class='ocrx_word' id='word_1_308' title='bbox 635 4748 688 4793; x_wconf 90' lang='lat' dir='ltr'><strong>et</strong></span> <span class='ocrx_word' id='word_1_309' title='bbox 715 4739 768 4791; x_wconf 93' lang='lat' dir='ltr'><strong>in</strong></span> <span class='ocrx_word' id='word_1_310' title='bbox 793 4749 1044 4795; x_wconf 65' lang='lat' dir='ltr'><strong>aeternum</strong></span> <span class='ocrx_word' id='word_1_311' title='bbox 1065 4741 1232 4797; x_wconf 80' lang='lat' dir='ltr'><strong>felicia</strong></span> <span class='ocrx_word' id='word_1_312' title='bbox 1261 4746 1445 4812; x_wconf 82' lang='lat' dir='ltr'><strong>gaudia</strong></span> <span class='ocrx_word' id='word_1_313' title='bbox 1478 4755 1709 4814; x_wconf 67' lang='lat' dir='ltr'><strong>praestet.</strong></span> 
     </span>
    </p>
   </div>
   <div class='ocr_carea' id='block_1_52' title="bbox 544 4887 2050 5008">
    <p class='ocr_par' dir='ltr' id='par_1_52' title="bbox 544 4887 2050 5008">
     <span class='ocr_line' id='line_1_52' title="bbox 544 4887 2050 5008; baseline 0.009 -68"><span class='ocrx_word' id='word_1_314' title='bbox 544 4891 607 5008; x_wconf 62' lang='lat'><strong>0;</strong></span> <span class='ocrx_word' id='word_1_315' title='bbox 634 4887 730 4941; x_wconf 80' lang='lat' dir='ltr'><strong>Vel</strong></span> <span class='ocrx_word' id='word_1_316' title='bbox 757 4889 992 4940; x_wconf 86' lang='lat' dir='ltr'><strong>sacrandi</strong></span> <span class='ocrx_word' id='word_1_317' title='bbox 1010 4889 1140 4954; x_wconf 84' lang='lat' dir='ltr'><strong>juris</strong></span> <span class='ocrx_word' id='word_1_318' title='bbox 1163 4907 1180 4942; x_wconf 91' lang='lat'><strong><em>:</em></strong></span> <span class='ocrx_word' id='word_1_319' title='bbox 1211 4899 1486 4958; x_wconf 89' lang='lat' dir='ltr'><strong>utramque</strong></span> <span class='ocrx_word' id='word_1_320' title='bbox 1515 4894 1798 4949; x_wconf 87' lang='lat' dir='ltr'><strong>lectionem</strong></span> <span class='ocrx_word' id='word_1_321' title='bbox 1831 4899 2050 4966; x_wconf 84' lang='lat' dir='ltr'><strong>suscipit</strong></span> 
     </span>
     <span class='ocr_line' id='line_1_53' title="bbox 612 4972 697 5008; baseline -0.012 0"><span class='ocrx_word' id='word_1_322' title='bbox 612 4972 697 5008; x_wconf 89' lang='lat' dir='ltr'><strong>ex.</strong></span> 
     </span>
    </p>
   </div>
   <div class='ocr_carea' id='block_1_53' title="bbox 511 4972 697 5010">
    <p class='ocr_par' dir='ltr' id='par_1_53' title="bbox 511 4972 697 5010">
     <span class='ocr_line' id='line_1_54' title="bbox 511 4972 697 5010; baseline -0.016 0"><span class='ocrx_word' id='word_1_323' title='bbox 511 4972 697 5010; x_wconf 70' lang='grc' dir='ltr'><strong>ςοαεει.</strong></span> 
     </span>
    </p>
   </div>
   <div class='ocr_carea' id='block_1_54' title="bbox 583 5020 2046 5094">
    <p class='ocr_par' dir='ltr' id='par_1_54' title="bbox 583 5020 2046 5094">
     <span class='ocr_line' id='line_1_55' title="bbox 583 5020 2046 5094; baseline 0.008 -20"><span class='ocrx_word' id='word_1_324' title='bbox 583 5024 606 5058; x_wconf 76' lang='grc' dir='ltr'>δ</span> <span class='ocrx_word' id='word_1_325' title='bbox 632 5026 701 5094; x_wconf 66' lang='lat' dir='ltr'><strong>lit</strong></span> <span class='ocrx_word' id='word_1_326' title='bbox 722 5021 804 5074; x_wconf 89' lang='lat' dir='ltr'><strong>hic</strong></span> <span class='ocrx_word' id='word_1_327' title='bbox 823 5020 979 5094; x_wconf 82' lang='lat' dir='ltr'><strong>locus</strong></span> <span class='ocrx_word' id='word_1_328' title='bbox 1006 5032 1279 5094; x_wconf 80' lang='lat' dir='ltr'><strong>corruptus</strong></span> <span class='ocrx_word' id='word_1_329' title='bbox 1304 5037 1416 5093; x_wconf 91' lang='lat' dir='ltr'><strong>est,</strong></span> <span class='ocrx_word' id='word_1_330' title='bbox 1458 5043 1486 5079; x_wconf 92' lang='lat' dir='ltr'><strong>a</strong></span> <span class='ocrx_word' id='word_1_331' title='bbox 1513 5042 1617 5094; x_wconf 91' lang='lat' dir='ltr'><strong>quo</strong></span> <span class='ocrx_word' id='word_1_332' title='bbox 1643 5037 1818 5085; x_wconf 88' lang='lat' dir='ltr'><strong>tamen</strong></span> <span class='ocrx_word' id='word_1_333' title='bbox 1864 5046 2046 5085; x_wconf 90' lang='lat' dir='ltr'><strong>emen-</strong></span> 
     </span>
    </p>
   </div>
   <div class='ocr_carea' id='block_1_55' title="bbox 511 5089 1282 5145">
    <p class='ocr_par' dir='ltr' id='par_1_55' title="bbox 511 5089 1282 5145">
     <span class='ocr_line' id='line_1_56' title="bbox 511 5089 1282 5145; baseline 0.005 -4"><span class='ocrx_word' id='word_1_334' title='bbox 511 5091 681 5141; x_wconf 86' lang='lat' dir='ltr'><strong>dando</strong></span> <span class='ocrx_word' id='word_1_335' title='bbox 704 5089 967 5141; x_wconf 83' lang='lat' dir='ltr'><strong>abstinere</strong></span> <span class='ocrx_word' id='word_1_336' title='bbox 991 5089 1282 5145; x_wconf 81' lang='lat' dir='ltr'><strong>maluimus.</strong></span> 
     </span>
    </p>
   </div>
   <div class='ocr_carea' id='block_1_56' title="bbox 583 5155 2043 5232">
    <p class='ocr_par' dir='ltr' id='par_1_56' title="bbox 583 5155 2043 5232">
     <span class='ocr_line' id='line_1_57' title="bbox 583 5155 2043 5232; baseline 0.009 -26"><span class='ocrx_word' id='word_1_337' title='bbox 583 5168 603 5192; x_wconf 77' lang='grc' dir='ltr'>ε</span> <span class='ocrx_word' id='word_1_338' title='bbox 632 5156 734 5232; x_wconf 66' lang='lat' dir='ltr'><strong>t‘ios</strong></span> <span class='ocrx_word' id='word_1_339' title='bbox 763 5157 986 5232; x_wconf 68' lang='lat' dir='ltr'><strong>libenter</strong></span> <span class='ocrx_word' id='word_1_340' title='bbox 1032 5155 1354 5232; x_wconf 72' lang='lat' dir='ltr'><strong>legeremus:</strong></span> <span class='ocrx_word' id='word_1_341' title='bbox 1385 5171 1433 5212; x_wconf 84' lang='lat' dir='ltr'><strong>et</strong></span> <span class='ocrx_word' id='word_1_342' title='bbox 1475 5164 1604 5214; x_wconf 81' lang='lat' dir='ltr'><strong>male</strong></span> <span class='ocrx_word' id='word_1_343' title='bbox 1645 5179 1798 5215; x_wconf 83' lang='lat' dir='ltr'><strong>suasa</strong></span> <span class='ocrx_word' id='word_1_344' title='bbox 1846 5183 2043 5232; x_wconf 78' lang='lat' dir='ltr'><strong>cavens,</strong></span> 
     </span>
    </p>
   </div>
   <div class='ocr_carea' id='block_1_57' title="bbox 511 5222 1350 5292">
    <p class='ocr_par' dir='ltr' id='par_1_57' title="bbox 511 5222 1350 5292">
     <span class='ocr_line' id='line_1_58' title="bbox 511 5222 1350 5292; baseline 0.006 -18"><span class='ocrx_word' id='word_1_345' title='bbox 511 5222 776 5292; x_wconf 81' lang='lat' dir='ltr'><strong>qttod_non</strong></span> <span class='ocrx_word' id='word_1_346' title='bbox 807 5222 1166 5292; x_wconf 77' lang='lat' dir='ltr'><strong>improbabunt</strong></span> <span class='ocrx_word' id='word_1_347' title='bbox 1190 5227 1350 5278; x_wconf 86' lang='lat' dir='ltr'><strong>docti.</strong></span> 
     </span>
    </p>
   </div>
   <div class='ocr_carea' id='block_1_58' title="bbox 578 5287 2044 5367">
    <p class='ocr_par' dir='ltr' id='par_1_58' title="bbox 578 5287 2044 5367">
     <span class='ocr_line' id='line_1_59' title="bbox 578 5287 2044 5367; baseline 0.007 -25"><span class='ocrx_word' id='word_1_348' title='bbox 578 5290 602 5326; x_wconf 74' lang='grc' dir='ltr'><em>ά</em></span> <span class='ocrx_word' id='word_1_349' title='bbox 632 5287 806 5367; x_wconf 65' lang='lat' dir='ltr'><strong>Totus</strong></span> <span class='ocrx_word' id='word_1_350' title='bbox 821 5287 907 5367; x_wconf 80' lang='lat' dir='ltr'><strong>hic</strong></span> <span class='ocrx_word' id='word_1_351' title='bbox 929 5303 1108 5367; x_wconf 72' lang='lat' dir='ltr'><strong>versus</strong></span> <span class='ocrx_word' id='word_1_352' title='bbox 1149 5291 1344 5367; x_wconf 77' lang='lat' dir='ltr'><strong>indiget</strong></span> <span class='ocrx_word' id='word_1_353' title='bbox 1371 5295 1719 5367; x_wconf 84' lang='lat' dir='ltr'><strong>correctione,</strong></span> <span class='ocrx_word' id='word_1_354' title='bbox 1745 5311 1899 5367; x_wconf 85' lang='lat' dir='ltr'><strong>quam</strong></span> <span class='ocrx_word' id='word_1_355' title='bbox 1933 5299 2044 5352; x_wconf 85' lang='lat' dir='ltr'><strong>fru-</strong></span> 
     </span>
    </p>
   </div>
   <div class='ocr_carea' id='block_1_59' title="bbox 509 5356 2042 5434">
    <p class='ocr_par' dir='ltr' id='par_1_59' title="bbox 509 5356 2042 5434">
     <span class='ocr_line' id='line_1_60' title="bbox 509 5356 2042 5434; baseline 0.009 -26"><span class='ocrx_word' id='word_1_356' title='bbox 509 5356 899 5434; x_wconf 10' lang='lat' dir='ltr'><strong>straitentabit,</strong></span> <span class='ocrx_word' id='word_1_357' title='bbox 915 5356 1004 5422; x_wconf 91' lang='lat' dir='ltr'><strong>qui</strong></span> <span class='ocrx_word' id='word_1_358' title='bbox 1019 5356 1169 5434; x_wconf 59' lang='lat' dir='ltr'><strong>aliud</strong></span> <span class='ocrx_word' id='word_1_359' title='bbox 1195 5356 1482 5432; x_wconf 73' lang='lat' dir='ltr'><strong>exémplar,</strong></span> <span class='ocrx_word' id='word_1_360' title='bbox 1510 5378 1741 5432; x_wconf 87' lang='lat' dir='ltr'><strong>quocum</strong></span> <span class='ocrx_word' id='word_1_361' title='bbox 1761 5356 1883 5420; x_wconf 64' lang='grc' dir='ltr'><strong>’1ης</strong></span> <span class='ocrx_word' id='word_1_362' title='bbox 1911 5383 2042 5422; x_wconf 91' lang='lat' dir='ltr'><strong>con-</strong></span> 
     </span>
    </p>
   </div>
   <div class='ocr_carea' id='block_1_60' title="bbox 512 5423 1076 5485">
    <p class='ocr_par' dir='ltr' id='par_1_60' title="bbox 512 5423 1076 5485">
     <span class='ocr_line' id='line_1_61' title="bbox 512 5423 1076 5485; baseline 0 -11"><span class='ocrx_word' id='word_1_363' title='bbox 512 5423 660 5485; x_wconf 80' lang='lat' dir='ltr'><strong>ferat,</strong></span> <span class='ocrx_word' id='word_1_364' title='bbox 690 5439 794 5478; x_wconf 92' lang='lat' dir='ltr'><strong>non</strong></span> <span class='ocrx_word' id='word_1_365' title='bbox 816 5423 1076 5476; x_wconf 85' lang='lat' dir='ltr'><strong>habuerit.</strong></span> 
     </span>
    </p>
   </div>
   <div class='ocr_carea' id='block_1_61' title="bbox 583 5491 2042 5580">
    <p class='ocr_par' dir='ltr' id='par_1_61' title="bbox 583 5491 2042 5580">
     <span class='ocr_line' id='line_1_62' title="bbox 583 5491 2042 5580; baseline 0 0"><span class='ocrx_word' id='word_1_366' title='bbox 583 5491 1065 5580; x_wconf 62' lang='lat' dir='ltr'><strong>f.§°2.§1&quot;}&#39;i.‘3&quot;3&quot;?</strong></span> <span class='ocrx_word' id='word_1_367' title='bbox 1094 5493 1530 5580; x_wconf 50' lang='grc' dir='ltr'><strong>εῑιξίξῖλιςεειιάυξη</strong></span> <span class='ocrx_word' id='word_1_368' title='bbox 1576 5499 1641 5578; x_wconf 66' lang='grc' dir='ltr'><strong>ξεί</strong></span> <span class='ocrx_word' id='word_1_369' title='bbox 1669 5509 1893 5567; x_wconf 63' lang='lat' dir='ltr'><strong>auem</strong></span> <span class='ocrx_word' id='word_1_370' title='bbox 1944 5517 2042 5580; x_wconf 63' lang='lat' dir='ltr'><strong>Pro</strong></span> 
     </span>
    </p>
   </div>
   <div class='ocr_carea' id='block_1_62' title="bbox 513 5557 2040 5629">
    <p class='ocr_par' dir='ltr' id='par_1_62' title="bbox 513 5557 2040 5629">
     <span class='ocr_line' id='line_1_63' title="bbox 513 5557 2040 5629; baseline 0.013 -25"><span class='ocrx_word' id='word_1_371' title='bbox 513 5563 685 5615; x_wconf 68' lang='lat' dir='ltr'><strong>vasta,</strong></span> <span class='ocrx_word' id='word_1_372' title='bbox 717 5558 852 5620; x_wconf 90' lang='lat' dir='ltr'><strong>quod</strong></span> <span class='ocrx_word' id='word_1_373' title='bbox 874 5559 1086 5610; x_wconf 89' lang='lat' dir='ltr'><strong>librario</strong></span> <span class='ocrx_word' id='word_1_374' title='bbox 1107 5557 1452 5629; x_wconf 51' lang='lat' dir='ltr'><strong>exciditiquze</strong></span> <span class='ocrx_word' id='word_1_375' title='bbox 1474 5567 1628 5622; x_wconf 87' lang='lat' dir='ltr'><strong>lectio</strong></span> <span class='ocrx_word' id='word_1_376' title='bbox 1649 5557 1767 5620; x_wconf 77' lang='lat' dir='ltr'><strong>cum</strong></span> <span class='ocrx_word' id='word_1_377' title='bbox 1793 5557 2040 5625; x_wconf 75' lang='lat' dir='ltr'><strong>carminis</strong></span> 
     </span>
    </p>
   </div>
   <div class='ocr_carea' id='block_1_63' title="bbox 517 5633 2034 5695">
    <p class='ocr_par' dir='ltr' id='par_1_63' title="bbox 517 5633 2034 5695">
     <span class='ocr_line' id='line_1_64' title="bbox 517 5633 2034 5695; baseline 0.016 -23"><span class='ocrx_word' id='word_1_378' title='bbox 517 5633 755 5674; x_wconf 83' lang='lat' dir='ltr'><strong>mensura</strong></span> <span class='ocrx_word' id='word_1_379' title='bbox 781 5638 926 5691; x_wconf 76' lang='lat' dir='ltr'><strong>aeque</strong></span> <span class='ocrx_word' id='word_1_380' title='bbox 951 5636 1227 5695; x_wconf 88' lang='lat' dir='ltr'><strong>consonat,</strong></span> <span class='ocrx_word' id='word_1_381' title='bbox 1256 5643 1316 5685; x_wconf 85' lang='lat' dir='ltr'><strong>ac</strong></span> <span class='ocrx_word' id='word_1_382' title='bbox 1364 5647 1484 5688; x_wconf 87' lang='lat' dir='ltr'><strong>cum</strong></span> <span class='ocrx_word' id='word_1_383' title='bbox 1512 5639 1772 5692; x_wconf 86' lang='lat' dir='ltr'><strong>communi</strong></span> <span class='ocrx_word' id='word_1_384' title='bbox 1801 5640 1941 5694; x_wconf 89' lang='lat' dir='ltr'><strong>urbis</strong></span> <span class='ocrx_word' id='word_1_385' title='bbox 1970 5641 2034 5695; x_wconf 88' lang='lat' dir='ltr'><strong>il-</strong></span> 
     </span>
    </p>
   </div>
   <div class='ocr_carea' id='block_1_64' title="bbox 1554 344 2719 405">
    <p class='ocr_par' dir='ltr' id='par_1_64' title="bbox 1554 344 2719 405">
     <span class='ocr_line' id='line_1_65' title="bbox 1554 344 2719 405; baseline -0.003 -5"><span class='ocrx_word' id='word_1_386' title='bbox 1554 347 1788 402; x_wconf 82' lang='lat' dir='ltr'><strong>SANCTI</strong></span> <span class='ocrx_word' id='word_1_387' title='bbox 1832 345 2098 400; x_wconf 81' lang='lat' dir='ltr'><strong>EUGENII</strong></span> <span class='ocrx_word' id='word_1_388' title='bbox 2141 345 2345 405; x_wconf 82' lang='lat' dir='ltr'><strong>EPISC.</strong></span> <span class='ocrx_word' id='word_1_389' title='bbox 2385 344 2719 400; x_wconf 79' lang='lat' dir='ltr'><strong>TOLETANI</strong></span> 
     </span>
    </p>
   </div>
   <div class='ocr_carea' id='block_1_65' title="bbox 2116 463 3250 539">
    <p class='ocr_par' dir='ltr' id='par_1_65' title="bbox 2116 463 3250 539">
     <span class='ocr_line' id='line_1_66' title="bbox 2116 463 3250 539; baseline -0.005 -12"><span class='ocrx_word' id='word_1_390' title='bbox 2116 463 2163 519; x_wconf 79' lang='grc' dir='ltr'><strong>Α</strong></span> <span class='ocrx_word' id='word_1_391' title='bbox 2661 470 2938 524; x_wconf 80' lang='lat' dir='ltr'><strong>LXIV.-De</strong></span> <span class='ocrx_word' id='word_1_392' title='bbox 2961 470 3250 539; x_wconf 82' lang='lat' dir='ltr'><strong>prudentia.</strong></span> 
     </span>
    </p>
   </div>
   <div class='ocr_carea' id='block_1_66' title="bbox 3638 333 3755 390">
    <p class='ocr_par' dir='ltr' id='par_1_66' title="bbox 3638 333 3755 390">
     <span class='ocr_line' id='line_1_67' title="bbox 3638 333 3755 390; baseline -0.06 0"><span class='ocrx_word' id='word_1_393' title='bbox 3638 333 3755 390; x_wconf 70' lang='lat'><strong>396</strong></span> 
     </span>
    </p>
   </div>
   <div class='ocr_carea' id='block_1_67' title="bbox 2185 561 3411 633">
    <p class='ocr_par' dir='ltr' id='par_1_67' title="bbox 2185 561 3411 633">
     <span class='ocr_line' id='line_1_68' title="bbox 2185 561 3411 633; baseline -0.007 -15"><span class='ocrx_word' id='word_1_394' title='bbox 2185 565 2464 633; x_wconf 78' lang='lat' dir='ltr'><strong>Temperet</strong></span> <span class='ocrx_word' id='word_1_395' title='bbox 2494 564 2695 618; x_wconf 86' lang='lat' dir='ltr'><strong>interea</strong></span> <span class='ocrx_word' id='word_1_396' title='bbox 2724 563 2888 616; x_wconf 75' lang='lat' dir='ltr'><strong>virtus</strong></span> <span class='ocrx_word' id='word_1_397' title='bbox 2917 561 3192 630; x_wconf 89' lang='lat' dir='ltr'><strong>prudentia</strong></span> <span class='ocrx_word' id='word_1_398' title='bbox 3235 571 3411 626; x_wconf 89' lang='lat' dir='ltr'><strong>regem</strong></span> 
     </span>
    </p>
   </div>
   <div class='ocr_carea' id='block_1_68' title="bbox 2185 650 3476 718">
    <p class='ocr_par' dir='ltr' id='par_1_68' title="bbox 2185 650 3476 718">
     <span class='ocr_line' id='line_1_69' title="bbox 2185 650 3476 718; baseline -0.005 -12"><span class='ocrx_word' id='word_1_399' title='bbox 2185 655 2400 708; x_wconf 80' lang='lat' dir='ltr'><strong>Actibus</strong></span> <span class='ocrx_word' id='word_1_400' title='bbox 2429 656 2479 706; x_wconf 92' lang='lat' dir='ltr'><strong>in</strong></span> <span class='ocrx_word' id='word_1_401' title='bbox 2501 653 2723 718; x_wconf 93' lang='lat' dir='ltr'><strong>cunctis,</strong></span> <span class='ocrx_word' id='word_1_402' title='bbox 2755 659 2806 707; x_wconf 88' lang='lat' dir='ltr'><strong>et</strong></span> <span class='ocrx_word' id='word_1_403' title='bbox 2832 653 3028 708; x_wconf 85' lang='lat' dir='ltr'><strong>sanctis</strong></span> <span class='ocrx_word' id='word_1_404' title='bbox 3059 650 3291 704; x_wconf 80' lang='lat' dir='ltr'><strong>moribus</strong></span> <span class='ocrx_word' id='word_1_405' title='bbox 3319 653 3476 702; x_wconf 87' lang='lat' dir='ltr'><strong>ornet</strong></span> 
     </span>
    </p>
   </div>
   <div class='ocr_carea' id='block_1_69' title="bbox 2182 739 3458 809">
    <p class='ocr_par' dir='ltr' id='par_1_69' title="bbox 2182 739 3458 809">
     <span class='ocr_line' id='line_1_70' title="bbox 2182 739 3458 809; baseline -0.004 -14"><span class='ocrx_word' id='word_1_406' title='bbox 2182 743 2474 809; x_wconf 87' lang='lat' dir='ltr'><strong>Componat</strong></span> <span class='ocrx_word' id='word_1_407' title='bbox 2499 756 2693 803; x_wconf 86' lang='lat' dir='ltr'><strong>mores,</strong></span> <span class='ocrx_word' id='word_1_408' title='bbox 2716 754 2988 795; x_wconf 86' lang='lat' dir='ltr'><strong>sermones</strong></span> <span class='ocrx_word' id='word_1_409' title='bbox 3015 739 3225 794; x_wconf 87' lang='lat' dir='ltr'><strong>ordinet</strong></span> <span class='ocrx_word' id='word_1_410' title='bbox 3250 752 3458 800; x_wconf 85' lang='lat' dir='ltr'><strong>omnes,</strong></span> 
     </span>
    </p>
   </div>
   <div class='ocr_carea' id='block_1_70' title="bbox 2182 825 3639 895">
    <p class='ocr_par' dir='ltr' id='par_1_70' title="bbox 2182 825 3639 895">
     <span class='ocr_line' id='line_1_71' title="bbox 2182 825 3639 895; baseline -0.005 -14"><span class='ocrx_word' id='word_1_411' title='bbox 2182 829 2478 895; x_wconf 89' lang='lat' dir='ltr'><strong>Componat</strong></span> <span class='ocrx_word' id='word_1_412' title='bbox 2500 827 2750 894; x_wconf 79' lang='lat' dir='ltr'><strong>linguam,</strong></span> <span class='ocrx_word' id='word_1_413' title='bbox 2779 841 3069 893; x_wconf 86' lang='lat' dir='ltr'><strong>sensusque</strong></span> <span class='ocrx_word' id='word_1_414' title='bbox 3097 825 3360 878; x_wconf 86' lang='lat' dir='ltr'><strong>ministret</strong></span> <span class='ocrx_word' id='word_1_415' title='bbox 3387 839 3639 877; x_wconf 78' lang='lat' dir='ltr'><strong>acumen.</strong></span> 
     </span>
    </p>
   </div>
   <div class='ocr_carea' id='block_1_71' title="bbox 2182 908 3597 982">
    <p class='ocr_par' dir='ltr' id='par_1_71' title="bbox 2182 908 3597 982">
     <span class='ocr_line' id='line_1_72' title="bbox 2182 908 3597 982; baseline -0.001 -16"><span class='ocrx_word' id='word_1_416' title='bbox 2182 914 2413 968; x_wconf 84' lang='lat' dir='ltr'><strong>Exornet</strong></span> <span class='ocrx_word' id='word_1_417' title='bbox 2441 908 2696 978; x_wconf 86' lang='lat' dir='ltr'><strong>habitum,</strong></span> <span class='ocrx_word' id='word_1_418' title='bbox 2725 930 2962 982; x_wconf 86' lang='lat' dir='ltr'><strong>gressum</strong></span> <span class='ocrx_word' id='word_1_419' title='bbox 2990 923 3274 982; x_wconf 89' lang='lat' dir='ltr'><strong>componat</strong></span> <span class='ocrx_word' id='word_1_420' title='bbox 3294 913 3597 975; x_wconf 86' lang='lat' dir='ltr'><strong>honestum,</strong></span> 
     </span>
    </p>
   </div>
   <div class='ocr_carea' id='block_1_72' title="bbox 2183 1003 3457 1072">
    <p class='ocr_par' dir='ltr' id='par_1_72' title="bbox 2183 1003 3457 1072">
     <span class='ocr_line' id='line_1_73' title="bbox 2183 1003 3457 1072; baseline -0.002 -16"><span class='ocrx_word' id='word_1_421' title='bbox 2183 1004 2298 1072; x_wconf 82' lang='lat' dir='ltr'><strong>Ipsa</strong></span> <span class='ocrx_word' id='word_1_422' title='bbox 2336 1003 2426 1056; x_wconf 89' lang='lat' dir='ltr'><strong>Dei</strong></span> <span class='ocrx_word' id='word_1_423' title='bbox 2452 1004 2613 1056; x_wconf 90' lang='lat' dir='ltr'><strong>virtus</strong></span> <span class='ocrx_word' id='word_1_424' title='bbox 2643 1003 2848 1056; x_wconf 87' lang='lat' dir='ltr'><strong>tibimet</strong></span> <span class='ocrx_word' id='word_1_425' title='bbox 2873 1003 3131 1056; x_wconf 89' lang='lat' dir='ltr'><strong>concedat</strong></span> <span class='ocrx_word' id='word_1_426' title='bbox 3159 1011 3457 1070; x_wconf 89' lang='lat' dir='ltr'><strong>utrumque.</strong></span> 
     </span>
    </p>
   </div>
   <div class='ocr_carea' id='block_1_73' title="bbox 2636 1091 3274 1158">
    <p class='ocr_par' dir='ltr' id='par_1_73' title="bbox 2636 1091 3274 1158">
     <span class='ocr_line' id='line_1_74' title="bbox 2636 1091 3274 1158; baseline -0.005 -13"><span class='ocrx_word' id='word_1_427' title='bbox 2636 1091 2790 1145; x_wconf 79' lang='lat' dir='ltr'><strong>LXV.</strong></span> <span class='ocrx_word' id='word_1_428' title='bbox 2823 1091 2898 1144; x_wconf 88' lang='lat' dir='ltr'><strong>De</strong></span> <span class='ocrx_word' id='word_1_429' title='bbox 2930 1093 3274 1158; x_wconf 69' lang='lat' dir='ltr'><strong>simplicitate.</strong></span> 
     </span>
    </p>
   </div>
   <div class='ocr_carea' id='block_1_74' title="bbox 2182 1179 3460 1249">
    <p class='ocr_par' dir='ltr' id='par_1_74' title="bbox 2182 1179 3460 1249">
     <span class='ocr_line' id='line_1_75' title="bbox 2182 1179 3460 1249; baseline -0.005 -13"><span class='ocrx_word' id='word_1_430' title='bbox 2182 1182 2504 1249; x_wconf 85' lang='lat' dir='ltr'><strong>Simplicitas</strong></span> <span class='ocrx_word' id='word_1_431' title='bbox 2533 1184 2725 1236; x_wconf 62' lang='lat' dir='ltr'><strong>anima:</strong></span> <span class='ocrx_word' id='word_1_432' title='bbox 2749 1183 3000 1235; x_wconf 80' lang='lat' dir='ltr'><strong>virtutum</strong></span> <span class='ocrx_word' id='word_1_433' title='bbox 3047 1181 3245 1236; x_wconf 87' lang='lat' dir='ltr'><strong>semina</strong></span> <span class='ocrx_word' id='word_1_434' title='bbox 3276 1179 3460 1244; x_wconf 90' lang='lat' dir='ltr'><strong>nutrit,</strong></span> 
     </span>
    </p>
   </div>
   <div class='ocr_carea' id='block_1_75' title="bbox 2179 1268 3502 1340">
    <p class='ocr_par' dir='ltr' id='par_1_75' title="bbox 2179 1268 3502 1340">
     <span class='ocr_line' id='line_1_76' title="bbox 2179 1268 3502 1340; baseline -0.005 -16"><span class='ocrx_word' id='word_1_435' title='bbox 2179 1272 2498 1340; x_wconf 86' lang='lat' dir='ltr'><strong>Simplicitas</strong></span> <span class='ocrx_word' id='word_1_436' title='bbox 2527 1285 2710 1340; x_wconf 71' lang='lat' dir='ltr'><strong>regum</strong></span> <span class='ocrx_word' id='word_1_437' title='bbox 2742 1285 2918 1323; x_wconf 89' lang='lat' dir='ltr'><strong>mores</strong></span> <span class='ocrx_word' id='word_1_438' title='bbox 2937 1268 3224 1336; x_wconf 87' lang='lat' dir='ltr'><strong>componit,</strong></span> <span class='ocrx_word' id='word_1_439' title='bbox 3255 1276 3308 1320; x_wconf 90' lang='lat' dir='ltr'><strong>et</strong></span> <span class='ocrx_word' id='word_1_440' title='bbox 3330 1275 3502 1320; x_wconf 87' lang='lat' dir='ltr'><strong>ornat.</strong></span> 
     </span>
    </p>
   </div>
   <div class='ocr_carea' id='block_1_76' title="bbox 2179 1356 3422 1426">
    <p class='ocr_par' dir='ltr' id='par_1_76' title="bbox 2179 1356 3422 1426">
     <span class='ocr_line' id='line_1_77' title="bbox 2179 1356 3422 1426; baseline -0.006 -13"><span class='ocrx_word' id='word_1_441' title='bbox 2179 1359 2459 1414; x_wconf 84' lang='lat' dir='ltr'><strong>Sermones</strong></span> <span class='ocrx_word' id='word_1_442' title='bbox 2485 1360 2677 1412; x_wconf 90' lang='lat' dir='ltr'><strong>nitidos</strong></span> <span class='ocrx_word' id='word_1_443' title='bbox 2706 1373 2837 1426; x_wconf 93' lang='lat' dir='ltr'><strong>puro</strong></span> <span class='ocrx_word' id='word_1_444' title='bbox 2866 1358 2931 1411; x_wconf 89' lang='lat' dir='ltr'><strong>de</strong></span> <span class='ocrx_word' id='word_1_445' title='bbox 2952 1357 3116 1411; x_wconf 82' lang='lat' dir='ltr'><strong>corde</strong></span> <span class='ocrx_word' id='word_1_446' title='bbox 3137 1356 3422 1418; x_wconf 78' lang='lat' dir='ltr'><strong>ministrat,</strong></span> 
     </span>
    </p>
   </div>
   <div class='ocr_carea' id='block_1_77' title="bbox 2179 1448 3454 1516">
    <p class='ocr_par' dir='ltr' id='par_1_77' title="bbox 2179 1448 3454 1516">
     <span class='ocr_line' id='line_1_78' title="bbox 2179 1448 3454 1516; baseline -0.005 -14"><span class='ocrx_word' id='word_1_447' title='bbox 2179 1449 2307 1503; x_wconf 80' lang='lat' dir='ltr'><strong>Odia</strong></span> <span class='ocrx_word' id='word_1_448' title='bbox 2333 1465 2436 1502; x_wconf 93' lang='lat' dir='ltr'><strong>non</strong></span> <span class='ocrx_word' id='word_1_449' title='bbox 2467 1450 2677 1512; x_wconf 88' lang='lat' dir='ltr'><strong>retinet,</strong></span> <span class='ocrx_word' id='word_1_450' title='bbox 2708 1448 2889 1501; x_wconf 88' lang='lat' dir='ltr'><strong>laudes</strong></span> <span class='ocrx_word' id='word_1_451' title='bbox 2921 1457 3018 1501; x_wconf 89' lang='lat' dir='ltr'><strong>nec</strong></span> <span class='ocrx_word' id='word_1_452' title='bbox 3046 1453 3223 1516; x_wconf 89' lang='lat' dir='ltr'><strong>captat</strong></span> <span class='ocrx_word' id='word_1_453' title='bbox 3255 1448 3392 1498; x_wconf 84' lang='lat' dir='ltr'><strong>inam</strong></span> <span class='ocrx_word' id='word_1_454' title='bbox 3412 1462 3454 1507; x_wconf 88' lang='lat' dir='ltr'><strong>s,</strong></span> 
     </span>
    </p>
   </div>
   <div class='ocr_carea' id='block_1_78' title="bbox 2179 1532 3527 1602">
    <p class='ocr_par' dir='ltr' id='par_1_78' title="bbox 2179 1532 3527 1602">
     <span class='ocr_line' id='line_1_79' title="bbox 2179 1532 3527 1602; baseline -0.006 -14"><span class='ocrx_word' id='word_1_455' title='bbox 2179 1536 2286 1588; x_wconf 81' lang='lat' dir='ltr'><strong>Nec</strong></span> <span class='ocrx_word' id='word_1_456' title='bbox 2314 1537 2458 1602; x_wconf 88' lang='lat' dir='ltr'><strong>cupit</strong></span> <span class='ocrx_word' id='word_1_457' title='bbox 2486 1536 2763 1588; x_wconf 90' lang='lat' dir='ltr'><strong>absentum</strong></span> <span class='ocrx_word' id='word_1_458' title='bbox 2792 1534 3013 1586; x_wconf 71' lang='lat' dir='ltr'><strong>fratrum</strong></span> <span class='ocrx_word' id='word_1_459' title='bbox 3043 1532 3300 1586; x_wconf 86' lang='lat' dir='ltr'><strong>tlerodere</strong></span> <span class='ocrx_word' id='word_1_460' title='bbox 3330 1533 3527 1592; x_wconf 85' lang='lat' dir='ltr'><strong>vitam,</strong></span> 
     </span>
    </p>
   </div>
   <div class='ocr_carea' id='block_1_79' title="bbox 2179 1619 3448 1688">
    <p class='ocr_par' dir='ltr' id='par_1_79' title="bbox 2179 1619 3448 1688">
     <span class='ocr_line' id='line_1_80' title="bbox 2179 1619 3448 1688; baseline -0.005 -13"><span class='ocrx_word' id='word_1_461' title='bbox 2179 1624 2362 1676; x_wconf 74' lang='lat' dir='ltr'><strong>Aufert</strong></span> <span class='ocrx_word' id='word_1_462' title='bbox 2385 1631 2438 1676; x_wconf 91' lang='lat' dir='ltr'><strong>et</strong></span> <span class='ocrx_word' id='word_1_463' title='bbox 2467 1623 2673 1676; x_wconf 89' lang='lat' dir='ltr'><strong>illuvies</strong></span> <span class='ocrx_word' id='word_1_464' title='bbox 2700 1621 2929 1675; x_wconf 86' lang='lat' dir='ltr'><strong>hominis</strong></span> <span class='ocrx_word' id='word_1_465' title='bbox 2953 1619 3019 1673; x_wconf 91' lang='lat' dir='ltr'><strong>de</strong></span> <span class='ocrx_word' id='word_1_466' title='bbox 3047 1629 3262 1688; x_wconf 88' lang='lat' dir='ltr'><strong>pectore</strong></span> <span class='ocrx_word' id='word_1_467' title='bbox 3292 1628 3448 1672; x_wconf 89' lang='lat' dir='ltr'><strong>totas.</strong></span> 
     </span>
    </p>
   </div>
   <div class='ocr_carea' id='block_1_80' title="bbox 2651 1703 3320 1778">
    <p class='ocr_par' dir='ltr' id='par_1_80' title="bbox 2651 1703 3320 1778">
     <span class='ocr_line' id='line_1_81' title="bbox 2651 1703 3320 1778; baseline -0.001 -16"><span class='ocrx_word' id='word_1_468' title='bbox 2651 1709 2828 1763; x_wconf 72' lang='lat' dir='ltr'><strong>LXVI.</strong></span> <span class='ocrx_word' id='word_1_469' title='bbox 2861 1709 2939 1761; x_wconf 86' lang='lat' dir='ltr'><strong>De</strong></span> <span class='ocrx_word' id='word_1_470' title='bbox 2967 1711 3231 1778; x_wconf 83' lang='lat' dir='ltr'><strong>patientia.</strong></span> <span class='ocrx_word' id='word_1_471' title='bbox 3303 1703 3320 1720; x_wconf 84' lang='grc'><em>’</em></span> 
     </span>
    </p>
   </div>
   <div class='ocr_carea' id='block_1_81' title="bbox 2103 1785 3593 1870">
    <p class='ocr_par' dir='ltr' id='par_1_81' title="bbox 2103 1785 3593 1870">
     <span class='ocr_line' id='line_1_82' title="bbox 2103 1785 3593 1870; baseline -0.003 -18"><span class='ocrx_word' id='word_1_472' title='bbox 2103 1785 2146 1843; x_wconf 75' lang='grc' dir='ltr'>Β</span> <span class='ocrx_word' id='word_1_473' title='bbox 2182 1801 2264 1852; x_wconf 65' lang='lat' dir='ltr'><strong>\‘ir</strong></span> <span class='ocrx_word' id='word_1_474' title='bbox 2293 1802 2495 1870; x_wconf 89' lang='lat' dir='ltr'><strong>patiens</strong></span> <span class='ocrx_word' id='word_1_475' title='bbox 2519 1801 2742 1868; x_wconf 89' lang='lat' dir='ltr'><strong>patriam</strong></span> <span class='ocrx_word' id='word_1_476' title='bbox 2775 1801 2968 1866; x_wconf 90' lang='lat' dir='ltr'><strong>poterit</strong></span> <span class='ocrx_word' id='word_1_477' title='bbox 2991 1798 3344 1853; x_wconf 86' lang='lat' dir='ltr'><strong>conscendere</strong></span> <span class='ocrx_word' id='word_1_478' title='bbox 3373 1796 3593 1860; x_wconf 86' lang='lat' dir='ltr'><strong>celsam,</strong></span> 
     </span>
    </p>
   </div>
   <div class='ocr_carea' id='block_1_82' title="bbox 2172 1884 3653 1955">
    <p class='ocr_par' dir='ltr' id='par_1_82' title="bbox 2172 1884 3653 1955">
     <span class='ocr_line' id='line_1_83' title="bbox 2172 1884 3653 1955; baseline -0.003 -17"><span class='ocrx_word' id='word_1_479' title='bbox 2172 1886 2225 1939; x_wconf 90' lang='lat' dir='ltr'><strong>Si</strong></span> <span class='ocrx_word' id='word_1_480' title='bbox 2256 1887 2339 1939; x_wconf 91' lang='lat' dir='ltr'><strong>hic</strong></span> <span class='ocrx_word' id='word_1_481' title='bbox 2365 1887 2580 1940; x_wconf 88' lang='lat' dir='ltr'><strong>nitidam</strong></span> <span class='ocrx_word' id='word_1_482' title='bbox 2612 1887 2837 1955; x_wconf 84' lang='lat' dir='ltr'><strong>primum</strong></span> <span class='ocrx_word' id='word_1_483' title='bbox 2870 1894 3043 1939; x_wconf 83' lang='lat' dir='ltr'><strong>teneat</strong></span> <span class='ocrx_word' id='word_1_484' title='bbox 3065 1885 3180 1939; x_wconf 90' lang='lat' dir='ltr'><strong>sine</strong></span> <span class='ocrx_word' id='word_1_485' title='bbox 3205 1884 3424 1939; x_wconf 89' lang='lat' dir='ltr'><strong>crimine</strong></span> <span class='ocrx_word' id='word_1_486' title='bbox 3451 1886 3653 1946; x_wconf 85' lang='lat' dir='ltr'><strong>vitam;</strong></span> 
     </span>
    </p>
   </div>
   <div class='ocr_carea' id='block_1_83' title="bbox 2175 1975 3417 2045">
    <p class='ocr_par' dir='ltr' id='par_1_83' title="bbox 2175 1975 3417 2045">
     <span class='ocr_line' id='line_1_84' title="bbox 2175 1975 3417 2045; baseline -0.002 -16"><span class='ocrx_word' id='word_1_487' title='bbox 2175 1977 2467 2045; x_wconf 59' lang='lat' dir='ltr'><strong>Torporem</strong></span> <span class='ocrx_word' id='word_1_488' title='bbox 2496 1977 2701 2045; x_wconf 90' lang='lat' dir='ltr'><strong>patiens</strong></span> <span class='ocrx_word' id='word_1_489' title='bbox 2725 1976 2882 2029; x_wconf 89' lang='lat' dir='ltr'><strong>debet</strong></span> <span class='ocrx_word' id='word_1_490' title='bbox 2903 1975 3111 2029; x_wconf 87' lang='lat' dir='ltr'><strong>calcare</strong></span> <span class='ocrx_word' id='word_1_491' title='bbox 3135 1987 3384 2042; x_wconf 86' lang='lat' dir='ltr'><strong>nugacem</strong></span> <span class='ocrx_word' id='word_1_492' title='bbox 3403 2016 3417 2039; x_wconf 93' lang='lat'><strong>,</strong></span> 
     </span>
    </p>
   </div>
   <div class='ocr_carea' id='block_1_84' title="bbox 2171 2059 3553 2134">
    <p class='ocr_par' dir='ltr' id='par_1_84' title="bbox 2171 2059 3553 2134">
     <span class='ocr_line' id='line_1_85' title="bbox 2171 2059 3553 2134; baseline -0.002 -15"><span class='ocrx_word' id='word_1_493' title='bbox 2171 2067 2246 2119; x_wconf 82' lang='lat' dir='ltr'><strong>Ne</strong></span> <span class='ocrx_word' id='word_1_494' title='bbox 2267 2075 2447 2134; x_wconf 89' lang='lat' dir='ltr'><strong>pereat</strong></span> <span class='ocrx_word' id='word_1_495' title='bbox 2476 2066 2671 2131; x_wconf 89' lang='lat' dir='ltr'><strong>tardus,</strong></span> <span class='ocrx_word' id='word_1_496' title='bbox 2697 2080 2762 2119; x_wconf 93' lang='lat' dir='ltr'><strong>ne</strong></span> <span class='ocrx_word' id='word_1_497' title='bbox 2788 2080 2894 2133; x_wconf 90' lang='lat' dir='ltr'><strong>quo</strong></span> <span class='ocrx_word' id='word_1_498' title='bbox 2923 2059 3021 2118; x_wconf 88' lang='lat' dir='ltr'><strong>sub</strong></span> <span class='ocrx_word' id='word_1_499' title='bbox 3042 2066 3276 2133; x_wconf 88' lang='lat' dir='ltr'><strong>pondere</strong></span> <span class='ocrx_word' id='word_1_500' title='bbox 3303 2080 3515 2132; x_wconf 89' lang='lat' dir='ltr'><strong>pressus</strong></span> <span class='ocrx_word' id='word_1_501' title='bbox 3542 2106 3553 2116; x_wconf 91' lang='lat'><strong>.</strong></span> 
     </span>
    </p>
   </div>
   <div class='ocr_carea' id='block_1_85' title="bbox 2168 2153 3435 2222">
    <p class='ocr_par' dir='ltr' id='par_1_85' title="bbox 2168 2153 3435 2222">
     <span class='ocr_line' id='line_1_86' title="bbox 2168 2153 3435 2222; baseline -0.003 -14"><span class='ocrx_word' id='word_1_502' title='bbox 2168 2156 2438 2222; x_wconf 84' lang='lat' dir='ltr'><strong>Ingenium</strong></span> <span class='ocrx_word' id='word_1_503' title='bbox 2467 2153 2622 2209; x_wconf 81' lang='lat' dir='ltr'><strong>debet</strong></span> <span class='ocrx_word' id='word_1_504' title='bbox 2650 2155 2909 2222; x_wconf 85' lang='lat' dir='ltr'><strong>serpentis</strong></span> <span class='ocrx_word' id='word_1_505' title='bbox 2937 2153 3135 2207; x_wconf 88' lang='lat' dir='ltr'><strong>habere</strong></span> <span class='ocrx_word' id='word_1_506' title='bbox 3158 2153 3400 2207; x_wconf 81' lang='lat' dir='ltr'><strong>columba</strong></span> <span class='ocrx_word' id='word_1_507' title='bbox 3421 2193 3435 2215; x_wconf 91' lang='lat'><strong>,</strong></span> 
     </span>
    </p>
   </div>
   <div class='ocr_carea' id='block_1_86' title="bbox 2171 2243 3493 2313">
    <p class='ocr_par' dir='ltr' id='par_1_86' title="bbox 2171 2243 3493 2313">
     <span class='ocr_line' id='line_1_87' title="bbox 2171 2243 3493 2313; baseline -0.002 -16"><span class='ocrx_word' id='word_1_508' title='bbox 2171 2244 2405 2298; x_wconf 85' lang='lat' dir='ltr'><strong>Callidus</strong></span> <span class='ocrx_word' id='word_1_509' title='bbox 2431 2253 2483 2298; x_wconf 89' lang='lat' dir='ltr'><strong>et</strong></span> <span class='ocrx_word' id='word_1_510' title='bbox 2521 2244 2754 2313; x_wconf 89' lang='lat' dir='ltr'><strong>prudens</strong></span> <span class='ocrx_word' id='word_1_511' title='bbox 2782 2243 2938 2298; x_wconf 91' lang='lat' dir='ltr'><strong>debet</strong></span> <span class='ocrx_word' id='word_1_512' title='bbox 2967 2243 3227 2297; x_wconf 88' lang='lat' dir='ltr'><strong>nitescere</strong></span> <span class='ocrx_word' id='word_1_513' title='bbox 3253 2256 3493 2312; x_wconf 87' lang='lat' dir='ltr'><strong>serpens.</strong></span> 
     </span>
    </p>
   </div>
   <div class='ocr_carea' id='block_1_87' title="bbox 2655 2352 3344 2421">
    <p class='ocr_par' dir='ltr' id='par_1_87' title="bbox 2655 2352 3344 2421">
     <span class='ocr_line' id='line_1_88' title="bbox 2655 2352 3344 2421; baseline 0.001 -15"><span class='ocrx_word' id='word_1_514' title='bbox 2655 2352 2857 2406; x_wconf 80' lang='lat' dir='ltr'><strong>LXVII.</strong></span> <span class='ocrx_word' id='word_1_515' title='bbox 2892 2352 2970 2405; x_wconf 89' lang='lat' dir='ltr'><strong>De</strong></span> <span class='ocrx_word' id='word_1_516' title='bbox 2987 2353 3208 2421; x_wconf 85' lang='lat' dir='ltr'><strong>judicio.</strong></span> <span class='ocrx_word' id='word_1_517' title='bbox 3341 2406 3344 2407; x_wconf 65' lang='lat'>,</span> 
     </span>
    </p>
   </div>
   <div class='ocr_carea' id='block_1_88' title="bbox 2169 2438 3418 2509">
    <p class='ocr_par' dir='ltr' id='par_1_88' title="bbox 2169 2438 3418 2509">
     <span class='ocr_line' id='line_1_89' title="bbox 2169 2438 3418 2509; baseline -0.003 -15"><span class='ocrx_word' id='word_1_518' title='bbox 2169 2441 2335 2509; x_wconf 85' lang='lat' dir='ltr'><strong>Dilige</strong></span> <span class='ocrx_word' id='word_1_519' title='bbox 2357 2441 2629 2509; x_wconf 87' lang='lat' dir='ltr'><strong>judicium,</strong></span> <span class='ocrx_word' id='word_1_520' title='bbox 2657 2441 2704 2494; x_wconf 86' lang='lat' dir='ltr'><strong>si</strong></span> <span class='ocrx_word' id='word_1_521' title='bbox 2730 2440 2807 2494; x_wconf 84' lang='lat' dir='ltr'><strong>vis</strong></span> <span class='ocrx_word' id='word_1_522' title='bbox 2827 2439 3181 2494; x_wconf 87' lang='lat' dir='ltr'><strong>conscendere</strong></span> <span class='ocrx_word' id='word_1_523' title='bbox 3209 2438 3418 2499; x_wconf 66' lang='lat' dir='ltr'><strong>caelum,</strong></span> 
     </span>
    </p>
   </div>
   <div class='ocr_carea' id='block_1_89' title="bbox 2166 2526 3410 2594">
    <p class='ocr_par' dir='ltr' id='par_1_89' title="bbox 2166 2526 3410 2594">
     <span class='ocr_line' id='line_1_90' title="bbox 2166 2526 3410 2594; baseline -0.003 -12"><span class='ocrx_word' id='word_1_524' title='bbox 2166 2530 2362 2583; x_wconf 88' lang='lat' dir='ltr'><strong>Taliter</strong></span> <span class='ocrx_word' id='word_1_525' title='bbox 2381 2537 2433 2582; x_wconf 92' lang='lat' dir='ltr'><strong>et</strong></span> <span class='ocrx_word' id='word_1_526' title='bbox 2461 2528 2646 2582; x_wconf 88' lang='lat' dir='ltr'><strong>vestris</strong></span> <span class='ocrx_word' id='word_1_527' title='bbox 2666 2527 2978 2582; x_wconf 88' lang='lat' dir='ltr'><strong>censoribus</strong></span> <span class='ocrx_word' id='word_1_528' title='bbox 3008 2526 3121 2594; x_wconf 91' lang='lat' dir='ltr'><strong>ipse</strong></span> <span class='ocrx_word' id='word_1_529' title='bbox 3149 2534 3410 2578; x_wconf 81' lang='lat' dir='ltr'><strong>mutator:</strong></span> 
     </span>
    </p>
   </div>
   <div class='ocr_carea' id='block_1_90' title="bbox 2165 2617 3486 2686">
    <p class='ocr_par' dir='ltr' id='par_1_90' title="bbox 2165 2617 3486 2686">
     <span class='ocr_line' id='line_1_91' title="bbox 2165 2617 3486 2686; baseline -0.004 -14"><span class='ocrx_word' id='word_1_530' title='bbox 2165 2620 2375 2683; x_wconf 82' lang='lat' dir='ltr'><strong>Discite,</strong></span> <span class='ocrx_word' id='word_1_531' title='bbox 2405 2618 2449 2672; x_wconf 90' lang='lat' dir='ltr'><strong>si</strong></span> <span class='ocrx_word' id='word_1_532' title='bbox 2476 2618 2666 2686; x_wconf 89' lang='lat' dir='ltr'><strong>cupitis</strong></span> <span class='ocrx_word' id='word_1_533' title='bbox 2695 2627 2929 2671; x_wconf 89' lang='lat' dir='ltr'><strong>nostrum</strong></span> <span class='ocrx_word' id='word_1_534' title='bbox 2955 2617 3269 2684; x_wconf 86' lang='lat' dir='ltr'><strong>conquirere</strong></span> <span class='ocrx_word' id='word_1_535' title='bbox 3297 2630 3486 2668; x_wconf 90' lang='lat' dir='ltr'><strong>munus</strong></span> 
     </span>
    </p>
   </div>
   <div class='ocr_carea' id='block_1_91' title="bbox 2163 2691 3301 2773">
    <p class='ocr_par' dir='ltr' id='par_1_91' title="bbox 2163 2691 3301 2773">
     <span class='ocr_line' id='line_1_92' title="bbox 2163 2691 3301 2773; baseline -0.003 -13"><span class='ocrx_word' id='word_1_536' title='bbox 2163 2709 2351 2762; x_wconf 89' lang='lat' dir='ltr'><strong>.Indicii</strong></span> <span class='ocrx_word' id='word_1_537' title='bbox 2379 2708 2564 2763; x_wconf 87' lang='lat' dir='ltr'><strong>callem</strong></span> <span class='ocrx_word' id='word_1_538' title='bbox 2586 2715 2732 2760; x_wconf 91' lang='lat' dir='ltr'><strong>recto</strong></span> <span class='ocrx_word' id='word_1_539' title='bbox 2759 2691 3068 2773; x_wconf 75' lang='lat' dir='ltr'><strong>percurrere</strong></span> <span class='ocrx_word' id='word_1_540' title='bbox 3100 2717 3301 2771; x_wconf 79' lang='lat' dir='ltr'><strong>gressu.</strong></span> 
     </span>
    </p>
   </div>
   <div class='ocr_carea' id='block_1_92' title="bbox 2164 2789 3362 2859">
    <p class='ocr_par' dir='ltr' id='par_1_92' title="bbox 2164 2789 3362 2859">
     <span class='ocr_line' id='line_1_93' title="bbox 2164 2789 3362 2859; baseline -0.002 -13"><span class='ocrx_word' id='word_1_541' title='bbox 2164 2795 2182 2846; x_wconf 94' lang='lat' dir='ltr'><strong>l</strong></span> <span class='ocrx_word' id='word_1_542' title='bbox 2221 2806 2278 2845; x_wconf 85' lang='lat' dir='ltr'><strong>se</strong></span> <span class='ocrx_word' id='word_1_543' title='bbox 2305 2804 2475 2846; x_wconf 84' lang='lat' dir='ltr'><strong>tamen</strong></span> <span class='ocrx_word' id='word_1_544' title='bbox 2495 2808 2672 2847; x_wconf 88' lang='lat' dir='ltr'><strong>sacras</strong></span> <span class='ocrx_word' id='word_1_545' title='bbox 2692 2793 2853 2858; x_wconf 81' lang='lat' dir='ltr'><strong>debes</strong></span> <span class='ocrx_word' id='word_1_546' title='bbox 2873 2789 3179 2859; x_wconf 76' lang='lat' dir='ltr'><strong>perqutrere</strong></span> <span class='ocrx_word' id='word_1_547' title='bbox 3201 2793 3362 2859; x_wconf 80' lang='lat' dir='ltr'><strong>leges,</strong></span> 
     </span>
    </p>
   </div>
   <div class='ocr_carea' id='block_1_93' title="bbox 2166 2880 3483 2945">
    <p class='ocr_par' dir='ltr' id='par_1_93' title="bbox 2166 2880 3483 2945">
     <span class='ocr_line' id='line_1_94' title="bbox 2166 2880 3483 2945; baseline 0 -10"><span class='ocrx_word' id='word_1_548' title='bbox 2166 2880 2240 2935; x_wconf 76' lang='lat' dir='ltr'><strong>Ex</strong></span> <span class='ocrx_word' id='word_1_549' title='bbox 2263 2880 2446 2945; x_wconf 87' lang='lat' dir='ltr'><strong>quibus</strong></span> <span class='ocrx_word' id='word_1_550' title='bbox 2466 2882 2716 2934; x_wconf 80' lang='lat' dir='ltr'><strong>auxilium</strong></span> <span class='ocrx_word' id='word_1_551' title='bbox 2745 2881 2918 2934; x_wconf 89' lang='lat' dir='ltr'><strong>valeas</strong></span> <span class='ocrx_word' id='word_1_552' title='bbox 2949 2885 3190 2934; x_wconf 90' lang='lat' dir='ltr'><strong>conterre</strong></span> <span class='ocrx_word' id='word_1_553' title='bbox 3215 2887 3483 2936; x_wconf 76' lang='lat' dir='ltr'><strong>subaetts.</strong></span> 
     </span>
    </p>
   </div>
   <div class='ocr_carea' id='block_1_94' title="bbox 2655 2987 3248 3056">
    <p class='ocr_par' dir='ltr' id='par_1_94' title="bbox 2655 2987 3248 3056">
     <span class='ocr_line' id='line_1_95' title="bbox 2655 2987 3248 3056; baseline -0.002 -16"><span class='ocrx_word' id='word_1_554' title='bbox 2655 2987 2739 3040; x_wconf 75' lang='lat' dir='ltr'><strong>LX</strong></span> <span class='ocrx_word' id='word_1_555' title='bbox 2751 2987 2878 3040; x_wconf 85' lang='lat' dir='ltr'><strong>VII-l.</strong></span> <span class='ocrx_word' id='word_1_556' title='bbox 2920 2987 2996 3040; x_wconf 88' lang='lat' dir='ltr'><strong>De</strong></span> <span class='ocrx_word' id='word_1_557' title='bbox 3026 2988 3248 3056; x_wconf 82' lang='lat' dir='ltr'><strong>justitia.</strong></span> 
     </span>
    </p>
   </div>
   <div class='ocr_carea' id='block_1_95' title="bbox 2089 3079 3302 3156">
    <p class='ocr_par' dir='ltr' id='par_1_95' title="bbox 2089 3079 3302 3156">
     <span class='ocr_line' id='line_1_96' title="bbox 2089 3079 3302 3156; baseline 0.001 -25"><span class='ocrx_word' id='word_1_558' title='bbox 2089 3095 2134 3156; x_wconf 69' lang='grc' dir='ltr'><em>ς</em></span> <span class='ocrx_word' id='word_1_559' title='bbox 2168 3079 2369 3132; x_wconf 82' lang='lat' dir='ltr'><strong>Iustitia</strong></span> <span class='ocrx_word' id='word_1_560' title='bbox 2403 3087 2568 3132; x_wconf 93' lang='lat' dir='ltr'><strong>totum</strong></span> <span class='ocrx_word' id='word_1_561' title='bbox 2598 3095 2721 3134; x_wconf 89' lang='lat' dir='ltr'><strong>cura</strong></span> <span class='ocrx_word' id='word_1_562' title='bbox 2751 3081 3034 3148; x_wconf 90' lang='lat' dir='ltr'><strong>disponere</strong></span> <span class='ocrx_word' id='word_1_563' title='bbox 3062 3083 3302 3148; x_wconf 81' lang='lat' dir='ltr'><strong>regnum,</strong></span> 
     </span>
    </p>
   </div>
   <div class='ocr_carea' id='block_1_96' title="bbox 2162 3165 3528 3234">
    <p class='ocr_par' dir='ltr' id='par_1_96' title="bbox 2162 3165 3528 3234">
     <span class='ocr_line' id='line_1_97' title="bbox 2162 3165 3528 3234; baseline 0.004 -19"><span class='ocrx_word' id='word_1_564' title='bbox 2162 3169 2308 3227; x_wconf 75' lang='lat' dir='ltr'><strong>Quod</strong></span> <span class='ocrx_word' id='word_1_565' title='bbox 2339 3165 2429 3218; x_wconf 90' lang='lat' dir='ltr'><strong>tibi</strong></span> <span class='ocrx_word' id='word_1_566' title='bbox 2456 3167 2564 3219; x_wconf 78' lang='lat' dir='ltr'><strong>Rex</strong></span> <span class='ocrx_word' id='word_1_567' title='bbox 2593 3179 2772 3231; x_wconf 83' lang='lat' dir='ltr'><strong>regum</strong></span> <span class='ocrx_word' id='word_1_568' title='bbox 2795 3167 3054 3218; x_wconf 89' lang='lat' dir='ltr'><strong>commisit</strong></span> <span class='ocrx_word' id='word_1_569' title='bbox 3076 3167 3195 3234; x_wconf 73' lang='lat' dir='ltr'><strong>ju-e</strong></span> <span class='ocrx_word' id='word_1_570' title='bbox 3221 3168 3528 3233; x_wconf 48' lang='lat' dir='ltr'><strong>regendu‘n.</strong></span> 
     </span>
    </p>
   </div>
   <div class='ocr_carea' id='block_1_97' title="bbox 2159 3253 3354 3319">
    <p class='ocr_par' dir='ltr' id='par_1_97' title="bbox 2159 3253 3354 3319">
     <span class='ocr_line' id='line_1_98' title="bbox 2159 3253 3354 3319; baseline 0.005 -17"><span class='ocrx_word' id='word_1_571' title='bbox 2159 3253 2426 3305; x_wconf 71' lang='lat' dir='ltr'><strong>iudicibus</strong></span> <span class='ocrx_word' id='word_1_572' title='bbox 2451 3254 2594 3318; x_wconf 90' lang='lat' dir='ltr'><strong>juste</strong></span> <span class='ocrx_word' id='word_1_573' title='bbox 2623 3255 2808 3305; x_wconf 89' lang='lat' dir='ltr'><strong>manda</strong></span> <span class='ocrx_word' id='word_1_574' title='bbox 2840 3254 3120 3319; x_wconf 90' lang='lat' dir='ltr'><strong>disponere</strong></span> <span class='ocrx_word' id='word_1_575' title='bbox 3147 3271 3263 3308; x_wconf 80' lang='lat' dir='ltr'><strong>cum</strong></span> <span class='ocrx_word' id='word_1_576' title='bbox 3285 3270 3354 3308; x_wconf 88' lang='lat' dir='ltr'><strong>ta.</strong></span> 
     </span>
    </p>
   </div>
   <div class='ocr_carea' id='block_1_98' title="bbox 2160 3341 3456 3409">
    <p class='ocr_par' dir='ltr' id='par_1_98' title="bbox 2160 3341 3456 3409">
     <span class='ocr_line' id='line_1_99' title="bbox 2160 3341 3456 3409; baseline 0.005 -20"><span class='ocrx_word' id='word_1_577' title='bbox 2160 3341 2353 3392; x_wconf 75' lang='lat' dir='ltr'><strong>Vivere</strong></span> <span class='ocrx_word' id='word_1_578' title='bbox 2381 3341 2756 3406; x_wconf 74' lang='lat' dir='ltr'><strong>Cunctipotens</strong></span> <span class='ocrx_word' id='word_1_579' title='bbox 2782 3344 2957 3394; x_wconf 88' lang='lat' dir='ltr'><strong>sanxit</strong></span> <span class='ocrx_word' id='word_1_580' title='bbox 2985 3341 3222 3409; x_wconf 84' lang='lat' dir='ltr'><strong>legaliter</strong></span> <span class='ocrx_word' id='word_1_581' title='bbox 3249 3357 3456 3408; x_wconf 87' lang='lat' dir='ltr'><strong>omnes,</strong></span> 
     </span>
    </p>
   </div>
   <div class='ocr_carea' id='block_1_99' title="bbox 2161 3426 3393 3502">
    <p class='ocr_par' dir='ltr' id='par_1_99' title="bbox 2161 3426 3393 3502">
     <span class='ocr_line' id='line_1_100' title="bbox 2161 3426 3393 3502; baseline 0.006 -22"><span class='ocrx_word' id='word_1_582' title='bbox 2161 3429 2288 3480; x_wconf 84' lang='lat' dir='ltr'><strong>Nam</strong></span> <span class='ocrx_word' id='word_1_583' title='bbox 2319 3429 2509 3494; x_wconf 83' lang='lat' dir='ltr'><strong>digitus</strong></span> <span class='ocrx_word' id='word_1_584' title='bbox 2537 3429 2743 3482; x_wconf 86' lang='lat' dir='ltr'><strong>Domini</strong></span> <span class='ocrx_word' id='word_1_585' title='bbox 2771 3426 2940 3494; x_wconf 85' lang='lat' dir='ltr'><strong>legum</strong></span> <span class='ocrx_word' id='word_1_586' title='bbox 2971 3447 3191 3486; x_wconf 86' lang='lat' dir='ltr'><strong>censura</strong></span> <span class='ocrx_word' id='word_1_587' title='bbox 3217 3434 3393 3502; x_wconf 92' lang='lat' dir='ltr'><strong>lapillo</strong></span> 
     </span>
    </p>
   </div>
   <div class='ocr_carea' id='block_1_100' title="bbox 2159 3519 3500 3587">
    <p class='ocr_par' dir='ltr' id='par_1_100' title="bbox 2159 3519 3500 3587">
     <span class='ocr_line' id='line_1_101' title="bbox 2159 3519 3500 3587; baseline 0.005 -16"><span class='ocrx_word' id='word_1_588' title='bbox 2159 3519 2399 3587; x_wconf 86' lang='lat' dir='ltr'><strong>Scripsit,</strong></span> <span class='ocrx_word' id='word_1_589' title='bbox 2431 3526 2483 3573; x_wconf 91' lang='lat' dir='ltr'><strong>et</strong></span> <span class='ocrx_word' id='word_1_590' title='bbox 2510 3519 2559 3571; x_wconf 94' lang='lat' dir='ltr'><strong>in</strong></span> <span class='ocrx_word' id='word_1_591' title='bbox 2587 3519 2780 3574; x_wconf 87' lang='lat' dir='ltr'><strong>chartis</strong></span> <span class='ocrx_word' id='word_1_592' title='bbox 2803 3520 2959 3587; x_wconf 90' lang='lat' dir='ltr'><strong>jussit</strong></span> <span class='ocrx_word' id='word_1_593' title='bbox 2981 3521 3266 3577; x_wconf 84' lang='lat' dir='ltr'><strong>discribere</strong></span> <span class='ocrx_word' id='word_1_594' title='bbox 3289 3523 3500 3578; x_wconf 79' lang='lat' dir='ltr'><strong>vestris.</strong></span> 
     </span>
    </p>
   </div>
   <div class='ocr_carea' id='block_1_101' title="bbox 2596 3632 3266 3691">
    <p class='ocr_par' dir='ltr' id='par_1_101' title="bbox 2596 3632 3266 3691">
     <span class='ocr_line' id='line_1_102' title="bbox 2596 3632 3266 3691; baseline 0.013 -9"><span class='ocrx_word' id='word_1_595' title='bbox 2596 3632 2775 3685; x_wconf 64' lang='lat' dir='ltr'><strong>LXIX.</strong></span> <span class='ocrx_word' id='word_1_596' title='bbox 2805 3633 2879 3686; x_wconf 86' lang='lat' dir='ltr'><strong>De</strong></span> <span class='ocrx_word' id='word_1_597' title='bbox 2900 3635 3266 3691; x_wconf 81' lang='lat' dir='ltr'><strong>misericordia.</strong></span> 
     </span>
    </p>
   </div>
   <div class='ocr_carea' id='block_1_102' title="bbox 2156 3717 3398 3788">
    <p class='ocr_par' dir='ltr' id='par_1_102' title="bbox 2156 3717 3398 3788">
     <span class='ocr_line' id='line_1_103' title="bbox 2156 3717 3398 3788; baseline 0.002 -20"><span class='ocrx_word' id='word_1_598' title='bbox 2156 3717 2339 3768; x_wconf 88' lang='lat' dir='ltr'><strong>Omnia</strong></span> <span class='ocrx_word' id='word_1_599' title='bbox 2364 3717 2647 3783; x_wconf 74' lang='lat' dir='ltr'><strong>przcvideat</strong></span> <span class='ocrx_word' id='word_1_600' title='bbox 2674 3719 2838 3785; x_wconf 86' lang='lat' dir='ltr'><strong>solers</strong></span> <span class='ocrx_word' id='word_1_601' title='bbox 2863 3720 3114 3773; x_wconf 87' lang='lat' dir='ltr'><strong>industria</strong></span> <span class='ocrx_word' id='word_1_602' title='bbox 3141 3725 3296 3788; x_wconf 76' lang='lat' dir='ltr'><strong>regis,</strong></span> <span class='ocrx_word' id='word_1_603' title='bbox 3378 3758 3398 3783; x_wconf 56' lang='grc' dir='ltr'><strong><em>α,</em></strong></span> 
     </span>
    </p>
   </div>
   <div class='ocr_carea' id='block_1_103' title="bbox 2157 3804 3542 3877">
    <p class='ocr_par' dir='ltr' id='par_1_103' title="bbox 2157 3804 3542 3877">
     <span class='ocr_line' id='line_1_104' title="bbox 2157 3804 3542 3877; baseline 0.009 -22"><span class='ocrx_word' id='word_1_604' title='bbox 2157 3805 2339 3869; x_wconf 81' lang='lat' dir='ltr'><strong>Magna</strong></span> <span class='ocrx_word' id='word_1_605' title='bbox 2365 3804 2498 3855; x_wconf 86' lang='lat' dir='ltr'><strong>lerat</strong></span> <span class='ocrx_word' id='word_1_606' title='bbox 2527 3806 2748 3869; x_wconf 84' lang='lat' dir='ltr'><strong>magnis,</strong></span> <span class='ocrx_word' id='word_1_607' title='bbox 2785 3810 2842 3856; x_wconf 84' lang='lat' dir='ltr'><strong>et</strong></span> <span class='ocrx_word' id='word_1_608' title='bbox 2870 3815 3081 3872; x_wconf 71' lang='lat' dir='ltr'><strong>prmstet</strong></span> <span class='ocrx_word' id='word_1_609' title='bbox 3111 3823 3267 3874; x_wconf 85' lang='lat' dir='ltr'><strong>parva</strong></span> <span class='ocrx_word' id='word_1_610' title='bbox 3299 3814 3501 3877; x_wconf 86' lang='lat' dir='ltr'><strong>pusiltts</strong></span> <span class='ocrx_word' id='word_1_611' title='bbox 3527 3834 3542 3868; x_wconf 89' lang='lat'><strong>:</strong></span> 
     </span>
    </p>
   </div>
   <div class='ocr_carea' id='block_1_104' title="bbox 2157 3889 3362 3962">
    <p class='ocr_par' dir='ltr' id='par_1_104' title="bbox 2157 3889 3362 3962">
     <span class='ocr_line' id='line_1_105' title="bbox 2157 3889 3362 3962; baseline 0.007 -22"><span class='ocrx_word' id='word_1_612' title='bbox 2157 3889 2270 3940; x_wconf 86' lang='lat' dir='ltr'><strong>Non</strong></span> <span class='ocrx_word' id='word_1_613' title='bbox 2295 3903 2469 3941; x_wconf 88' lang='lat' dir='ltr'><strong>cesses</strong></span> <span class='ocrx_word' id='word_1_614' title='bbox 2499 3889 2721 3944; x_wconf 91' lang='lat' dir='ltr'><strong>miseros</strong></span> <span class='ocrx_word' id='word_1_615' title='bbox 2753 3905 2782 3942; x_wconf 90' lang='lat' dir='ltr'><strong>a</strong></span> <span class='ocrx_word' id='word_1_616' title='bbox 2810 3890 2962 3944; x_wconf 79' lang='lat' dir='ltr'><strong>famis</strong></span> <span class='ocrx_word' id='word_1_617' title='bbox 2990 3893 3140 3947; x_wconf 88' lang='lat' dir='ltr'><strong>clade</strong></span> <span class='ocrx_word' id='word_1_618' title='bbox 3167 3895 3362 3962; x_wconf 89' lang='lat' dir='ltr'><strong>levare,</strong></span> 
     </span>
    </p>
   </div>
   <div class='ocr_carea' id='block_1_105' title="bbox 2154 3975 3406 4042">
    <p class='ocr_par' dir='ltr' id='par_1_105' title="bbox 2154 3975 3406 4042">
     <span class='ocr_line' id='line_1_106' title="bbox 2154 3975 3406 4042; baseline 0.01 -17"><span class='ocrx_word' id='word_1_619' title='bbox 2154 3976 2207 4026; x_wconf 81' lang='lat' dir='ltr'><strong>Si</strong></span> <span class='ocrx_word' id='word_1_620' title='bbox 2239 3977 2386 4042; x_wconf 91' lang='lat' dir='ltr'><strong>cupis</strong></span> <span class='ocrx_word' id='word_1_621' title='bbox 2416 3975 2467 4028; x_wconf 95' lang='lat' dir='ltr'><strong>in</strong></span> <span class='ocrx_word' id='word_1_622' title='bbox 2495 3976 2630 4030; x_wconf 64' lang='lat' dir='ltr'><strong>caelo</strong></span> <span class='ocrx_word' id='word_1_623' title='bbox 2663 3976 2885 4031; x_wconf 84' lang='lat' dir='ltr'><strong>fructum</strong></span> <span class='ocrx_word' id='word_1_624' title='bbox 2913 3982 3168 4035; x_wconf 80' lang='lat' dir='ltr'><strong>mercedis</strong></span> <span class='ocrx_word' id='word_1_625' title='bbox 3194 3984 3406 4039; x_wconf 83' lang='lat' dir='ltr'><strong>habere.</strong></span> 
     </span>
    </p>
   </div>
   <div class='ocr_carea' id='block_1_106' title="bbox 2153 4062 3466 4143">
    <p class='ocr_par' dir='ltr' id='par_1_106' title="bbox 2153 4062 3466 4143">
     <span class='ocr_line' id='line_1_107' title="bbox 2153 4062 3466 4143; baseline 0.008 -30"><span class='ocrx_word' id='word_1_626' title='bbox 2153 4062 2244 4114; x_wconf 89' lang='lat' dir='ltr'><strong>Ille</strong></span> <span class='ocrx_word' id='word_1_627' title='bbox 2273 4064 2375 4129; x_wconf 91' lang='lat' dir='ltr'><strong>poli</strong></span> <span class='ocrx_word' id='word_1_628' title='bbox 2407 4063 2602 4130; x_wconf 90' lang='lat' dir='ltr'><strong>poterit</strong></span> <span class='ocrx_word' id='word_1_629' title='bbox 2631 4079 2843 4129; x_wconf 77' lang='lat' dir='ltr'><strong>regnum</strong></span> <span class='ocrx_word' id='word_1_630' title='bbox 2875 4071 3225 4143; x_wconf 79' lang='lat' dir='ltr'><strong>conscendere</strong></span> <span class='ocrx_word' id='word_1_631' title='bbox 3251 4073 3466 4133; x_wconf 87' lang='lat' dir='ltr'><strong>celsum,</strong></span> 
     </span>
    </p>
   </div>
   <div class='ocr_carea' id='block_1_107' title="bbox 2152 4151 3566 4222">
    <p class='ocr_par' dir='ltr' id='par_1_107' title="bbox 2152 4151 3566 4222">
     <span class='ocr_line' id='line_1_108' title="bbox 2152 4151 3566 4222; baseline 0.011 -20"><span class='ocrx_word' id='word_1_632' title='bbox 2152 4151 2366 4203; x_wconf 81' lang='lat' dir='ltr'><strong>Noverit</strong></span> <span class='ocrx_word' id='word_1_633' title='bbox 2387 4151 2471 4204; x_wconf 90' lang='lat' dir='ltr'><strong>hic</strong></span> <span class='ocrx_word' id='word_1_634' title='bbox 2498 4153 2701 4204; x_wconf 87' lang='lat' dir='ltr'><strong>miseris</strong></span> <span class='ocrx_word' id='word_1_635' title='bbox 2726 4153 2812 4220; x_wconf 88' lang='lat' dir='ltr'><strong>qui</strong></span> <span class='ocrx_word' id='word_1_636' title='bbox 2838 4157 3042 4222; x_wconf 84' lang='lat' dir='ltr'><strong>plenam</strong></span> <span class='ocrx_word' id='word_1_637' title='bbox 3072 4158 3277 4212; x_wconf 90' lang='lat' dir='ltr'><strong>tradere</strong></span> <span class='ocrx_word' id='word_1_638' title='bbox 3300 4159 3566 4218; x_wconf 83' lang='lat' dir='ltr'><strong>dextram.</strong></span> 
     </span>
    </p>
   </div>
   <div class='ocr_carea' id='block_1_108' title="bbox 2551 4240 3288 4300">
    <p class='ocr_par' dir='ltr' id='par_1_108' title="bbox 2551 4240 3288 4300">
     <span class='ocr_line' id='line_1_109' title="bbox 2551 4240 3288 4300; baseline 0.009 -8"><span class='ocrx_word' id='word_1_639' title='bbox 2551 4240 2708 4294; x_wconf 69' lang='lat' dir='ltr'><strong>LXX.</strong></span> <span class='ocrx_word' id='word_1_640' title='bbox 2739 4241 2816 4294; x_wconf 87' lang='lat' dir='ltr'><strong>De</strong></span> <span class='ocrx_word' id='word_1_641' title='bbox 2854 4243 3060 4297; x_wconf 81' lang='lat' dir='ltr'><strong>decimis</strong></span> <span class='ocrx_word' id='word_1_642' title='bbox 3087 4247 3288 4300; x_wconf 80' lang='lat' dir='ltr'><strong>dandis.</strong></span> 
     </span>
    </p>
   </div>
   <div class='ocr_carea' id='block_1_109' title="bbox 2153 4327 3521 4406">
    <p class='ocr_par' dir='ltr' id='par_1_109' title="bbox 2153 4327 3521 4406">
     <span class='ocr_line' id='line_1_110' title="bbox 2153 4327 3521 4406; baseline 0.012 -30"><span class='ocrx_word' id='word_1_643' title='bbox 2153 4327 2223 4378; x_wconf 86' lang='lat' dir='ltr'><strong>Da</strong></span> <span class='ocrx_word' id='word_1_644' title='bbox 2249 4328 2483 4382; x_wconf 82' lang='lat' dir='ltr'><strong>decimas</strong></span> <span class='ocrx_word' id='word_1_645' title='bbox 2511 4330 2752 4394; x_wconf 86' lang='lat' dir='ltr'><strong>Domino,</strong></span> <span class='ocrx_word' id='word_1_646' title='bbox 2786 4332 2989 4385; x_wconf 88' lang='lat' dir='ltr'><strong>tibimet</strong></span> <span class='ocrx_word' id='word_1_647' title='bbox 3019 4336 3106 4398; x_wconf 92' lang='lat' dir='ltr'><strong>qui</strong></span> <span class='ocrx_word' id='word_1_648' title='bbox 3138 4336 3285 4403; x_wconf 85' lang='lat' dir='ltr'><strong>plura</strong></span> <span class='ocrx_word' id='word_1_649' title='bbox 3313 4338 3521 4406; x_wconf 82' lang='lat' dir='ltr'><strong>subegit</strong></span> 
     </span>
    </p>
   </div>
   <div class='ocr_carea' id='block_1_110' title="bbox 2075 4398 3437 4486">
    <p class='ocr_par' dir='ltr' id='par_1_110' title="bbox 2075 4398 3437 4486">
     <span class='ocr_line' id='line_1_111' title="bbox 2075 4398 3437 4486; baseline 0.01 -24"><span class='ocrx_word' id='word_1_650' title='bbox 2075 4398 2123 4453; x_wconf 80' lang='grc' dir='ltr'><strong>Ῐ)</strong></span> <span class='ocrx_word' id='word_1_651' title='bbox 2160 4415 2355 4481; x_wconf 75' lang='lat' dir='ltr'><strong>liegna,</strong></span> <span class='ocrx_word' id='word_1_652' title='bbox 2386 4416 2480 4468; x_wconf 90' lang='lat' dir='ltr'><strong>tibi</strong></span> <span class='ocrx_word' id='word_1_653' title='bbox 2512 4417 2733 4483; x_wconf 89' lang='lat' dir='ltr'><strong>populos</strong></span> <span class='ocrx_word' id='word_1_654' title='bbox 2757 4416 2910 4482; x_wconf 83' lang='lat' dir='ltr'><strong>jussit</strong></span> <span class='ocrx_word' id='word_1_655' title='bbox 2950 4398 3154 4472; x_wconf 77' lang='lat' dir='ltr'><strong>servire</strong></span> <span class='ocrx_word' id='word_1_656' title='bbox 3178 4430 3437 4486; x_wconf 74' lang='lat' dir='ltr'><strong>potentes.</strong></span> 
     </span>
    </p>
   </div>
   <div class='ocr_carea' id='block_1_111' title="bbox 2153 4503 3523 4578">
    <p class='ocr_par' dir='ltr' id='par_1_111' title="bbox 2153 4503 3523 4578">
     <span class='ocr_line' id='line_1_112' title="bbox 2153 4503 3523 4578; baseline 0.011 -26"><span class='ocrx_word' id='word_1_657' title='bbox 2153 4503 2323 4556; x_wconf 85' lang='lat' dir='ltr'><strong>Aurea</strong></span> <span class='ocrx_word' id='word_1_658' title='bbox 2352 4519 2497 4569; x_wconf 88' lang='lat' dir='ltr'><strong>vasa,</strong></span> <span class='ocrx_word' id='word_1_659' title='bbox 2532 4513 2555 4549; x_wconf 78' lang='lat'><strong>6</strong></span> <span class='ocrx_word' id='word_1_660' title='bbox 2585 4515 2642 4557; x_wconf 91' lang='lat' dir='ltr'><strong>ut</strong></span> <span class='ocrx_word' id='word_1_661' title='bbox 2663 4506 2795 4572; x_wconf 89' lang='lat' dir='ltr'><strong>petit</strong></span> <span class='ocrx_word' id='word_1_662' title='bbox 2821 4505 3024 4558; x_wconf 87' lang='lat' dir='ltr'><strong>diversa</strong></span> <span class='ocrx_word' id='word_1_663' title='bbox 3064 4507 3270 4561; x_wconf 89' lang='lat' dir='ltr'><strong>metalla</strong></span> <span class='ocrx_word' id='word_1_664' title='bbox 3297 4513 3523 4578; x_wconf 80' lang='lat' dir='ltr'><strong>paravit,</strong></span> 
     </span>
    </p>
   </div>
   <div class='ocr_carea' id='block_1_112' title="bbox 2149 4585 3379 4660">
    <p class='ocr_par' dir='ltr' id='par_1_112' title="bbox 2149 4585 3379 4660">
     <span class='ocr_line' id='line_1_113' title="bbox 2149 4585 3379 4660; baseline 0.01 -20"><span class='ocrx_word' id='word_1_665' title='bbox 2149 4588 2402 4656; x_wconf 90' lang='lat' dir='ltr'><strong>Imposuit</strong></span> <span class='ocrx_word' id='word_1_666' title='bbox 2429 4593 2649 4658; x_wconf 89' lang='lat' dir='ltr'><strong>gemmis</strong></span> <span class='ocrx_word' id='word_1_667' title='bbox 2669 4585 2908 4644; x_wconf 78' lang='lat' dir='ltr'><strong>ornatam</strong></span> <span class='ocrx_word' id='word_1_668' title='bbox 2929 4594 3125 4648; x_wconf 82' lang='lat' dir='ltr'><strong>vertice</strong></span> <span class='ocrx_word' id='word_1_669' title='bbox 3153 4599 3379 4660; x_wconf 91' lang='lat' dir='ltr'><strong>mitram,</strong></span> 
     </span>
    </p>
   </div>
   <div class='ocr_carea' id='block_1_113' title="bbox 2150 4679 3264 4748">
    <p class='ocr_par' dir='ltr' id='par_1_113' title="bbox 2150 4679 3264 4748">
     <span class='ocr_line' id='line_1_114' title="bbox 2150 4679 3264 4748; baseline 0.01 -20"><span class='ocrx_word' id='word_1_670' title='bbox 2150 4679 2338 4733; x_wconf 87' lang='lat' dir='ltr'><strong>Siricio</strong></span> <span class='ocrx_word' id='word_1_671' title='bbox 2360 4681 2538 4734; x_wconf 90' lang='lat' dir='ltr'><strong>lembo</strong></span> <span class='ocrx_word' id='word_1_672' title='bbox 2561 4695 2716 4733; x_wconf 89' lang='lat' dir='ltr'><strong>roseo</strong></span> <span class='ocrx_word' id='word_1_673' title='bbox 2737 4681 2992 4738; x_wconf 81' lang='lat' dir='ltr'><strong>conclusit</strong></span> <span class='ocrx_word' id='word_1_674' title='bbox 3022 4691 3073 4736; x_wconf 90' lang='lat' dir='ltr'><strong>et</strong></span> <span class='ocrx_word' id='word_1_675' title='bbox 3097 4693 3264 4748; x_wconf 88' lang='lat' dir='ltr'><strong>ostro,</strong></span> 
     </span>
    </p>
   </div>
   <div class='ocr_carea' id='block_1_114' title="bbox 2149 4764 3305 4837">
    <p class='ocr_par' dir='ltr' id='par_1_114' title="bbox 2149 4764 3305 4837">
     <span class='ocr_line' id='line_1_115' title="bbox 2149 4764 3305 4837; baseline 0.006 -20"><span class='ocrx_word' id='word_1_676' title='bbox 2149 4764 2362 4819; x_wconf 90' lang='lat' dir='ltr'><strong>Ornavit</strong></span> <span class='ocrx_word' id='word_1_677' title='bbox 2382 4767 2619 4819; x_wconf 91' lang='lat' dir='ltr'><strong>habitum</strong></span> <span class='ocrx_word' id='word_1_678' title='bbox 2646 4767 2834 4833; x_wconf 83' lang='lat' dir='ltr'><strong>regalis</strong></span> <span class='ocrx_word' id='word_1_679' title='bbox 2859 4783 3084 4837; x_wconf 90' lang='lat' dir='ltr'><strong>purpura</strong></span> <span class='ocrx_word' id='word_1_680' title='bbox 3115 4780 3305 4825; x_wconf 91' lang='lat' dir='ltr'><strong>totum.</strong></span> 
     </span>
    </p>
   </div>
   <div class='ocr_carea' id='block_1_115' title="bbox 2149 4907 3703 4986">
    <p class='ocr_par' dir='ltr' id='par_1_115' title="bbox 2149 4907 3703 4986">
     <span class='ocr_line' id='line_1_116' title="bbox 2149 4907 3703 4986; baseline 0.009 -28"><span class='ocrx_word' id='word_1_681' title='bbox 2149 4907 2251 4986; x_wconf 81' lang='lat' dir='ltr'><strong>lius</strong></span> <span class='ocrx_word' id='word_1_682' title='bbox 2292 4909 2676 4986; x_wconf 73' lang='lat' dir='ltr'><strong>appellatione;</strong></span> <span class='ocrx_word' id='word_1_683' title='bbox 2735 4927 2832 4964; x_wconf 89' lang='lat' dir='ltr'><strong>nos</strong></span> <span class='ocrx_word' id='word_1_684' title='bbox 2879 4914 3017 4986; x_wconf 78' lang='lat' dir='ltr'><strong>enim</strong></span> <span class='ocrx_word' id='word_1_685' title='bbox 3040 4915 3194 4986; x_wconf 76' lang='lat' dir='ltr'><strong>aliam</strong></span> <span class='ocrx_word' id='word_1_686' title='bbox 3238 4913 3527 4970; x_wconf 62' lang='lat' dir='ltr'><strong>Caesaream</strong></span> <span class='ocrx_word' id='word_1_687' title='bbox 3577 4933 3703 4986; x_wconf 66' lang='lat' dir='ltr'><strong>qum</strong></span> 
     </span>
    </p>
   </div>
   <div class='ocr_carea' id='block_1_116' title="bbox 2146 4977 3700 5053">
    <p class='ocr_par' dir='ltr' id='par_1_116' title="bbox 2146 4977 3700 5053">
     <span class='ocr_line' id='line_1_117' title="bbox 2146 4977 3700 5053; baseline 0.01 -27"><span class='ocrx_word' id='word_1_688' title='bbox 2146 4984 2286 5026; x_wconf 82' lang='lat' dir='ltr'><strong>vasta</strong></span> <span class='ocrx_word' id='word_1_689' title='bbox 2312 4977 2449 5053; x_wconf 76' lang='lat' dir='ltr'><strong>dicta</strong></span> <span class='ocrx_word' id='word_1_690' title='bbox 2475 4977 2542 5053; x_wconf 75' lang='lat' dir='ltr'><strong>sit</strong></span> <span class='ocrx_word' id='word_1_691' title='bbox 2579 4993 2678 5030; x_wconf 92' lang='lat' dir='ltr'><strong>non</strong></span> <span class='ocrx_word' id='word_1_692' title='bbox 2723 4983 3038 5053; x_wconf 74' lang='lat' dir='ltr'><strong>reperinnts.</strong></span> <span class='ocrx_word' id='word_1_693' title='bbox 3094 4981 3273 5053; x_wconf 74' lang='lat' dir='ltr'><strong>Itaque</strong></span> <span class='ocrx_word' id='word_1_694' title='bbox 3320 4999 3422 5036; x_wconf 92' lang='lat' dir='ltr'><strong>non</strong></span> <span class='ocrx_word' id='word_1_695' title='bbox 3473 4977 3634 5053; x_wconf 70' lang='lat' dir='ltr'><strong>longe</strong></span> <span class='ocrx_word' id='word_1_696' title='bbox 3668 5005 3700 5040; x_wconf 83' lang='lat' dir='ltr'><strong>a</strong></span> 
     </span>
    </p>
   </div>
   <div class='ocr_carea' id='block_1_117' title="bbox 2147 5043 3699 5121">
    <p class='ocr_par' dir='ltr' id='par_1_117' title="bbox 2147 5043 3699 5121">
     <span class='ocr_line' id='line_1_118' title="bbox 2147 5043 3699 5121; baseline 0.01 -30"><span class='ocrx_word' id='word_1_697' title='bbox 2147 5057 2279 5121; x_wconf 53' lang='lat' dir='ltr'><strong>vero</strong></span> <span class='ocrx_word' id='word_1_698' title='bbox 2303 5043 2679 5121; x_wconf 73' lang='lat' dir='ltr'><strong>aberrabimus,</strong></span> <span class='ocrx_word' id='word_1_699' title='bbox 2707 5047 2751 5099; x_wconf 90' lang='lat' dir='ltr'><strong>si</strong></span> <span class='ocrx_word' id='word_1_700' title='bbox 2789 5043 3088 5121; x_wconf 69' lang='lat' dir='ltr'><strong>dixerimus</strong></span> <span class='ocrx_word' id='word_1_701' title='bbox 3117 5043 3273 5099; x_wconf 75' lang='lat' dir='ltr'><strong>fuisse</strong></span> <span class='ocrx_word' id='word_1_702' title='bbox 3305 5053 3459 5105; x_wconf 78' lang='lat' dir='ltr'><strong>hosce</strong></span> <span class='ocrx_word' id='word_1_703' title='bbox 3503 5043 3699 5107; x_wconf 55' lang='lat' dir='ltr'><strong>versus</strong></span> 
     </span>
    </p>
   </div>
   <div class='ocr_carea' id='block_1_118' title="bbox 2147 5108 3695 5186">
    <p class='ocr_par' dir='ltr' id='par_1_118' title="bbox 2147 5108 3695 5186">
     <span class='ocr_line' id='line_1_119' title="bbox 2147 5108 3695 5186; baseline 0.012 -29"><span class='ocrx_word' id='word_1_704' title='bbox 2147 5111 2212 5158; x_wconf 87' lang='lat' dir='ltr'><strong>ab</strong></span> <span class='ocrx_word' id='word_1_705' title='bbox 2242 5108 2474 5174; x_wconf 81' lang='lat' dir='ltr'><strong>Eugenio</strong></span> <span class='ocrx_word' id='word_1_706' title='bbox 2501 5112 2817 5186; x_wconf 68' lang='lat' dir='ltr'><strong>elaboratus,</strong></span> <span class='ocrx_word' id='word_1_707' title='bbox 2851 5117 2970 5186; x_wconf 77' lang='lat' dir='ltr'><strong>dum</strong></span> <span class='ocrx_word' id='word_1_708' title='bbox 2997 5113 3404 5182; x_wconf 65' lang='lat' dir='ltr'><strong>Caesaraugusta:</strong></span> <span class='ocrx_word' id='word_1_709' title='bbox 3445 5122 3695 5186; x_wconf 82' lang='lat' dir='ltr'><strong>privatus</strong></span> 
     </span>
    </p>
   </div>
   <div class='ocr_carea' id='block_1_119' title="bbox 2146 5180 3692 5251">
    <p class='ocr_par' dir='ltr' id='par_1_119' title="bbox 2146 5180 3692 5251">
     <span class='ocr_line' id='line_1_120' title="bbox 2146 5180 3692 5251; baseline 0.008 -25"><span class='ocrx_word' id='word_1_710' title='bbox 2146 5187 2562 5251; x_wconf 68' lang='lat' dir='ltr'><strong>cuttttnoraretur</strong></span> <span class='ocrx_word' id='word_1_711' title='bbox 2585 5181 2882 5251; x_wconf 81' lang='lat' dir='ltr'><strong>;__illumque</strong></span> <span class='ocrx_word' id='word_1_712' title='bbox 2904 5180 3180 5245; x_wconf 79' lang='lat' dir='ltr'><strong>Joannem,</strong></span> <span class='ocrx_word' id='word_1_713' title='bbox 3208 5180 3356 5251; x_wconf 78' lang='lat' dir='ltr'><strong>cujus</strong></span> <span class='ocrx_word' id='word_1_714' title='bbox 3379 5180 3692 5241; x_wconf 73' lang='lat' dir='ltr'><strong>tnuniﬂcmi-</strong></span> 
     </span>
    </p>
   </div>
   <div class='ocr_carea' id='block_1_120' title="bbox 2149 5245 3692 5316">
    <p class='ocr_par' dir='ltr' id='par_1_120' title="bbox 2149 5245 3692 5316">
     <span class='ocr_line' id='line_1_121' title="bbox 2149 5245 3692 5316; baseline 0.011 -25"><span class='ocrx_word' id='word_1_715' title='bbox 2149 5245 2378 5316; x_wconf 15' lang='lat' dir='ltr'><strong>tiamra‘c</strong></span> <span class='ocrx_word' id='word_1_716' title='bbox 2430 5246 2793 5316; x_wconf 73' lang='lat' dir='ltr'><strong>liberalitatem</strong></span> <span class='ocrx_word' id='word_1_717' title='bbox 2844 5251 3212 5304; x_wconf 85' lang='lat' dir='ltr'><strong>commendare</strong></span> <span class='ocrx_word' id='word_1_718' title='bbox 3265 5245 3463 5316; x_wconf 76' lang='lat' dir='ltr'><strong>voluit,</strong></span> <span class='ocrx_word' id='word_1_719' title='bbox 3520 5254 3692 5308; x_wconf 77' lang='lat' dir='ltr'><strong>fuisse</strong></span> 
     </span>
    </p>
   </div>
   <div class='ocr_carea' id='block_1_121' title="bbox 2142 5313 3688 5390">
    <p class='ocr_par' dir='ltr' id='par_1_121' title="bbox 2142 5313 3688 5390">
     <span class='ocr_line' id='line_1_122' title="bbox 2142 5313 3688 5390; baseline 0.01 -31"><span class='ocrx_word' id='word_1_720' title='bbox 2142 5315 2305 5390; x_wconf 70' lang='lat' dir='ltr'><strong>sancti</strong></span> <span class='ocrx_word' id='word_1_721' title='bbox 2337 5313 2626 5390; x_wconf 10' lang='lat' dir='ltr'><strong>Braulﬁionis</strong></span> <span class='ocrx_word' id='word_1_722' title='bbox 2657 5313 2893 5390; x_wconf 77' lang='lat' dir='ltr'><strong>fratrem,</strong></span> <span class='ocrx_word' id='word_1_723' title='bbox 2924 5316 3007 5368; x_wconf 92' lang='lat' dir='ltr'><strong>cui</strong></span> <span class='ocrx_word' id='word_1_724' title='bbox 3037 5318 3245 5371; x_wconf 81' lang='lat' dir='ltr'><strong>Braulio</strong></span> <span class='ocrx_word' id='word_1_725' title='bbox 3267 5321 3320 5372; x_wconf 90' lang='lat' dir='ltr'><strong>in</strong></span> <span class='ocrx_word' id='word_1_726' title='bbox 3368 5313 3688 5390; x_wconf 80' lang='lat' dir='ltr'><strong>episcOpatu</strong></span> 
     </span>
    </p>
   </div>
   <div class='ocr_carea' id='block_1_122' title="bbox 2141 5378 2916 5444">
    <p class='ocr_par' dir='ltr' id='par_1_122' title="bbox 2141 5378 2916 5444">
     <span class='ocr_line' id='line_1_123' title="bbox 2141 5378 2916 5444; baseline 0.004 -14"><span class='ocrx_word' id='word_1_727' title='bbox 2141 5378 2606 5444; x_wconf 59' lang='lat' dir='ltr'><strong>Caesaraugustam</strong></span> <span class='ocrx_word' id='word_1_728' title='bbox 2644 5382 2916 5433; x_wconf 84' lang='lat' dir='ltr'><strong>successit.</strong></span> 
     </span>
    </p>
   </div>
   <div class='ocr_carea' id='block_1_123' title="bbox 2215 5446 3502 5519">
    <p class='ocr_par' dir='ltr' id='par_1_123' title="bbox 2215 5446 3502 5519">
     <span class='ocr_line' id='line_1_124' title="bbox 2215 5446 3502 5519; baseline 0.009 -23"><span class='ocrx_word' id='word_1_729' title='bbox 2215 5446 2232 5481; x_wconf 73' lang='grc' dir='ltr'><em>τ</em></span> <span class='ocrx_word' id='word_1_730' title='bbox 2265 5446 2369 5519; x_wconf 58' lang='grc' dir='ltr'><strong>ῌοε</strong></span> <span class='ocrx_word' id='word_1_731' title='bbox 2396 5447 2685 5519; x_wconf 70' lang='lat' dir='ltr'><strong>legeremus</strong></span> <span class='ocrx_word' id='word_1_732' title='bbox 2711 5446 3004 5511; x_wconf 83' lang='lat' dir='ltr'><strong>dominicas,</strong></span> <span class='ocrx_word' id='word_1_733' title='bbox 3035 5452 3116 5503; x_wconf 91' lang='lat' dir='ltr'><strong>vel</strong></span> <span class='ocrx_word' id='word_1_734' title='bbox 3159 5454 3280 5519; x_wconf 81' lang='lat' dir='ltr'><strong>quid</strong></span> <span class='ocrx_word' id='word_1_735' title='bbox 3311 5455 3502 5509; x_wconf 89' lang='lat' dir='ltr'><strong>simile.</strong></span> 
     </span>
    </p>
   </div>
   <div class='ocr_carea' id='block_1_124' title="bbox 2211 5511 3684 5589">
    <p class='ocr_par' dir='ltr' id='par_1_124' title="bbox 2211 5511 3684 5589">
     <span class='ocr_line' id='line_1_125' title="bbox 2211 5511 3684 5589; baseline 0.012 -31"><span class='ocrx_word' id='word_1_736' title='bbox 2211 5523 2233 5558; x_wconf 86' lang='lat' dir='ltr'><strong>s</strong></span> <span class='ocrx_word' id='word_1_737' title='bbox 2268 5512 2342 5589; x_wconf 70' lang='lat' dir='ltr'><strong>Ut</strong></span> <span class='ocrx_word' id='word_1_738' title='bbox 2362 5513 2480 5577; x_wconf 85' lang='lat' dir='ltr'><strong>petit</strong></span> <span class='ocrx_word' id='word_1_739' title='bbox 2503 5511 2626 5563; x_wconf 86' lang='lat' dir='ltr'><strong>nihil</strong></span> <span class='ocrx_word' id='word_1_740' title='bbox 2649 5525 2817 5589; x_wconf 75' lang='lat' dir='ltr'><strong>sonat,</strong></span> <span class='ocrx_word' id='word_1_741' title='bbox 2837 5520 2926 5573; x_wconf 86' lang='lat' dir='ltr'><strong>sed</strong></span> <span class='ocrx_word' id='word_1_742' title='bbox 2940 5532 3036 5573; x_wconf 89' lang='lat' dir='ltr'><strong>nec</strong></span> <span class='ocrx_word' id='word_1_743' title='bbox 3065 5511 3366 5589; x_wconf 76' lang='lat' dir='ltr'><strong>conjectura</strong></span> <span class='ocrx_word' id='word_1_744' title='bbox 3391 5518 3684 5588; x_wconf 76' lang='lat' dir='ltr'><strong>probabilis</strong></span> 
     </span>
    </p>
   </div>
   <div class='ocr_carea' id='block_1_125' title="bbox 2142 5579 2699 5646">
    <p class='ocr_par' dir='ltr' id='par_1_125' title="bbox 2142 5579 2699 5646">
     <span class='ocr_line' id='line_1_126' title="bbox 2142 5579 2699 5646; baseline -0.005 -9"><span class='ocrx_word' id='word_1_745' title='bbox 2142 5583 2368 5637; x_wconf 88' lang='lat' dir='ltr'><strong>occurrit</strong></span> <span class='ocrx_word' id='word_1_746' title='bbox 2390 5579 2699 5646; x_wconf 54' lang='lat' dir='ltr'><strong>exponenda</strong></span> 
     </span>
    </p>
   </div>
  </div>
