3934 6228
551 370 653 427 599
738 386 741 390 '
1557 369 1793 426 SANCTI
1836 368 2105 425 EUGENII
2147 368 2356 427 EPISC.
2395 369 2723 427 TOLETANI
3629 370 3732 427 ιθθ

550 481 628 537 Tu
656 481 819 536 decus
845 481 1133 550 egregium,
1160 480 1322 535 virtus
1342 488 1395 537 et
1422 481 1586 549 gloria
1616 482 1783 548 regni,
2120 482 2167 536 Α
2264 477 2521 533 Maximus
2546 479 2597 532 in
2620 478 2761 532 vit'is
2783 485 2835 532 et
2853 478 2997 549 prior
3017 479 3127 548 ipso
3151 478 3241 532 fui.

617 556 847 640 Semper
865 584 980 624 ama
1011 570 1307 634 Dominum,
1329 578 1380 623 te
1405 569 1524 636 quia
1552 582 1758 636 semper
1787 572 1942 619 amat.
2194 566 2272 619 En
2292 567 2424 621 cinis
2460 567 2545 621 hic
2572 568 2700 621 redii
2720 576 2927 636 sceptra
2957 572 3046 637 qui
3068 572 3209 637 regia
3233 570 3370 637 gessi
3393 586 3406 628 ;

966 682 1218 737 LXXXII.
1262 681 1338 735 De
1363 676 1679 751 presbyteris.
2195 744 2231 756 Μ
2259 655 2519 756 Ρυῐᾪξιξᾶι

2259 655 2495 724 Purpura
2517 671 2673 724 quem
2701 657 2865 722 exuit,
2890 656 2997 726 jam
3028 657 3187 712 modo
3216 666 3352 712 terra
3382 657 3591 725 premit.

550 774 720 829 Dicito
748 774 1083 843 presbyteris,
1113 780 1340 827 vestram
1363 744 1574 824 'fusca're
1598 784 1841 825 serenam
2188 744 2458 846 MS“?
2483 760 2621 798 """C
2648 754 2870 846 Pf‘fs‘um
2893 746 3375 846 biblaffealesmiqa
3404 746 3571 813 τθέηίο

616 857 730 910 Non
749 829 1155 913 'd'ebﬂ'hmrésis
1183 854 1468 908 simoniaca
1503 855 1675 907 ﬁdem.
2258 829 2371 882 Non
2398 842 2616 897 gemma:
2645 832 2862 896 virides,
2893 834 3264 888 non'diadema
3294 834 3485 886 nitens.

546 912 769 1001 Tollitur
796 955 1048 1000 aeternum
1076 953 1283 998 terreno
1311 957 1526 997 munere
1544 930 1752 1009 munus,
2189 915 2301 1009 Νοξι
2327 918 2798 1009 ἱλυνδιίετεεηιυιη.
2828 936 2931 988 non
2956 922 3157 991 fulgens
3183 922 3400 990 adjuvat
3420 934 3633 984 aurum,

615 1035 683 1088 Et
708 1035 941 1089 maculat
961 1049 1118 1103 parva
1147 1033 1383 1102 sportula
1414 1032 1577 1086 multa
1609 1004 1771 1085 bona.
2191 1092 2230 1105 Λ
2258 1004 2438 1105 Altum
2468 1008 2632 1105 funi”
2659 1019 2870 1105 ¹¹⁰⁰Ῡ¹¹ίν
2903 1024 3001 1064 “ec
3026 1010 3152 1105 mihi
3172 1024 3309 1105 ,8³ιὲ
3333 1009 3521 1077 place"

546 1125 761 1178 Deditus
782 1137 898 1177 esse
928 1123 1017 1176 Dei
1042 1137 1225 1177 servus
1250 1137 1355 1176 non
1378 1122 1535 1175 debet
1555 1122 1727 1175 usuris
1766 1156 1771 1161 ι

2187 1092 2369 1148 Omnis
2396 1096 2536 1148 enim
2565 1096 2723 1151 lutea:
2752 1096 3026 1165 deceptrix
3052 1098 3220 1164 gloria
3249 1098 3390 1161 vilzl‘.

614 1214 877 1277 Terrenis,
909 1213 1055 1279 cujus
1078 1222 1159 1266 est
1186 1226 1343 1279 super
1364 1218 1503 1265 astra
1530 1210 1713 1281 locus,
2188 1267 2228 1281 ῃ
2349 1182 2669 1281 ᾳξξίυεξίδξίίν
2704 1201 2828 1281 m9}
2862 1186 3141 1281 liquefacm
3170 1186 3325 1281 Ρθξίξο

545 1304 653 1358 Nec
674 1304 799 1357 vitio
828 1267 1000 1357 clerus
1020 1302 1177 1356 debet
1201 1267 1567 1362 succumbere,
1598 1267 1751 1353 sacra
2187 1267 2447 1367 Felix?“
2476 1270 2656 1337 nimis“
2683 1283 2737 1327 et
2764 1275 2957 1329 Chris“
2983 1290 3200 1329 munere
3229 1274 3374 1339 felix‘

614 1355 1000 1460 Assidue—cujus
1023 1355 1182 1444 infula
1211 1391 1346 1444 colla
1376 1355 1585 1457 premit.
2254 1355 2353 1420 Qui
2382 1360 3003 1460 l'efffvffggilessemper
3027 1362 3277 1460 abhorret
3301 1376 3446 1430 opes.

547 1482 621 1535 Tu
648 1485 805 1536 decus
833 1483 1097 1547 Ecclesize,
1123 1480 1288 1533 virtus
1308 1486 1362 1531 et
1379 1477 1543 1544 gloria
1573 1476 1737 1543 regni,

2390 1445 2664 1503 LXXXVI.
2706 1460 2729 1485 ⁸
2763 1452 3088 1519 Epitaphium
3119 1450 3336 1531 Nigalao
3368 1468 3480 1504 avo.

613 1534 833 1641 Sem'pﬂ
855 1534 972 1625 ὼε
992 1534 1304 1629 ’Do’minum’
1330 1534 1526 1634 malum
1556 1534 1765 1633 seg'pe'r
1785 1570 1946 1617 amat.
2186 1534 2792 1643 Quisquis‘liéomulidum
2826 1541 3013 1604 fasces,
3042 1543 3346 1610 clarumque
3367 1550 3609 1595 senatum

796 1678 1069 1735 LXXXIII.
1106 1677 1179 1730 De
1206 1627 1520 1729 admonendo
1551 1627 1843 1729 monachos.
2188 1627 2638 1735 ωᾳῖτξθξιῗψθξθ
2667 1631 2834 1699 cupis,
2865 1633 3007 1699 q‘md
3036 1633 3306 1735 νθηξθτθιξίῖ
3328 1633 3462 1735 hab}?
3480 1650 3510 1683 ‘-

2188 1714 2244 1767 Si
2276 1714 2368 1768 tibi
2396 1715 2530 1769 bella
2556 1717 2784 1785 placent,
2815 1728 2907 1773 aut
2947 1728 2997 1774 te
3024 1722 3295 1789 prudentia
3330 1723 3544 1782 mulcet,
3576 1728 3579 1729 '

2118 1795 2168 1854 Β
2264 1803 2531 1859 Perfer'ad
2559 1805 2700 1862 hunc
2730 1811 2981 1864 tumulum
3015 1812 3211 1868 funeris
3232 1816 3563 1883 obsequium.

2188 1892 2435 1949 Nicolaus
2476 1896 2582 1961 ille,
2611 1913 2801 1968 perpes
2828 1915 2985 1969 quem
3015 1903 3153 1957 fama
3181 1907 3445 1974 loquetur,
3486 1964 3497 1965 ,

2258 1984 2458 2053 Cuique
2486 1986 2642 2040 alium
2665 1988 2888 2045 similem
2908 1994 3103 2047 saecula
3122 1996 3273 2050 nulla
3304 1997 3499 2062 ferent;

2188 2074 2473 2143 Postquam
2504 2078 2812 2145 magniﬁcos
2841 2084 3002 2147 gessit
3027 2098 3094 2137 ex
3122 2084 3275 2140 hoste
3296 2091 3614 2159 triumphos.

2261 2165 2396 2217 Dura
2417 2176 2565 2220 sorte
2592 2170 2735 2223 necis
2764 2170 2850 2224 hic
2879 2175 3171 2229 tumulatus
3199 2176 3354 2232 inest.

2191 2251 2235 2307 Ο
2265 2254 2387 2307 felix
2408 2256 2543 2309 vita!
2575 2274 2607 2311 ο
2630 2260 2816 2313 mortis
2840 2265 3099 2317 sententia
3124 2264 3267 2319 dira!

2261 2342 2349 2397 Sic
2377 2345 2570 2398 vixisse
2592 2347 2785 2413 placet.
2813 2350 2890 2403 sic
2920 2352 3115 2406 abiisse
3140 2355 3302 2408 dolet.

2503 2432 2801 2489 LXXXVII.
2834 2437 3161 2508 Epitaphium
3192 2443 3429 2501 Evantio.

2194 2521 2328 2577 Ecce
2356 2532 2503 2593 patet
2528 2525 2722 2591 aditus,
2746 2536 2799 2580 et
2826 2532 2961 2582 sacri
2981 2529 3141 2597 j'anCI
3174 2536 3374 2602 templi,

2264 2611 2488 2666 Reddite
2513 2622 2635 2667 vota
2667 2614 2795 2677 Dco,
2829 2631 2957 2671 ecce
2980 2628 3125 2687 patet
3153 2623 3346 2678 aditus.

2188 2700 2339 2755 Hanc
2368 2706 2417 2755 in
2445 2704 2647 2758 honore
2678 2704 2773 2759 Dii
2799 2708 3019 2776 supplex
3049 2711 3298 2766 Evantius
3339 2716 3513 2771 aulam

2262 2791 2477 2843 Sacram
2510 2790 2771 2847 fabricans
2809 2794 2945 2848 hanc
2980 2797 3031 2847 in
3057 2796 3261 2854 Innore
3291 2801 3413 2867 Dei;

2197 2878 2289 2931 llic
2313 2880 2511 2946 patrios
2537 2880 2742 2934 cineres
2769 2884 2990 2949 prteciso
3019 2900 3284 2942 marmore
3304 2890 3518 2961 clausit,

2259 2964 2449 3018 Servet
2478 2973 2536 3017 ut
2561 2967 2905 3034 omnipotens
2936 2970 3021 3024 hic
3045 2972 3243 3038 patrios
3265 2974 3489 3029 cineres.

2196 3053 2404 3113 Nicolaie
2427 3051 2652 3120 genitor,
2685 3072 2781 3124 pro
2814 3068 2863 3111 te
2889 3058 3102 3114 devotio
3130 3078 3335 3117 summa
3356 3075 3458 3129 est,

2269 3144 2360 3197 llic
2381 3144 2471 3198 tibi
2503 3144 2705 3201 fructus
2731 3148 2853 3214 erit,
2886 3147 3099 3205 Nicolae
3126 3154 3358 3219 genitor.
3424 3180 3425 3185 π

2194 3231 2320 3287 Jure
2345 3248 2459 3287 mea
2490 3240 2575 3287 tua
2598 3244 2739 3300 Sunt,
2764 3250 2870 3305 quo
2904 3253 3009 3294 non
3039 3251 3273 3310 serente,
3294 3258 3391 3298 nec
3412 3259 3610 3313 essem,

2266 3319 2369 3373 Sed
2398 3322 2485 3389 qui
2514 3336 2630 3374 sum
2656 3322 2847 3387 fateor,
2874 3326 2996 3391 jure
3018 3340 3135 3379 mea
3158 3337 3261 3381 tua
3290 3340 3431 3384 sunt.

542 1771 840 1825 Almoneat
861 1767 1151 1822 monachos
1176 1765 1341 1820 dulcis
1371 1779 1471 1820 vox
1500 1764 1642 1832 regia
1671 1771 1911 1829 cunctos,

618 1861 683 1915 Ut
708 1859 863 1912 rebus
884 1863 1121 1923 careant,
1144 1870 1305 1924 regna
1332 1869 1557 1924 superna
1583 1860 1783 1922 petant.

543 1951 657 2005 Non
688 1952 783 2004 hos
813 1954 1063 2003 ranarum
1093 1948 1267 2002 turbet
1294 1946 1554 2015 possessio
1583 1960 1780 2010 rerum,

613 2041 706 2094 Est
732 2041 921 2107 quibus
943 2039 996 2091 in
1020 2037 1157 2092 cmlo
1186 2037 1292 2089 vita
1326 2042 1503 2103 parata
1532 2037 1742 2089 throno.

543 2129 794 2196 Exemplo
822 2126 951 2180 Eliae
978 2126 1159 2194 populi
1188 2124 1458 2179 consortia
1487 2124 1674 2189 vitent,

615 2222 682 2275 Et
708 2218 879 2282 Pauli,
910 2216 1144 2283 Antonii,
1166 2225 1323 2285 atque
1341 2214 1559 2272 Joannis
1585 2223 1783 2270 ament.

545 2307 763 2375 Propria
788 2305 1074 2371 dimittant,
1096 2307 1323 2361 habeant
1344 2312 1400 2359 ut
1426 2306 1641 2375 prppria
1670 2312 1879 2369 cuncta,

617 2400 709 2453 Vir
735 2398 863 2452 nihil
884 2406 1193 2452 extraneum
1224 2398 1371 2466 pacis
1396 2406 1602 2451 amator
1638 2396 1817 2449 habet.

546 2490 624 2544 Tu
646 2490 805 2544 decus
831 2489 1118 2557 egregium,
1151 2490 1318 2551 virtus
1340 2496 1393 2541 et
1420 2487 1588 2553 gloria
1611 2486 1779 2552 regni,

615 2578 837 2647 Semper
864 2593 983 2631 ama
1003 2576 1306 2642 Dominum,
1338 2582 1387 2627 te
1408 2574 1525 2641 quia
1552 2588 1759 2642 semper
1787 2581 1946 2626 amat.

973 2682 1249 2738 LXXXIV.
1288 2682 1364 2736 De
1380 2685 1656 2753 judicibus.

548 2774 820 2847 Judicibus
840 2772 1021 2842 jubeat
1046 2779 1218 2826 vestra
1248 2773 1497 2844 praeclara
1523 2783 1778 2843 potestas,

616 2856 747 2917 :Rite
773 2873 958 2930 regant
980 2863 1229 2931 populum
1258 2878 1465 2933 semper
1494 2864 1687 2932 ubique
1718 2872 1883 2917 tuum.

546 2955 661 3008 Non
690 2953 787 3007 hos
807 2952 1035 3021 decipiat
1064 2953 1177 3005 auri
1202 2952 1443 3005 decoctio
1473 2967 1624 3021 pura,

612 3041 812 3096 Noxins
834 3038 1037 3104 argenti
1068 3054 1165 3092 nec
1196 3039 1333 3091 male
1361 3047 1538 3106 captet
1566 3053 1735 3092 amor.

544 3129 866 3185 Censoribus
896 3126 1075 3195 populi
1105 3126 1371 3190 obediant,
1406 3133 1461 3178 ut
1489 3126 1721 3194 postulat
1748 3125 1913 3192 ordo;
2123 3117 2168 3179 C

617 3221 705 3275 Sic
729 3235 838 3288 pax
868 3219 1104 3272 obtineat
1132 3218 1305 3271 omnia
1328 3232 1487 3286 regna
1520 3226 1627 3273 tua.

548 3308 617 3363 Et
642 3308 735 3360 tibi
764 3308 832 3361 sit
862 3307 997 3373 laus,
1022 3308 1206 3372 virtus,
1238 3316 1291 3362 et
1312 3308 1495 3376 gloria,
1526 3309 1754 3372 Christe,

619 3396 717 3452 Ilic
743 3404 798 3451 et
824 3397 874 3450 in
903 3407 1156 3452 mternum
1182 3398 1247 3452 sit
1276 3398 1367 3450 tibi
1396 3412 1603 3465 semper
1631 3399 1819 3452 honor.
2037 3447 2057 3455 -,
2492 3407 2819 3464 LXXXVIII.
2860 3410 3194 3480 Epitaphium
3231 3414 3463 3470 Basillaz.

1135 3485 1513 3576 EPI'I‘APIIIA.
1924 3573 1935 3576 Α
2197 3497 2397 3568 Sparge
2426 3513 2594 3564 rosas,
2628 3500 2812 3565 lector,
2845 3510 2896 3555 et
2927 3502 3036 3556 lilia
3065 3506 3285 3560 candida
3314 3522 3475 3576 pone,

551 3573 811 3629 LXXXV.
853 3573 1187 3643 Epitaphium
1215 3575 1575 3628 Chindasvinlo
1606 3578 1710 3645 regi
1737 3573 2097 3641 conscriptum.
2268 3586 2333 3638 Et
2360 3588 2461 3641 me
2488 3603 2694 3643 sacrum
2725 3590 2801 3643 sic
2828 3604 3081 3647 venerare
3102 3592 3295 3647 locum,

552 3666 789 3734 Plangite
816 3681 901 3719 me
922 3666 1117 3729 cuncti,
1145 3680 1278 3733 quos
1310 3674 1462 3720 terra:
1492 3668 1732 3721 continet
1760 3668 1927 3723 orbis.
2211 3675 2307 3731 Hic
2334 3677 2523 3731 dilecta
2555 3677 2666 3732 Deo
2695 3680 2949 3735 recubans
2980 3682 3442 3753 Basillaquiescn,

621 3756 708 3809 Sic
734 3764 910 3809 vestra
939 3756 1161 3824 propriis
1191 3753 1383 3823 probra
1412 3757 1651 3809 laventur
1678 3758 1845 3823 aquis.
2269 3766 2423 3821 Clara
2454 3776 2755 3836 parentatn,
2781 3770 2975 3824 clarior
3001 3780 3051 3825 et
3075 3749 3286 3827 meiiio.

554 3845 643 3898 Sic
668 3844 907 3898 Christus
928 3845 1077 3897 vobis
1100 3845 1327 3897 dimittat
1349 3845 1520 3897 debita
1544 3847 1796 3913 clemens,
2200 3856 2464 3909 Virtutum
2496 3857 2738 3921 gemmis,
2765 3864 2818 3909 et
2838 3872 3045 3911 morum
3074 3859 3204 3914 ﬂore
3240 3870 3459 3917 venusta
3484 3882 3497 3917 ε

624 3932 711 3984 Sic
734 3936 913 3997 pateat
939 3930 1126 3982 summi
1158 3928 1351 3995 fulgida
1381 3939 1529 3997 porta
1560 3932 1686 3997 poli.

556 4017 792 4097 Promite
820 4017 1092 4070 funereum
1123 4019 1351 4071 contrito
1380 4027 1596 4087 pectore
1624 4020 1824 4084 ﬂetum,

632 4109 698 4161 Et
736 4108 891 4161 faciat
913 4107 1108 4160 luctum
1139 4108 1568 4177 collacrymando
1599 4110 1760 4177 pium.

555 4196 826 4265 Snspirate
858 4196 986 4263 Deo,
1012 4197 1262 4262 gemitum
1292 4196 1560 4264 producite
1590 4207 1854 4264 moestum,

576 4325 594 4343 .
627 4286 702 4338 Ac
727 4300 821 4353 pro
846 4300 929 4337 me
959 4285 1153 4338 misero
1182 4284 1371 4339 dicite:
1408 4286 1594 4352 Parce,
1626 4302 1834 4355 precor.

558 4374 964 4428 (Ihindasvintus
988 4387 1086 4439 ego
1116 4388 1372 4428 noxarum
1400 4390 1612 4443 semper
1638 4378 1857 4442 amicus,

630 4466 873 4517 Patrator
900 4464 1156 4518 scelerum
1186 4465 1589 4520 Chindasn‘ntns
1612 4482 1729 4535 ego.

562 4552 777 4619 Impius,
808 4552 1083 4615 obscenus,
1111 4553 1413 4618 probrosus,
1448 4556 1633 4621 turpis,
1664 4556 1891 4621 iniquus,

633 4639 839 4707 Optima
870 4641 1012 4693 nulla
1042 4641 1241 4706 volens,
1282 4642 1506 4710 pessima
1534 4652 1719 4696 cuncta
1748 4645 1950 4700 valens.

2272 3941 2417 3995 lianc
2440 3942 2647 3997 imitare
2674 3944 2819 4009 velis,
2850 3946 2895 3997 si
2922 3945 3094 3999 bonus
3116 3962 3233 4002 esse
3254 3950 3420 4016 cupis.

2487 4030 2763 4085 LXXXIX.
2806 4033 3168 4103 Fragmentum
3199 4037 3463 4105 epitaphii.

2207 4157 2222 4171 .
2262 4158 2275 4172 .
2320 4158 2335 4172 .
2381 4159 2392 4171 .
2439 4158 2451 4170 .
2495 4158 2508 4172 .
2551 4158 2564 4171 .
2611 4159 2625 4173 .
2692 4120 2950 4191 lacrymas
2978 4124 3183 4179 subduc
3209 4127 3455 4195 suspiria,
3484 4129 3675 4195 lector,

2272 4210 2385 4264 Non
2406 4210 2548 4283 jacet
2576 4211 2628 4265 in
2660 4216 2858 4267 tumulo
2888 4229 2974 4269 res
2997 4216 3326 4284 lacrymanda
3368 4255 3383 4270 .
3424 4256 3438 4270 .
3483 4254 3500 4271 .

2207 4300 2303 4354 llic
2332 4309 2511 4369 raptus
2539 4302 2761 4356 recubat
2787 4302 2928 4358 felici
2953 4313 3095 4359 sorte
3120 4306 3391 4371 sacerdos,

2277 4388 2441 4453 Quem
2472 4390 2643 4443 laetum
2676 4392 2826 4446 caelis
2852 4393 3031 4447 intulit
3058 4394 3197 4448 alma
3228 4394 3374 4452 fides.

2217 4479 2437 4533 Nomine
2458 4480 2748 4549 Baptistam
2778 4480 3013 4536 referens
3033 4490 3087 4536 et
3106 4494 3284 4537 mente
3308 4484 3583 4553 Joannem,

2289 4570 2531 4623 Doctrina
2563 4570 2783 4638 pollens,
2816 4569 3118 4636 virginitate
3147 4572 3337 4626 nitens.

2214 4656 2385 4711 Corde
2408 4660 2541 4726 pius,
2570 4660 2714 4712 vultu
2739 4658 2991 4728 placidus,
3020 4668 3070 4713 et
3102 4669 3278 4716 mente
3306 4662 3584 4732 benignus.

564 4730 824 4819 Quidquid
854 4732 960 4797 agit
985 4731 1073 4798 qui
1102 4746 1259 4799 prava
1281 4732 1445 4800 cupit,
1476 4733 1563 4799 qui
1594 4733 1751 4788 noxia
1774 4736 1979 4805 qumrit,
2285 4747 2576 4802 Prudenter
2602 4748 2847 4816 simplex,
2870 4748 3180 4817 simpliciter
3197 4751 3427 4819 sapiens.

635 4818 820 4870 Omnia
850 4820 1109 4884 commisi,
1134 4820 1282 4889 pejus
1304 4830 1358 4875 et
1382 4822 1503 4877 inde
1531 4822 1627 4877 fui.

2214 4835 2466 4890 Omnibus
2490 4839 2540 4890 in
2567 4838 2754 4892 studiis
2784 4845 2985 4891 tantum
3015 4818 3311 4893 celebratus
3334 4840 3578 4903 habetur,

564 4906 718 4961 Nulla
746 4904 840 4959 fuit
867 4906 1039 4975 culpa,
1066 4923 1221 4976 quam
1245 4926 1349 4965 non
1371 4915 1701 4969 committere
1724 4914 1933 4981 vellem,
2004 4977 2010 4984 ,
2282 4922 2447 4979 Cedat
2475 4934 2529 4978 ut
2555 4924 2765 4990 ingenio
2791 4924 2990 4979 Graecia
3019 4927 3174 4981 docta
3200 4942 3319 4981 suo.

639 5064 662 5133 τ
706 5056 920 5134 scilicet
967 5055 1141 5134 dpmni
1182 5059 1388 5134 Evam};
1436 5066 1681 5131 parenti,
1734 5067 1903 5121 cidem
1952 5082 2112 5134 qupm
2213 5054 2382 5107 virum
2404 5054 2692 5108 etconsilio
2717 5056 3176 5122 abundantem,et
3197 5071 3352 5109 manu
3375 5055 3744 5119 fortissimum:

571 5121 663 5175 filii
687 5127 898 5180 nomine
934 5124 1222 5182 celebravit
1260 5121 1495 5186 versibus
1524 5121 1831 5190 acrostichis
1861 5121 2110 5207 tanquam
2343 5146 2520 5204 Ingens
2540 5139 2820 5197 consiliis‘Bt
2851 5148 3038 5196 dextrae
3062 5121 3271 5206 belliger
3288 5154 3412 5196 actu.

2328 5225 2474 5293 (l’id.
2500 5228 2795 5297 epigramm.
2821 5227 2868 5281 X
2887 5225 2988 5279 VII
3011 5227 3188 5293 prima
3212 5227 3419 5294 μαγάδι)
3492 5242 3495 5243 ⁷
