3934 6228
530 352 640 412 608

542 465 2295 496 W

1550 340 1789 398 SANCTl
1830 340 2106 396 EUGENII
2145 338 2349 394 EPISC.
2391 334 2734 391 TOLETANI

3655 324 3764 381 ιοι

2939 452 3748 479 ﬂ

1109 589 1384 652 SANCTI
1432 585 1744 669 EUGENII
1796 582 2138 644 EPISCOPI
2187 579 2592 642 TOLETANI
2639 574 3211 639 OPUSCULORUM

1574 742 2161 871 TERTIA
2226 741 2660 867 PARS.

1503 1075 2094 1160 EPISTOL/ZE
2148 1071 2769 1212 QUATUOR.

995 1236 1317 1294 EPISTOLA
1374 1233 1616 1299 PRIMA,
1688 1268 1690 1275 τ
1876 1280 1885 1288 ,
2122 1241 2173 1297 Α
2242 1312 2249 1316 δ

801 1346 983 1387 εικοτι
1022 1343 1229 1383 nucem:
1270 1342 1323 1381 ιιι
1362 1343 1428 1380 an
1465 1322 1825 1379 BRAULlONEH.

605 1421 1002 1491 Suggerendum
1039 1418 1256 1474 domino
1287 1431 1431 1482 meo,
1454 1424 1511 1470 et
1536 1428 1664 1468 vere
1694 1412 1908 1481 proprio
1928 1412 2091 1466 domi-

533 1530 605 1569 no
634 1510 909 1566 Braulioni
930 1511 1186 1579 episcopo
1216 1506 1487 1583 Eugenius
1514 1506 1754 1559 servulus
1785 1512 1979 1583 vester.

602 1602 656 1657 1.
695 1601 822 1657 Duae
848 1615 935 1656 res
960 1600 1163 1654 obortae
1182 1604 1308 1651 sunt
1334 1580 1388 1649 in
1412 1594 1648 1651 Ecclesia
1677 1608 1817 1661 mea,
1834 1580 1980 1648 unde
2006 1592 2091 1648 ni-

534 1691 698 1745 mium
726 1688 1060 1745 contabescit
1088 1686 1264 1741 anima
1293 1698 1435 1749 mea,
1458 1684 1663 1753 etquid
1694 1683 1915 1738 remedii
1944 1683 2093 1736 adhi-

534 1782 709 1846 beam,
766 1780 869 1837 nisi
918 1778 1200 1835 consilium
1245 1785 1480 1839 vestrum
1520 1774 1827 1843 przebuerit,
1881 1773 2095 1840 penitus

533 1870 757 1926 scientia
785 1877 963 1925 nostra
990 1883 1099 1923 non
1127 1866 1307 1922 habet.
1335 1866 1411 1919 De
1439 1863 1669 1933 quodam
1702 1862 1865 1917 fratre
1894 1847 2124 1930 reperi-‘

536 1973 679 2023 mus,
707 1956 799 2027 qui
828 1970 934 2010 non
971 1962 1195 2025 accepto
1221 1950 1537 2023 presbyterii
1570 1950 1734 2020 gradu
1772 1950 2093 2020 presbyterii

534 2048 739 2117 peragit
780 2043 1037 2110 officium,
1069 2050 1123 2097 et
1166 2051 1228 2096 ut
1271 2055 1491 2098 causam
1523 2041 1724 2096 certius
1768 2040 2092 2108 agnoscatis,

536 2134 717 2187 omnia
758 2132 1098 2201 singulariter
1128 2132 1426 2188 innotesco.
1476 2129 1600 2184 Fuit
1626 2129 1765 2183 idem
1797 2130 1907 2197 ipse
1936 2130 2096 2183 frater

535 2222 941 2278 molestissimus
956 2221 1172 2276 domino
1198 2235 1318 2275 meo
1346 2218 1603 2286 Eugenio.
1637 2219 1866 2287 Rogatus
1890 2206 1920 2271 a
1950 2226 2093 2285 re’ge,

535 2319 596 2365 ut
617 2325 739 2367 eum
770 2310 1140 2380 presbyterum
1167 2308 1463 2375 ordinaret,
1494 2306 1859 2376 quiajussioni
1891 2307 2090 2375 princi-

535 2400 616 2467 pis
644 2399 893 2454 resistere
934 2412 1041 2451 non
1072 2395 1368 2464 pmvaluit,
1393 2395 1495 2451 hoc
1518 2408 1690 2464 genus
1736 2394 1985 2449 factionis
2013 2395 2094 2447 in-

534 2490 699 2544 venit.
728 2488 884 2542 Duxit
913 2501 1033 2541 eum
1057 2486 1123 2541 ad
1148 2486 1415 2549 altarium,
1448 2499 1661 2537 manum
1692 2499 1797 2537 non
1821 2483 2094 2551 imposuit,

2756 1246 3084 1307 EPISTOLA
3141 1248 3200 1314 ll,

2602 1353 2909 1393 BBAULIONIS
2948 1356 3013 1392 AD
3053 1354 3152 1393 EUG
3162 1354 3343 1395 ειειυιί.

2267 1428 2493 1482 Domino
2547 1426 2890 1496 singulariter
2940 1442 3059 1483 meo
3108 1429 3347 1497 Eugenio
3394 1429 3612 1497 primati
3651 1432 3773 1500 epi-

2193 1531 2480 1585 scoporum
2510 1515 2726 1570 Braulio
2754 1531 2941 1571 servus
2967 1517 3165 1572 inutilis
3194 1526 3501 1572 sanctorum
3534 1520 3633 1573 Dei
3647 1546 3667 1571 .-

2272 1606 2319 1659 l.
2352 1606 2410 1659 Si
2440 1605 2699 1659 immensa
2727 1620 2983 1682 curarum
3019 1618 3217 1673 genera
3258 1622 3369 1661 non
3409 1621 3495 1660 me
3523 1608 3763 1663 circum~

2198 1694 2473 1771 vallarent,
2523 1694 2567 1750 si
2596 1694 2849 1763 procellis
2884 1695 2994 1751 suis
3034 1684 3488 1760 mundi‘nequitia
3522 1711 3635 1749 non
3670 1695 3771 1749 ob-

2196 1784 2459 1851 volveret,
2491 1784 2536 1839 si
2576 1784 2809 1853 denique
2852 1786 3233 1840 oblatrantium
3281 1787 3583 1843 invidorum
3637 1799 3771 1853 erga

2196 1887 2282 1927 me
2308 1874 2564 1943 strepitus
2617 1874 2819 1941 sileret,
2863 1890 2962 1929 nec
3012 1875 3266 1939 solitudo,
3313 1876 3366 1928 in
3409 1889 3517 1943 qua
3565 1874 3772 1928 merito

2196 1959 2483 2016 destitutus
2518 1952 2731 2026 obveni,
2749 1970 3008 2027 terreret,
3040 1977 3140 2018 nec
3167 1964 3243 2017 sic
3271 1978 3489 2032 quoque
3518 1962 3773 2016 interro-

2196 2049 2500 2117 gationibus
2526 2050 2719 2104 vestris
2747 2050 3000 2105 inauditis
3032 2050 3159 2103 mihi
3184 2059 3239 2103 et
3269 2050 3564 2117 inexpertis
3585 2048 3773 2112 facile,

2198 2145 2257 2191 ut
2274 2138 2451 2206 jubes,
2478 2152 2794 2207 responsum
2822 2138 3119 2200 redderem,
3145 2152 3265 2192 cum
3288 2147 3343 2192 et
3370 2152 3456 2192 res
3489 2137 3771 2204 incognita

2198 2228 2432 2281 animum
2469 2229 2669 2294 turbet,
2698 2243 2796 2282 nec
2835 2236 2960 2282 ante
3007 2228 3230 2296 praevisa
3273 2236 3328 2281 et
3370 2233 3459 2280 diu
3501 2228 3775 2280 meditata

2200 2316 2357 2372 facile
2388 2332 2703 2386 responsum
2754 2318 3007 2371 habeant.
3054 2318 3240 2371 Sentio
3280 2325 3460 2370 tamen
3500 2316 3775 2371 acuminis

2204 2409 2276 2461 tui
2308 2408 2646 2477 prudentiam
2675 2408 2803 2462 illud
2827 2407 2961 2461 velle
2988 2408 3041 2460 in
3073 2421 3159 2461 me
3188 2408 3441 2475 experiri,
3464 2405 3610 2475 quod
3638 2406 3775 2459 mihi

2202 2507 2431 2566 nequeat
2460 2498 2736 2567 impedire,
2765 2508 2818 2552 et
2854 2497 3125 2567 peritiam,
3156 2511 3273 2564 qua:
3304 2497 3458 2550 deest
3499 2496 3643 2560 aliis,
3678 2510 3776 2553 os-

536 2589 593 2635 et
622 2578 960 2635 cantantibus
987 2576 1197 2632 clericis
1227 2577 1281 2630 in
1325 2573 1541 2630 excelso
1581 2587 1681 2643 pro
1725 2571 2094 2627 benedictione
2128 2592 2175 2652 B
2203 2588 2442 2643 tendere.
2482 2587 2633 2643 vene
2668 2596 2817 2642 mum
2864 2587 3063 2642 bonum
3119 2589 3420 2656 praesentia,
3452 2586 3546 2640 sed
3596 2600 3771 2654 posse

535 2670 962 2725 maledictionem
987 2666 1194 2733 effudit,
1220 2666 1357 2721 sicut
1377 2664 1490 2733 ipse
1509 2664 1612 2719 hoc
1634 2663 1878 2732 personis
1895 2660 2098 2716 idoneis

537 2770 593 2815 et
619 2760 719 2814 sibi
741 2756 1067 2812 charissimis
1096 2753 1432 2824 postmodum
1477 2752 1789 2823 publicavit,
1812 2750 2099 2817 conjurans

538 2858 597 2903 ut
620 2846 965 2917 hocquandiu
990 2846 1191 2902 viveret
1212 2845 1520 2900 reticerem.
1542 2841 1676 2907 Quid
1698 2839 1820 2894 inde
1838 2838 1949 2893 ﬁeri
1974 2852 2098 2906 pra:-

535 2940 665 3008 eipit
688 2946 863 2994 vestra
884 2937 1184 3007 prudentia,
1204 2936 1308 2990 cita
1330 2949 1415 2987 me
1422 2934 1661 3001 jussione
1679 2931 1915 2985 certitica
1940 2947 1952 2991 ;
1977 2944 2097 2982 nam

537 3029 735 3094 nescio,
759 3036 851 3081 aut
883 3028 927 3082 si
954 3027 1055 3081 iste
1087 3026 1368 3096 presbyter
1390 3024 1673 3088 habeatur,
1705 3031 1798 3076 aut
1828 3023 1871 3077 si
1904 3021 1978 3075 illi
2006 3022 2098 3089 qni

535 3139 632 3192 per
660 3137 780 3177 eum
832 3119 1084 3190 baptizati
1124 3120 1413 3174 chrismate
1458 3117 1741 3188 prtenotati
1782 3124 1906 3177 sunt
1955 3125 2098 3169 recte

536 3212 855 3269 Christicolae
884 3211 1200 3266 vocitentur.

605 3304 658 3358 2.
690 3302 850 3359 Solve
877 3301 1004 3358 mihi
1047 3300 1205 3367 hanc,
1254 3301 1319 3353 de
1370 3311 1473 3366 qua
1502 3296 1634 3351 satis
1659 3295 1889 3363 ambigo,
1942 3308 2093 3363 qure-

541 3396 770 3450 stionem
796 3410 811 3448 :
839 3393 911 3446 ita
937 3392 1110 3445 solvat
1138 3388 1379 3443 Christus
1408 3388 1577 3455 culpae
1608 3394 1815 3447 vestr-re,
1846 3385 1889 3437 si
1920 3392 2095 3437 tamen

535 3493 621 3539 est
648 3484 847 3551 aliqua,
875 3478 1181 3535 nexionem.
1212 3476 1268 3531 in
1300 3476 1565 3543 aliquibus
1592 3473 1773 3528 itidem
1807 3473 1936 3526 locis
1979 3470 2098 3525 dia-

538 3587 707 3629 conos
732 3571 1023 3637 chrismare
1046 3566 1427 3638 persensimus,
1460 3573 1516 3618 et
1539 3564 1727 3631 ignoro
1756 3561 1882 3629 quid
1921 3560 1990 3614 de
2019 3560 2099 3613 his

537 3665 629 3735 qui
649 3664 717 3719 ab
738 3660 939 3720 eisdem
962 3658 1236 3715 chrismati
1259 3664 1383 3712 sunt
1402 3654 1581 3710 facere
1600 3653 1921 3714 debeamus;
1947 3665 2099 3703 num-

537 3753 787 3823 quidnam
837 3748 1117 3805 iterabitur
1156 3746 1327 3803 sancti
1356 3743 1661 3800 chrismatis
1689 3740 1909 3796 unctio?
1936 3746 2028 3793 aut
2055 3738 2100 3791 si

538 3856 647 3897 non
674 3838 971 3905 iterabitur,
1001 3847 1094 3892 aut
1121 3851 1221 3906 pro
1246 3834 1538 3889 chrismate
1568 3830 1924 3901 reputabitur,
1955 3825 2099 3895 quod

2201 2688 2376 2728 meum
2408 2689 2513 2729 non
2553 2675 2760 2742 ignoro.
2792 2672 2928 2740 Quid
2969 2674 3113 2728 enim
3147 2675 3199 2726 in
3228 2674 3381 2728 nobis
3402 2681 3495 2726 aut
3523 2683 3769 2741 quantu-

2200 2762 2307 2816 lum
2338 2773 2439 2829 est;
2481 2762 2624 2833 quod
2651 2763 2826 2817 docta:
2874 2763 3020 2817 vocis
3048 2763 3314 2841 praeconio
3342 2763 3415 2817 ita
3445 2762 3669 2821 attollis.
3705 2768 3770 2813 ut

2198 2865 2416 2918 segnem
2447 2862 2504 2906 et
2552 2866 2689 2921 pene
2725 2852 2836 2920 jam
2882 2866 3066 2905 senem
3097 2851 3317 2905 oblitum
3360 2850 3441 2905 sui
3494 2850 3771 2917 attingere

2149 2976 2157 2983 η
2200 2939 2341 2992 celsa
2368 2940 2600 3007 cogaris,
2630 2947 2684 2992 et
2731 2947 3043 2993 veteranum
3076 2939 3185 3005 jam
3223 2947 3384 3006 atque
3420 2937 3623 2991 utinam
3662 2952 3775 2991 non

2200 3029 2556 3083 inveteratum
2588 3030 2641 3083 in
2672 3029 2755 3085 his
2785 3029 3167 3097 qurestionibus
3195 3029 3524 3093 introducas,
3567 3029 3619 3083 in
3652 3030 3771 3097 qui-

2198 3120 2298 3173 bus
2326 3129 2405 3173 est
2444 3120 2745 3187 perniciosa
2779 3118 3089 3186 nescientia,
3120 3127 3174 3172 et
3210 3120 3434 3173 scientia
3463 3135 3769 3187 prmsump-

2200 3208 2406 3261 tuosa?
2444 3207 2845 3273 Verumtamen,
2899 3207 3022 3275 quia
3070 3208 3145 3260 ait
3191 3208 3378 3262 unicus
3417 3208 3681 3276 magister
3711 3216 3774 3261 et

2199 3297 2393 3352 doctor
2414 3298 2667 3360 celestis,
2692 3298 2957 3366 quidocet
2981 3298 3251 3352 hominem
3281 3298 3591 3352 scientiam:
3623 3296 3773 3360 Quia

2199 3391 2309 3441 sine
2338 3404 2416 3441 me
2454 3388 2583 3441 nihil
2614 3390 2846 3457 potestis,
2881 3404 3075 3441 mecum
3100 3400 3267 3440 autem
3298 3390 3469 3440 omnia
3493 3389 3768 3456 poteritis;

2200 3485 2254 3530 et
2281 3479 2471 3531 iterum
2515 3478 2777 3546 propheta
2812 3495 2823 3529 :
2859 3476 3109 3531 Dominus
3142 3476 3281 3530 dabit
3320 3476 3565 3541 uerbum;
3595 3486 3768 3547 atque

2204 3570 2397 3623 iterum
2425 3586 2435 3621 :
2469 3571 2623 3634 Aperi
2654 3585 2710 3623 os
2743 3577 2901 3634 tuum,
2936 3578 2982 3622 et
3007 3586 3099 3641 ego
3145 3568 3432 3638 adimplebo
3466 3570 3601 3621 illud
3618 3588 3636 3633 ;
3668 3586 3773 3638 pro

2198 3658 2346 3725 jussu
2378 3666 2490 3724 tuo,
2514 3673 2622 3726 pro
2649 3659 2910 3726 obsequio
2940 3675 3078 3717 meo.
3108 3675 3203 3730 pro
3224 3676 3320 3729 spe
3347 3659 3507 3715 divini
3538 3649 3773 3730 promis-

2200 3746 2265 3811 si,
2305 3762 2401 3815 pro
2432 3760 2498 3801 eo
2520 3746 2663 3814 quod
2693 3747 2822 3801 nihil
2870 3748 3195 3818 impossibile
3238 3756 3320 3803 est
3348 3749 3611 3811 credenti,
3647 3757 3771 3804 ten-

2203 3836 2330 3888 tabo
2356 3835 2557 3901 dicere,
2589 3844 2643 3887 ut
2671 3843 2918 3903 potuero,
2952 3844 3007 3889 et
3050 3844 3108 3889 ut
3154 3837 3282 3890 mihi
3326 3837 3415 3891 ille
3457 3839 3771 3892 ministrare

536 3934 757 3991 forsitan
797 3942 891 3988 aut
937 3926 1278 3999 pra-sumptio
1336 3922 1610 3993 compulit,
1667 3930 1761 3977 aut
1806 3919 2095 3974 nescientia
2126 3919 2170 3982 C
2196 3923 2434 3992 jusserit,
2465 3925 2552 3991 qui
2584 3923 2876 3978 Ecclesiam
2907 3940 3055 3979 suam
3085 3926 3241 3993 regit,
3290 3926 3335 3978 si
3386 3940 3490 3993 qua
3521 3926 3775 3980 invenire

536 4021 885 4094 perpetravit.
918 4017 1053 4084 Quid
1077 4017 1131 4071 in
1159 4014 1269 4069 hoc
1294 4027 1509 4069 servare
1537 4024 1625 4066 me
1652 4009 1842 4065 deceat
1869 4022 2097 4077 suggero

536 4124 599 4169 ut
621 4124 795 4170 vestra
826 4111 954 4167 mihi
981 4111 1153 4181 pietas
1182 4109 1505 4163 innotescat.

606 4203 662 4259 3.
696 4200 908 4259 Duabus
950 4197 1258 4269 prmmissis,
1287 4194 1520 4249 occurrit
1563 4200 1617 4246 et
1643 4191 1821 4245 tertia.
1873 4190 2099 4255 Presby-

537 4292 639 4349 teri
669 4289 847 4360 aliqui"
860 4296 1048 4345 contra
1078 4284 1166 4355 jus
1186 4291 1242 4338 et
1271 4282 1492 4340 vetitum
1532 4294 1820 4346 canonum,
1860 4278 1927 4333 de
1953 4277 2094 4331 chri-

538 4390 707 4440 smate
734 4380 878 4451 quod
913 4378 1017 4434 sibi
1062 4376 1161 4445 ipsi
1201 4372 1491 4429 coniiciunt
1520 4370 1586 4438 (si
1637 4380 1817 4423 tamen
1865 4368 2097 4422 chrisma

538 4475 679 4532 istud
723 4481 806 4527 est
851 4463 1256 4533 nominandum)
1294 4462 1593 4531 baptizatos
1640 4473 1852 4527 signare
1900 4472 2098 4526 praesu-

538 4556 708 4620 munt.
740 4558 878 4626 Quid
906 4566 1000 4611 aut
1028 4554 1208 4611 taliter
1235 4552 1457 4619 signatis
1478 4547 1718 4611 remedii,
1750 4556 1840 4600 aut
1861 4545 1943 4599 his
1971 4560 2098 4614 pos-

539 4653 608 4709 sit
628 4665 724 4722 pro
752 4646 1086 4703 correctione
1112 4641 1360 4713 praeberi,
1382 4654 1469 4694 me
1498 4640 1669 4692 fateor
1696 4638 1974 4704 ignorare;
2004 4636 2095 4693 sed

542 4756 573 4795 a
609 4750 663 4795 te
688 4738 756 4793 de
783 4738 865 4792 his
884 4732 1175 4791 illuminari
1199 4745 1284 4785 me
1307 4728 1537 4800 postulo,
1561 4726 1656 4796 qui
1676 4727 1865 4780 divinat
1886 4726 2099 4794 sapien-

540 4843 627 4885 tue
656 4827 843 4896 majori
883 4824 1082 4880 lumine
1124 4820 1352 4891 pollens,
1374 4826 1430 4874 et
1474 4816 1603 4885 legis
1631 4824 1826 4869 sancte
1865 4814 2100 4883 quotidie

541 4915 875 4974 meditationi
931 4910 1253 4974 deserviens,
1302 4907 1599 4962 latebrosas
1658 4905 1927 4975 nigrorum
1981 4917 2100 4956 cor-

540 5012 684 5069 dium
714 5009 972 5066 factiones
992 5013 1047 5061 et
1072 5004 1419 5059 vehementer
1447 5000 1763 5067 insequeris,
1785 5003 1840 5049 et
1863 4993 2099 5063 pruden-

542 5114 624 5158 ter
645 5098 874 5166 invenis,
904 5104 959 5152 ct
1004 5102 1159 5149 acute
1193 5089 1459 5169 dissolvis.
1496 5087 1553 5140 In
1584 5085 1738 5141 nobis
1779 5093 1960 5138 autem
1998 5083 2099 5137 etsi

543 5193 643 5248 fuit
671 5188 999 5260 aliquantula
1043 5183 1335 5240 scientiolm
1363 5177 1640 5236 modiculze
1677 5176 1886 5239 venula,
1912 5175 2097 5242 ingru-

545 5249 778 5339 entibus.
801 5274 1221 5348 egritudinibus,
1262 5279 1318 5326 et
1353 5282 1601 5325 curarum
1643 5263 1913 5319 multifidis
1958 5272 2095 5316 tem-
2123 5249 2174 5307 D

544 5370 839 5442 pestatibus
868 5369 941 5422 ita
968 5365 1180 5434 penitus
1207 5360 1476 5417 exsiccata
1504 5354 1719 5420 defecit,
1748 5363 1805 5407 ut
1850 5366 1950 5406 nec
1976 5360 2095 5404 tan-

547 5462 662 5516 tillo
690 5459 887 5516 sudore
914 5454 1156 5512 distillet.
1195 5451 1323 5507 Inde
1350 5464 1447 5520 per
1471 5461 1593 5503 eum
1621 5453 1674 5499 te
1700 5458 1911 5515 precor,
1943 5442 2097 5510 cujus

548 5552 691 5607 dono
726 5552 940 5615 beatus,
963 5547 1116 5616 cujus
1144 5542 1499 5599 instructione
1525 5536 1731 5608 peritus
1759 5549 1877 5590 esse
1904 5533 2098 5603 proba-

548 5643 623 5698 ris
660 5649 716 5697 et
756 5640 967 5703 doctus,
995 5645 1053 5690 ut
1079 5649 1165 5691 me
1192 5632 1259 5687 de
1298 5632 1382 5687 his
1427 5628 1605 5687 causis
1637 5624 1915 5684 celerrime
1943 5638 2096 5679 sacra

550 5733 627 5789 tui
660 5733 771 5788 oris
788 5730 1027 5801 iussione
1046 5724 1327 5785 certiﬁces.

2198 4013 2439 4081 quivero,
2479 4022 2536 4067 et
2576 4012 2667 4066 tibi
2710 4028 2831 4067 meo
2886 4014 3111 4068 Domino
3162 4023 3521 4069 consentanea
3566 4015 3768 4070 rationi

2197 4105 2447 4158 mrrabo.
2481 4103 2599 4158 Jam
2636 4112 2785 4158 tuum
2816 4105 2916 4159 erit
2942 4120 3005 4159 ea
3033 4120 3149 4173 quae
3177 4119 3401 4173 suggero
3431 4107 3769 4161 discretione

2197 4208 2301 4262 qua
2330 4193 2498 4259 viges,
2531 4194 2751 4247 solertia
2778 4206 2881 4260 qua
2909 4192 3100 4261 polles,
3135 4192 3483 4246 instructione
3512 4207 3617 4261 qua
3647 4192 3765 4261 plu~

2198 4283 2387 4335 rimum
2406 4284 2955 4353 vales,etapprobare
2983 4291 3151 4345 recta,
3180 4292 3233 4337 et
3262 4284 3531 4353 corrigere
3561 4296 3763 4350 errata,

2197 4382 2252 4425 et
2297 4382 2476 4440 tegere
2508 4374 2746 4441 indigna,
2776 4383 2830 4426 et
2854 4386 3099 4426 reserare
3127 4370 3304 4439 digna.

2267 4461 2319 4515 2.
2351 4462 2514 4529 Igitur
2538 4462 2647 4529 jam
2678 4461 2743 4514 ad
2772 4463 2914 4529 ipsas
2938 4474 3126 4514 causas
3152 4460 3450 4514 veniamus.
3478 4459 3619 4514 Dicis
3648 4475 3675 4512 a
3710 4470 3765 4515 te

2200 4553 2251 4605 in
2281 4554 2521 4621 epistolis
2546 4552 2649 4606 tuis
2678 4550 2784 4606 duo
2808 4552 3089 4606 observata
3129 4551 3289 4605 fuisse
3318 4551 3369 4604 in
3392 4551 3617 4604 ecclesia
3644 4559 3759 4614 tua,

2200 4642 2339 4695 unde
2367 4642 2697 4696 contabescit
2745 4642 2921 4693 anima
2954 4649 3065 4706 tua,
3096 4649 3149 4693 et
3179 4641 3304 4708 quid
3341 4640 3564 4693 remedii
3603 4639 3762 4692 adbi-

2198 4730 2325 4784 beas
2354 4732 2563 4798 penitus
2590 4730 2814 4783 scientia
2841 4737 3016 4784 vestra
3060 4745 3165 4783 non
3194 4730 3410 4784 habere.
3443 4727 3661 4782 Scilicet
3692 4724 3762 4782 de

2198 4819 2429 4886 quodam
2478 4818 2662 4879 fratre.
2704 4820 2772 4873 de
2814 4833 2920 4885 quo
2950 4820 3201 4883 scribitis,
3236 4820 3347 4887 qui,
3398 4836 3503 4873 non
3534 4828 3762 4889 accepto

2200 4910 2517 4979 presbyterii
2562 4909 2750 4975 gradu,
2785 4910 3101 4980 presbyterii
3151 4912 3361 4980 peragit
3402 4910 3672 4973 officium;
3706 4918 3764 4965 et

2201 5008 2257 5049 ut
2305 5014 2519 5052 causam
2560 5013 2771 5052 onmem
2823 5014 3142 5067 exponeres,
3195 5015 3381 5053 narras
3423 5014 3545 5053 eum
3596 4998 3764 5053 fuisse

2202 5089 2631 5143 molestissimum
2687 5087 3003 5155 praecessori
3060 5095 3259 5151 vestro,
3316 5088 3405 5157 qui
3459 5097 3682 5155 rogatus
3728 5102 3758 5142 a

2201 5184 2410 5247 regent
2456 5191 2578 5230 eum
2620 5176 2991 5244 presbyterum
3028 5176 3325 5241 ordinaret,
3371 5176 3494 5243 quia
3529 5174 3761 5241 iussioni

2203 5268 2453 5338 principis
2483 5266 2732 5319 resistere
2761 5281 2867 5319 non
2910 5265 3191 5333 prmValuit
3218 5270 3305 5331 (ut
3337 5262 3529 5318 vestris
3580 5264 3761 5318 verbis

2202 5356 2433 5424 loquar),
2472 5354 2574 5407 hoc
2615 5366 2781 5421 genus
2812 5352 3059 5406 factionis
3094 5352 3314 5406 invenit.
3348 5352 3506 5405 Duxit
3540 5366 3662 5405 eum
3692 5350 3760 5405 ad

2203 5445 2470 5509 altarium,
2503 5458 2716 5497 manum
2762 5443 2811 5495 ei
2856 5457 2961 5495 non
3014 5443 3284 5511 imposuit,
3317 5450 3371 5497 et
3416 5442 3763 5497 cantantibus

2204 5532 2412 5587 clericis
2440 5533 2492 5586 in
2519 5531 2757 5597 excelso,
2789 5546 2886 5600 pro
2915 5530 3292 5585 benedictione
3320 5528 3760 5585 maledictionent

2203 5620 2407 5685 etfudit,
2465 5619 2602 5673 sicut
2640 5618 2755 5687 ipse
2806 5630 3099 5687 praecessor
3140 5626 3316 5671 vester
3365 5617 3467 5672 hoc
3510 5615 3761 5686 personis

2204 5710 2411 5770 idoneis
2448 5719 2502 5769 et
2530 5710 2623 5766 sibi
2677 5708 3001 5766 charissimis
3050 5708 3386 5781 postmodum
3431 5705 3752 5779 publicavit,
