3912 6354
197 472 291 528 ωδ

1019 477 1512 535 OPUSCULORUM
1554 481 1729 537 PARS
1767 480 2126 538 TERTIA.--
2161 487 2533 544 EPISTOLJS:

3274 505 3373 557 506

191 579 455 646 coniuratis
499 587 557 631 nt
612 580 719 633 hoc
747 581 974 648 quandiu
1021 583 1132 651 ipse
1161 586 1367 639 viveret
1417 588 1722 642 reticerem.
1753 592 1803 649 Α
1830 590 2128 659 baptizavit,
2154 596 2196 648 si
2245 597 2573 663 chrismavit,
2608 600 2651 652 si
2703 603 3020 658 sacriﬁcium
3071 606 3277 675 obtulit,
3308 622 3364 665 et

191 667 315 734 Quid
356 668 477 721 inde
517 668 632 723 ﬁeri
661 669 856 723 debeat
902 685 930 722 a
983 687 1068 725 me
1090 673 1245 740 jubes
1290 686 1567 743 expetere,
1601 678 1724 744 quia

190 770 414 824 ignorare
442 770 536 808 vos
586 757 762 810 dicitis
813 767 986 810 utrum
1015 762 1296 830 presbyter
1345 764 1624 830 habeatur,
1656 781 1724 820 an

187 844 226 894 si
248 844 315 895 illi
341 843 427 910 qui
473 859 570 912 per
614 860 738 898 eum
769 847 1056 902 chrismate
1100 843 1380 918 prmnotati
1409 863 1533 906 sunt
1579 865 1724 909 recte

184 930 490 985 Christicolae
521 934 824 988 vocitentur
849 935 872 987 i

247 1019 297 1071 3.
327 1020 446 1070 Post
489 1019 594 1072 hoc
623 1021 870 1088 conjuras
928 1038 1100 1077 meam
1137 1025 1425 1096 inscitiam,
1478 1038 1538 1082 nt
1587 1031 1724 1085 hanc

182 1107 508 1173 quaestionem
555 1107 784 1160 solvam.
853 1107 978 1164 Haec
1025 1121 1110 1166 est
1155 1115 1326 1181 prima
1374 1118 1719 1185 interrogatio

182 1199 358 1256 vestra,
381 1192 447 1245 ad
473 1208 631 1262 quam
659 1193 784 1247 dum
815 1196 1012 1262 multis,
1042 1206 1101 1251 ut
1120 1201 1367 1267 praimisi,
1399 1203 1463 1254 ad
1496 1218 1720 1271 respon-

177 1281 391 1334 dendum
420 1281 682 1348 impediar
702 1286 896 1352 causis,
924 1300 1129 1340 summa
1159 1288 1285 1340 illud
1313 1289 1551 1355 coniicit,
1579 1293 1719 1359 quod

176 1370 347 1436 nequit
376 1369 610 1424 tenebris
655 1372 863 1428 obsitus
913 1373 1114 1429 videnti
1166 1377 1402 1443 prmhere
1448 1379 1714 1434 dutatum.

175 1457 325 1522 Sane,
349 1457 468 1525 quia
510 1457 669 1524 ques
697 1469 753 1512 ut
782 1461 953 1515 dicam
983 1463 1126 1531 quod
1155 1468 1347 1530 sentio,
1381 1468 1718 1534 perquiratur

172 1560 388 1612 persona
437 1561 557 1613 qua:
608 1548 892 1602 maledicto
937 1551 1176 1618 subjecta
1224 1569 1346 1607 csse
1395 1556 1626 1617 dicitur;
1671 1560 1714 1609 si

173 1641 396 1701 tempore
424 1635 811 1703 maledicentis,
847 1638 962 1706 ipso
987 1651 1266 1705 prmscnte,
1298 1642 1530 1696 oﬂicium
1561 1660 1710 1712 pres-

169 1724 345 1792 byterii
381 1724 510 1795 egit,
554 1739 656 1779 nec
692 1735 868 1780 tamen
909 1728 1207 1800 prohibitus
1249 1730 1315 1783 ab
1362 1733 1474 1798 ipso
1516 1744 1631 1793 est;
1664 1735 1709 1787 si

1830 681 1916 734 ille
1946 697 2127 749 passus
2152 692 2232 736 est
2254 699 2373 738 eum
2402 687 2499 740 hoc
2529 701 2702 754 agere,
2734 692 2820 758 qui
2850 693 2949 745 sibi
2981 697 3221 752 conscius
3253 711 3369 755 erat

1826 781 1948 820 cum
1979 770 2336 837 maledixisse,
2365 773 2415 824 in
2449 775 2591 832 nullo
2623 775 2721 830 iste
2768 778 2914 842 mihi,
2959 783 3052 834 sed
3085 784 3259 850 potius
3285 787 3370 839 ille

1825 857 2037 910 videtur
2060 859 2339 926 culpabilis
2391 862 2574 929 fuisse,
2604 864 2692 931 qui
2724 864 2845 918 dolo
2886 868 3027 921 malo
3078 871 3217 924 aliud
3246 875 3372 941 egit,

1825 954 1879 999 et
1906 946 2046 1000 aliud
2089 947 2390 1013 simulavit;
2441 966 2503 1003 ac
2549 966 2644 1019 per
2691 953 2792 1007 hoc
2819 955 2905 1008 ille
2933 956 3082 1023 cujus
3111 957 3270 1013 factio
3320 966 3371 1015 in

1825 1043 2028 1088 tantum
2067 1035 2216 1090 nefas
2242 1039 2501 1107 prorupit,
2534 1049 2590 1092 ut
2633 1042 2762 1094 mihi
2788 1042 3016 1102 videtur.
3050 1061 3183 1101 onus
3209 1064 3362 1103 suum

1825 1124 1936 1192 ipse
1966 1127 2193 1192 portabit
2218 1144 2230 1177 :
2260 1136 2434 1180 vestra
2464 1137 2639 1180 autem
2687 1131 2940 1184 sanctitas
2962 1133 3027 1185 ab
3053 1133 3152 1187 hoc
3172 1135 3366 1188 delicto

1822 1213 2067 1264 immunis
2095 1213 2214 1276 erit,
2257 1215 2379 1281 quia
2404 1231 2834 1285 unumquemque
2880 1219 2930 1270 in
2958 1234 3058 1286 qua
3087 1223 3365 1277 vocatione

1821 1300 2112 1363 invenistis,
2146 1301 2195 1352 in
2226 1315 2288 1353 ea
2317 1316 2433 1364 esse
2464 1302 2785 1369 permittitis.
2818 1303 2882 1356 Et
2911 1320 3005 1359 cur
3032 1321 3136 1360 non
3171 1308 3366 1362 habeac

1820 1396 1905 1440 tur
1951 1388 2254 1456 presbyter,
2312 1404 2414 1441 non
2464 1391 2650 1456 video,
2697 1393 2739 1444 si
2773 1393 2859 1446 ille
2901 1408 3019 1447 eum
3070 1396 3360 1463 publicavit

1819 1477 2207 1543 presbyterum,
2238 1477 2323 1543 qui
2353 1478 2522 1529 noluit
2548 1489 2604 1530 ut
2637 1479 2735 1533 iste
2769 1482 3047 1549 presbyter
3069 1493 3247 1547 esset;
3273 1495 3362 1536 aut

1818 1577 1984 1628 quare
2032 1578 2136 1614 non
2181 1563 2246 1616 ab
2293 1565 2393 1617 isto
2435 1565 2665 1632 unguine
2718 1581 2872 1638 sacro
2916 1569 3062 1622 tincti
3110 1581 3366 1625 vocentur

1815 1651 2161 1712 Christicolae,
2219 1651 2339 1718 quia
2393 1653 2490 1705 etsi
2542 1653 2639 1706 iste
2668 1653 2930 1722 indignus,
2969 1657 3254 1712 chrismate
3285 1668 3363 1710 ta-

1815 1753 1934 1790 men
1959 1753 2084 1791 vero
2111 1749 2235 1792 sunt
2265 1741 2338 1792 illi
2370 1742 2610 1810 peruncti
2645 1749 2688 1808 ·,.
2717 1743 2928 1812 Optime
2954 1747 3104 1800 novit
3126 1747 3360 1816 pruden—

234 1908 256 1935 ⁸
309 1899 435 1974 Dine
463 1899 1221 1974 inAhacgepistula“respondet
1250 1915 1463 1957 sanctus
1497 1907 1707 1960 Braulio
1743 1901 1780 1958 Β
1812 1913 1976 1957 ncret.
2019 1905 2146 1970 Equi
2169 1906 2270 1956 lem
2311 1920 2374 1958 ex
2420 1906 2645 1960 Historia
2693 1909 3051 1963 ecclesiastica
3081 1912 3355 1974 docemur,

167 1969 228 2021 ad
268 1971 479 2035 quaesita
527 1971 672 2022 beati
731 1970 965 2035 Eugenii,
1025 1969 1356 2024 Occasionem
1397 1976 1546 2026 nobis
1606 1995 1706 2030 non

168 2038 509 2105 importunam
558 2037 816 2090 oﬂ'errent
843 2039 1001 2105 longe
1053 2040 1263 2105 lateque
1317 2042 1601 2095 disserendi
1641 2048 1708 2099 de

164 2104 582 2174 presbyterorum
634 2104 1027 2169 chrismatioiie,
1071 2109 1114 2160 si
1169 2104 1378 2161 Patrum
1423 2111 1706 2165 Toletano-

164 2188 286 2241 runi,
315 2180 795 2226 commentatorum
845 2183 1024 2241 partes
1073 2189 1368 2240 ageremus.
1420 2179 1524 2231 Nec
1567 2183 1705 2234 enim

165 2255 255 2316 nos
276 2240 399 2316 latet
422 2252 680 2316 quantum
713 2256 741 2293 a
771 2240 898 2294 viris
948 2244 1182 2316 historia:
1211 2246 1584 2300 ecclesiastica:
1613 2265 1706 2316 pe-

164 2308 415 2384 ritissimis
531 2318 815 2376 utramque
841 2320 1045 2378 partem
1075 2312 1418 2384 disputatum
1451 2316 1519 2366 sit
1545 2308 1706 2384 super

164 2377 256 2429 hac
279 2377 567 2444 disciplina:
596 2386 764 2442 parte,
797 2392 912 2443 qua:
940 2382 1257 2432 sacramenti
1287 2377 1703 2439 conﬁrmationis

165 2445 449 2496 ministrum
474 2453 705 2511 spectat.
749 2444 822 2497 De
869 2446 1181 2499 orthodoxis
1210 2451 1576 2502 tantummodo
1604 2453 1702 2504 do-

162 2511 386 2566 ctoribus
415 2513 703 2584 loquimur,
725 2512 863 2584 inter
888 2527 1024 2584 quos
1047 2517 1295 2569 Convenit
1322 2517 1465 2571 solos
1491 2519 1699 2584 episco-

161 2594 253 2645 pos
300 2595 414 2651 esse
454 2581 770 2651 ordinarios
820 2581 976 2651 hujus
1033 2586 1354 2651 sacramenti
1411 2581 1700 2651 ministros,

165 2658 310 2714 prout
341 2649 389 2702 in
419 2648 685 2715 plerisque
714 2650 954 2704 conciliis
980 2650 1236 2704 adversus
1266 2654 1542 2707 ltrreticos
1567 2648 1700 2708 deti;

159 2714 461 2787 nitumest;
513 2714 614 2787 hac
661 2731 764 2770 una
790 2732 847 2769 re
880 2719 1017 2770 inter
1034 2733 1094 2771 se
1139 2720 1536 2783 dissidentibus,
1561 2737 1701 2787 qua--

159 2786 467 2855 iiam_luerit
494 2785 836 2855 antiquorum
863 2796 1156 2855 temporum
1196 2788 1474 2855 disciplina
1507 2791 1558 2841 in
1580 2785 1697 2842 Ἐυ-

156 2851 322 2904 clesiis
362 2867 481 2906 cum
527 2850 901 2915 Orientalibus,
936 2850 1044 2906 tum
1085 2850 1511 2910 Occidentalibus
1555 2859 1695 2911 circa

153 2920 263 2991 ejus
279 2920 573 2974 ministrum
600 2922 1072 2991 extraordinarium
1098 2939 1192 2977 seu
1213 2923 1507 2991 delegatum
1533 2943 1546 2990 ;
1576 2942 1698 2980 mnn

155 2988 336 3056 cuique
361 2990 629 3043 sacerdoti
673 3004 734 3043 ea
763 2990 1107 3044 conﬁrmandi
1139 2988 1358 3044 facultas
1407 2992 1472 3045 ab
1501 2988 1700 3056 episco—

155 3057 231 3123 pis
253 3057 605 3111 communiter
626 3058 790 3111 fuerit
811 3073 1066 3112 concessa
1092 3059 1142 3112 in
1173 3061 1485 3126 quibusdam
1509 3060 1698 3116 Eccle-

151 3126 257 3207 siis,
287 3129 518 3207 anomni
550 3135 790 3207 tempore
815 3137 868 3180 et
897 3128 1015 3207 ioco
1047 3129 1534 3207 penesepicopos,
1565 3133 1694 3184 nulli

151 3195 377 3274 delegata
404 3195 724 3274 substiterit.
752 3193 856 3274 Pro
881 3193 1104 3274 diversis
1127 3193 1550 3274 uniuscujusque
1579 3211 1686 3252 stu~
1721 3214 1766 3274 ρ

149 3262 245 3316 diis
271 3273 582 3329 argumenta
609 3272 662 3316 et
701 3264 992 3318 solutiones
1018 3262 1368 3318 adhibentur.
1385 3262 1493 3318 Nos
1521 3267 1690 3320 inter-

150 3346 210 3382 ea
260 3331 394 3384 intra
447 3331 609 3384 oliicii
660 3331 825 3385 nostri
874 3333 1126 3385 terminos
1153 3333 1573 3396 continebiniur;
1626 3349 1695 3388 ne

150 3408 315 3451 tamen
344 3407 452 3451 tam
472 3401 755 3454 commoda
784 3400 1070 3453 occasione
1098 3400 1226 3453 nihil
1255 3401 1472 3454 omnino
1500 3402 1697 3456 dixisse

149 3466 453 3537 videamur,
470 3467 958 3537 animadversiones
985 3471 1237 3535 quasdam
1267 3468 1523 3523 lectorum
1549 3470 1695 3537 judi-

145 3534 225 3586 cio
273 3536 640 3602 subjicimusa
680 3536 834 3588 nobis
879 3534 1019 3590 inter
1070 3536 1350 3603 legendum
1390 3534 1693 3603 confectas;

147 3617 272 3674 quas
306 3603 452 3674 docti
499 3603 597 3656 viri
641 3604 765 3658 boni
813 3605 1058 3674 aequique
1106 3605 1383 3658 consulant
1430 3615 1695 3673 optamus,

146 3671 251 3724 sive
277 3672 504 3740 propria:
527 3686 711 3725 eorum
751 3671 1027 3725 sententia:
1067 3688 1257 3726 novum
1285 3674 1408 3726 inde
1450 3671 1696 3728 momen-

147 3748 248 3810 tum
277 3741 595 3810 accesserit,
622 3741 737 3794 sive
763 3752 952 3794 recens
989 3743 1244 3793 adversus
1281 3741 1552 3809 propriam
1583 3744 1697 3810 upi-

146 3807 351 3860 nionem
397 3807 636 3874 objectio
682 3815 951 3874 exsurgat,
996 3821 1114 3874 quae
1167 3807 1355 3861 eorum
1385 3807 1399 3809 ⁷
1427 3807 1695 3876 ingenium

144 3876 334 3929 excitet
355 3876 423 3940 _ad
445 3890 560 3929 rem
590 3884 910 3943 prmsentem
933 3876 1084 3930 novis
1105 3884 1160 3931 et
1186 3876 1405 3931 eruditis
1425 3892 1698 3932 commen-

145 3944 424 3996 tatiouibus
450 3943 847 3998 illustrandam.
1073 3984 1076 3986 η

212 4007 382 4064 Primo
405 4013 803 4080 ergoﬁanimum
831 4012 1149 4069 intendimus
1177 4013 1228 4066 in
1252 4028 1314 4067 ea
1342 4029 1457 4079 quae
1484 4022 1696 4070 sanctus

140 4077 318 4132 doctor
353 4080 406 4133 in
452 4077 492 4149 ς
533 4079 569 4132 5
593 4080 806 4143 scribit,
844 4081 983 4135 circa
1018 4081 1263 4139 medium.
1300 4077 1429 4134 Cum
1459 4084 1598 4135 enim
1629 4084 1694 4136 ad

143 4149 366 4229 priorem
408 4149 575 4229 primi
619 4149 831 4229 quaesiti
879 4155 1082 4229 partem
1129 4149 1458 4229 respondens
1503 4152 1695 4203 dixerit

140 4216 380 4286 clericum
407 4216 569 4286 illum
592 4216 749 4286 male,
779 4225 837 4270 ut
859 4216 1092 4278 aiebant,
1118 4216 1415 4270 ordinatura
1444 4233 1539 4286 pro
1569 4233 1694 4272 vero

140 4283 449 4352 presbytero
480 4283 786 4338 habendum
829 4299 949 4338 esse
993 4286 1060 4336 ab
1106 4286 1363 4351 Eugenio,
1394 4283 1460 4339 ad
1504 4295 1692 4339 cmtera

141 4352 392 4420 p'ocedit,
413 4352 674 4420 adjiciens
712 4367 773 4410 se
817 4368 925 4407 non
965 4353 1143 4406 videre
1188 4367 1353 4418 quare
1380 4355 1445 4406 ab
1474 4355 1575 4408 isto
1600 4371 1695 4406 un-

140 4419 289 4490 gttine
325 4419 491 4473 sacro
517 4420 673 4490 tincti
693 4436 798 4490 non
827 4428 1084 4490 vocentur
1108 4421 1462 4490 Christicolae,
1491 4424 1558 4476 de
1586 4437 1693 4489 quo

143 4489 285 4541 valde
332 4489 603 4555 Eugenius
647 4488 890 4542 dubitare
933 4489 1227 4543 videbatur.
1277 4488 1529 4544 Rationes
1571 4488 1692 4545 tunc

141 4555 289 4635 hujus
314 4557 657 4637 resoiutionis
684 4558 938 4623 atterens,
964 4559 1036 4613 ita
1060 4559 1232 4637 pergit
1260 4572 1417 4626 porro
1431 4575 1457 4637 ,ε
1484 4558 1696 4637 Optime

141 4625 281 4676 novit
318 4623 611 4694 prudentia
643 4633 728 4678 tua
756 4640 1019 4680 canonum
1049 4623 1274 4693 antiQua
1292 4641 1406 4679 esse
1429 4623 1692 4692 instituta,

141 4701 195 4762 ut
214 4694 491 4762 presbyter
531 4693 822 4748 chrismare
843 4710 947 4747 non
975 4693 1201 4758 audeat;
1232 4695 1372 4760 quod
1403 4709 1615 4749 servare
1643 4705 1698 4748 et

141 4759 439 4827 Orientem,
467 4768 529 4815 et
565 4777 778 4816 omnem
806 4763 1008 4817 Italiam
1031 4759 1306 4829 hucusque
1342 4762 1572 4827 scimus;
1604 4764 1697 4817 sed

137 4837 315 4901 postea
347 4829 667 4901 consultum
708 4838 806 4901 est
839 4840 898 4883 ut
943 4830 1292 4901 chrismarent
1336 4832 1694 4901 presbyteros,

135 4898 224 4949 sed
238 4899 302 4955 de
315 4899 606 4952 chrismate
621 4897 900 4952 benedicta
916 4898 982 4952 ab
996 4899 1280 4966 episcopis,
1301 4897 1362 4951 ut
1377 4915 1478 4952 non
1497 4897 1697 4953 videre-

139 4973 218 5017 tur
245 4967 680 5036 preshyterorum
707 4967 809 5036 hoc
837 4981 955 5036 esse
982 4967 1332 5036 privilegium,
1356 4983 1477 5020 cum
1517 4967 1582 5020 ab
1610 4968 1696 5020 illa

137 5034 380 5088 unctione
410 5034 608 5088 sancta
630 5035 882 5102 populum
914 5034 1005 5089 Dei
1043 5044 1276 5098 sacrant,
1299 5037 1391 5088 sed
1420 5036 1697 5103 episcopo-

137 5117 268 5168 rum,
319 5118 550 5173 qnorutn
598 5103 967 5173 benedictione
1007 5112 1069 5173 et
1122 5106 1380 5173 permissu
1431 5104 1581 5172 quasi
1629 5105 1696 5157 de

138 5184 291 5241 manu
311 5170 574 5241 episcopi,
603 5171 674 5222 ita
696 5170 928 5241 hujusce
941 5172 1016 5225 rei
1042 5170 1302 5241 peragunt
1326 5170 1518 5224 nllicia.
1549 5191 1568 5222 ι
1602 5173 1698 5226 No-

137 5237 215 5293 bis
234 5237 540 5308 hac’verba
555 5237 1059 5308 conteiiipilantibus,
1080 5237 1240 5307 atque
1266 5243 1403 5307 apud
1434 5256 1532 5293 nos
1555 5255 1696 5308 qua:-

137 5308 391 5375 rentibus,
420 5307 594 5374 qualis
631 5307 851 5363 dicenda
877 5317 1022 5360 esset
1058 5309 1172 5362 hac
1210 5309 1539 5374 chrismatio,
1578 5323 1697 5375 qua:

137 5374 438 5445 huiusmodi
483 5375 776 5445 presbyteri
818 5390 976 5429 manu
998 5376 1186 5442 legitur
1229 5375 1534 5445 frequenter
1571 5374 1688 5445 per-

135 5453 274 5508 aeta,
302 5459 402 5498 nec
427 5442 658 5496 invalida
689 5443 958 5512 BrauliOni
985 5445 1093 5498 visa
1120 5451 1223 5503 est.
1257 5442 1506 5506 occurrit,
1538 5444 1700 5512 q'uan-

140 5519 245 5563 tum
286 5527 354 5565 ex
396 5513 478 5565 eis
508 5511 682 5575 colligi
720 5511 950 5570 videtur.
983 5513 1317 5566 Braulionem
1347 5515 1413 5566 de
1441 5511 1700 5566 chrisma-

142 5581 282 5634 tione
307 5581 684 5634 sacramenta“
705 5593 798 5633 seu
821 5579 1218 5635 conlirmatoria
1246 5584 1477 5634 locutum
1507 5581 1697 5644 fuisse;

141 5650 225 5702 cui
248 5650 368 5713 soli,
397 5661 498 5703 nec
523 5663 738 5716 prorsus
777 5648 954 5716 alteri,
990 5663 1108 5717 qua:
1153 5649 1220 5702 de
1260 5663 1322 5702 ea
1367 5649 1525 5702 tradit
1571 5664 1701 5703 con-

138 5731 330 5784 gruere
357 5725 607 5784 possunt.
637 5719 727 5769 Ait
764 5719 927 5783 enim,
955 5718 1147 5787 primo,
1175 5717 1508 5787 antiquorum
1539 5734 1701 5787 cano-

144 5801 270 5842 num
297 5800 414 5840 esse
443 5788 681 5840 instituta
724 5794 778 5839 ut
806 5785 1084 5855 presbyter
1119 5801 1148 5838 a
1172 5785 1508 5841 chi-isuiando
1533 5786 1699 5842 absti-

1811 1974 1991 2040 primis
2042 1974 2284 2024 licrlesia'
2321 1976 2524 2027 saeculis
2571 1976 2766 2028 nullum
2805 1979 3020 2030 omnino
3062 1981 3360 2036 chrismatis

1810 2056 1960 2092 usum
1998 2058 2097 2104 pro
2120 2042 2314 2108 hyteris
2340 2058 2647 2095 concessum
2680 2045 2863 2108 l'u'sse,
2893 2060 3010 2098 cum
3039 2048 3117 2098 vel
3150 2050 3234 2099 illa
3259 2052 3358 2101 alia

1806 2109 2114 2180 _CllriSlllftllt)
2145 2111 2525 2180 carreinonialis
2545 2149 2558 2170 ,
2590 2126 2708 2176 qum
2740 2128 2878 2164 nunc
2908 2113 2957 2164 in
2987 2114 3246 2180 baptismo
3270 2120 3359 2168 atl-

1807 2176 2035 2247 l_iibetur,
2068 2185 2225 2247 atque
2257 2193 2351 2242 pro
2393 2178 2517 2238 ipsis
2556 2181 2879 2247 presbyteris
2926 2176 3091 2247 primo
3122 2185 3357 2236 lltslilttl-l

1807 2243 1924 2306 fuit,
1973 2254 2029 2295 ut
2071 2246 2287 2298 absente
2339 2243 2587 2311 episcopo
2633 2243 3050 2301 continuationis
3095 2252 3355 2304 derectum

1804 2312 2196 2378 quodammodo
2227 2314 2548 2379 supplerent,
2581 2323 2739 2380 atque
2770 2318 3018 2366 unctione
3051 2318 3133 2368 illa
3162 2321 3208 2369 iu
3243 2335 3357 2370 sca-

1806 2382 1940 2449 pttlis
1967 2396 2068 2431 lion
2103 2381 2154 2449 in
2187 2380 2358 2433 fronte
2380 2382 2612 2432 adhibita
2645 2385 2920 2449 neophytis
2941 2384 3157 2446 jamiatn
3191 2389 3352 2438 mori—

1805 2448 1934 2498 turis
1955 2448 2371 2513 opitularentnr;
2398 2449 2503 2509 illa,
2529 2451 2759 2515 inquam,
2785 2448 3086 2502 chrisniatin
3107 2455 3168 2502 ad
3192 2456 3358 2504 sancti

1803 2515 2039 2584 Silvestri
2071 2526 2307 2581 tempora
2339 2517 2532 2568 smculo
2557 2527 2743 2584 quarto
2769 2521 2976 2570 ineunte
3005 2524 3354 2571 comminuitur

1805 2583 2094 2646 referatur;
2131 2584 2327 2635 nullum
2358 2584 2544 2636 deiide
2576 2586 2948 2650 presbyteralis
2971 2588 3357 2640 chrisniatio'iis

1803 2653 2070 2718 antiquius
2125 2653 2420 2715 reperiatur
2475 2653 2775 2717 vestigium.
2831 2653 3178 2707 Nihilominus
3233 2657 3355 2708 dum

1802 2720 2016 2785 antiqua
2049 2721 2267 2780 protulit
2313 2720 2576 2779 instituta,
2624 2721 2690 2772 de
2733 2723 3102 2774 sacramenta“
3152 2732 3354 2774 tantum

1802 2785 2180 2839 chrismatione
2245 2788 2387 2852 loqui
2440 2787 2814 2846 Brauliouem.
2867 2804 2980 2855 qua:
3025 2801 3354 2854 sequuntur,

1801 2855 1957 2906 verba
2002 2857 2318 2906 conﬁrmant
2351 2873 2362 2907 ;
2405 2875 2421 2906 ι
2455 2857 2596 2923 quod
2636 2871 2848 2910 servare
2894 2867 2947 2910 et
2981 2857 3270 2918 Orientem,
3302 2869 3356 2912 et

1800 2937 2007 2974 nmneu
2062 2923 2265 2974 Italiam
2307 2923 2577 2990 hucusque
2622 2928 2834 2977 scimus.
2868 2944 2885 2975 ι
2923 2926 3060 2991 Ergo
3092 2927 3176 2977 illa
3210 2935 3356 2977 vetus

1799 2991 2096 3059 disciplina,
2125 3007 2283 3058 quam
2310 2994 2551 3058 superius
2581 2992 2734 3050 dixit,
2767 3007 2828 3043 ea
2859 3002 3003 3054 erat,
3047 3009 3164 3059 qua:
3197 2995 3356 3045 llrau-

1802 3057 1953 3114 lioltis
1980 3067 2132 3112 mtate
2148 3057 2222 3112 ab
2253 3057 2490 3112 universa
2522 3059 2667 3112 ltalia
2699 3069 2752 3111 et
2779 3059 2994 3113 Oriente
3022 3057 3356 3113 custodieba-

1803 3136 1904 3179 tir.
1937 3127 2030 3179 γει
2065 3129 2175 3182 hinc
2198 3129 2306 3179 sola
2341 3128 2630 3181 Braulionis
2661 3128 2949 3247 Nepesino
2982 3137 3151 3180 totum
3200 3130 3354 3195 hujus

1803 3197 2038 3247 epistola:
2084 3212 2293 3247 sensum
2342 3196 2614 3247 reseravit.
2716 3197 2801 3247 iliil
2846 3211 2984 3247 nunc
3013 3196 3080 3247 de
3120 3196 3350 3247 Orientis

1799 3197 2038 3262 epistola.-
2084 3212 2293 3250 sensum
2342 3196 2614 3249 reseravit.
2666 3196 2801 3247 Nihil
2846 3211 2984 3249 nunc
3013 3196 3080 3248 de
3120 3196 3350 3252 Orientis

1798 3263 2073 3330 disciplina
2120 3265 2362 3322 dicimus,
2412 3264 2461 3319 in
2508 3279 2609 3330 qua
2654 3265 2946 3317 llraulionis
2994 3265 3349 3318 testimonium

1797 3341 2053 3398 quantum
2103 3332 2294 3393 valeat,
2326 3331 2549 3384 viderint
2577 3332 2650 3384 illi
2683 3333 2869 3399 quibus
2917 3346 3224 3398 persuasum
3273 3342 3353 3386 est

1796 3400 1963 3453 inulto
2006 3408 2128 3452 ante
2167 3400 2260 3468 _l'hi
2288 3400 2342 3452 tii
2375 3407 2635 3468 tempora,
2666 3401 2791 3468 quin
2832 3409 2885 3451 et
2913 3407 3105 3466 quarto
3135 3403 3350 3461 saeculo,

1796 3469 2131 3537 presbyteros
2151 3466 2364 3520 Graecos
2393 3466 2694 3537 chrismare‘
2716 3467 2897 3537 solitos
2925 3482 3042 3522 esse
3069 3468 3256 3537 (Forte
3285 3471 3351 3521 de

1795 3536 1968 3588 sancti
2004 3537 2236 3588 doctoris
2282 3536 2587 3588 testimonio
2616 3536 2759 3590 omni
2804 3536 2924 3589 licet
2962 3536 3256 3588 eruditione
3287 3537 3351 3587 il-

1797 3603 1992 3671 lustris,
2042 3604 2133 3655 sed
2184 3606 2233 3655 in
2280 3617 2513 3656 extrema
2547 3603 2845 3662 Occidentis
2894 3612 3045 3671 parte
3069 3604 3349 3657 scribentis

1795 3672 1932 3724 circa
1955 3670 2298 3724 Orientalium
2328 3671 2680 3729 L‘cclesiarum
2707 3673 2860 3735 ritus,
2891 3670 2994 3724 non
3027 3672 3245 3724 multum
3273 3675 3344 3722 Ia-

1795 3739 2102 3824 bortbunt.)
2121 3739 2195 3792 De
2215 3739 2518 3824 omni-italia
2535 3740 2935 3824 qumasserit'se
2949 3741 3344 3824 sciretquaique

1838 3811 2027 3861 rudens
2055 3823 2213 3862 nemo
2243 3807 2755 3871 dubitare‘audebit,
2789 3807 3078 3861 videamus.
3108 3807 3267 3859 Certe
3296 3809 3345 3860 in

1838 3822 2027 3861 rudens
2055 3823 2213 3862 nemo
2243 3822 2483 3861 cubitare
2510 3822 2755 3871 audebit,
2789 3822 3078 3861 videamus.
3108 3822 3267 3859 uerte
3296 3825 3345 3860 in

1793 3822 1942 3928 rtalia
1972 3877 2165 3929 sarculo
2208 3877 2432 3942 septimo
2471 3875 2782 3929 chrismatio
2812 3876 3074 3929 verticalis
3120 3875 3353 3944 baptiza-

1794 3952 1967 3996 torum
2001 3951 2204 3996 tantum
2242 3945 2393 3997 abest
2429 3951 2490 3995 ut
2529 3944 2852 4011 presbyteris
2879 3953 3021 3997 esset
3049 3943 3346 4002 interdicta,

1792 4012 1918 4080 quin
1955 4027 2051 4080 pro
2077 4013 2157 4080 eis
2183 4019 2407 4075 tantum,
2448 4026 2553 4064 non
2599 4026 2696 4079 pro
2742 4012 3021 4080 episcopis,
3057 4013 3348 4064 institutam

1794 4079 2149 4134 luissemqu
2169 4088 2321 4133 antea
2350 4087 2596 4144 constet;
2629 4087 2753 4133 tunc
2776 4094 2900 4134 vero
2930 4079 3000 4131 ita
3032 4080 3101 4132 ibi
3132 4080 3343 4131 obtine-

1793 4148 1903 4212 bat,
1936 4157 1992 4201 ut
2031 4149 2082 4199 in
2111 4149 2359 4202 omnibus
2383 4146 2820 4202 Sacramentaiiis
2845 4148 3174 4214 superiorum
3219 4161 3349 4214 pon-

1794 4218 1990 4268 tilicum
2023 4216 2342 4284 presbyteris
2384 4215 2772 4281 baptizantibus
2815 4216 2974 4284 etiam
3019 4218 3374 4284 coramepi--

1791 4297 1957 4351 scopo
1987 4285 2300 4337 attribuatur
2325 4285 2573 4350 quoniam
2602 4284 2656 4336 in
2687 4283 3052 4337 ca-remoniam
3083 4283 3346 4350 baptismo

1792 4365 2053 4406 annexam
2098 4353 2206 4418 jam
2256 4353 2379 4408 inde
2422 4351 2669 4415 desierat,
2718 4365 2835 4419 qua:
2871 4351 3037 4417 primo
3066 4351 3346 4419 occasione

1793 4427 1995 4496 tantum
2026 4422 2212 4474 mortis
2240 4421 2451 4496 inventa
2484 4427 2585 4496 es},
2608 4434 2677 4496 ex
2710 4418 2854 4473 Italia
2885 4432 3009 4472 vero
3032 4418 3096 4496 ad
3117 4419 3345 4496 reliquas

1797 4488 2059 4542 Ecclesias
2088 4487 2495 4555 promanaverit.
2521 4487 2655 4552 Quid
2681 4488 3076 4556 ergokestquod
3106 4501 3135 4556 a
3167 4487 3347 4556 primis

1723 4537 1769 4594 Ι)
1798 4537 2137 4623 assariis
2150 4537 2801 4610 issisti};abaetat;
2814 4537 2981 4619 iam:
2997 4537 3003 4538 ί
3017 4537 3083 4608 Ut
3111 4537 3347 4622 ia'pnza'l

1800 4621 1972 4677 torum
1996 4625 2219 4677 frontem
2245 4623 2538 4693 presbyteri
2563 4624 2703 4676 nulla
2726 4621 2927 4676 ratione
2949 4621 3344 4693 consignarent,

1796 4694 1938 4758 quod
1984 4695 2112 4747 solis
2155 4691 2419 4760 episcopis
2455 4700 2570 4745 erat
2612 4692 2979 4760 reservatum?
3023 4691 3090 4741 At
3132 4705 3192 4743 ea
3229 4701 3346 4760 erat

1798 4762 2104 4816 chrisniatio
2131 4758 2524 4814 sacramentalis
2553 4777 2564 4809 :
2591 4762 2741 4824 cujus
2771 4759 2844 4811 rei
2875 4759 3148 4812 innumera
3178 4758 3344 4811 addu-

1797 4843 2039 4883 cet-emus
2083 4829 2402 4889 testimonia,
2443 4828 2541 4880 nisi
2585 4827 2634 4880 in
2686 4842 2743 4881 re
2787 4827 3027 4904 omnibus
3072 4826 3344 4904 explorata

1797 4913 1988 4967 vanum
2016 4907 2318 4967 putaremus
2338 4907 2643 4967 argumenta
2670 4901 2985 4967 congerere;
3009 4895 3182 4947 omnia
3203 4895 3342 4967 enim

1798 4962 2031 5018 illorum'
2052 4976 2346 5034 temporum
2396 4963 2620 5016 Ritualia
2650 4973 2806 5030 atque
2844 4962 3261 5034 sacramentaria
3293 4962 3342 5014 id

1798 5033 1968 5100 ipsum
1997 5029 2265 5088 evincunt.
2308 5033 2652 5089 Nihilominus
2681 5029 2797 5100 ere
2823 5030 2922 5100 erit
2949 5031 3115 5100 sancti
3143 5029 3341 5100 Grego-

1798 5096 1859 5154 rii
1895 5104 2058 5168 Magni
2108 5104 2265 5156 verba
2313 5100 2510 5154 referre
2562 5100 2614 5152 in
2661 5097 2881 5168 epistola
2905 5097 2990 5168 _ad
3035 5096 3338 5168 Januarium

1799 5165 2186 5238 metropolitam
2209 5170 2582 5238 Calaritanum.
2616 5165 2867 5238 Audierat
2893 5165 3175 5231 Gregorius
3188 5165 3340 5238 _apud

1799 5231 1994 5310 Sardos
2022 5242 2355 5310 presbyteros
2383 5235 2685 5310 frequenter
2726 5234 3013 5310 chrisinare
3048 5231 3339 5310 neophytos

1799 5308 1957 5360 etiam
1989 5301 2247 5378 praesente
2275 5301 2560 5378 episcopo;
2593 5304 2640 5355 id
2670 5317 2810 5378 aegre
2855 5301 3046 5378 ferens,
3076 5302 3340 5378 _continuo

1798 5389 1890 5428 eos
1921 5369 2012 5441 per
2039 5376 2240 5428 litteras
2265 5369 2555 5434 admonuit,
2573 5379 2682 5441 uta
2712 5369 2803 5422 tali
2823 5369 3195 5441 chrismatione
3219 5371 3336 5418 abs-

1801 5437 2045 5507 tinerent,
2077 5457 2232 5509 quam
2279 5442 2405 5510 ipsis
2446 5439 2762 5510 prohibitam
2804 5450 2920 5510 esse
2966 5437 3336 5510 intelligerent.

1799 5504 2040 5579 Epistola'
2059 5504 2275 5577 accepta
2299 5504 2462 5576 atque
2489 5507 2727 5579 vulgata,
2745 5519 2845 5557 non
2877 5504 3006 5579 levis
3043 5505 3336 5579 animorpm
3394 5566 3401 5573 .

1799 5570 2084 5633 commotio
2113 5570 2251 5632 inter
2291 5570 2408 5631 illos
2447 5570 2772 5647 exortaiiiit,
2804 5573 2892 5647 qui
2920 5587 2950 5647 a_
2977 5585 3204 5647 suarum.
3236 5570 3332 5622 Ec-

1800 5650 2078 5703 clesiarum
2122 5647 2336 5714 antiqua
2363 5642 2744 5714 consuetudine
2769 5640 2973 5714 abduci,
3014 5639 3334 5714 propriisque

1801 5719 2085 5785 privilegiis
2112 5704 2391 5785 exspoliari
2444 5704 3130 5785 no_n_l'acile_patiebantur.
3181 5704 3334 5785 Hujus

1802 5777 2222 5856 perturbationis
2242 5781 2425 5836 nuntio
2454 5779 2518 5833 ad
2547 5777 2854 5846 Gregorium
2890 5777 3108 5845 perlato,
3140 5777 3347 5836 putavit
