3934 6228
542 407 646 463 407

1535 394 1773 451 SANCTl
1813 392 2089 449 suossu
2128 374 2338 446 arise.
2378 390 2738 447 remum.

3651 404 3749 458 608

524 510 616 565 'tia
639 516 729 564 tua
757 518 1017 569 canonum
1047 502 1265 571 antiqua
1290 518 1408 558 esse
1436 504 1702 567 instituta,
1728 511 1786 558 ut
1809 503 2087 574 presbyter
2112 508 2162 564 Α
2187 499 2526 566 contradixit,
2557 509 2613 556 et
2641 500 2868 556 chrisma
2894 514 2924 554 a
2953 514 3012 556 se
3049 502 3387 557 benedictum
3420 506 3633 561 tradere
3670 508 3753 573 ξιξ

537 597 828 655 chrismare
854 608 959 649 non
1006 593 1217 658 audeat,
1248 593 1392 661 quod
1435 607 1652 649 servare
1695 601 1752 647 et
1793 589 2085 658 Orientem,

536 694 593 741 et
615 699 828 740 omnem
851 682 1054 741 italiam
1085 683 1361 750 hucusque
1383 681 1612 747 scimus;
1634 682 1727 736 sed
1753 689 1937 751 postea
1959 696 2091 737 con-

536 771 731 827 sultum
760 778 843 826 est
873 778 930 825 ut
955 768 1306 825 chrismarent
1334 769 1700 839 presbyteros,
1734 768 1827 824 sed
1854 767 1922 822 de
1949 769 2091 831 chri-

536 866 707 914 smate
752 858 1035 914 benedicta
1096 857 1163 911 ab
1216 856 1504 925 episcopis,
1556 866 1613 911 ut
1668 872 1777 913 non
1824 857 2093 911 videretur

535 946 972 1015 presbyterorum
1003 944 1105 998 hoc
1134 958 1252 1001 esse
1275 944 1627 1012 privilegium,
1652 958 1769 1000 cum
1786 944 1854 997 ab
1876 943 1964 996 illa
1997 959 2094 995 un-

534 1035 716 1091 ctione
755 1042 939 1089 sancta
969 1033 1220 1109 populum
1280 1033 1371 1087 Dei
1411 1040 1645 1094 sacrant,
1681 1032 1774 1087 sed
1816 1032 2095 1101 episcopo-

534 1117 675 1184 ruin,
715 1135 943 1190 quorum
985 1120 1360 1177 benedictione
1399 1128 1454 1174 et
1506 1120 1768 1188 permissu
1825 1120 1977 1187 quasi
2023 1122 2092 1178 de

534 1224 696 1265 manu
742 1208 1006 1277 episcopi,
1058 1208 1133 1265 ita
1172 1206 1397 1273 hujusce
1449 1207 1529 1261 rei
1573 1214 1837 1276 peragunt
1893 1206 2089 1261 oilicia.

535 1299 691 1369 Quod
731 1300 777 1355 si
806 1299 878 1354 ita
907 1307 1008 1365 est,
1048 1314 1143 1354 cur
1187 1306 1241 1353 et
1270 1299 1369 1354 iste
1406 1297 1561 1367 quasi
1591 1312 1779 1353 manus
1831 1297 2093 1366 episcopi,

534 1390 780 1461 quamvis
827 1388 1063 1455 inutilis,
1110 1403 1247 1458 quos
1294 1387 1604 1449 chrismavit
1644 1401 1751 1441 non
1790 1387 2096 1441 habeantur

534 1478 838 1542 Catholici?
877 1478 1034 1543 Cum,
1078 1487 1140 1534 ut
1165 1477 1299 1541 dixi.
1328 1484 1517 1532 sancto
1553 1484 1608 1530 et
1636 1490 1762 1531 vero
1808 1475 2095 1534 chrismate

534 1570 603 1627 ab
630 1568 887 1638 episcopo
916 1574 1151 1633 sacrato,
1180 1574 1237 1621 et
1262 1580 1383 1619 cum
1437 1564 1577 1621 illius
1608 1564 1870 1635 permissu
1898 1563 2095 1619 fuerint

535 1656 802 1724 peruncti.
849 1653 1189 1709 Manifestum
1237 1661 1319 1707 est
1345 1652 1608 1723 baptisma
1636 1652 1691 1707 in
1731 1652 1951 1708 nomine
1978 1651 2097 1706 Tri-

539 1745 726 1806 nitatis
756 1744 938 1797 datum
981 1758 1087 1798 non
1130 1741 1325 1798 debere
1360 1743 1565 1811 iterari,
1607 1742 1893 1798 chrismare
1917 1751 2096 1797 autem

2189 603 2298 647 non
2324 588 2617 651 dubitavit,
2648 602 2713 642 ac
2744 601 2838 654 per
2864 587 3161 656 hoc,,quod
3191 590 3292 644 iste
3319 590 3475 654 fecit,
3507 592 3599 646 ille
3626 594 3752 660 egit.
3800 623 3806 627 -

2189 680 2327 746 Quid
2349 680 2494 736 enim
2532 681 2647 735 sive
2671 695 2767 750 per
2794 666 3151 745 occasionem,
3176 678 3289 733 sive
3314 694 3409 748 per
3438 680 3755 736 veritatem?

2190 766 2324 832 Quia
2352 766 2404 821 in
2428 766 2690 821 catholica
2714 774 2891 821 actum
2912 774 3010 829 est,
3038 779 3259 821 necesse
3289 766 3469 821 iterari
3497 782 3607 820 non
3634 776 3754 835 est,

2191 868 2313 910 nam
2341 862 2397 908 et
2417 853 2491 907 illi
2513 854 2604 923 qui
2634 861 2756 922 post
2775 867 3051 908 excessum
3077 853 3416 921 prmcessoris
3441 856 3608 909 vestri
3635 869 3755 910 eum

2193 941 2319 997 talia
2349 953 2594 995 narrasse
2619 939 2870 1004 referunt,
2902 939 3087 995 melius
3114 939 3341 1005 facient,
3370 940 3415 995 si
3440 942 3598 996 istam
3626 957 3757 997 cau-

2192 1019 2304 1085 sam
2334 1032 2385 1084 in
2413 1030 2571 1085 aliam
2590 1029 2752 1084 vitam
2776 1030 2875 1085 sibi
2900 1038 3193 1085 reservant.
3224 1028 3353 1095 Quis
3377 1031 3519 1089 enim
3540 1032 3641 1097 eis,
3665 1031 3758 1086 illo

2193 1118 2502 1185 desistente,
2535 1126 2629 1173 aut
2656 1119 3025 1174 contradiéere
3064 1133 3205 1174 nunc
3234 1120 3463 1189 poterit,
3494 1128 3590 1175 aut
3630 1136 3760 1190 pur-

2193 1220 2319 1277 gare
2347 1206 2554 1276 objecta
2584 1208 2818 1277 poterit?
2847 1207 3011 1263 Vobis
3039 1217 3218 1264 autem
3243 1209 3387 1277 quod
3415 1209 3506 1264 ille
3526 1226 3634 1266 non
3654 1211 3762 1268 dis-

2194 1293 2406 1362 sipavit,
2426 1293 2707 1364 ,dissipare
2745 1311 2852 1351 non
2875 1296 3144 1363 convenit,
3174 1311 3439 1354 memores
3464 1299 3609 1354 illius
3633 1315 3759 1356 sen-

2196 1384 2373 1439 tentiae
2401 1400 2417 1442 :
2443 1383 2623 1441 Nolite
2663 1394 2783 1441 ante
2828 1395 3021 1458 tempus
3066 1388 3341 1459 quidquam
3378 1389 3640 1459 judicare.
3695 1391 3763 1446 Et

2196 1474 2386 1615 ilgerum
2420 1494 2434 1530 :
2470 1476 2617 1544 Quod
2642 1488 2875 1550 apertum
2899 1487 3003 1545 est,
3034 1481 3172 1536 vobis
3210 1482 3345 1554 quod
3381 1483 3636 1537 occultum
3662 1492 3762 1549 est,

2248 1579 2327 1615 eo.

2248 1579 2327 1617 8οο

2268 1651 2318 1706 5.
2345 1652 2481 1708 Ecce
2505 1652 2649 1722 quod
2673 1653 2882 1710 videtur
2906 1656 3213 1712 nescientis:
3241 1672 3408 1725 mete,
3430 1667 3487 1714 et
3511 1674 3615 1728 pro
3645 1674 3762 1714 mo-

2198 1740 2414 1797 dicitate
2441 1743 2753 1812 capacitatis
2793 1753 2991 1800 nostrae
3035 1760 3135 1802 nec
3174 1747 3444 1804 affirmans
3481 1763 3581 1804 nec
3607 1765 3762 1820 sper-

537 1847 643 1887 non
672 1830 1018 1900 prohibemur
1066 1830 1365 1897 haereticos,
1398 1845 1535 1898 quos
1580 1844 1611 1884 a
1654 1844 1783 1885 vero
1811 1829 2100 1885 chrismate
2133 1825 2174 1885 Β
2202 1843 2330 1885 nens
2358 1830 2574 1885 omnino
2603 1830 2703 1886 ista
2731 1833 2989 1900 suggessi.

536 1920 838 1973 invenimus
894 1927 1206 1974 extraneos.
1256 1918 1361 1972 iste
1407 1926 1585 1972 autem
1641 1917 2093 1974 rectoohrisma‘te

537 2009 872 2074 chrismavit,
896 2018 955 2061 ut
976 2010 1084 2077 jam
1104 2008 1251 2067 dixi:
1285 2023 1390 2064 non
1422 2009 1549 2064 mihi
1592 2008 1799 2064 videtur
1845 2009 2093 2065 frivolum

532 2114 654 2155 esse
681 2099 823 2166 quod
851 2098 997 2152 fecit.

605 2185 659 2241 4.
691 2185 913 2241 Additur
935 2187 1016 2243 his
1036 2186 1174 2257 quod
1197 2188 1286 2243 ille
1311 2189 1400 2257 qui
1423 2201 1543 2245 eum
1561 2187 1801 2258 permisit
1821 2202 2092 2258 nunquam

533 2336 972 2405 prudentissimus
1017 2341 1210 2406 praesul
1248 2340 1445 2406 aliquid
1489 2339 1767 2394 commotis
1792 2338 1982 2393 animis
2013 2341 2093 2393 in-

530 2405 881 2477 dulgendumu
904 2405 1041 2472 esse,
1090 2410 1268 2477 itaque
1315 2405 1380 2461 ad
1427 2408 1734 2461 Januarium
1769 2408 1984 2476 scripsit
2011 2410 2093 2461 his

530 2476 707 2529 verbis
738 2492 752 2528 :
788 2493 805 2525 ι
842 2474 907 2529 Et
934 2490 1030 2530 nos
1057 2474 1270 2545 quidem
1314 2477 1603 2531 secundum
1644 2474 1892 2545 veterem
1913 2477 2094 2530 Eccle-

530 2545 623 2596 siae
650 2552 845 2597 nostra:
876 2544 1310 2600 consuetudinem
1361 2545 1579 2599 fecimus
1622 2544 1781 2610 (dum
1835 2544 2093 2598 chrisma-

532 2613 729 2683 tionem
757 2612 813 2683 in
841 2611 1015 2683 fronte
1044 2615 1365 2683 presbyteris
1391 2613 1490 2683 illis
1516 2612 1845 2683 interdixit);
1874 2613 2017 2680 quod
2047 2614 2092 2667 si

531 2681 753 2751 omnino
806 2682 907 2735 hac
949 2682 1015 2735 de
1044 2681 1120 2745 re,
1152 2681 1240 2750 qui
1280 2682 1707 2751 constristantur,
1741 2682 1825 2751 ubi
1856 2683 2093 2751 episcopi

532 2750 745 2821 desunt,
776 2759 833 2803 ut
860 2751 1154 2821 presbyteri
1185 2752 1344 2805 etiam
1394 2751 1445 2803 in
1493 2750 1754 2821 frontibus
1796 2750 2093 2821 baptizatus

532 2817 819 2872 chrismate
842 2817 1057 2885 tangere
1080 2820 1324 2884 debeant,
1354 2818 1711 2874 concedimus.
1743 2838 1760 2870 ι
1796 2817 1880 2873 Εἰ
1901 2822 2093 2886 quibus

532 2894 718 2953 aperte
771 2886 1097 2951 deducimus,
1121 2898 1356 2944 veterem
1398 2888 1648 2941 Romanae
1689 2887 1937 2942 Ecclesiae
1963 2903 2093 2942 con-

531 2954 863 3026 suetudinem
893 2955 1069 3023 fuisse,
1101 2966 1159 3011 ut
1182 2958 1475 3026 presbyteri
1507 2971 1680 3026 neque
1708 2964 1965 3026 prmsente
1992 2972 2090 3012 nec

532 3024 753 3094 absente
795 3026 1047 3094 episcopo
1077 3024 1428 3081 chrismarent
1457 3026 1506 3078 in
1538 3025 1749 3094 fronte;
1794 3024 1984 3094 deinde
2013 3026 2092 3079 in-

532 3092 814 3162 telligimus

532 3160 771 3225 dentem,
794 3176 852 3215 se

533 3243 677 3301 rum_
702 3231 968 3301 canonum
994 3231 1325 3301 disciplinain
1365 3247 1598 3287 servare.
1627 3232 1781 3285 Certe
1818 3234 1958 3285 enim
1986 3248 2091 3287 non

534 3299 772 3352 omnium
796 3298 1212 3356 Occidentalium
1240 3300 1596 3357 Ecclesiarum
1626 3301 1954 3354 consuetudo
1975 3316 2094 3353 cum

538 3366 776 3438 Romana
818 3371 1205 3435 consentiebat,
1251 3370 1393 3438 quod
1440 3369 1761 3438 prieterhoc
1805 3367 2093 3438 Sardorum

534 3437 834 3505 exemplum
874 3438 999 3508 alia,
1032 3453 1150 3505 qua:
1198 3436 1282 3493 ex‘
1304 3436 1587 3495 Gallicanis
1628 3436 1879 3493 Ecclesiis
1924 3439 2094 3508 repeti

496 3516 505 3532 δ
537 3513 774 3573 possent,
804 3506 1137 3561 conﬁrmant.

603 3574 709 3628 Sed
739 3574 804 3626 ad
845 3575 1043 3642 reliqua
1076 3577 1370 3631 Braulionis
1417 3579 1577 3632 verba
1609 3577 1902 3631 redeamus.
1934 3594 1952 3627 ι
1988 3575 2093 3631 Sed

533 3652 721 3713 postea
765 3644 1061 3698 consultum
1110 3656 1189 3699 est
1215 3656 1273 3698 ut
1299 3647 1648 3700 chrismareut
1685 3645 2034 3713 presbyteres.
2068 3664 2087 3696 ι

534 3713 601 3781 At
629 3711 863 3781 u'rinam,
886 3714 1091 3780 rogabit
1121 3716 1327 3781 aliquis,
1353 3715 1402 3768 id
1431 3711 1728 3768 consultum
1759 3711 1877 3769 est?
1903 3713 1957 3766 in
1990 3714 2094 3766 Ita-

534 3779 695 3847 ).ana,
724 3780 805 3835 vel
838 3779 1077 3852 Romana
1124 3779 1397 3837 Ecclesia?
1439 3785 1551 3837 Non
1591 3784 1858 3852 equidem,
1888 3798 2009 3837 cum
2041 3784 2091 3836 in

534 3854 618 3911 ea,
644 3859 700 3903 ut
720 3864 877 3918 supra
903 3850 1145 3920 vidimus,
1168 3852 1467 3908 Braulionis
1487 3850 1873 3920 a-tate'antiqua
1895 3858 2092 3906 statuta

533 3934 795 3971 canonum
823 3919 1143 3976 obtinerent.
1176 3920 1453 3987 Reliquum
1479 3931 1561 3975 est
1589 3930 1645 3975 ut
1671 3922 1723 3975 id
1762 3921 1813 3973 in
1843 3920 2091 3988 llispania

533 3988 1125 4059 consultumdicat,ut
1153 3990 1219 4043 ad
1250 3990 1468 4059 Eugenii
1497 3992 1842 4059 quaestionem
1874 3990 2093 4058 propius

534 4054 778 4123 accedat,
807 4057 963 4127 eique
1006 4054 1209 4113 directe
1252 4054 1586 4127 respondeat.
1620 4058 1769 4127 Apud
1818 4054 1916 4113 nos
1962 4054 2091 4126 ergo

531 4126 932 4199 statutumfuit
974 4137 1033 4181 ut
1082 4126 1432 4199 clirismarent
1476 4126 1843 4199 presbyteres,
1901 4142 2091 4195 nempe

530 4194 761 4266 frontem
791 4194 1174 4263 haptizator-um
1202 4194 1688 4266 signantcs'eosque
1714 4194 2090 4266 coniti-munies

530 4263 673 4340 quod
704 4278 863 4317 unum
891 4266 1212 4344 presbyteris
1232 4263 1797 4388 ltalis‘probibebatur.
1832 4264 2089 4345 llmcpm-

533 4346 618 4383 uia
650 4347 714 4386 ex
746 4332 1160 4388 nraacedentibus
1184 4349 1275 4388 ner
1303 4350 1361 4388 se
1422 4344 1567 4388 nunt.
1592 4344 1827 4388 satisoue
1859 4335 2089 4388 indicant

533 4332 618 4383 uia
650 4347 714 4386 ex
746 4332 1160 4403 prmcedentibus
1184 4349 1275 4400 per
1303 4350 1361 4388 se
1382 4332 1567 4400 linunt,
1592 4336 1827 4403 satisque
1859 4334 2091 4388 indicant

532 4416 649 4464 qua:
676 4402 971 4471 Braulionis
1002 4418 1148 4457 mens
1171 4404 1259 4469 sit,
1280 4404 1541 4471 simulque
1568 4406 1633 4459 de
1661 4402 1811 4471 cujus
1834 4404 2089 4456 chrisma-

533 4471 691 4523 tionis
717 4470 898 4539 valore
920 4471 1237 4526 dubitaverit
1262 4473 1547 4539 Eugenius,
1581 4474 1675 4527 nisi
1708 4470 1853 4527 illum
1893 4471 2087 4527 dixeri-

531 4554 648 4592 mus
677 4538 743 4592 ad
774 4542 1101 4609 propositum
1132 4538 1363 4595 minimc
1377 4538 1731 4609 respondisse.

600 4608 752 4672 Quod
794 4608 838 4661 si
883 4610 1001 4675 quis
1030 4609 1255 4677 amplius
1284 4608 1547 4664 desideret
1584 4611 1881 4677 hajusmodi
1930 4612 2088 4663 disci-

530 4678 686 4798 plina:
714 4677 851 4743 apud
882 4686 1095 4733 nostros
1123 4679 1361 4746 vestigia,
1393 4680 1457 4733 ad
1486 4683 1707 4735 concilia
1748 4682 2087 4748 provincialia

558 4746 796 4798 Iisnaniaa
840 4760 961 4798 eum
1006 4747 1343 4798 remittimus.
1378 4749 1429 4798 in
1476 4751 1665 4798 auibus
1708 4765 1811 4798 non
1862 4752 2085 4798 obscura

558 4746 796 4816 Iispaniaa
840 4760 961 4799 eum
1006 4747 1343 4816 remittimus,
1376 4749 1430 4802 in
1476 4751 1665 4816 quibus
1708 4746 1811 4803 nan
1862 4752 2085 4803 obsmra

530 4815 617 4887 ind
640 4815 717 4887 cia
764 4818 999 4887 reperiet
1040 4815 1761 4887 presbyteros'communem
1806 4819 2087 4887 aliquando

531 4883 778 4937 habuisse
804 4884 1153 4937 confirmandi
1180 4883 1521 4952 potestatem.
1545 4888 1836 4943 Concdiuin
1868 4883 2089 4941 liliberi-

530 4961 729 5023 ianum,
761 4966 881 5023 can.
913 4953 1000 5016 77,
1029 4962 1215 5008 statmt
1247 4972 1255 5002 :
1292 4956 1349 5009 Si
1378 4957 1485 5023 quis
1516 4958 1758 5010 diaconus
1786 4973 1959 5023 regens
1982 4958 2087 5023 ple-

528 5020 639 5094 bent
668 5021 778 5072 sine
804 5022 1066 5094 episcopo,
1092 5024 1165 5077 v.1
1194 5020 1482 5092 presbytero
1512 5026 1707 5094 aliquos
1738 5020 2080 5091 baptizauerit,

525 5092 789 5163 episcolms
820 5106 905 5163 eos
933 5108 1019 5157 per
1049 5092 1077 5163 ῤ
1108 5093 1441 5163 nedictionem
1472 5092 1715 5163 perﬁcere
1746 5094 1959 5146 debebit.
1995 5094 2081 5145 lii-

528 5161 643 5231 nuit
668 5172 816 5225 ergo,
863 5158 1207 5231 sipresbyter
1236 5158 1484 5222 adfuerit,
1519 5158 1588 5216 nil
1618 5179 1749 5231 opus
1776 5178 1893 5216 ese
1935 5172 1992 5215 ut
2020 5164 2084 5215 ad

527 5228 835 5299 episcopum
858 5228 1249 5283 adducerentur
1272 5246 1364 5297 per
1385 5232 1500 5297 ejus
1528 5228 1943 5285 benedictionem
1971 5249 2083 5299 per-

527 5295 763 5367 ticiendi,
788 5296 829 5347 si
868 5312 898 5349 e
930 5307 984 5367 ut
1012 5312 1198 5352 omnes
1245 5295 1684 5367 interpretantur,
1717 5302 1780 5353 ab
1812 5302 1922 5367 ipso
1950 5295 2082 5354 con—

526 5365 804 5427 tirmandi;
838 5366 1171 5422 confirmatio
1213 5371 1351 5421 enim
1392 5365 1651 5435 perfectio
1696 5365 1939 5436 baptismi
1980 5370 2081 5423 fre-

523 5442 749 5498 quenter
793 5437 1088 5501 appellatur
1132 5453 1161 5488 a
1215 5436 1479 5491 Patribus.
1528 5437 1823 5492 Concilium
1871 5440 2083 5492 Toleta-

526 5517 713 5573 ιιιιιιιςι,
746 5518 886 5573 anno
930 5503 1134 5558 Domini
1164 5507 1266 5559 ιιοο
1311 5508 1658 5573 celebratum,
1711 5523 1827 5561 can.
1874 5507 1963 5573 20,
2012 5508 2081 5561 ita

528 5572 759 5643 loquitur
791 5588 803 5621 ε
840 5572 1094 5625 Statulum
1122 5585 1197 5627 est
1226 5577 1497 5630 diaconum
1524 5592 1626 5629 non
1648 5572 1961 5643 'c/irismare,
1993 5578 2083 5631 sed

525 5640 895 5715 ρτεξὸιμειιιηιἈ
917 5642 1120 5695 absente
1148 5648 1380 5712 episwpo
1398 5689 1410 5711 ,
1451 5655 1695 5715 pra’sente
1722 5663 1835 5699 vero
1858 5640 1956 5698 non
1984 5648 2083 5699 nisi

522 5706 586 5761 ob
616 5706 915 5779 ipsoifuerit
956 5706 1277 5779 praeceptum.
1318 5706 1621 5769 Concilium
1674 5716 2076 5778 Barcinonense,

521 5792 665 5844 anno
703 5778 835 5848 599,
869 5795 986 5835 can.
1016 5780 1051 5835 2
1080 5804 1088 5835 ;
1122 5778 1295 5839 Simili
1340 5788 1496 5841 etiam
1540 5796 1863 5843 constitutum
1902 5788 2079 5842 condi-

891 3091 1017 3149 nare
1063 3111 1170 3149 non
1210 3094 1403 3149 dixerit
1450 3093 1658 3147 Braulio
1699 3108 1911 3147 omnem
1944 3091 2095 3148 Ocri-

930 3178 1141 3217 omnem
1173 3173 1375 3218 tantum
1424 3163 1626 3217 italiam
1673 3163 1816 3216 illam
1846 3164 2091 3231 antiquo-
2123 3164 2168 3226 C
2196 3174 2313 3228 qua:
2360 3176 2515 3229 supra
2562 3163 2716 3217 dictis
2761 3164 2939 3219 favere
2980 3166 3242 3220 videntur.
3294 3166 3561 3230 Primum,

2264 1919 2317 1975 6.
2348 1919 2429 1973 Ad
2455 1927 2678 1976 caeteras
2715 1921 3185 1990 interrogationes,
3213 1924 3259 1978 si
3282 1924 3385 1979 hoc
3425 1939 3532 1979 nou
3564 1924 3767 1978 abhor-

2194 2017 2294 2074 ret,
2320 2017 2669 2065 transeamus.
2693 2009 2935 2085 Scribitis
2958 2011 3117 2065 etiam
3146 2020 3203 2066 et
3221 2013 3344 2076 hoc,
3367 2013 3419 2066 in
3443 2012 3764 2080 quibusdam

2195 2098 2324 2152 locis
2364 2099 2620 2152 diaconos
2645 2098 2937 2152 chrismare
2965 2114 3059 2152 vos
3088 2093 3371 2168 reperisse.
3404 2102 3540 2154 Nihil
3569 2102 3621 2154 in
3662 2100 3763 2155 hac

2193 2185 2485 2256 quzestione
2527 2185 2756 2254 amplius
2802 2201 2960 2256 quam
3006 2187 3061 2241 in
3104 2188 3273 2257 prima
3301 2188 3539 2257 invenio,
3572 2190 3677 2244 nisi
3708 2201 3765 2244 ut

2196 2339 2447 2413 tioneest,
2478 2348 2533 2390 ut
2561 2354 2673 2413 cu_m
2716 2339 2953 2413 chrisma
2976 2342 3282 2413 presbyteris
3322 2344 3627 2396 diecesanis
3667 2361 3763 2413 pro

2193 2408 2455 2474 neophytis
2505 2408 2874 2477 confirmandis
2920 2409 3088 2471 datur,
3121 2408 3247 2464 nihil
3273 2428 3366 2477 pro
3396 2414 3609 2477 liquoris
3643 2408 3765 2477 pre-

2195 2478 2261 2527 tio
2286 2476 2585 2546 accipiatur.
2608 2475 2734 2539 Quae
2756 2478 2954 2546 omnia,
2978 2480 3250 2546 superiora
3274 2475 3568 2532 Braulionis
3593 2475 3764 2534 verba

2194 2558 2291 2597 nec
2309 2543 2491 2615 minus
2532 2552 2765 2597 nostram
2813 2543 2880 2599 de
2928 2543 3135 2601 illorum
3177 2561 3338 2603 sensu
3392 2553 3762 2615 conjecturam

2194 2610 2533 2667 conﬁrmant.

2263 2680 2366 2735 Sed
2393 2688 2448 2752 et
2485 2682 2685 2752 reliqua
2726 2683 3136 2752 perpendamus.
3175 2704 3194 2737 σ
3230 2685 3415 2739 Postea
3468 2686 3764 2740 'onsultum

2193 2757 2357 2823 estut
2387 2750 3120 2823 chrismareiitpresbyteres,
3142 2753 3233 2809 sed
3256 2754 3324 2808 de
3350 2756 3641 2809 chiismate
3663 2756 3761 2810 be-

2193 2818 2403 2893 nedicta
2432 2818 2498 2872 ab
2526 2818 2821 2893 episcopis,
2856 2818 3055 2876 ut'non
3099 2824 3369 2893 videretur
3414 2825 3763 2893 presbytero-

2193 2902 2310 2939 rum
2330 2887 2429 2957 hoc
2448 2887 2573 2941 esse
2586 2889 2936 2957 privilegium,
2960 2906 3079 2944 cum
3104 2893 3170 2946 ab
3192 2891 3278 2945 illa
3301 2887 3548 2946 unctione
3569 2887 3765 2947 sancta

2192 2955 2445 3029 populum
2478 2957 2566 3010 Dei
2588 2955 2825 3019 sacrant,
2856 2959 2949 3012 sed
2978 2961 3371 3029 episcoporum,
3402 2977 3630 3028 quorum
3667 2962 3763 3015 be-

2194 3022 2509 3098 nedictione
2544 3034 2598 3079 et
2626 3022 3078 3098 permissquuasi
3105 3022 3174 3081 de
3198 3044 3355 3082 manu
3393 3022 3652 3098 episcopi,
3689 3031 3764 3083 ita

2195 3091 2416 3159 hujusce
2438 3094 2512 3147 rei
2560 3091 2819 3161 peragunt
2855 3091 3051 3151 officia.
3090 3117 3106 3148 ι
3140 3098 3303 3151 Multa
3332 3091 3764 3157 hic'orcu'rrunt,

2196 3174 2313 3218 uua:
2360 3176 2515 3218 sunra
2562 3163 2716 3217 dictis
2761 3164 2939 3218 favere
2980 3166 3242 3218 videntur.
3294 3166 3561 3218 Primum.
3612 3167 3766 3218 uuod

3612 3180 3725 3233 quo

2198 3238 2353 3305 tanta
2372 3245 2497 3284 cura
2524 3234 2830 3305 cavebatur,
2857 3248 2924 3288 ne
2952 3235 3246 3305 presbyteri
3268 3234 3335 3289 ad
3362 3234 3766 3305 cltrismandunt

2194 3299 2530 3373 accederent,
2564 3302 2662 3354 nisi
2709 3299 2997 3373 chrismate
3033 3299 3175 3370 prius
3214 3306 3281 3358 ab
3306 3305 3558 3373 episcopo
3586 3304 3763 3373 bene:

2194 3368 2357 3437 dicto,
2390 3367 2675 3435 habitaque
2702 3372 2768 3423 ab
2796 3386 2860 3425 eo
2889 3367 3211 3425 chrisinandi
3242 3367 3577 3437 licentiafne
3621 3372 3763 3426 illud

2194 3435 2425 3509 oﬂicium
2457 3446 2705 3505 tanquam
2734 3440 2833 3493 sibi
2860 3440 3153 3507 proprium,
3183 3450 3233 3494 et
3264 3457 3369 3495 non
3392 3435 3763 3509 ab‘episcopis

2193 3505 2491 3577 delegatum
2523 3515 2768 3577 putarent
2793 3525 2807 3572 ;
2836 3509 2906 3573 id,
2938 3505 3172 3575 inquam.
3202 3514 3367 3577 mag‘s
3390 3505 3765 3565 sacramenta-

2196 3572 2297 3626 lem
2342 3572 3048 3657 clirismationein"spectat,
3101 3572 3763 3657 quantuctnrentonialem.

2193 3657 2313 3696 cum
2345 3643 2483 3697 hanc
2511 3658 2615 3696 non
2648 3645 2717 3697 ita
2763 3643 2863 3700 sibi
2893 3643 3132 3713 episc0pi
3158 3648 3442 3710 vindicent,
3480 3663 3545 3700 ne
3575 3661 3673 3713 per
3702 3661 3766 3699 se

2194 3726 2423 3782 unquam
2453 3712 2708 3779 perlicere
2728 3714 2866 3767 soliti
2893 3716 3038 3782 sint“
3062 3712 3199 3770 sicut
3226 3717 3368 3770 illam
3408 3712 3762 3782 aliam'qnam

2193 3781 2460 3847 propriam
2486 3782 2680 3848 ubique
2711 3783 2929 3850 legimus
2954 3781 3073 3838 esse
3100 3786 3499 3851 episcoporum;
3531 3781 3629 3837 nec
3657 3784 3765 3835 ali-

2194 3856 2274 3901 ter
2311 3863 2405 3917 per
2451 3863 2639 3905 manus
2685 3851 3111 3920 presbyterorum
3164 3853 3355 3907 factam
3404 3855 3608 3917 valere,
3653 3852 3765 3905 nixi

2192 3926 2452 3984 quatenus
2481 3934 2587 3972 non
2627 3928 2730 3973 tam
2771 3920 2806 3973 ii
2848 3936 3009 3987 quam
3052 3922 3164 3989 ipse
3189 3924 3465 3989 episcopus
3492 3939 3522 3975 a
3546 3936 3657 3989 quo
3682 3922 3760 3974 le-

2191 3994 2420 4059 εςιιιιιιικΔ
2446 4002 2632 4059 manus
2662 4004 2755 4057 per
2785 4004 2877 4043 eos
2906 3991 3147 4058 imponit.
3182 3990 3378 4045 Deinde
3406 3990 3548 4059 quod
3572 4005 3762 4057 popu-

2154 4082 2162 4095 ο
2192 4054 2299 4129 lum
2330 4055 2424 4129 Dei
2447 4056 2534 4109 illa
2560 4054 2741 4129 sancta
2774 4054 3022 4129 unctione
3050 4062 3246 4129 sacrari
3276 4074 3370 4127 per
3390 4054 3760 4129 presbyteros,

2191 4123 2285 4181 ait.
2317 4124 2435 4191 quis
2481 4139 2586 4177 non
2615 4126 2682 4179 de
2712 4127 2961 4180 unctione
2983 4123 3683 4190 cnnlirmatoria'accipiat?
3714 4130 3761 4179 Α

2190 4206 2293 4258 qua
2323 4193 2521 4265 sacrari
2549 4196 2799 4263 populum
2838 4195 2929 4265 Dei
2959 4212 3053 4261 per
3077 4199 3303 4265 gratiam
3332 4196 3760 4249 sanctilicantem

2190 4275 2348 4328 quam
2380 4262 2585 4316 coniert
2624 4262 2839 4331 proprie
2884 4262 3108 4319 dicimus
3144 4274 3331 4319 contra
3359 4265 3760 4329 heterodoxos,

2191 4345 2296 4383 non
2324 4330 2396 4402 ita
2426 4332 2490 4402 de
2517 4330 2659 4386 mera
2683 4336 2997 4402 carrcnmnia
3019 4335 3281 4402 baptismo
3307 4334 3542 4388 adhibita
3589 4342 3760 4401 atque

2190 4400 2332 4452 omni
2360 4400 2527 4465 gratia
2552 4400 2915 4455 sanctiﬁcante
2942 4400 3126 4457 vacua.

2264 4470 2338 4542 A'l
2367 4470 2501 4535 hmo,
2534 4472 2599 4524 ab
2631 4471 2715 4542 illa
2738 4471 2995 4542 unctione
3024 4472 3275 4542 neophyti
3294 4471 3637 4542 Christicolae
3663 4470 3757 4524 de-

2116 4516 2168 4574 D
2190 4516 2628 4604 nominabantur;
2662 4538 2815 4607 hujus
2843 4556 2972 4593 vero
3002 4516 3231 4595 ιιοιιιῖιιὶξ
3260 4541 3335 4594 vis
3362 4543 3464 4595 hoc
3495 4541 3615 4595 loco
3647 4555 3757 4593 non

2192 4615 2295 4658 tam
2340 4608 2572 4661 cultores
2622 4609 2817 4662 Christi
2867 4610 3128 4675 signiﬁcat
3154 4611 3173 4675 (
3187 4624 3373 4664 omnes
3401 4610 3542 4665 enim
3582 4610 3633 4663 id
3660 4624 3759 4676 per

2187 4675 2502 4743 baptismum
2548 4677 2835 4747 habemus)
2862 4694 3020 4743 quam
3065 4679 3418 4743 Christianos,
3448 4678 3591 4744 quod
3640 4675 3758 4747 erat

2188 4761 2380 4798 nomen
2430 4748 2697 4815 proprium
2747 4744 3207 4813 coiilirmatorum,
3240 4748 3330 4815 qui
3361 4762 3390 4800 a
3420 4761 3575 4802 sacro
3605 4744 3756 4799 chrio

2186 4824 2355 4867 suiatc
2385 4817 2622 4882 peruncti
2651 4830 2715 4869 ex
2748 4824 2870 4869 tunc
2896 4817 2946 4869 in
2964 4816 3155 4872 Christi
3184 4816 3426 4870 militiam
3455 4830 3598 4869 novo
3627 4828 3757 4867 cru-

2187 4884 2263 4935 t‘is
2290 4885 2439 4950 signo
2462 4885 2648 4937 armati
2676 4900 2736 4938 ac
2764 4886 2998 4938 rohorati
3028 4902 3219 4940 nomen
3244 4886 3462 4940 dedere.
3490 4885 3533 4937 E
3565 4898 3624 4937 re
3650 4884 3756 4937 erit

2186 4953 2481 5018 aliquorum
2513 4953 2727 5007 Patrum
2765 4955 2922 5007 verba
2968 4954 3017 5007 in
3044 4954 3181 5021 hanc
3206 4954 3522 5021 sententiam
3554 4952 3755 5021 produ:

2185 5036 2327 5075 cere.
2371 5022 2597 5092 Sanctus
2641 5023 2864 5091 Cyrillus
2912 5018 3420 5092 Jerosolymitanus,
3462 5020 3685 5076 Cathec.
3718 5018 3756 5074 ὃ

2188 5101 2404 5158 “tystag.
2427 5106 2439 5143 :
2462 5111 2477 5141 ι
2509 5091 2692 5157 Hujus,
2720 5092 2813 5153 ait,
2836 5093 3003 5145 sancti
3031 5091 3332 5146 chrismatis
3360 5092 3502 5146 dono
3528 5099 3755 5157 accepto

2162 5161 2521 5236 Fppellaminl
2564 5162 2868 5236 Christiani,
2919 5170 2975 5236 ut
3022 5163 3503 5236 regenerationict
3550 5174 3753 5236 nomen

2187 5228 2355 5295 ipsum
2384 5246 2507 5281 vere
2538 5230 2871 5297 respondeat.
2906 5231 3040 5283 Ante
3067 5232 3206 5283 enim
3237 5246 3392 5298 quam
3426 5232 3537 5281 haec
3581 5228 3754 5298 gratia

2184 5298 2333 5349 vobis
2362 5298 2551 5350 donata
2576 5296 2675 5361 est,
2702 5314 2806 5353 non
2835 5301 2995 5353 eratis
3018 5300 3231 5366 proprie
3257 5296 3398 5366 digni
3420 5313 3484 5351 eo
3511 5296 3754 5366 nomine.

2183 5368 2275 5436 sed
2307 5377 2584 5436 pergentes
2626 5382 2789 5436 usque
2818 5383 2884 5420 eo
2926 5365 3188 5436 progressi
3233 5365 3748 5436 estisLuteﬂicet-e-

2185 5432 2321 5488 mini
2350 5432 2655 5489 Christiani.
2696 5432 2715 5487 ι
2750 5432 2949 5488 Similia
3000 5437 3182 5489 scribit
3214 5436 3343 5489 Ven.
3378 5434 3521 5487 Beda
3550 5435 3619 5486 ad
3660 5432 3753 5487 illa

2184 5505 2341 5558 verba
2375 5505 2559 5579 psahn.
2594 5521 2713 5558 tum
2745 5525 2753 5556 :
2781 5503 3515 5579 Dominus‘ilinminaliojnen,
3538 5502 3751 5579 eisab!

2184 5588 2293 5625 mea
2328 5592 2341 5626 :
2376 5569 2393 5624 ἱ
2431 5578 2607 5628 l’utest
2634 5589 2866 5641 quoque,
2896 5576 2939 5627 si
2969 5576 3052 5627 cui
3084 5574 3313 5632 libuerit.
3344 5571 3662 5641 illuminatio
3685 5569 3752 5623 ad

2183 5644 2405 5709 primam
2438 5638 2995 5708 tantum—unctionem,
3029 5642 3079 5695 in
3109 5658 3213 5712 qua
3258 5640 3567 5712 simpliciter
3593 5638 3755 5712 abre—

2186 5708 2487 5787 nuntamus
2514 5712 2722 5787 Satanae
2741 5752 2755 5777 ,
2790 5708 3180 5787 referri._Salus
3210 5727 3336 5769 vero
3456 5708 3751 5787 secundam

2186 5784 2235 5836 in
2266 5799 2369 5853 qua
2399 5784 2564 5853 magis
2594 5784 2883 5854 tinnamur,
2923 5784 3046 5852 quia
3072 5792 3125 5839 et
3152 5796 3344 5838 nomen
3372 5780 3567 5836 Christi
3596 5780 3655 5833 in
3679 5788 3745 5839 es
