3934 6228
232 398 357 456 ιω

1086 377 1583 452 ορυὲευωιιωι
1621 390 1795 447 rans
1830 388 2101 446 TERTIA.
2140 420 2211 433 -
2241 392 2606 450 εριετοωε.

3350 396 3456 454 ΜΟ

222 525 453 569 neum
490 510 715 568 chrisma
768 517 947 565 vestra
996 509 1314 564 auctoritate
1363 515 1421 562 et
1467 504 1796 573 indulgentia
1825 508 1873 566 Δ
1898 521 2018 562 esse
2042 514 2330 562 sacratum.
2361 510 2491 563 Nam
2515 508 2562 564 si
2588 508 2820 565 emicatis
2843 482 3098 579 magister
3123 521 3180 568 et
3203 492 3458 572 Dominus

225 598 530 671 pontiﬁcali
556 596 843 666 persistat;
876 604 930 651 et
970 594 1080 661 illi,
1125 594 1216 663 qui
1254 595 1353 649 ista
1392 603 1487 649 aut
1507 594 1797 673 nescientis

224 698 333 744 aut
358 686 773 758 praesumptione
796 693 1112 755 patrarunt,
1142 684 1352 753 dignam
1382 683 1435 737 in
1463 697 1524 736 se
1546 690 1602 737 et
1623 681 1805 736 distri-

224 779 438 834 ctionis
472 776 795 839 vindictam.
825 784 883 831 et
925 773 1273 830 ecclesiastici
1313 770 1517 826 ordinis
1557 786 1804 825 normam

222 869 338 923 sub
363 882 524 937 poena
554 873 609 922 et
636 867 950 936 ptenitentia
981 864 1327 935 persentiant,
1356 871 1412 918 et
1438 863 1511 917 ita
1536 863 1641 918 sint
1669 862 1806 917 mul-

226 957 355 1020 tati,
374 965 435 1010 ut
460 957 513 1011 in
534 955 835 1024 exemplum
861 953 979 1010 aliis
1000 953 1136 1020 dati,
1161 952 1286 1007 talia
1305 967 1642 1022 nequaquam
1665 952 1803 1007 ultra

226 1054 585 1114 praesumant.

306 1136 364 1189 7.
405 1134 501 1190 His
548 1132 755 1189 duobus
793 1134 847 1188 in
892 1132 1037 1187 brevi
1080 1132 1359 1202 przemissis
1399 1130 1802 1201 quiestionibus,

227 1228 456 1284 tertiam
503 1227 694 1295 ingerit
740 1225 1053 1294 ignorantiae
1104 1240 1234 1279 mea:
1292 1223 1574 1293 prudentia
1630 1232 1806 1278 vestra

224 1317 502 1380 scribens,
528 1316 669 1385 quod
693 1316 911 1384 quidam
933 1315 1225 1388 presbyteri
1247 1318 1312 1370 de
1330 1316 1637 1379 chrismate,
1661 1313 1805 1383 quod

224 1406 337 1460 sibi
377 1406 479 1475 ipsi
507 1405 798 1460 coniiciunt
828 1403 906 1474 (si
937 1416 1110 1458 tamen
1147 1405 1377 1458 chrisma
1401 1403 1541 1457 istud
1574 1404 1677 1457 erit
1704 1418 1806 1457 no-

228 1493 584 1552 minantium)
609 1493 905 1561 baptizatos
930 1492 1141 1558 signare
1167 1497 1509 1560 prresumunt.
1548 1489 1692 1545 Bene
1724 1492 1807 1545 fa-

231 1590 378 1645 teor,
413 1588 470 1634 et
512 1579 712 1649 optime
750 1580 1025 1634 dubitatur
1056 1594 1163 1634 non
1210 1593 1329 1634 esse
1370 1579 1619 1644 chrisma,
1661 1579 1805 1647 quod

228 1686 347 1727 non
387 1671 566 1726 solum
593 1685 700 1724 non
733 1670 801 1725 ah
827 1670 1117 1741 episcopis,
1151 1669 1244 1723 sed
1273 1676 1455 1724 contra
1480 1668 1567 1737 jus
1593 1679 1647 1724 et
1676 1671 1809 1724 veti-

234 1770 352 1814 tum
376 1775 645 1815 canonum
672 1775 702 1813 a
733 1757 1207 1830 prazsumptoribus
1233 1757 1557 1829 presbyteris
1598 1756 1809 1813 videtur

230 1913 575 1982 proﬁtemur,
605 1920 659 1977 et
702 1913 769 1965 ab
809 1926 875 1966 ea
905 1925 1110 1982 pomen
1140 1911 1460 1982 accipimus,
1492 1911 1715 1982 scilicet,
1744 1920 1805 1967 ut

230 1978 529 2036 Christiani
556 1983 810 2049 dicamur.
849 1999 867 2031 ν
902 1979 1096 2049 {ladem
1139 1978 1513 2049 i‘ere'iegimus
1540 1980 1593 2035 in
1620 1990 1804 2037 sancto

233 2051 473 2113 Isidoro,
504 2052 594 2105 lib.
622 2053 687 2104 de
714 2048 867 2106 Oilic.
901 2047 1231 2113 Ecclesiast.,
1262 2047 1383 2117 cap.
1408 2048 1497 2102 26.

310 2120 420 2174 Sed
459 2130 514 2174 et
543 2120 701 2175 verba
730 2118 1038 2189 immediate
1078 2119 1351 2189 sequentia
1392 2118 1442 2171 id
1472 2120 1642 2187 ipsum
1673 2135 1807 2189 quo-

232 2188 531 2243 dammodo
552 2189 775 2243 suadere
798 2188 1058 2256 videt_ttur.
1089 2205 1107 2235 ι
1140 2185 1328 2256 hinnire
1360 2196 1466 2240 tum
1489 2185 1588 2252 est,
1615 2185 1800 2256 inquit,

234 2258 505 2310 Mtistna
554 2260 602 2309 in
650 2257 865 2309 nomine
912 2254 1182 2308 Trinitatis
1231 2255 1409 2307 datum
1467 2270 1569 2308 non
1612 2254 1805 2311 debere

234 2327 448 2388 iterari,
487 2326 773 2379 chrismare
799 2332 976 2377 autem
1005 2338 1110 2375 non
1139 2324 1481 2391 prohibentur
1506 2324 1801 2389 hmreticos,

234 2410 379 2462 quos
401 2409 435 2446 a
461 2408 587 2447 vero
605 2392 891 2460 chrismate
917 2392 1215 2446 invenimus
1242 2400 1541 2462 extraneos.
1568 2411 1586 2445 ι
1620 2392 1694 2447 De
1719 2410 1805 2448 sa-

235 2461 637 2518 Cramentorum
668 2462 951 2515 iteratione
994 2461 1136 2529 loqui
1185 2463 1314 2514 satis
1360 2461 1577 2528 indicat,
1608 2478 1711 2517 non
1741 2465 1808 2517 de

240 2546 398 2586 mera
427 2531 805 2586 chrismatione
855 2530 1274 2584 recenciliatoria
1307 2532 1588 2597 repetendi
1620 2549 1630 2582 :
1664 2534 1806 2599 quod

236 2615 311 2655 ex
333 2616 402 2654 eo
429 2601 722 2668 colligimus
767 2599 960 2666 primo,
990 2599 1130 2663 quod
1156 2613 1272 2668 ea~n
1302 2598 1564 2664 baptismo
1592 2598 1805 2653 contra-

241 2672 420 2732 ponit,
454 2666 586 2733 tum,
613 2668 735 2734 quia
765 2668 854 2720 illa
883 2671 1197 2720 czeremonia
1244 2666 1297 2720 in
1322 2668 1570 2734 omnibus
1598 2678 1653 2720 et
1689 2671 1803 2734 qni-

240 2727 580 2804 bnscu'nque'
603 2727 866 2790 haereticis
912 2734 1226 2802 recipiendis
1273 2727 1648 2800 adhibebatur,
1698 2727 1804 2791 non

240 2815 499 2873 tanquam
530 2806 747 2859 alterius
769 2804 1164 2859 chrismationis
1186 2804 1498 2870 suppletiva,
1521 2805 1611 2859 sed
1636 2815 1691 2857 ut
1717 2808 1805 2861 illa

236 2872 500 2929 unctione
518 2883 722 2939 sancta,
747 2874 991 2941 precibus
1013 2873 1165 2925 simul
1191 2873 1256 2925 ab
1279 2872 1509 2927 Ecclesia
1533 2874 1804 2940 adhibitis,

234 2942 472 3011 Spiritus
515 2953 729 3000 sanctus
770 2942 1176 3011 conversionem
1199 2942 1484 2998 errantium
1515 2958 1607 2996 sua
1638 2947 1803 3010 gratia

236 3010 501 3080 ﬁrmaret,
532 3020 689 3080 atque
722 3011 949 3065 solemni
974 3010 1204 3077 quodam
1242 3012 1345 3065 ritu
1379 3011 1611 3065 Ecclesia
1641 3014 1707 3065 ad
1746 3029 1806 3067 se

232 3079 534 3137 redeuntes
576 3079 802 3146 benigne
844 3080 1093 3147 excipere
1142 3088 1454 3143 testaretur;
1488 3080 1589 3135 hoc
1626 3092 1804 3137 autem

1899 594 2113 662 reliquit
2132 611 2286 651 suum
2306 596 2568 666 episcopis
2587 596 2920 668 vicariatum,
2944 601 3086 667 quod
3105 602 3457 656 constitutum
3549 640 3553 646 ι

1899 684 1967 738 ab
1994 683 2098 739 illis
2133 692 2245 750 est,
2274 700 2306 739 a
2332 686 2521 754 spiritu
2554 684 2748 741 Christi
2784 685 2933 755 juxta
2984 690 3294 757 Apostolmn
3325 707 3458 746 con-

1900 773 2142 827 stitutum
2179 782 2299 839 est;
2340 782 2395 828 et
2435 773 2482 828 si
2523 766 2646 843 quis
2690 785 2950 845 prrecepta
2999 790 3185 832 eorum
3228 781 3457 849 spernit,

1901 862 2099 917 Christi
2122 870 2386 933 praecepta
2414 865 2637 932 spernit.
2663 865 2813 937 Unde
2824 866 3045 925 .videtur
3065 867 3190 922 mihi
3211 884 3242 922 a
3271 878 3459 925 sancto

1904 961 1959 1008 et
1982 967 2108 1007 vero
2124 952 2411 1007 chrismate
2426 952 2603 1009 denuo
2625 954 2929 1023 pmsignari
2951 956 3145 1011 debere
3169 960 3258 1025 qui
3280 972 3311 1011 a
3336 960 3427 1013 tali
3442 989 3461 1002 -

1901 1042 2000 1097 bus
2014 1050 2139 1097 sunt
2155 1042 2390 1108 peruncti
2413 1041 2615 1098 fraude.
2638 1043 3080 1114 Przesumptorum
3102 1055 3281 1102 tamen
3297 1047 3461 1103 disci-

1904 1131 2048 1200 plina
2072 1131 2123 1184 in
2148 1139 2327 1186 vestro
2350 1132 2664 1188 estarbitrio
2679 1134 3007 1202 posita,dum
3024 1136 3178 1192 aliter
3208 1140 3463 1194 emende-

1905 1225 1992 1273 tur
2006 1233 2176 1283 error,
2192 1228 2354 1287 atque
2374 1220 2527 1275 aliter
2546 1221 2928 1277 condemnetur
2946 1234 3320 1295 praesumptor.
3341 1225 3460 1282 Jam

1906 1313 2096 1360 vestrae
2122 1315 2202 1361 est
2223 1305 2516 1375 sapientiae,
2538 1315 2593 1362 et
2621 1323 2742 1362 cum
2769 1308 2970 1377 ignaris
2998 1312 3176 1368 mitius
3206 1327 3385 1383 agere,
3410 1324 3465 1370 et

1906 1408 2315 1468 praesumptores
2336 1396 3035 1468 vehementerdistringere.
3061 1402 3165 1457 Pro
3190 1403 3465 1461 ineruditus

1907 1485 2289 1555 impedimento
2320 1484 2513 1555 linguai
2546 1486 2761 1540 brevem
2788 1489 3003 1553 evenire
3029 1491 3170 1544 volui
3197 1494 3464 1547 tramitem

1906 1574 2175 1643 epistola};
2216 1573 2310 1629 sed
2357 1584 2417 1630 ut
2452 1582 2535 1629 est
2562 1573 2689 1630 illud
2716 1575 2807 1629 tibi
2838 1584 3042 1642 notum,
3070 1578 3196 1635 dum
3241 1596 3464 1637 urceum

1907 1671 2085 1720 iacere
2112 1667 2289 1732 nitor,
2310 1665 2621 1734 amphoram
2653 1666 2803 1721 ilnxit
2831 1682 3040 1724 manus.

1977 1753 2030 1808 8.
2060 1754 2173 1809 iam
2200 1769 2341 1808 nunc
2363 1752 2585 1821 salutem
2613 1755 2880 1824 persolvo,
2902 1765 2959 1813 et
2984 1759 3323 1827 quotidianae
3354 1778 3466 1819 mo-

1907 1912 2112 1984 [ariliiis
2159 1912 2487 1984 iulellig’tur.
2548 1911 2868 1984 Noti_enim
2912 1912 3193 1967 veritatem
3246 1917 3467 1984 opponit

1905 1982 2103 2036 iictioni
2129 1990 2219 2033 aut
2247 1982 2587 2045 simulationi,
2612 1981 2704 2035 sed
2734 1980 3010 2035 veritatem
3036 1980 3307 2041 occasioni
3321 1980 3463 2040 ’ροη-

1904 2052 2154 2117 traponit.
2187 2050 2346 2114 Quasi
2376 2050 2555 2103 dicere
2596 2051 2814 2117 voluerit
2849 2069 2861 2101 :
2896 2051 3029 2116 Quid
3075 2052 3312 2117 interest,
3354 2059 3469 2110 sive

1905 2113 2187 2189 episcopus
2208 2113 2377 2172 ratum
2422 2118 2664 2189 habuerit
2709 2113 2845 2171 illius
2888 2113 3179 2189 presbyteri
3226 2113 3467 2178 ministe-

1905 2191 2042 2242 rium
2086 2187 2173 2250 fer
2208 2190 2481 2242 veritati-nt.
2519 2187 2565 2239 id
2607 2194 2687 2238 est
2728 2200 2868 2251 rere,
2917 2202 2981 2239 ex
3028 2187 3205 2242 animo
3250 2206 3365 2252 suo,
3412 2205 3468 2248 et

1904 2266 2129 2323 Sponte,
2178 2258 2427 2324 quoniam
2476 2255 2775 2323 iiujusmodi
2823 2257 3187 2325 presbyterum
3241 2259 3333 2311 tali
3362 2262 3466 2314 mi-

1906 2326 2363 2396 nisteriodignum
2392 2333 2623 2391 putasset
2657 2331 2908 2396 (namque
2940 2324 3019 2396 ita
3041 2327 3231 2380 accidit
3261 2335 3318 2380 ut
3346 2344 3464 2396 qua:

1907 2410 1952 2446 n-
1976 2408 2003 2447 s
2030 2395 2334 2471 probamus:
2380 2407 2603 2471 quaeque
2630 2395 2863 2471 maxime
2902 2395 3055 2471 nobis
3099 2395 3375 2471 arrident,
3400 2414 3464 2452 ea

1904 2478 2030 2516 ve:e
2074 2471 2127 2514 tt
2156 2479 2219 2515 ex
2249 2460 2411 2515 animi
2436 2460 2695 2515 sententia
2724 2475 2925 2526 gerere.
2951 2463 3035 2515 vel
3074 2465 3140 2517 ab
3169 2465 3285 2519 aliis
3327 2464 3468 2522 facta

1909 2531 2148 2585 lubenter
2175 2532 2491 2585 coniirmare
2533 2530 2814 2594 dicamur),
2842 2530 2953 2583 sive
2994 2548 3083 2597 per
3129 2536 3462 2599 occasionem,

1906 2600 2085 2662 idest,
2135 2608 2337 2653 tantum
2381 2606 2597 2668 propter
2634 2599 2889 2666 temporis
2932 2600 3375 2665 circumstantias,
3406 2613 3467 2658 ut

1906 2668 2156 2736 principis
2186 2669 2439 2721 voluntati
2469 2672 2891 2735 obtemperaret,
2924 2668 3188 2723 licentiam
3232 2671 3467 2727 indulse-

1905 2737 2007 2788 rit?
2027 2736 2261 2802 Namque
2288 2752 2429 2805 stupe
2453 2736 2645 2803 saepius
2668 2736 2832 2789 multa
2846 2738 3049 2804 agimus
3069 2739 3387 2795 reluctantes
3411 2749 3469 2795 ct

1904 2804 2075 2868 inviti,
2102 2806 2264 2877 etiam
2291 2804 2375 2860 ex’
2408 2806 2470 2859 iis
2498 2820 2614 2873 quae
2653 2805 2729 2877 in_
2753 2805 2932 2877 libera
2968 2808 3159 2862 mentis
3202 2818 3467 2877 potestate

1872 2924 1873 2927 η
1902 2877 2214 2930 consistunt.
2241 2873 2356 2927 Jam
2404 2871 2580 2927 autem
2611 2871 2767 2943 modo
2796 2874 3078 2943 episcopus
3118 2871 3290 2943 reipsa
3337 2892 3467 2933 con,

1882 2944 2129 3009 senserit
2147 2945 2567 3007 (utconsensisse
2583 2940 2949 3011 probabatur),
2967 2940 3097 2998 satis
3118 2940 3233 2997 erat
3259 2945 3324 2998 ad
3336 2949 3467 3001 vali-

1902 3014 2022 3083 dam
2067 3013 2367 3083 chrismatis
2413 3012 2958 3083 administrationem,
3004 3028 3307 3083 quanquam
3354 3032 3463 3072 non

1902 3082 2087 3135 lubens
2107 3082 2313 3145 iecerit,
2336 3081 2427 3136 sed
2454 3082 2665 3135 invitus.

235 3151 359 3227 loco
388 3150 457 3227 de
479 3165 662 3204 eorum
691 3149 1073 3227 chrismatione
1100 3148 1464 3227 haereticorum
1493 3148 1602 3227 agit
1628 3148 1802 3227 Brau-
1830 3164 1875 3227 ρ
1976 3150 2286 3227 Nec_magi_s_
2307 3166 2403 3204 nos
2432 3158 2609 3227 movet
2634 3148 2775 3227 quod
2798 3149 2868 3227 ad
2895 3152 3182 3227 secundam
3211 3156 3465 3227 quastio-

233 3218 329 3281 iio,
360 3219 454 3285 qui
502 3233 535 3271 a
581 3233 708 3271 vero
745 3217 1029 3273 chrismate
1074 3226 1231 3269 erant
1270 3217 1527 3275 extranci.
1580 3218 1802 3285 proinde

232 3288 539 3408 aguﬁd‘suos
564 3285 760 3341 nullius
804 3285 1000 3341 valoris
1027 3292 1297 3352 unguento
1333 3285 1549 3340 delibuti
1579 3292 1643 3343 ac
1670 3303 1800 3343 con-

357 3370 388 3408 a
421 3373 455 3408 l.
558 3396 589 3404 -

357 3355 455 3408 ati.
558 3396 589 3404 -

303 3424 531 3489 Deinde,
562 3424 684 3490 quia
730 3424 832 3478 nisi
871 3424 937 3494 de
977 3422 1383 3494 conﬁrmatione
1415 3425 1800 3494 neophytorum

230 3501 380 3547 esset
426 3495 666 3561 qua-stio,
699 3509 806 3547 non
834 3491 939 3546 vid.
960 3504 1045 3548 tur
1072 3506 1184 3547 rem
1215 3493 1344 3546 tanti
1369 3491 1620 3547 momenti
1662 3510 1801 3559 esse,

230 3575 357 3631 Quae
387 3562 466 3627 ita
490 3565 723 3631 animum
770 3561 988 3630 Eugenii
1030 3561 1360 3625 sollicitaret,
1384 3572 1540 3627 atque
1587 3565 1800 3616 anxium

230 3630 461 3687 haberet
486 3672 502 3696 ,
533 3639 589 3685 ut
633 3632 746 3699 ipse
788 3632 981 3697 innuit,
1026 3631 1176 3698 quasi
1221 3631 1272 3682 in
1303 3640 1527 3699 utroque
1562 3640 1801 3686 extremo

231 3715 489 3768 magnum
518 3698 733 3768 aliquod
762 3708 1068 3754 occurreret
1100 3700 1173 3753 im
1187 3698 1512 3768 ommodum.
1542 3699 1682 3765 Quot
1709 3716 1803 3756 au-

233 3767 365 3834 tem,
391 3767 695 3838 quantaque
716 3770 822 3824 utii
847 3784 967 3838 .que
990 3776 1170 3823 essent
1195 3767 1447 3831 timenda,
1473 3769 1516 3823 si
1536 3771 1603 3823 de
1623 3785 1804 3825 sacra-

232 3842 407 3895 mcnti
450 3840 625 3891 valore
672 3839 990 3905 dubitasset,
1024 3853 1316 3907 nemo‘non
1359 3838 1516 3900 videt.
1547 3841 1800 3907 quoniam

230 3910 277 3961 si
307 3923 409 3962 eos
436 3924 540 3961 non
566 3907 911 3961 chrismasset
934 3908 1146 3971 iterum,
1179 3905 1355 3960 forsan
1386 3905 1641 3976 perpetuo
1666 3923 1801 3962 con-

234 3977 539 4030 ﬁrmatione
562 3978 917 4045 privarentur,
946 3990 1104 4045 quam
1137 3976 1359 4045 validam
1404 3991 1672 4045 nunquam
1706 3992 1800 4031 ac-

232 4046 534 4112 cepissent;
564 4042 609 4097 Si
640 4060 765 4099 vero
811 4042 1012 4097 temere
1040 4042 1105 4095 ad
1146 4043 1437 4097 iterandam
1467 4043 1801 4100 chrismatio-

233 4128 357 4167 nem
385 4114 684 4178 accederet,
716 4127 824 4165 non
855 4127 1015 4179 parva
1045 4112 1233 4176 injuria
1263 4120 1595 4168 sacramento
1620 4115 1798 4166 immi-

232 4183 574 4252 nebat,quod
600 4182 766 4237 semel
795 4182 1024 4239 validum
1039 4180 1257 4236 omnino
1276 4191 1497 4252 propter
1520 4182 1797 4239 characte-

232 4265 348 4305 rem
377 4250 675 4308 initerabile
699 4260 805 4307 est.
1366 4250 1377 4261 ⁷

304 4318 423 4372 Non
448 4320 753 4391 dubitamus
781 4321 959 4391 aliqua
990 4320 1041 4391 in
1070 4328 1354 4391 progressu
1375 4321 1533 4391 hujus
1559 4321 1797 4389 epistolae

234 4390 491 4457 reperiri,
536 4404 658 4457 quae
703 4390 901 4444 nostris
947 4390 1485 4444 animadversionibus
1530 4391 1799 4444 adversari

234 4458 509 4521 videntur.
558 4458 720 4528 quale
755 4469 840 4514 est
880 4459 1007 4514 illud
1053 4458 1193 4528 quod
1216 4467 1490 4528 sequente
1522 4458 1548 4525 §
1581 4459 1790 4526 legitur.

234 4509 538 4582 cassias
564 4509 1328 4596 asiagmi'tioasrpsssytsii‘
1347 4509 1497 4582 iis;
1523 4509 1795 4583 insist
1824 4509 1873 4568 υ

236 4610 354 4650 esse
384 4599 668 4665 putaverit,
695 4597 949 4665 quoniam
975 4596 1227 4663 episc0po
1256 4598 1623 4651 consentiente
1651 4608 1702 4651 et
1725 4599 1803 4652 vi-

236 4664 397 4720 dente
425 4674 654 4732 peractse
681 4664 938 4729 fuissent,
972 4674 1029 4720 ut
1059 4664 1188 4718 illud
1214 4666 1376 4732 inagis
1405 4676 1588 4733 urgeat
1617 4667 1804 4734 adjun-

234 4735 341 4802 git:
376 4753 396 4785 ι
420 4736 560 4804 Quid
586 4735 729 4788 enim
758 4736 872 4804 sive
899 4749 999 4804 per,
1020 4734 1374 4804 occasionem,
1400 4735 1513 4789 sive
1543 4750 1635 4804 per
1662 4737 1803 4791 veri-

237 4806 435 4858 tatem?
470 4823 489 4857 ι
524 4803 599 4857 Ex
622 4819 729 4871 quo
751 4802 1195 4870 forte’quisquam
1223 4802 1297 4855 ita
1327 4802 1616 4871 argnet,‘ut
1655 4805 1803 4859 evin-

234 4882 321 4925 cat
347 4890 452 4926 non
484 4873 632 4941 loqui
655 4873 991 4928 Braulionem
1015 4871 1083 4925 de
1104 4871 1480 4926 chrismatione
1501 4888 1801 4928 sacramen-

237 4941 352 5005 tali;
384 4957 546 4996 nemo
589 4943 787 4995 etenim
831 4943 1068 5010 ignorat,
1098 4955 1426 5008 quaecunque
1470 4942 1520 4995 in
1549 4942 1707 4997 rebus
1735 4943 1800 4996 ad

233 5012 553 5066 sacramenti
578 5013 865 5068 essentiam
895 5010 1285 5079 pertinentibus
1314 5010 1456 5065 ﬁctio
1486 5011 1795 5077 intercedat,

233 5079 346 5145 ejus
371 5081 612 5135 valerem
633 5094 919 5145 corruere;
939 5080 1050 5147 jam
1079 5090 1260 5149 autem
1287 5094 1573 5134 consensus
1593 5080 1799 5149 episco-

233 5164 305 5214 pi,
325 5151 465 5203 sicut
487 5164 631 5204 nunc
659 5149 831 5203 sancti
859 5148 1125 5218 pontiﬁcis
1144 5148 1421 5218 delegatio,
1444 5158 1556 5203 erat
1581 5148 1800 5205 omnino

233 5231 344 5270 nec.
361 5222 585 5281 ssarius,
610 5233 717 5272 non
735 5217 909 5273 solum
929 5226 987 5275 ut
1007 5218 1284 5285 presbyter
1304 5217 1614 5273 chrismaret
1634 5219 1798 5283 licite,

232 5286 324 5341 sed
351 5290 515 5342 etiam
562 5296 621 5341 ut
662 5287 832 5342 valide
857 5303 924 5343 eo
955 5283 1133 5341 oiiicio
1164 5283 1484 5352 fungeretur.
1517 5287 1798 5353 Quontoio

232 5368 360 5423 ergo
377 5356 594 5426 diceret
623 5356 831 5413 Braulio
858 5356 989 5410 nihil
1017 5357 1275 5426 interesse
1299 5354 1360 5407 ad
1390 5356 1633 5426 ciTectum
1659 5358 1798 5410 chri-

232 5424 512 5480 smationis
535 5426 700 5493 illius,
729 5432 903 5484 utrum
929 5424 1215 5492 episcopus
1242 5437 1337 5491 per
1364 5424 1635 5478 veritatem
1664 5441 1797 5479 con-

233 5508 653 5565 sensnin_suutn
694 5493 997 5565 ρι’ςειωετὶι,
1025 5495 1260 5565 Διιθεῃιεξξν
1301 5492 1352 5565 Si
1383 5494 1483 5565 hoc
1511 5494 1797 5565 locopiictio

235 5564 361 5627 nihil
394 5563 559 5617 τάθη
585 5563 651 5616 ad
692 5560 958 5625 valerem,
988 5560 1086 5615 abs
1127 5560 1289 5616 dubio
1317 5560 1381 5615 de
1406 5561 1507 5615 alia
1536 5563 1796 5615 chrisma—

235 5634 379 5702 tione
420 5647 587 5702 quam
636 5631 705 5702 de
758 5630 1155 5687 coniirmatoria
1203 5645 1500 5685 sermonem
1548 5632 1788 5702 instituit.

234 5701 336 5759 Sed
388 5700 635 5757 attenuat
689 5701 1065 5769 impugnator,
1114 5712 1439 5768 qumsumus,
1493 5700 1619 5768 quid
1671 5702 1796 5755 velit

236 5772 466 5843 mulio,
488 5773 620 5827 dum
638 5770 827 5828 scribit
863 5785 956 5840 per
983 5771 1274 5835 ceritatem;
1301 5769 1441 5840 quod
1460 5783 1524 5826 ex
1548 5769 1793 5840 opposito

1906 3234 2025 3272 nem
2069 3219 2290 3287 Eugenii
2340 3234 2500 3288 super
2542 3219 2918 3274 chrismatione
2957 3220 3094 3277 facta
3137 3238 3165 3276 a
3198 3219 3467 3281 nonnullis

1904 3288 2141 3343 diaconis
2163 3290 2465 3358 respondet.
2491 3288 2565 3342 De
2586 3292 3063 3356 quacunqueenim
3085 3291 3464 3349 chrismatione

1904 3360 2147 3427 superius
2187 3357 2394 3413 loctitus
2439 3357 2615 3421 fuerit,
2660 3360 2789 3412 satis
2824 3359 3124 3427 colligi:ur,
3172 3374 3237 3414 ex
3288 3368 3467 3417 mente

1905 3426 2200 3496 Brau‘ionis
2227 3436 2430 3480 tantum
2460 3427 2781 3496 presbyteris
2807 3426 2977 3481 fuisse
2994 3430 3171 3483 datam
3209 3431 3465 3483 chrisma-

1905 3495 1972 3547 tis
2001 3496 2543 3557 administrationem;
2574 3495 2717 3562 quod
2751 3504 2803 3547 et
2828 3511 3064 3548 canones
3109 3513 3136 3549 a
3170 3499 3319 3553 nobis
3351 3499 3468 3552 ian-

1903 3563 2007 3616 dati
2038 3564 2385 3627 eoiilirmant,
2427 3563 2479 3617 in
2510 3565 2703 3630 quibus
2733 3564 2874 3617 nulla
2904 3565 2967 3618 de
2995 3564 3237 3620 diaconis
3264 3572 3464 3621 mentio

1905 3632 1979 3702 iit,
2012 3634 2108 3686 nisi
2142 3643 2196 3686 ut
2226 3634 2291 3688 ab
2332 3634 2590 3702 ejusmodi
2620 3634 2913 3688 ministerio
2954 3647 3257 3688 arceantur.
3288 3638 3465 3702 Quare

1904 3699 2202 3763 Braulionis
2231 3699 2459 3756 mentem
2483 3703 2876 3768 quodammodo
2905 3712 3179 3758 assecutus
3207 3699 3331 3759 esse
3355 3722 3462 3759 non

1903 3778 2102 3840 temere
2130 3771 2160 3823 d
2184 3780 2413 3840 cerctur,
2456 3774 2544 3838 qui
2592 3770 2751 3840 verba
2779 3770 2864 3822 illa
2899 3788 2910 3823 :
2951 3790 2969 3840 ς
3002 3771 3082 3824 Nil
3115 3772 3165 3824 in
3196 3774 3292 3827 hac
3318 3788 3463 3840 qua;-

1901 3837 2075 3892 stione
2102 3839 2324 3906 amplius
2346 3837 2503 3907 quam
2523 3840 2574 3891 in
2599 3838 2765 3907 prima
2790 3839 3019 3902 invenio,
3044 3840 3143 3893 nisi
3168 3849 3225 3894 ut
3251 3837 3461 3895 sacrum

1899 3907 2127 3962 chrisma
2158 3918 2331 3962 vestra
2361 3909 2678 3962 auctoritate
2721 3916 2775 3960 et
2802 3909 3124 3975 indulgentia
3170 3911 3460 3976 pontiﬁcali

1900 3978 2169 4045 persistat,
2195 3996 2212 4027 ›
2251 3978 2318 4030 ita
2351 3977 2811 4043 interpretaretur,
2834 3979 2983 4043 quasi
3009 3978 3183 4032 dicere
3206 3980 3383 4034 \‘oluis.
3405 3988 3462 4033 et

1902 4048 2137 4111 Eugenio
2157 4065 2168 4097 :
2189 4048 2319 4099 ’l‘ota
2339 4047 2449 4099 inec
2464 4046 2528 4098 de
2544 4045 2780 4099 diacoois
2794 4047 3016 4111 qumstio
3029 4047 3287 4114 superiori
3310 4064 3462 4101 reso-

1900 4118 2101 4170 lutione
2129 4114 2343 4169 definita
2374 4123 2483 4172 est:
2513 4114 2566 4167 in
2593 4128 2694 4179 qua
2722 4120 2850 4167 satis
2896 4123 3079 4183 aperte
3124 4117 3460 4182 pronuntiavi

1900 4184 2242 4254 presbyteris,
2273 4191 2325 4235 ct
2352 4183 2562 4252 quidem
2590 4182 2737 4246 solis,
2768 4182 3020 4253 singulari
3042 4194 3340 4254 nostri-rum
3366 4186 3461 4239 Ec-

1900 4256 2181 4307 ciesiarum
2229 4254 2618 4308 consultatione
2646 4267 2739 4307 seu
2769 4261 2967 4307 statuto
2999 4254 3175 4306 datum
3207 4253 3367 4307 fuisse
3402 4261 3460 4307 ut

1899 4324 2251 4377 chrismarent
2277 4341 2289 4388 ;
2318 4337 2378 4376 ea
2420 4332 2595 4375 tamen
2629 4322 2762 4386 iege,
2810 4329 2869 4375 ut
2914 4321 3143 4375 chrisma
3187 4321 3255 4375 de
3300 4338 3461 4376 manu

1899 4394 2101 4463 proprii
2132 4392 2366 4460 episcopi
2396 4393 2717 4463 reciperent,
2746 4390 2811 4443 ab
2839 4390 2954 4463 ipso
2984 4390 3341 4463 benedictum,
3374 4400 3458 4463 a_t-

1904 4458 2017 4529 que
2031 4462 2147 4528 ejus
2172 4458 2489 4515 necessario
2519 4458 2833 4529 auctoritate
2858 4458 3349 4521 administrandum.
3383 4460 3460 4516 Ex

1905 4528 2095 4599 quibus
2115 4531 2360 4584 omnibus
2381 4528 2798 4599 concludendum
2824 4537 2938 4582 erat
2960 4528 3302 4582 diaconorum
3327 4530 3461 4583 chri-

1903 4597 2219 4654 s‘mationem
2242 4600 2438 4654 nullam
2464 4597 2679 4652 omnino
2706 4597 2896 4660 fuisse;
2927 4605 3086 4663 atque
3116 4610 3209 4652 eos
3238 4599 3347 4664 qui,
3368 4608 3461 4651 aut

1903 4671 2214 4733 nescienlia,
2261 4678 2353 4722 ant
2393 4668 2824 4735 priesumptione,
2872 4666 3171 4720 chrismatis
3216 4666 3459 4722 ministe-

1902 4738 2037 4792 rium
2061 4740 2157 4791 sibi
2190 4724 2588 4805 arrogaverant,
2621 4724 2860 4790 districie
2889 4735 3210 4805 puniendos.

1972 4807 2096 4862 iimc
2122 4818 2245 4862 sunt
2272 4803 2386 4875 quze
2418 4807 2467 4875 in
2508 4805 2653 4875 hanc,
2687 4805 2962 4873 epistolam
3001 4804 3154 4858 nobis
3200 4803 3459 4875 adnotare

1901 4881 2072 4933 visum
2101 4886 2204 4942 est,
2236 4872 2469 4930 sicilia-ii
2490 4874 2657 4928 nostri
2687 4882 2864 4940 partes
2890 4880 3210 4942 spectemus,
3234 4872 3459 4929 fortasse

1901 4948 2104 5009 multa;
2145 4950 2187 4999 si
2229 4958 2463 4999 materne
2506 4942 2924 5010 amplitudinem,
2967 4956 3153 5010 pauca.
3198 4942 3457 5009 Quidquid

1904 5034 2031 5071 vero
2075 5016 2199 5069 illud
2232 5024 2332 5078 est,
2365 5015 2417 5067 in
2448 5012 2670 5080 gratiam
2701 5011 3059 5065 studiosorum
3089 5010 3458 5065 ecclesiastica:

1901 5086 2189 5154 disciplinae
2213 5084 2467 5141 l‘ccimus;
2498 5081 2624 5154 quin
2648 5089 2703 5134 et
2722 5082 2849 5135 viris
2875 5080 3045 5135 doctis
3070 5086 3303 5154 nostram
3326 5092 3456 5145 qua-

1900 5148 2217 5222 lemcimque
2242 5168 2344 5220 ope
2376 5167 2458 5222 am
2493 5148 2625 5218 prob
2660 5157 2809 5222 turos
2838 5163 3130 5222 speramus,
3161 5148 3457 5222 cuicunque

1900 5226 1973 5278 il.i
2006 5227 2057 5276 in
2088 5217 2186 5276 hac
2207 5217 2723 5293 dis-putationeparti
2750 5220 3011 5293 studeatit.
3045 5217 3099 5293 l_n
3127 5217 3287 5293 rebus
3314 5217 3454 5293 enim

1900 5293 2090 5353 dubiis.
2119 5285 2343 5361 quicque
2382 5289 2540 5361 variis
2569 5285 2838 5361 hominum
2868 5285 3455 5361 Opinationibus_s_ubji-

1900 5353 2270 5423 ciunturfnod
2286 5373 2469 5425 parum
2493 5358 2558 5413 de
2585 5358 2771 5411 litteris
2794 5353 2929 5429 bene
2952 5354 3143 5429 mereri
3166 5353 3450 5429 credimus,

1900 5434 1987 5499 qui
2017 5433 2069 5485 in
2095 5422 2233 5484 novo
2259 5422 2433 5499 aliquo
2458 5434 2801 5482 monumento
2821 5422 3024 5478 edendo
3067 5424 3259 5499 harum
3279 5422 3452 5499 anim-

1899 5488 2269 5555 adversionum
2310 5488 2571 5567 rationem
2637 5501 3004 5567 persequatur,
3034 5506 3151 5560 qua:
3196 5489 3261 5567 ad
3310 5488 3454 5543 illius

1900 5567 2306 5624 “lustrationem
2334 5565 2528 5634 aliquid
2551 5561 2852 5634 conl‘érant;
2886 5574 3105 5634 eamque
3127 5561 3331 5634 unicam
3354 5570 3452 5634 pu-

1900 5622 2074 5695 tamus
2100 5637 2259 5705 viam,
2284 5646 2341 5693 ut
2368 5622 2583 5702 veritas,
2614 5622 2864 5689 discussis
2897 5622 3143 5695 tenebris,
3165 5622 3451 5695 aliquando

1898 5714 2170 5779 appareat.
