  <div class='ocr_page' id='page_1' title='image "/cluster/home/n/w/nwhite01/storage/ocr_20150623/87-88/uva.x000827073/213.png"; bbox 0 0 3912 6352; ppageno 0'>
   <div class='ocr_carea' id='block_1_1' title="bbox 478 403 3690 501">
    <p class='ocr_par' dir='ltr' id='par_1_1' title="bbox 478 403 3690 501">
     <span class='ocr_line' id='line_1_1' title="bbox 478 403 3690 501; baseline -0.015 -2"><span class='ocrx_word' id='word_1_1' title='bbox 478 452 576 501; x_wconf 72' lang='grc' dir='ltr'><strong>ιιι</strong></span> <span class='ocrx_word' id='word_1_2' title='bbox 1498 426 1735 483; x_wconf 77' lang='lat' dir='ltr'><strong>SANCTI</strong></span> <span class='ocrx_word' id='word_1_3' title='bbox 1780 420 2051 476; x_wconf 62' lang='lat' dir='ltr'><strong>ElTGE&#39;Nll</strong></span> <span class='ocrx_word' id='word_1_4' title='bbox 2093 418 2300 471; x_wconf 45' lang='lat' dir='ltr'><strong>l‘ZPlSL‘.</strong></span> <span class='ocrx_word' id='word_1_5' title='bbox 2340 410 2673 470; x_wconf 64' lang='grc' dir='ltr'>Τοιιιτιικι</span> <span class='ocrx_word' id='word_1_6' title='bbox 3158 428 3161 433; x_wconf 94' lang='grc'>·</span> <span class='ocrx_word' id='word_1_7' title='bbox 3593 403 3690 453; x_wconf 67' lang='grc' dir='ltr'><strong>«ΗΞ</strong></span> 
     </span>
    </p>
   </div>
   <div class='ocr_carea' id='block_1_2' title="bbox 473 515 3694 610">
    <p class='ocr_par' dir='ltr' id='par_1_2' title="bbox 473 515 3694 610">
     <span class='ocr_line' id='line_1_2' title="bbox 473 515 3694 610; baseline -0.014 -2"><span class='ocrx_word' id='word_1_8' title='bbox 473 556 650 610; x_wconf 69' lang='grc' dir='ltr'><strong>ιιυειίειε</strong></span> <span class='ocrx_word' id='word_1_9' title='bbox 702 562 847 603; x_wconf 90' lang='lat' dir='ltr'><strong>meas</strong></span> <span class='ocrx_word' id='word_1_10' title='bbox 890 544 1358 608; x_wconf 81' lang='lat' dir='ltr'><strong>tribulationesqnc</strong></span> <span class='ocrx_word' id='word_1_11' title='bbox 1401 539 1647 590; x_wconf 82' lang='lat' dir='ltr'><strong>assiduas</strong></span> <span class='ocrx_word' id='word_1_12' title='bbox 1692 531 2096 586; x_wconf 75' lang='lat' dir='ltr'><strong>nrationibusA</strong></span> <span class='ocrx_word' id='word_1_13' title='bbox 2127 537 2257 589; x_wconf 89' lang='lat' dir='ltr'><strong>tant,</strong></span> <span class='ocrx_word' id='word_1_14' title='bbox 2284 536 2358 589; x_wconf 89' lang='lat' dir='ltr'><strong>ut,</strong></span> <span class='ocrx_word' id='word_1_15' title='bbox 2379 520 3017 590; x_wconf 80' lang='lat' dir='ltr'><strong>sicutipsefaridignatus</strong></span> <span class='ocrx_word' id='word_1_16' title='bbox 3038 531 3115 580; x_wconf 88' lang='lat' dir='ltr'><strong>cs,</strong></span> <span class='ocrx_word' id='word_1_17' title='bbox 3136 530 3233 569; x_wconf 91' lang='lat' dir='ltr'><strong>nec</strong></span> <span class='ocrx_word' id='word_1_18' title='bbox 3250 515 3487 582; x_wconf 78' lang='lat' dir='ltr'><strong>exprimi</strong></span> <span class='ocrx_word' id='word_1_19' title='bbox 3506 515 3694 575; x_wconf 83' lang='lat' dir='ltr'><strong>verbis,</strong></span> 
     </span>
    </p>
   </div>
   <div class='ocr_carea' id='block_1_3' title="bbox 472 603 3699 695">
    <p class='ocr_par' dir='ltr' id='par_1_3' title="bbox 472 603 3699 695">
     <span class='ocr_line' id='line_1_3' title="bbox 472 603 3699 695; baseline -0.012 -4"><span class='ocrx_word' id='word_1_20' title='bbox 472 641 657 695; x_wconf 86' lang='lat' dir='ltr'><strong>vestris</strong></span> <span class='ocrx_word' id='word_1_21' title='bbox 683 636 999 691; x_wconf 89' lang='lat' dir='ltr'><strong>commendo</strong></span> <span class='ocrx_word' id='word_1_22' title='bbox 1027 632 1303 693; x_wconf 89' lang='lat' dir='ltr'><strong>fovendas,</strong></span> <span class='ocrx_word' id='word_1_23' title='bbox 1331 637 1382 681; x_wconf 85' lang='lat' dir='ltr'><strong>et</strong></span> <span class='ocrx_word' id='word_1_24' title='bbox 1410 642 1502 695; x_wconf 85' lang='lat' dir='ltr'><strong>per</strong></span> <span class='ocrx_word' id='word_1_25' title='bbox 1526 626 1787 676; x_wconf 73' lang='lat' dir='ltr'><strong>Christum</strong></span> <span class='ocrx_word' id='word_1_26' title='bbox 1821 631 1872 674; x_wconf 89' lang='lat' dir='ltr'><strong>te</strong></span> <span class='ocrx_word' id='word_1_27' title='bbox 1902 637 2029 673; x_wconf 89' lang='lat' dir='ltr'><strong>con-</strong></span> <span class='ocrx_word' id='word_1_28' title='bbox 2132 635 2228 693; x_wconf 84' lang='lat' dir='ltr'><strong>nec</strong></span> <span class='ocrx_word' id='word_1_29' title='bbox 2250 618 2455 669; x_wconf 72' lang='lat' dir='ltr'><strong>cxarari</strong></span> <span class='ocrx_word' id='word_1_30' title='bbox 2488 613 2659 665; x_wconf 91' lang='lat' dir='ltr'><strong>valeat</strong></span> <span class='ocrx_word' id='word_1_31' title='bbox 2707 610 3017 662; x_wconf 87' lang='lat' dir='ltr'><strong>atramentis</strong></span> <span class='ocrx_word' id='word_1_32' title='bbox 3050 613 3309 673; x_wconf 88' lang='lat' dir='ltr'><strong>quantum</strong></span> <span class='ocrx_word' id='word_1_33' title='bbox 3336 612 3359 639; x_wconf 76' lang='grc'><strong><em>⁸</em></strong></span> <span class='ocrx_word' id='word_1_34' title='bbox 3395 620 3493 656; x_wconf 89' lang='lat' dir='ltr'><strong>vos</strong></span> <span class='ocrx_word' id='word_1_35' title='bbox 3523 603 3699 655; x_wconf 87' lang='lat' dir='ltr'><strong>reddat</strong></span> 
     </span>
    </p>
   </div>
   <div class='ocr_carea' id='block_1_4' title="bbox 475 700 3701 792">
    <p class='ocr_par' dir='ltr' id='par_1_4' title="bbox 475 700 3701 792">
     <span class='ocr_line' id='line_1_4' title="bbox 475 700 3701 792; baseline -0.011 -17"><span class='ocrx_word' id='word_1_36' title='bbox 475 743 609 792; x_wconf 66' lang='lat' dir='ltr'><strong>iuro,</strong></span> <span class='ocrx_word' id='word_1_37' title='bbox 630 734 686 777; x_wconf 91' lang='lat' dir='ltr'><strong>ut</strong></span> <span class='ocrx_word' id='word_1_38' title='bbox 711 722 961 790; x_wconf 86' lang='lat' dir='ltr'><strong>quidquid</strong></span> <span class='ocrx_word' id='word_1_39' title='bbox 992 720 1266 781; x_wconf 75' lang='lat' dir='ltr'><strong>inutiliter,</strong></span> <span class='ocrx_word' id='word_1_40' title='bbox 1294 722 1382 767; x_wconf 89' lang='lat' dir='ltr'><strong>aut</strong></span> <span class='ocrx_word' id='word_1_41' title='bbox 1408 728 1562 767; x_wconf 86' lang='lat' dir='ltr'><strong>secus</strong></span> <span class='ocrx_word' id='word_1_42' title='bbox 1582 727 1738 779; x_wconf 90' lang='lat' dir='ltr'><strong>quam</strong></span> <span class='ocrx_word' id='word_1_43' title='bbox 1768 712 1926 762; x_wconf 80' lang='lat' dir='ltr'><strong>habet</strong></span> <span class='ocrx_word' id='word_1_44' title='bbox 1948 724 2031 759; x_wconf 90' lang='lat' dir='ltr'><strong>ra-</strong></span> <span class='ocrx_word' id='word_1_45' title='bbox 2133 717 2185 759; x_wconf 88' lang='lat' dir='ltr'><strong>et</strong></span> <span class='ocrx_word' id='word_1_46' title='bbox 2207 708 2412 759; x_wconf 81' lang='lat' dir='ltr'><strong>animos</strong></span> <span class='ocrx_word' id='word_1_47' title='bbox 2441 702 2757 757; x_wconf 78' lang='lat' dir='ltr'><strong>cnarrantis.</strong></span> <span class='ocrx_word' id='word_1_48' title='bbox 2783 700 2973 763; x_wconf 78' lang='lat' dir='ltr'><strong>Qui-ro</strong></span> <span class='ocrx_word' id='word_1_49' title='bbox 3004 709 3254 762; x_wconf 81' lang='lat' dir='ltr'><strong>namque,</strong></span> <span class='ocrx_word' id='word_1_50' title='bbox 3280 703 3335 747; x_wconf 89' lang='lat' dir='ltr'><strong>et</strong></span> <span class='ocrx_word' id='word_1_51' title='bbox 3366 707 3582 745; x_wconf 84' lang='lat' dir='ltr'><strong>mecum</strong></span> <span class='ocrx_word' id='word_1_52' title='bbox 3609 706 3701 743; x_wconf 69' lang='lat' dir='ltr'><strong>sae-</strong></span> 
     </span>
    </p>
   </div>
   <div class='ocr_carea' id='block_1_5' title="bbox 476 785 3702 877">
    <p class='ocr_par' dir='ltr' id='par_1_5' title="bbox 476 785 3702 877">
     <span class='ocr_line' id='line_1_5' title="bbox 476 785 3702 877; baseline -0.01 -13"><span class='ocrx_word' id='word_1_53' title='bbox 476 785 653 873; x_wconf 37' lang='lat' dir='ltr'><strong>tim-in</strong></span> <span class='ocrx_word' id='word_1_54' title='bbox 709 785 806 864; x_wconf 80' lang='lat' dir='ltr'><strong>hac</strong></span> <span class='ocrx_word' id='word_1_55' title='bbox 855 785 1098 877; x_wconf 82' lang='lat' dir='ltr'><strong>paginola</strong></span> <span class='ocrx_word' id='word_1_56' title='bbox 1150 804 1412 871; x_wconf 89' lang='lat' dir='ltr'><strong>repercris</strong></span> <span class='ocrx_word' id='word_1_57' title='bbox 1454 802 1693 860; x_wconf 78' lang='lat' dir='ltr'><strong>effusum,</strong></span> <span class='ocrx_word' id='word_1_58' title='bbox 1752 813 1860 850; x_wconf 90' lang='lat' dir='ltr'><strong>non</strong></span> <span class='ocrx_word' id='word_1_59' title='bbox 1906 805 2029 848; x_wconf 92' lang='lat' dir='ltr'><strong>ante</strong></span> <span class='ocrx_word' id='word_1_60' title='bbox 2134 811 2426 865; x_wconf 79' lang='lat' dir='ltr'><strong>pcnumcro</strong></span> <span class='ocrx_word' id='word_1_61' title='bbox 2478 793 2684 856; x_wconf 79' lang='lat' dir='ltr'><strong>cogito,</strong></span> <span class='ocrx_word' id='word_1_62' title='bbox 2737 788 2863 855; x_wconf 89' lang='lat' dir='ltr'><strong>quid</strong></span> <span class='ocrx_word' id='word_1_63' title='bbox 2895 797 3084 840; x_wconf 70' lang='lat' dir='ltr'><strong>vestra:</strong></span> <span class='ocrx_word' id='word_1_64' title='bbox 3133 785 3390 853; x_wconf 80' lang='lat' dir='ltr'><strong>potestati</strong></span> <span class='ocrx_word' id='word_1_65' title='bbox 3428 797 3529 849; x_wconf 90' lang='lat' dir='ltr'><strong>pro</strong></span> <span class='ocrx_word' id='word_1_66' title='bbox 3562 790 3702 834; x_wconf 79' lang='lat' dir='ltr'><strong>tanta</strong></span> 
     </span>
    </p>
   </div>
   <div class='ocr_carea' id='block_1_6' title="bbox 474 888 2031 967">
    <p class='ocr_par' dir='ltr' id='par_1_6' title="bbox 474 888 2031 967">
     <span class='ocr_line' id='line_1_6' title="bbox 474 888 2031 967; baseline -0.012 -15"><span class='ocrx_word' id='word_1_67' title='bbox 474 902 589 953; x_wconf 88' lang='lat' dir='ltr'><strong>aliis</strong></span> <span class='ocrx_word' id='word_1_68' title='bbox 620 908 799 967; x_wconf 82' lang='lat' dir='ltr'><strong>pateat</strong></span> <span class='ocrx_word' id='word_1_69' title='bbox 827 913 984 964; x_wconf 88' lang='lat' dir='ltr'><strong>quam</strong></span> <span class='ocrx_word' id='word_1_70' title='bbox 1016 895 1139 947; x_wconf 90' lang='lat' dir='ltr'><strong>mihi</strong></span> <span class='ocrx_word' id='word_1_71' title='bbox 1170 896 1270 945; x_wconf 89' lang='lat' dir='ltr'><strong>hoc</strong></span> <span class='ocrx_word' id='word_1_72' title='bbox 1311 900 1398 943; x_wconf 90' lang='lat' dir='ltr'><strong>tua</strong></span> <span class='ocrx_word' id='word_1_73' title='bbox 1446 889 1669 955; x_wconf 86' lang='lat' dir='ltr'><strong>epistola</strong></span> <span class='ocrx_word' id='word_1_74' title='bbox 1714 888 2031 938; x_wconf 84' lang='lat' dir='ltr'><strong>innotescat.</strong></span> 
     </span>
    </p>
   </div>
   <div class='ocr_carea' id='block_1_7' title="bbox 476 977 2030 1053">
    <p class='ocr_par' dir='ltr' id='par_1_7' title="bbox 476 977 2030 1053">
     <span class='ocr_line' id='line_1_7' title="bbox 476 977 2030 1053; baseline -0.013 -12"><span class='ocrx_word' id='word_1_75' title='bbox 476 988 605 1041; x_wconf 83' lang='lat' dir='ltr'><strong>Nam</strong></span> <span class='ocrx_word' id='word_1_76' title='bbox 634 1003 804 1053; x_wconf 89' lang='lat' dir='ltr'><strong>neque</strong></span> <span class='ocrx_word' id='word_1_77' title='bbox 832 986 1071 1053; x_wconf 89' lang='lat' dir='ltr'><strong>spatiunr</strong></span> <span class='ocrx_word' id='word_1_78' title='bbox 1090 982 1183 1034; x_wconf 85' lang='lat' dir='ltr'><strong>fuit</strong></span> <span class='ocrx_word' id='word_1_79' title='bbox 1205 982 1327 1033; x_wconf 90' lang='lat' dir='ltr'><strong>inde</strong></span> <span class='ocrx_word' id='word_1_80' title='bbox 1352 977 1649 1046; x_wconf 78' lang='lat' dir='ltr'><strong>cogitandi,</strong></span> <span class='ocrx_word' id='word_1_81' title='bbox 1677 990 1848 1039; x_wconf 89' lang='lat' dir='ltr'><strong>neque</strong></span> <span class='ocrx_word' id='word_1_82' title='bbox 1878 987 2030 1023; x_wconf 89' lang='lat' dir='ltr'><strong>vaca-</strong></span> 
     </span>
    </p>
   </div>
   <div class='ocr_carea' id='block_1_8' title="bbox 479 1061 2033 1136">
    <p class='ocr_par' dir='ltr' id='par_1_8' title="bbox 479 1061 2033 1136">
     <span class='ocr_line' id='line_1_8' title="bbox 479 1061 2033 1136; baseline -0.011 -9"><span class='ocrx_word' id='word_1_83' title='bbox 479 1078 554 1127; x_wconf 89' lang='lat' dir='ltr'><strong>tio</strong></span> <span class='ocrx_word' id='word_1_84' title='bbox 608 1074 877 1136; x_wconf 85' lang='lat' dir='ltr'><strong>dictandi,</strong></span> <span class='ocrx_word' id='word_1_85' title='bbox 935 1081 989 1123; x_wconf 91' lang='lat' dir='ltr'><strong>et</strong></span> <span class='ocrx_word' id='word_1_86' title='bbox 1038 1072 1177 1136; x_wconf 92' lang='lat' dir='ltr'><strong>quol</strong></span> <span class='ocrx_word' id='word_1_87' title='bbox 1228 1070 1404 1134; x_wconf 90' lang='lat' dir='ltr'><strong>lingua</strong></span> <span class='ocrx_word' id='word_1_88' title='bbox 1456 1063 1811 1132; x_wconf 82' lang='lat' dir='ltr'><strong>deprompsit,</strong></span> <span class='ocrx_word' id='word_1_89' title='bbox 1863 1061 2033 1112; x_wconf 86' lang='lat' dir='ltr'><strong>aliena</strong></span> 
     </span>
    </p>
   </div>
   <div class='ocr_carea' id='block_1_9' title="bbox 480 1149 1797 1220">
    <p class='ocr_par' dir='ltr' id='par_1_9' title="bbox 480 1149 1797 1220">
     <span class='ocr_line' id='line_1_9' title="bbox 480 1149 1797 1220; baseline -0.011 -7"><span class='ocrx_word' id='word_1_90' title='bbox 480 1176 638 1214; x_wconf 89' lang='lat' dir='ltr'><strong>manu</strong></span> <span class='ocrx_word' id='word_1_91' title='bbox 668 1161 880 1215; x_wconf 82' lang='lat' dir='ltr'><strong>exaravi</strong></span> <span class='ocrx_word' id='word_1_92' title='bbox 903 1200 917 1220; x_wconf 89' lang='lat'><strong>,</strong></span> <span class='ocrx_word' id='word_1_93' title='bbox 950 1172 1047 1210; x_wconf 90' lang='lat' dir='ltr'><strong>nec</strong></span> <span class='ocrx_word' id='word_1_94' title='bbox 1077 1157 1198 1207; x_wconf 84' lang='lat' dir='ltr'><strong>inde</strong></span> <span class='ocrx_word' id='word_1_95' title='bbox 1229 1162 1519 1205; x_wconf 82' lang='lat' dir='ltr'><strong>retractare</strong></span> <span class='ocrx_word' id='word_1_96' title='bbox 1546 1149 1797 1203; x_wconf 85' lang='lat' dir='ltr'><strong>occurrit.</strong></span> 
     </span>
    </p>
   </div>
   <div class='ocr_carea' id='block_1_10' title="bbox 1001 1240 1477 1301">
    <p class='ocr_par' dir='ltr' id='par_1_10' title="bbox 1001 1240 1477 1301">
     <span class='ocr_line' id='line_1_10' title="bbox 1001 1240 1477 1301; baseline -0.015 -4"><span class='ocrx_word' id='word_1_97' title='bbox 1001 1241 1328 1297; x_wconf 72' lang='lat' dir='ltr'><strong>EPISTOLA</strong></span> <span class='ocrx_word' id='word_1_98' title='bbox 1380 1240 1442 1291; x_wconf 83' lang='grc' dir='ltr'><strong>ΙΙΙ</strong></span> <span class='ocrx_word' id='word_1_99' title='bbox 1464 1278 1477 1301; x_wconf 92' lang='lat'><strong>,</strong></span> 
     </span>
    </p>
   </div>
   <div class='ocr_carea' id='block_1_11' title="bbox 690 1343 1831 1390">
    <p class='ocr_par' dir='ltr' id='par_1_11' title="bbox 690 1343 1831 1390">
     <span class='ocr_line' id='line_1_11' title="bbox 690 1343 1831 1390; baseline -0.011 0"><span class='ocrx_word' id='word_1_100' title='bbox 690 1353 896 1390; x_wconf 69' lang='grc' dir='ltr'>ειιπεΝιι</span> <span class='ocrx_word' id='word_1_101' title='bbox 934 1353 999 1389; x_wconf 70' lang='lat' dir='ltr'><strong>AD</strong></span> <span class='ocrx_word' id='word_1_102' title='bbox 1037 1348 1321 1387; x_wconf 68' lang='lat' dir='ltr'><strong>PBOTASIUH</strong></span> <span class='ocrx_word' id='word_1_103' title='bbox 1365 1343 1831 1383; x_wconf 65' lang='lat' dir='ltr'><strong>TAMACONENSEII.</strong></span> 
     </span>
    </p>
   </div>
   <div class='ocr_carea' id='block_1_12' title="bbox 555 1416 1627 1491">
    <p class='ocr_par' dir='ltr' id='par_1_12' title="bbox 555 1416 1627 1491">
     <span class='ocr_line' id='line_1_12' title="bbox 555 1416 1627 1491; baseline -0.014 -9"><span class='ocrx_word' id='word_1_104' title='bbox 555 1432 757 1481; x_wconf 83' lang='lat' dir='ltr'><strong>Domno</strong></span> <span class='ocrx_word' id='word_1_105' title='bbox 792 1426 1032 1479; x_wconf 88' lang='lat' dir='ltr'><strong>Protasio</strong></span> <span class='ocrx_word' id='word_1_106' title='bbox 1062 1424 1313 1491; x_wconf 89' lang='lat' dir='ltr'><strong>episcopo</strong></span> <span class='ocrx_word' id='word_1_107' title='bbox 1342 1416 1627 1484; x_wconf 83' lang='lat' dir='ltr'><strong>Eugenius.</strong></span> 
     </span>
    </p>
   </div>
   <div class='ocr_carea' id='block_1_13' title="bbox 556 1501 2037 1581">
    <p class='ocr_par' dir='ltr' id='par_1_13' title="bbox 556 1501 2037 1581">
     <span class='ocr_line' id='line_1_13' title="bbox 556 1501 2037 1581; baseline -0.013 -13"><span class='ocrx_word' id='word_1_108' title='bbox 556 1517 605 1569; x_wconf 81' lang='lat' dir='ltr'><strong>l.</strong></span> <span class='ocrx_word' id='word_1_109' title='bbox 638 1516 835 1569; x_wconf 82' lang='lat' dir='ltr'><strong>Vestra:</strong></span> <span class='ocrx_word' id='word_1_110' title='bbox 867 1513 1075 1581; x_wconf 90' lang='lat' dir='ltr'><strong>pietatis</strong></span> <span class='ocrx_word' id='word_1_111' title='bbox 1106 1509 1319 1563; x_wconf 88' lang='lat' dir='ltr'><strong>oracula</strong></span> <span class='ocrx_word' id='word_1_112' title='bbox 1351 1507 1453 1558; x_wconf 89' lang='lat' dir='ltr'><strong>favi</strong></span> <span class='ocrx_word' id='word_1_113' title='bbox 1487 1502 1766 1558; x_wconf 88' lang='lat' dir='ltr'><strong>dulcedine</strong></span> <span class='ocrx_word' id='word_1_114' title='bbox 1792 1501 2037 1553; x_wconf 89' lang='lat' dir='ltr'><strong>suaviora</strong></span> 
     </span>
    </p>
   </div>
   <div class='ocr_carea' id='block_1_14' title="bbox 486 1593 2043 1671">
    <p class='ocr_par' dir='ltr' id='par_1_14' title="bbox 486 1593 2043 1671">
     <span class='ocr_line' id='line_1_14' title="bbox 486 1593 2043 1671; baseline -0.01 -13"><span class='ocrx_word' id='word_1_115' title='bbox 486 1606 681 1671; x_wconf 84' lang='lat' dir='ltr'><strong>ingenti</strong></span> <span class='ocrx_word' id='word_1_116' title='bbox 712 1619 796 1657; x_wconf 93' lang='lat' dir='ltr'><strong>me</strong></span> <span class='ocrx_word' id='word_1_117' title='bbox 822 1602 988 1655; x_wconf 87' lang='lat' dir='ltr'><strong>fateor</strong></span> <span class='ocrx_word' id='word_1_118' title='bbox 1012 1600 1295 1669; x_wconf 82' lang='lat' dir='ltr'><strong>perlegisse</strong></span> <span class='ocrx_word' id='word_1_119' title='bbox 1318 1596 1522 1658; x_wconf 79' lang='lat' dir='ltr'><strong>laetitia;</strong></span> <span class='ocrx_word' id='word_1_120' title='bbox 1548 1593 1684 1647; x_wconf 88' lang='lat' dir='ltr'><strong>unde</strong></span> <span class='ocrx_word' id='word_1_121' title='bbox 1705 1596 1863 1645; x_wconf 86' lang='lat' dir='ltr'><strong>etiam</strong></span> <span class='ocrx_word' id='word_1_122' title='bbox 1890 1606 2043 1644; x_wconf 89' lang='lat' dir='ltr'><strong>crea-</strong></span> 
     </span>
    </p>
   </div>
   <div class='ocr_carea' id='block_1_15' title="bbox 490 1687 2047 1758">
    <p class='ocr_par' dir='ltr' id='par_1_15' title="bbox 490 1687 2047 1758">
     <span class='ocr_line' id='line_1_15' title="bbox 490 1687 2047 1758; baseline -0.008 -13"><span class='ocrx_word' id='word_1_123' title='bbox 490 1695 594 1747; x_wconf 89' lang='lat' dir='ltr'><strong>tori</strong></span> <span class='ocrx_word' id='word_1_124' title='bbox 652 1693 877 1745; x_wconf 88' lang='lat' dir='ltr'><strong>Domino</strong></span> <span class='ocrx_word' id='word_1_125' title='bbox 933 1706 1146 1758; x_wconf 87' lang='lat' dir='ltr'><strong>precum</strong></span> <span class='ocrx_word' id='word_1_126' title='bbox 1196 1687 1364 1740; x_wconf 87' lang='lat' dir='ltr'><strong>obtuli</strong></span> <span class='ocrx_word' id='word_1_127' title='bbox 1421 1696 1544 1738; x_wconf 88' lang='lat' dir='ltr'><strong>vota</strong></span> <span class='ocrx_word' id='word_1_128' title='bbox 1594 1693 1812 1752; x_wconf 85' lang='lat' dir='ltr'><strong>propter</strong></span> <span class='ocrx_word' id='word_1_129' title='bbox 1860 1690 2047 1734; x_wconf 76' lang='lat' dir='ltr'><strong>vestra:</strong></span> 
     </span>
    </p>
   </div>
   <div class='ocr_carea' id='block_1_16' title="bbox 488 1772 2049 1845">
    <p class='ocr_par' dir='ltr' id='par_1_16' title="bbox 488 1772 2049 1845">
     <span class='ocr_line' id='line_1_16' title="bbox 488 1772 2049 1845; baseline -0.006 -12"><span class='ocrx_word' id='word_1_130' title='bbox 488 1781 755 1834; x_wconf 75' lang='lat' dir='ltr'><strong>facultatis</strong></span> <span class='ocrx_word' id='word_1_131' title='bbox 809 1787 1111 1845; x_wconf 86' lang='lat' dir='ltr'><strong>augmenta.</strong></span> <span class='ocrx_word' id='word_1_132' title='bbox 1156 1776 1321 1842; x_wconf 63' lang='lat' dir='ltr'><strong>Cuius</strong></span> <span class='ocrx_word' id='word_1_133' title='bbox 1362 1775 1501 1828; x_wconf 91' lang='lat' dir='ltr'><strong>enim</strong></span> <span class='ocrx_word' id='word_1_134' title='bbox 1553 1775 1762 1837; x_wconf 87' lang='lat' dir='ltr'><strong>anima,</strong></span> <span class='ocrx_word' id='word_1_135' title='bbox 1808 1772 2049 1839; x_wconf 81' lang='lat' dir='ltr'><strong>quamvis</strong></span> 
     </span>
    </p>
   </div>
   <div class='ocr_carea' id='block_1_17' title="bbox 2136 870 3696 952">
    <p class='ocr_par' dir='ltr' id='par_1_17' title="bbox 2136 870 3696 952">
     <span class='ocr_line' id='line_1_17' title="bbox 2136 870 3696 952; baseline -0.01 -16"><span class='ocrx_word' id='word_1_136' title='bbox 2136 884 2335 952; x_wconf 90' lang='lat' dir='ltr'><strong>possim</strong></span> <span class='ocrx_word' id='word_1_137' title='bbox 2384 879 2677 947; x_wconf 87' lang='lat' dir='ltr'><strong>rependere</strong></span> <span class='ocrx_word' id='word_1_138' title='bbox 2723 878 2998 939; x_wconf 87' lang='lat' dir='ltr'><strong>bonitate;</strong></span> <span class='ocrx_word' id='word_1_139' title='bbox 3055 874 3147 927; x_wconf 90' lang='lat' dir='ltr'><strong>sed</strong></span> <span class='ocrx_word' id='word_1_140' title='bbox 3188 874 3315 942; x_wconf 90' lang='lat' dir='ltr'><strong>quia</strong></span> <span class='ocrx_word' id='word_1_141' title='bbox 3403 872 3536 923; x_wconf 90' lang='lat' dir='ltr'><strong>nihil</strong></span> <span class='ocrx_word' id='word_1_142' title='bbox 3585 870 3696 936; x_wconf 88' lang='lat' dir='ltr'><strong>dig-</strong></span> 
     </span>
    </p>
   </div>
   <div class='ocr_carea' id='block_1_18' title="bbox 2138 960 3698 1034">
    <p class='ocr_par' dir='ltr' id='par_1_18' title="bbox 2138 960 3698 1034">
     <span class='ocr_line' id='line_1_18' title="bbox 2138 960 3698 1034; baseline -0.007 -11"><span class='ocrx_word' id='word_1_143' title='bbox 2138 987 2263 1023; x_wconf 91' lang='lat' dir='ltr'><strong>num</strong></span> <span class='ocrx_word' id='word_1_144' title='bbox 2291 978 2381 1022; x_wconf 88' lang='lat' dir='ltr'><strong>aut</strong></span> <span class='ocrx_word' id='word_1_145' title='bbox 2408 968 2668 1034; x_wconf 75' lang='lat' dir='ltr'><strong>mquabile</strong></span> <span class='ocrx_word' id='word_1_146' title='bbox 2701 967 2844 1019; x_wconf 87' lang='lat' dir='ltr'><strong>valet</strong></span> <span class='ocrx_word' id='word_1_147' title='bbox 2881 964 3132 1032; x_wconf 84' lang='lat' dir='ltr'><strong>reperiri,</strong></span> <span class='ocrx_word' id='word_1_148' title='bbox 3166 979 3249 1016; x_wconf 90' lang='lat' dir='ltr'><strong>me</strong></span> <span class='ocrx_word' id='word_1_149' title='bbox 3293 963 3465 1029; x_wconf 88' lang='lat' dir='ltr'><strong>ipsum</strong></span> <span class='ocrx_word' id='word_1_150' title='bbox 3497 960 3698 1021; x_wconf 83' lang='lat' dir='ltr'><strong>offero,</strong></span> 
     </span>
    </p>
   </div>
   <div class='ocr_carea' id='block_1_19' title="bbox 2142 1051 3703 1123">
    <p class='ocr_par' dir='ltr' id='par_1_19' title="bbox 2142 1051 3703 1123">
     <span class='ocr_line' id='line_1_19' title="bbox 2142 1051 3703 1123; baseline -0.007 -13"><span class='ocrx_word' id='word_1_151' title='bbox 2142 1070 2419 1123; x_wconf 87' lang='lat' dir='ltr'><strong>totumque</strong></span> <span class='ocrx_word' id='word_1_152' title='bbox 2448 1072 2532 1108; x_wconf 92' lang='lat' dir='ltr'><strong>me</strong></span> <span class='ocrx_word' id='word_1_153' title='bbox 2559 1056 2628 1108; x_wconf 90' lang='lat' dir='ltr'><strong>ob</strong></span> <span class='ocrx_word' id='word_1_154' title='bbox 2660 1056 2764 1107; x_wconf 91' lang='lat' dir='ltr'><strong>hoc</strong></span> <span class='ocrx_word' id='word_1_155' title='bbox 2788 1052 3099 1121; x_wconf 88' lang='lat' dir='ltr'><strong>placabilem</strong></span> <span class='ocrx_word' id='word_1_156' title='bbox 3133 1060 3357 1119; x_wconf 83' lang='lat' dir='ltr'><strong>reputo,</strong></span> <span class='ocrx_word' id='word_1_157' title='bbox 3390 1051 3517 1116; x_wconf 86' lang='lat' dir='ltr'><strong>quia</strong></span> <span class='ocrx_word' id='word_1_158' title='bbox 3549 1063 3703 1114; x_wconf 87' lang='lat' dir='ltr'><strong>gran-</strong></span> 
     </span>
    </p>
   </div>
   <div class='ocr_carea' id='block_1_20' title="bbox 2138 1137 3705 1204">
    <p class='ocr_par' dir='ltr' id='par_1_20' title="bbox 2138 1137 3705 1204">
     <span class='ocr_line' id='line_1_20' title="bbox 2138 1137 3705 1204; baseline -0.009 -2"><span class='ocrx_word' id='word_1_159' title='bbox 2138 1152 2277 1203; x_wconf 85' lang='lat' dir='ltr'><strong>diter</strong></span> <span class='ocrx_word' id='word_1_160' title='bbox 2321 1164 2351 1200; x_wconf 92' lang='lat' dir='ltr'><strong>a</strong></span> <span class='ocrx_word' id='word_1_161' title='bbox 2393 1146 2544 1199; x_wconf 90' lang='lat' dir='ltr'><strong>vobis</strong></span> <span class='ocrx_word' id='word_1_162' title='bbox 2591 1146 2759 1197; x_wconf 89' lang='lat' dir='ltr'><strong>amari</strong></span> <span class='ocrx_word' id='word_1_163' title='bbox 2806 1143 3038 1197; x_wconf 83' lang='lat' dir='ltr'><strong>confido.</strong></span> <span class='ocrx_word' id='word_1_164' title='bbox 3092 1139 3225 1193; x_wconf 83' lang='lat' dir='ltr'><strong>Puto</strong></span> <span class='ocrx_word' id='word_1_165' title='bbox 3257 1140 3397 1191; x_wconf 87' lang='lat' dir='ltr'><strong>enim</strong></span> <span class='ocrx_word' id='word_1_166' title='bbox 3430 1137 3577 1204; x_wconf 90' lang='lat' dir='ltr'><strong>quod</strong></span> <span class='ocrx_word' id='word_1_167' title='bbox 3607 1151 3705 1189; x_wconf 88' lang='lat' dir='ltr'><strong>non</strong></span> 
     </span>
    </p>
   </div>
   <div class='ocr_carea' id='block_1_21' title="bbox 2060 1226 3708 1304">
    <p class='ocr_par' dir='ltr' id='par_1_21' title="bbox 2060 1226 3708 1304">
     <span class='ocr_line' id='line_1_21' title="bbox 2060 1226 3708 1304; baseline -0.01 -14"><span class='ocrx_word' id='word_1_168' title='bbox 2060 1234 2067 1241; x_wconf 85' lang='grc'><em>’</em></span> <span class='ocrx_word' id='word_1_169' title='bbox 2141 1237 2417 1304; x_wconf 81' lang='lat' dir='ltr'><strong>displiceat</strong></span> <span class='ocrx_word' id='word_1_170' title='bbox 2461 1232 2649 1285; x_wconf 87' lang='lat' dir='ltr'><strong>animis</strong></span> <span class='ocrx_word' id='word_1_171' title='bbox 2679 1233 2889 1292; x_wconf 78' lang='lat' dir='ltr'><strong>vestris,</strong></span> <span class='ocrx_word' id='word_1_172' title='bbox 2922 1245 3039 1283; x_wconf 89' lang='lat' dir='ltr'><strong>eum</strong></span> <span class='ocrx_word' id='word_1_173' title='bbox 3068 1229 3118 1281; x_wconf 91' lang='lat' dir='ltr'><strong>id</strong></span> <span class='ocrx_word' id='word_1_174' title='bbox 3160 1229 3325 1282; x_wconf 83' lang='lat' dir='ltr'><strong>offero</strong></span> <span class='ocrx_word' id='word_1_175' title='bbox 3369 1226 3515 1294; x_wconf 91' lang='lat' dir='ltr'><strong>quod</strong></span> <span class='ocrx_word' id='word_1_176' title='bbox 3566 1240 3708 1276; x_wconf 79' lang='lat' dir='ltr'><strong>ama-</strong></span> 
     </span>
    </p>
   </div>
   <div class='ocr_carea' id='block_1_22' title="bbox 2145 1313 3704 1390">
    <p class='ocr_par' dir='ltr' id='par_1_22' title="bbox 2145 1313 3704 1390">
     <span class='ocr_line' id='line_1_22' title="bbox 2145 1313 3704 1390; baseline -0.008 -12"><span class='ocrx_word' id='word_1_177' title='bbox 2145 1328 2230 1378; x_wconf 93' lang='lat' dir='ltr'><strong>tis.</strong></span> <span class='ocrx_word' id='word_1_178' title='bbox 2268 1326 2393 1374; x_wconf 66' lang='lat' dir='ltr'><strong>Nam</strong></span> <span class='ocrx_word' id='word_1_179' title='bbox 2424 1321 2564 1390; x_wconf 87' lang='lat' dir='ltr'><strong>quod</strong></span> <span class='ocrx_word' id='word_1_180' title='bbox 2594 1320 2827 1373; x_wconf 86' lang='lat' dir='ltr'><strong>officium</strong></span> <span class='ocrx_word' id='word_1_181' title='bbox 2874 1319 3044 1372; x_wconf 88' lang='lat' dir='ltr'><strong>nostri</strong></span> <span class='ocrx_word' id='word_1_182' title='bbox 3101 1316 3425 1371; x_wconf 90' lang='lat' dir='ltr'><strong>sermunculi</strong></span> <span class='ocrx_word' id='word_1_183' title='bbox 3479 1313 3704 1381; x_wconf 74' lang='lat' dir='ltr'><strong>iussioni</strong></span> 
     </span>
    </p>
   </div>
   <div class='ocr_carea' id='block_1_23' title="bbox 2151 1405 3709 1479">
    <p class='ocr_par' dir='ltr' id='par_1_23' title="bbox 2151 1405 3709 1479">
     <span class='ocr_line' id='line_1_23' title="bbox 2151 1405 3709 1479; baseline -0.004 -15"><span class='ocrx_word' id='word_1_184' title='bbox 2151 1422 2333 1465; x_wconf 77' lang='lat' dir='ltr'><strong>vestra:</strong></span> <span class='ocrx_word' id='word_1_185' title='bbox 2364 1426 2552 1479; x_wconf 88' lang='lat' dir='ltr'><strong>parere</strong></span> <span class='ocrx_word' id='word_1_186' title='bbox 2576 1408 2918 1477; x_wconf 89' lang='lat' dir='ltr'><strong>compellitis,</strong></span> <span class='ocrx_word' id='word_1_187' title='bbox 2960 1407 3173 1461; x_wconf 90' lang='lat' dir='ltr'><strong>sincere</strong></span> <span class='ocrx_word' id='word_1_188' title='bbox 3203 1420 3375 1459; x_wconf 88' lang='lat' dir='ltr'><strong>meam</strong></span> <span class='ocrx_word' id='word_1_189' title='bbox 3413 1405 3590 1457; x_wconf 84' lang='lat' dir='ltr'><strong>fateor</strong></span> <span class='ocrx_word' id='word_1_190' title='bbox 3617 1419 3709 1457; x_wconf 82' lang='lat' dir='ltr'><strong>vo-</strong></span> 
     </span>
    </p>
   </div>
   <div class='ocr_carea' id='block_1_24' title="bbox 2149 1497 3712 1565">
    <p class='ocr_par' dir='ltr' id='par_1_24' title="bbox 2149 1497 3712 1565">
     <span class='ocr_line' id='line_1_24' title="bbox 2149 1497 3712 1565; baseline -0.004 -11"><span class='ocrx_word' id='word_1_191' title='bbox 2149 1503 2424 1564; x_wconf 80' lang='lat' dir='ltr'><strong>lontatcin,</strong></span> <span class='ocrx_word' id='word_1_192' title='bbox 2481 1516 2584 1553; x_wconf 89' lang='lat' dir='ltr'><strong>non</strong></span> <span class='ocrx_word' id='word_1_193' title='bbox 2625 1500 2793 1553; x_wconf 87' lang='lat' dir='ltr'><strong>solum</strong></span> <span class='ocrx_word' id='word_1_194' title='bbox 2824 1499 2986 1553; x_wconf 89' lang='lat' dir='ltr'><strong>verbo</strong></span> <span class='ocrx_word' id='word_1_195' title='bbox 3035 1497 3188 1551; x_wconf 84' lang='lat' dir='ltr'><strong>vobis</strong></span> <span class='ocrx_word' id='word_1_196' title='bbox 3217 1511 3303 1550; x_wconf 90' lang='lat' dir='ltr'><strong>me</strong></span> <span class='ocrx_word' id='word_1_197' title='bbox 3332 1497 3470 1550; x_wconf 88' lang='lat' dir='ltr'><strong>velle</strong></span> <span class='ocrx_word' id='word_1_198' title='bbox 3501 1510 3712 1565; x_wconf 88' lang='lat' dir='ltr'><strong>parere,</strong></span> 
     </span>
    </p>
   </div>
   <div class='ocr_carea' id='block_1_25' title="bbox 2148 1585 3716 1654">
    <p class='ocr_par' dir='ltr' id='par_1_25' title="bbox 2148 1585 3716 1654">
     <span class='ocr_line' id='line_1_25' title="bbox 2148 1585 3716 1654; baseline -0.004 -9"><span class='ocrx_word' id='word_1_199' title='bbox 2148 1591 2240 1645; x_wconf 83' lang='lat' dir='ltr'><strong>sed</strong></span> <span class='ocrx_word' id='word_1_200' title='bbox 2282 1599 2335 1644; x_wconf 93' lang='lat' dir='ltr'><strong>et</strong></span> <span class='ocrx_word' id='word_1_201' title='bbox 2386 1590 2599 1654; x_wconf 90' lang='lat' dir='ltr'><strong>animo;</strong></span> <span class='ocrx_word' id='word_1_202' title='bbox 2630 1590 2672 1641; x_wconf 91' lang='lat' dir='ltr'><strong>si</strong></span> <span class='ocrx_word' id='word_1_203' title='bbox 2698 1596 2872 1639; x_wconf 88' lang='lat' dir='ltr'><strong>tamen</strong></span> <span class='ocrx_word' id='word_1_204' title='bbox 2903 1596 3091 1639; x_wconf 78' lang='lat' dir='ltr'><strong>vestra:</strong></span> <span class='ocrx_word' id='word_1_205' title='bbox 3120 1586 3379 1638; x_wconf 88' lang='lat' dir='ltr'><strong>orationis</strong></span> <span class='ocrx_word' id='word_1_206' title='bbox 3415 1585 3641 1637; x_wconf 90' lang='lat' dir='ltr'><strong>obtentu</strong></span> <span class='ocrx_word' id='word_1_207' title='bbox 3666 1596 3716 1638; x_wconf 84' lang='lat' dir='ltr'><strong>ct</strong></span> 
     </span>
    </p>
   </div>
   <div class='ocr_carea' id='block_1_26' title="bbox 2154 1672 3719 1739">
    <p class='ocr_par' dir='ltr' id='par_1_26' title="bbox 2154 1672 3719 1739">
     <span class='ocr_line' id='line_1_26' title="bbox 2154 1672 3719 1739; baseline -0.006 -7"><span class='ocrx_word' id='word_1_208' title='bbox 2154 1682 2256 1732; x_wconf 89' lang='lat' dir='ltr'><strong>vita</strong></span> <span class='ocrx_word' id='word_1_209' title='bbox 2312 1689 2492 1730; x_wconf 90' lang='lat' dir='ltr'><strong>nostra</strong></span> <span class='ocrx_word' id='word_1_210' title='bbox 2524 1677 2783 1728; x_wconf 84' lang='lat' dir='ltr'><strong>meruerit</strong></span> <span class='ocrx_word' id='word_1_211' title='bbox 2822 1676 3059 1738; x_wconf 83' lang='lat' dir='ltr'><strong>veniam,</strong></span> <span class='ocrx_word' id='word_1_212' title='bbox 3106 1683 3160 1727; x_wconf 89' lang='lat' dir='ltr'><strong>et</strong></span> <span class='ocrx_word' id='word_1_213' title='bbox 3189 1674 3366 1739; x_wconf 80' lang='lat' dir='ltr'><strong>lingua</strong></span> <span class='ocrx_word' id='word_1_214' title='bbox 3398 1672 3719 1726; x_wconf 83' lang='lat' dir='ltr'><strong>facundiam.</strong></span> 
     </span>
    </p>
   </div>
   <div class='ocr_carea' id='block_1_27' title="bbox 2155 1762 3718 1829">
    <p class='ocr_par' dir='ltr' id='par_1_27' title="bbox 2155 1762 3718 1829">
     <span class='ocr_line' id='line_1_27' title="bbox 2155 1762 3718 1829; baseline -0.004 -9"><span class='ocrx_word' id='word_1_215' title='bbox 2155 1770 2284 1820; x_wconf 71' lang='lat' dir='ltr'><strong>Nam</strong></span> <span class='ocrx_word' id='word_1_216' title='bbox 2317 1769 2414 1821; x_wconf 84' lang='lat' dir='ltr'><strong>etsi</strong></span> <span class='ocrx_word' id='word_1_217' title='bbox 2447 1777 2524 1818; x_wconf 84' lang='lat' dir='ltr'><strong>est</strong></span> <span class='ocrx_word' id='word_1_218' title='bbox 2560 1768 2608 1817; x_wconf 91' lang='lat' dir='ltr'><strong>in</strong></span> <span class='ocrx_word' id='word_1_219' title='bbox 2641 1764 2826 1826; x_wconf 89' lang='lat' dir='ltr'><strong>nobis,</strong></span> <span class='ocrx_word' id='word_1_220' title='bbox 2877 1772 2933 1815; x_wconf 92' lang='lat' dir='ltr'><strong>ut</strong></span> <span class='ocrx_word' id='word_1_221' title='bbox 2964 1772 3048 1826; x_wconf 92' lang='lat' dir='ltr'><strong>tu,</strong></span> <span class='ocrx_word' id='word_1_222' title='bbox 3085 1762 3325 1822; x_wconf 87' lang='lat' dir='ltr'><strong>Domine,</strong></span> <span class='ocrx_word' id='word_1_223' title='bbox 3359 1772 3601 1829; x_wconf 81' lang='lat' dir='ltr'><strong>reputas,</strong></span> <span class='ocrx_word' id='word_1_224' title='bbox 3631 1778 3718 1814; x_wconf 82' lang='lat' dir='ltr'><strong>vc-</strong></span> 
     </span>
    </p>
   </div>
   <div class='ocr_carea' id='block_1_28' title="bbox 492 1852 3718 1934">
    <p class='ocr_par' dir='ltr' id='par_1_28' title="bbox 492 1852 3718 1934">
     <span class='ocr_line' id='line_1_28' title="bbox 492 1852 3718 1934; baseline -0.006 -14"><span class='ocrx_word' id='word_1_225' title='bbox 492 1870 562 1920; x_wconf 89' lang='lat' dir='ltr'><strong>sit</strong></span> <span class='ocrx_word' id='word_1_226' title='bbox 617 1867 878 1934; x_wconf 89' lang='lat' dir='ltr'><strong>sapientia</strong></span> <span class='ocrx_word' id='word_1_227' title='bbox 935 1866 1161 1933; x_wconf 88' lang='lat' dir='ltr'><strong>privata,</strong></span> <span class='ocrx_word' id='word_1_228' title='bbox 1193 1872 1393 1916; x_wconf 87' lang='lat' dir='ltr'><strong>tantam</strong></span> <span class='ocrx_word' id='word_1_229' title='bbox 1449 1878 1501 1915; x_wconf 85' lang='lat' dir='ltr'><strong>in</strong></span> <span class='ocrx_word' id='word_1_230' title='bbox 1554 1871 1627 1923; x_wconf 86' lang='lat' dir='ltr'><strong>te,</strong></span> <span class='ocrx_word' id='word_1_231' title='bbox 1672 1862 1917 1924; x_wconf 88' lang='lat' dir='ltr'><strong>Domine,</strong></span> <span class='ocrx_word' id='word_1_232' title='bbox 1951 1875 2055 1911; x_wconf 88' lang='lat' dir='ltr'><strong>non</strong></span> <span class='ocrx_word' id='word_1_233' title='bbox 2094 1858 2131 1913; x_wconf 83' lang='grc' dir='ltr'><strong>Β</strong></span> <span class='ocrx_word' id='word_1_234' title='bbox 2162 1859 2284 1911; x_wconf 89' lang='lat' dir='ltr'><strong>nula</strong></span> <span class='ocrx_word' id='word_1_235' title='bbox 2352 1856 2553 1908; x_wconf 89' lang='lat' dir='ltr'><strong>tantilla</strong></span> <span class='ocrx_word' id='word_1_236' title='bbox 2611 1854 2901 1918; x_wconf 88' lang='lat' dir='ltr'><strong>sermonis,</strong></span> <span class='ocrx_word' id='word_1_237' title='bbox 2958 1867 3097 1904; x_wconf 90' lang='lat' dir='ltr'><strong>nunc</strong></span> <span class='ocrx_word' id='word_1_238' title='bbox 3152 1852 3440 1904; x_wconf 88' lang='lat' dir='ltr'><strong>inutilitate</strong></span> <span class='ocrx_word' id='word_1_239' title='bbox 3491 1866 3718 1912; x_wconf 87' lang='lat' dir='ltr'><strong>morum,</strong></span> 
     </span>
    </p>
   </div>
   <div class='ocr_carea' id='block_1_29' title="bbox 488 1948 2051 2016">
    <p class='ocr_par' dir='ltr' id='par_1_29' title="bbox 488 1948 2051 2016">
     <span class='ocr_line' id='line_1_29' title="bbox 488 1948 2051 2016; baseline -0.005 -7"><span class='ocrx_word' id='word_1_240' title='bbox 488 1964 633 2009; x_wconf 85' lang='lat' dir='ltr'><strong>amet</strong></span> <span class='ocrx_word' id='word_1_241' title='bbox 686 1956 883 2007; x_wconf 90' lang='lat' dir='ltr'><strong>amoris</strong></span> <span class='ocrx_word' id='word_1_242' title='bbox 936 1954 1266 2012; x_wconf 90' lang='lat' dir='ltr'><strong>industriam,</strong></span> <span class='ocrx_word' id='word_1_243' title='bbox 1317 1965 1475 2016; x_wconf 90' lang='lat' dir='ltr'><strong>quam</strong></span> <span class='ocrx_word' id='word_1_244' title='bbox 1524 1949 1589 2001; x_wconf 91' lang='lat' dir='ltr'><strong>ab</strong></span> <span class='ocrx_word' id='word_1_245' title='bbox 1641 1964 1763 2002; x_wconf 87' lang='lat' dir='ltr'><strong>arce</strong></span> <span class='ocrx_word' id='word_1_246' title='bbox 1805 1948 2051 2002; x_wconf 86' lang='lat' dir='ltr'><strong>culminis</strong></span> 
     </span>
    </p>
   </div>
   <div class='ocr_carea' id='block_1_30' title="bbox 488 2039 2051 2115">
    <p class='ocr_par' dir='ltr' id='par_1_30' title="bbox 488 2039 2051 2115">
     <span class='ocr_line' id='line_1_30' title="bbox 488 2039 2051 2115; baseline -0.004 -18"><span class='ocrx_word' id='word_1_247' title='bbox 488 2063 591 2115; x_wconf 86' lang='lat' dir='ltr'><strong>qua</strong></span> <span class='ocrx_word' id='word_1_248' title='bbox 621 2046 861 2099; x_wconf 80' lang='lat' dir='ltr'><strong>sublimis</strong></span> <span class='ocrx_word' id='word_1_249' title='bbox 878 2045 1083 2096; x_wconf 84' lang='lat' dir='ltr'><strong>emines</strong></span> <span class='ocrx_word' id='word_1_250' title='bbox 1112 2050 1165 2094; x_wconf 90' lang='lat' dir='ltr'><strong>et</strong></span> <span class='ocrx_word' id='word_1_251' title='bbox 1195 2040 1453 2109; x_wconf 63' lang='lat' dir='ltr'><strong>pra-cellis</strong></span> <span class='ocrx_word' id='word_1_252' title='bbox 1482 2040 1546 2092; x_wconf 89' lang='lat' dir='ltr'><strong>ad</strong></span> <span class='ocrx_word' id='word_1_253' title='bbox 1588 2039 1871 2091; x_wconf 92' lang='lat' dir='ltr'><strong>amandum</strong></span> <span class='ocrx_word' id='word_1_254' title='bbox 1903 2039 2051 2091; x_wconf 85' lang='lat' dir='ltr'><strong>infir-</strong></span> 
     </span>
    </p>
   </div>
   <div class='ocr_carea' id='block_1_31' title="bbox 493 2126 2053 2194">
    <p class='ocr_par' dir='ltr' id='par_1_31' title="bbox 493 2126 2053 2194">
     <span class='ocr_line' id='line_1_31' title="bbox 493 2126 2053 2194; baseline -0.005 -9"><span class='ocrx_word' id='word_1_255' title='bbox 493 2150 612 2188; x_wconf 86' lang='lat' dir='ltr'><strong>mos</strong></span> <span class='ocrx_word' id='word_1_256' title='bbox 658 2142 714 2185; x_wconf 87' lang='lat' dir='ltr'><strong>et</strong></span> <span class='ocrx_word' id='word_1_257' title='bbox 759 2130 1018 2184; x_wconf 76' lang='lat' dir='ltr'><strong>exhibiles</strong></span> <span class='ocrx_word' id='word_1_258' title='bbox 1047 2130 1307 2181; x_wconf 33' lang='lat' dir='ltr'><strong>vultronea</strong></span> <span class='ocrx_word' id='word_1_259' title='bbox 1356 2126 1682 2194; x_wconf 78' lang='lat' dir='ltr'><strong>benignitate</strong></span> <span class='ocrx_word' id='word_1_260' title='bbox 1729 2126 2053 2179; x_wconf 84' lang='lat' dir='ltr'><strong>descendis?</strong></span> 
     </span>
    </p>
   </div>
   <div class='ocr_carea' id='block_1_32' title="bbox 493 2214 2057 2285">
    <p class='ocr_par' dir='ltr' id='par_1_32' title="bbox 493 2214 2057 2285">
     <span class='ocr_line' id='line_1_32' title="bbox 493 2214 2057 2285; baseline -0.006 -13"><span class='ocrx_word' id='word_1_261' title='bbox 493 2220 728 2272; x_wconf 80' lang='lat' dir='ltr'><strong>Sincera:</strong></span> <span class='ocrx_word' id='word_1_262' title='bbox 760 2219 903 2285; x_wconf 90' lang='lat' dir='ltr'><strong>pacis</strong></span> <span class='ocrx_word' id='word_1_263' title='bbox 932 2217 1202 2281; x_wconf 89' lang='lat' dir='ltr'><strong>conditor,</strong></span> <span class='ocrx_word' id='word_1_264' title='bbox 1243 2226 1296 2267; x_wconf 90' lang='lat' dir='ltr'><strong>et</strong></span> <span class='ocrx_word' id='word_1_265' title='bbox 1325 2229 1473 2283; x_wconf 81' lang='lat' dir='ltr'><strong>pura:</strong></span> <span class='ocrx_word' id='word_1_266' title='bbox 1502 2214 1802 2266; x_wconf 89' lang='lat' dir='ltr'><strong>dilectionis</strong></span> <span class='ocrx_word' id='word_1_267' title='bbox 1850 2222 2057 2264; x_wconf 88' lang='lat' dir='ltr'><strong>amator</strong></span> 
     </span>
    </p>
   </div>
   <div class='ocr_carea' id='block_1_33' title="bbox 497 2302 2059 2369">
    <p class='ocr_par' dir='ltr' id='par_1_33' title="bbox 497 2302 2059 2369">
     <span class='ocr_line' id='line_1_33' title="bbox 497 2302 2059 2369; baseline -0.004 -8"><span class='ocrx_word' id='word_1_268' title='bbox 497 2310 748 2361; x_wconf 79' lang='lat' dir='ltr'><strong>Dominus</strong></span> <span class='ocrx_word' id='word_1_269' title='bbox 782 2308 870 2359; x_wconf 84' lang='lat' dir='ltr'><strong>Dei</strong></span> <span class='ocrx_word' id='word_1_270' title='bbox 900 2307 1062 2359; x_wconf 78' lang='lat' dir='ltr'><strong>Filius</strong></span> <span class='ocrx_word' id='word_1_271' title='bbox 1088 2306 1241 2358; x_wconf 83' lang='lat' dir='ltr'><strong>.Icsns</strong></span> <span class='ocrx_word' id='word_1_272' title='bbox 1272 2303 1513 2356; x_wconf 83' lang='lat' dir='ltr'><strong>Christus</strong></span> <span class='ocrx_word' id='word_1_273' title='bbox 1541 2305 1651 2369; x_wconf 85' lang='lat' dir='ltr'><strong>ipse</strong></span> <span class='ocrx_word' id='word_1_274' title='bbox 1679 2303 1729 2353; x_wconf 93' lang='lat' dir='ltr'><strong>in</strong></span> <span class='ocrx_word' id='word_1_275' title='bbox 1770 2302 1919 2353; x_wconf 87' lang='lat' dir='ltr'><strong>vobis</strong></span> <span class='ocrx_word' id='word_1_276' title='bbox 1947 2302 2059 2355; x_wconf 70' lang='lat' dir='ltr'><strong>haec</strong></span> 
     </span>
    </p>
   </div>
   <div class='ocr_carea' id='block_1_34' title="bbox 495 2395 2054 2467">
    <p class='ocr_par' dir='ltr' id='par_1_34' title="bbox 495 2395 2054 2467">
     <span class='ocr_line' id='line_1_34' title="bbox 495 2395 2054 2467; baseline -0.007 -13"><span class='ocrx_word' id='word_1_277' title='bbox 495 2403 657 2467; x_wconf 88' lang='lat' dir='ltr'><strong>bona,</strong></span> <span class='ocrx_word' id='word_1_278' title='bbox 698 2417 817 2467; x_wconf 84' lang='lat' dir='ltr'><strong>qua:</strong></span> <span class='ocrx_word' id='word_1_279' title='bbox 846 2399 1090 2455; x_wconf 87' lang='lat' dir='ltr'><strong>contulit,</strong></span> <span class='ocrx_word' id='word_1_280' title='bbox 1142 2397 1381 2463; x_wconf 90' lang='lat' dir='ltr'><strong>ampliet,</strong></span> <span class='ocrx_word' id='word_1_281' title='bbox 1431 2396 1543 2464; x_wconf 89' lang='lat' dir='ltr'><strong>ipse</strong></span> <span class='ocrx_word' id='word_1_282' title='bbox 1571 2395 1766 2447; x_wconf 81' lang='lat' dir='ltr'><strong>illibata</strong></span> <span class='ocrx_word' id='word_1_283' title='bbox 1797 2402 2054 2461; x_wconf 89' lang='lat' dir='ltr'><strong>perpetua</strong></span> 
     </span>
    </p>
   </div>
   <div class='ocr_carea' id='block_1_35' title="bbox 496 2482 2059 2560">
    <p class='ocr_par' dir='ltr' id='par_1_35' title="bbox 496 2482 2059 2560">
     <span class='ocr_line' id='line_1_35' title="bbox 496 2482 2059 2560; baseline -0.008 -16"><span class='ocrx_word' id='word_1_284' title='bbox 496 2492 715 2560; x_wconf 87' lang='lat' dir='ltr'><strong>perenni</strong></span> <span class='ocrx_word' id='word_1_285' title='bbox 743 2500 830 2541; x_wconf 88' lang='lat' dir='ltr'><strong>ate</strong></span> <span class='ocrx_word' id='word_1_286' title='bbox 860 2497 1162 2541; x_wconf 87' lang='lat' dir='ltr'><strong>conservet.</strong></span> <span class='ocrx_word' id='word_1_287' title='bbox 1186 2486 1386 2539; x_wconf 66' lang='grc' dir='ltr'><strong>νοδιτιυ</strong></span> <span class='ocrx_word' id='word_1_288' title='bbox 1414 2486 1554 2538; x_wconf 87' lang='lat' dir='ltr'><strong>enim</strong></span> <span class='ocrx_word' id='word_1_289' title='bbox 1578 2484 1897 2552; x_wconf 80' lang='lat' dir='ltr'><strong>dignationis</strong></span> <span class='ocrx_word' id='word_1_290' title='bbox 1928 2482 2059 2533; x_wconf 81' lang='lat' dir='ltr'><strong>allo-</strong></span> 
     </span>
    </p>
   </div>
   <div class='ocr_carea' id='block_1_36' title="bbox 498 2570 2061 2650">
    <p class='ocr_par' dir='ltr' id='par_1_36' title="bbox 498 2570 2061 2650">
     <span class='ocr_line' id='line_1_36' title="bbox 498 2570 2061 2650; baseline -0.009 -15"><span class='ocrx_word' id='word_1_291' title='bbox 498 2582 623 2650; x_wconf 87' lang='lat' dir='ltr'><strong>quia</strong></span> <span class='ocrx_word' id='word_1_292' title='bbox 671 2580 743 2633; x_wconf 92' lang='lat' dir='ltr'><strong>ita</strong></span> <span class='ocrx_word' id='word_1_293' title='bbox 776 2594 870 2633; x_wconf 93' lang='lat' dir='ltr'><strong>nos</strong></span> <span class='ocrx_word' id='word_1_294' title='bbox 897 2577 963 2631; x_wconf 90' lang='lat' dir='ltr'><strong>ad</strong></span> <span class='ocrx_word' id='word_1_295' title='bbox 995 2592 1230 2630; x_wconf 80' lang='lat' dir='ltr'><strong>antorem</strong></span> <span class='ocrx_word' id='word_1_296' title='bbox 1256 2575 1414 2628; x_wconf 87' lang='lat' dir='ltr'><strong>vestri</strong></span> <span class='ocrx_word' id='word_1_297' title='bbox 1434 2588 1528 2641; x_wconf 91' lang='lat' dir='ltr'><strong>per</strong></span> <span class='ocrx_word' id='word_1_298' title='bbox 1544 2574 1655 2625; x_wconf 86' lang='lat' dir='ltr'><strong>dies</strong></span> <span class='ocrx_word' id='word_1_299' title='bbox 1674 2570 1909 2639; x_wconf 73' lang='lat' dir='ltr'><strong>singulos</strong></span> <span class='ocrx_word' id='word_1_300' title='bbox 1927 2570 2061 2622; x_wconf 89' lang='lat' dir='ltr'><strong>inci-</strong></span> 
     </span>
    </p>
   </div>
   <div class='ocr_carea' id='block_1_37' title="bbox 575 2726 2064 2787">
    <p class='ocr_par' dir='ltr' id='par_1_37' title="bbox 575 2726 2064 2787">
     <span class='ocr_line' id='line_1_37' title="bbox 575 2726 2064 2787; baseline -0.009 -3"><span class='ocrx_word' id='word_1_301' title='bbox 575 2739 599 2765; x_wconf 87' lang='grc'><strong><em>⁸</em></strong></span> <span class='ocrx_word' id='word_1_302' title='bbox 622 2730 812 2784; x_wconf 82' lang='lat' dir='ltr'><strong>Subest</strong></span> <span class='ocrx_word' id='word_1_303' title='bbox 840 2738 983 2782; x_wconf 82' lang='lat' dir='ltr'><strong>certc</strong></span> <span class='ocrx_word' id='word_1_304' title='bbox 1001 2726 1279 2787; x_wconf 70' lang='lat' dir='ltr'><strong>mendum;</strong></span> <span class='ocrx_word' id='word_1_305' title='bbox 1306 2738 1401 2775; x_wconf 90' lang='lat' dir='ltr'><strong>nos</strong></span> <span class='ocrx_word' id='word_1_306' title='bbox 1424 2736 1549 2774; x_wconf 89' lang='lat' dir='ltr'><strong>vero</strong></span> <span class='ocrx_word' id='word_1_307' title='bbox 1574 2737 1748 2773; x_wconf 79' lang='lat' dir='ltr'><strong>na-vos</strong></span> <span class='ocrx_word' id='word_1_308' title='bbox 1772 2734 2064 2786; x_wconf 49' lang='lat' dir='ltr'><strong>repraesen-</strong></span> 
     </span>
    </p>
   </div>
   <div class='ocr_carea' id='block_1_38' title="bbox 503 2791 1989 2865">
    <p class='ocr_par' dir='ltr' id='par_1_38' title="bbox 503 2791 1989 2865">
     <span class='ocr_line' id='line_1_38' title="bbox 503 2791 1989 2865; baseline -0.01 -11"><span class='ocrx_word' id='word_1_309' title='bbox 503 2810 697 2859; x_wconf 85' lang='lat' dir='ltr'><strong>tatnus,</strong></span> <span class='ocrx_word' id='word_1_310' title='bbox 729 2814 861 2865; x_wconf 85' lang='lat' dir='ltr'><strong>quos</strong></span> <span class='ocrx_word' id='word_1_311' title='bbox 889 2798 1170 2847; x_wconf 76' lang='lat' dir='ltr'><strong>emendare</strong></span> <span class='ocrx_word' id='word_1_312' title='bbox 1203 2794 1319 2865; x_wconf 84' lang='lat' dir='ltr'><strong>sine</strong></span> <span class='ocrx_word' id='word_1_313' title='bbox 1356 2791 1673 2844; x_wconf 80' lang='lat' dir='ltr'><strong>auctoritate</strong></span> <span class='ocrx_word' id='word_1_314' title='bbox 1720 2807 1821 2865; x_wconf 82' lang='lat' dir='ltr'><strong>non</strong></span> <span class='ocrx_word' id='word_1_315' title='bbox 1850 2792 1989 2865; x_wconf 71' lang='lat' dir='ltr'><strong>licet.</strong></span> 
     </span>
    </p>
   </div>
   <div class='ocr_carea' id='block_1_39' title="bbox 570 2858 2067 2931">
    <p class='ocr_par' dir='ltr' id='par_1_39' title="bbox 570 2858 2067 2931">
     <span class='ocr_line' id='line_1_39' title="bbox 570 2858 2067 2931; baseline -0.006 -13"><span class='ocrx_word' id='word_1_316' title='bbox 570 2868 594 2903; x_wconf 73' lang='grc' dir='ltr'>δ</span> <span class='ocrx_word' id='word_1_317' title='bbox 640 2858 762 2918; x_wconf 50' lang='lat' dir='ltr'><strong>nm;</strong></span> <span class='ocrx_word' id='word_1_318' title='bbox 791 2866 949 2916; x_wconf 78' lang='lat' dir='ltr'><strong>verba</strong></span> <span class='ocrx_word' id='word_1_319' title='bbox 988 2875 1232 2931; x_wconf 88' lang='lat' dir='ltr'><strong>optamus</strong></span> <span class='ocrx_word' id='word_1_320' title='bbox 1259 2863 1487 2931; x_wconf 61' lang='lat' dir='ltr'><strong>lectores</strong></span> <span class='ocrx_word' id='word_1_321' title='bbox 1516 2874 1699 2931; x_wconf 84' lang='lat' dir='ltr'><strong>omnes</strong></span> <span class='ocrx_word' id='word_1_322' title='bbox 1715 2858 2067 2931; x_wconf 76' lang='lat' dir='ltr'><strong>animadver-</strong></span> 
     </span>
    </p>
   </div>
   <div class='ocr_carea' id='block_1_40' title="bbox 504 2927 2060 2995">
    <p class='ocr_par' dir='ltr' id='par_1_40' title="bbox 504 2927 2060 2995">
     <span class='ocr_line' id='line_1_40' title="bbox 504 2927 2060 2995; baseline -0.005 -12"><span class='ocrx_word' id='word_1_323' title='bbox 504 2939 639 2988; x_wconf 88' lang='lat' dir='ltr'><strong>tant.</strong></span> <span class='ocrx_word' id='word_1_324' title='bbox 671 2936 778 2988; x_wconf 82' lang='lat' dir='ltr'><strong>Nec</strong></span> <span class='ocrx_word' id='word_1_325' title='bbox 807 2935 944 2986; x_wconf 89' lang='lat' dir='ltr'><strong>enim</strong></span> <span class='ocrx_word' id='word_1_326' title='bbox 979 2927 1146 2985; x_wconf 75' lang='lat' dir='ltr'><strong>levem</strong></span> <span class='ocrx_word' id='word_1_327' title='bbox 1188 2930 1450 2995; x_wconf 75' lang='lat' dir='ltr'><strong>Hispania:</strong></span> <span class='ocrx_word' id='word_1_328' title='bbox 1478 2928 1685 2980; x_wconf 90' lang='lat' dir='ltr'><strong>laudem</strong></span> <span class='ocrx_word' id='word_1_329' title='bbox 1714 2928 1764 2978; x_wconf 92' lang='lat' dir='ltr'><strong>in</strong></span> <span class='ocrx_word' id='word_1_330' title='bbox 1796 2942 1855 2977; x_wconf 88' lang='lat' dir='ltr'><strong>se</strong></span> <span class='ocrx_word' id='word_1_331' title='bbox 1887 2927 2060 2995; x_wconf 87' lang='lat' dir='ltr'><strong>conti-</strong></span> 
     </span>
    </p>
   </div>
   <div class='ocr_carea' id='block_1_41' title="bbox 507 2994 2069 3070">
    <p class='ocr_par' dir='ltr' id='par_1_41' title="bbox 507 2994 2069 3070">
     <span class='ocr_line' id='line_1_41' title="bbox 507 2994 2069 3070; baseline -0.008 -15"><span class='ocrx_word' id='word_1_332' title='bbox 507 3013 627 3066; x_wconf 86' lang='lat' dir='ltr'><strong>net,</strong></span> <span class='ocrx_word' id='word_1_333' title='bbox 660 3002 800 3070; x_wconf 88' lang='lat' dir='ltr'><strong>quod</strong></span> <span class='ocrx_word' id='word_1_334' title='bbox 846 3003 1018 3053; x_wconf 68' lang='lat' dir='ltr'><strong>missa)</strong></span> <span class='ocrx_word' id='word_1_335' title='bbox 1052 3001 1237 3052; x_wconf 59' lang='lat' dir='ltr'><strong>votiim</strong></span> <span class='ocrx_word' id='word_1_336' title='bbox 1284 2994 1333 3050; x_wconf 94' lang='lat' dir='ltr'><strong>in</strong></span> <span class='ocrx_word' id='word_1_337' title='bbox 1362 2998 1618 3070; x_wconf 66' lang='lat' dir='ltr'><strong>Toletaua</strong></span> <span class='ocrx_word' id='word_1_338' title='bbox 1669 2995 1905 3070; x_wconf 72' lang='lat' dir='ltr'><strong>Ecclesia</strong></span> <span class='ocrx_word' id='word_1_339' title='bbox 1934 2994 2069 3070; x_wconf 83' lang='lat' dir='ltr'><strong>adeo</strong></span> 
     </span>
    </p>
   </div>
   <div class='ocr_carea' id='block_1_42' title="bbox 506 3061 2070 3129">
    <p class='ocr_par' dir='ltr' id='par_1_42' title="bbox 506 3061 2070 3129">
     <span class='ocr_line' id='line_1_42' title="bbox 506 3061 2070 3129; baseline -0.008 -2"><span class='ocrx_word' id='word_1_340' title='bbox 506 3061 754 3127; x_wconf 77' lang='lat' dir='ltr'><strong>accurato</strong></span> <span class='ocrx_word' id='word_1_341' title='bbox 804 3086 1049 3122; x_wconf 83' lang='lat' dir='ltr'><strong>sermone</strong></span> <span class='ocrx_word' id='word_1_342' title='bbox 1094 3078 1271 3120; x_wconf 86' lang='lat' dir='ltr'><strong>essent</strong></span> <span class='ocrx_word' id='word_1_343' title='bbox 1315 3066 1647 3129; x_wconf 77' lang='lat' dir='ltr'><strong>conscriptzc,</strong></span> <span class='ocrx_word' id='word_1_344' title='bbox 1697 3072 1753 3115; x_wconf 93' lang='lat' dir='ltr'><strong>ut</strong></span> <span class='ocrx_word' id='word_1_345' title='bbox 1805 3061 2070 3128; x_wconf 78' lang='lat' dir='ltr'><strong>Eugenius</strong></span> 
     </span>
    </p>
   </div>
   <div class='ocr_carea' id='block_1_43' title="bbox 504 3130 2063 3207">
    <p class='ocr_par' dir='ltr' id='par_1_43' title="bbox 504 3130 2063 3207">
     <span class='ocr_line' id='line_1_43' title="bbox 504 3130 2063 3207; baseline -0.003 -20"><span class='ocrx_word' id='word_1_346' title='bbox 504 3142 795 3207; x_wconf 79' lang='lat' dir='ltr'><strong>quidquam</strong></span> <span class='ocrx_word' id='word_1_347' title='bbox 825 3140 901 3191; x_wconf 82' lang='lat' dir='ltr'><strong>eis</strong></span> <span class='ocrx_word' id='word_1_348' title='bbox 932 3138 1102 3191; x_wconf 86' lang='lat' dir='ltr'><strong>simile</strong></span> <span class='ocrx_word' id='word_1_349' title='bbox 1147 3137 1353 3207; x_wconf 83' lang='lat' dir='ltr'><strong>nedum</strong></span> <span class='ocrx_word' id='word_1_350' title='bbox 1383 3133 1682 3207; x_wconf 77' lang='lat' dir='ltr'><strong>perfectius</strong></span> <span class='ocrx_word' id='word_1_351' title='bbox 1720 3130 1933 3207; x_wconf 57' lang='lat' dir='ltr'><strong>efficere</strong></span> <span class='ocrx_word' id='word_1_352' title='bbox 1978 3131 2063 3183; x_wconf 89' lang='lat' dir='ltr'><strong>de-</strong></span> 
     </span>
    </p>
   </div>
   <div class='ocr_carea' id='block_1_44' title="bbox 2154 1930 3721 2008">
    <p class='ocr_par' dir='ltr' id='par_1_44' title="bbox 2154 1930 3721 2008">
     <span class='ocr_line' id='line_1_44' title="bbox 2154 1930 3721 2008; baseline -0.005 -9"><span class='ocrx_word' id='word_1_353' title='bbox 2154 1961 2295 2000; x_wconf 92' lang='lat' dir='ltr'><strong>nnnc</strong></span> <span class='ocrx_word' id='word_1_354' title='bbox 2314 1944 2509 1996; x_wconf 89' lang='lat' dir='ltr'><strong>assidui</strong></span> <span class='ocrx_word' id='word_1_355' title='bbox 2542 1941 2806 2008; x_wconf 82' lang='lat' dir='ltr'><strong>languoris</strong></span> <span class='ocrx_word' id='word_1_356' title='bbox 2836 1951 3050 2007; x_wconf 80' lang='lat' dir='ltr'><strong>aggestu</strong></span> <span class='ocrx_word' id='word_1_357' title='bbox 3082 1930 3320 2006; x_wconf 89' lang='lat' dir='ltr'><strong>quotidie</strong></span> <span class='ocrx_word' id='word_1_358' title='bbox 3352 1939 3721 1993; x_wconf 86' lang='lat' dir='ltr'><strong>intercluditur</strong></span> 
     </span>
    </p>
   </div>
   <div class='ocr_carea' id='block_1_45' title="bbox 2154 2028 3725 2097">
    <p class='ocr_par' dir='ltr' id='par_1_45' title="bbox 2154 2028 3725 2097">
     <span class='ocr_line' id='line_1_45' title="bbox 2154 2028 3725 2097; baseline -0.003 -12"><span class='ocrx_word' id='word_1_359' title='bbox 2154 2042 2209 2085; x_wconf 85' lang='lat' dir='ltr'><strong>et</strong></span> <span class='ocrx_word' id='word_1_360' title='bbox 2235 2033 2490 2085; x_wconf 83' lang='lat' dir='ltr'><strong>siccatur.</strong></span> <span class='ocrx_word' id='word_1_361' title='bbox 2520 2029 2730 2082; x_wconf 82' lang='lat' dir='ltr'><strong>Missam</strong></span> <span class='ocrx_word' id='word_1_362' title='bbox 2760 2029 2927 2081; x_wconf 87' lang='lat' dir='ltr'><strong>sancti</strong></span> <span class='ocrx_word' id='word_1_363' title='bbox 2959 2028 3226 2097; x_wconf 78' lang='lat' dir='ltr'><strong>Hippolyti</strong></span> <span class='ocrx_word' id='word_1_364' title='bbox 3247 2029 3331 2081; x_wconf 90' lang='lat' dir='ltr'><strong>vel</strong></span> <span class='ocrx_word' id='word_1_365' title='bbox 3361 2029 3655 2091; x_wconf 86' lang='lat' dir='ltr'><strong>orationes,</strong></span> <span class='ocrx_word' id='word_1_366' title='bbox 3684 2029 3725 2081; x_wconf 80' lang='lat' dir='ltr'><strong>si</strong></span> 
     </span>
    </p>
   </div>
   <div class='ocr_carea' id='block_1_46' title="bbox 2162 2118 3724 2184">
    <p class='ocr_par' dir='ltr' id='par_1_46' title="bbox 2162 2118 3724 2184">
     <span class='ocr_line' id='line_1_46' title="bbox 2162 2118 3724 2184; baseline -0.003 -11"><span class='ocrx_word' id='word_1_367' title='bbox 2162 2122 2319 2173; x_wconf 89' lang='lat' dir='ltr'><strong>nobis</strong></span> <span class='ocrx_word' id='word_1_368' title='bbox 2351 2128 2503 2172; x_wconf 90' lang='lat' dir='ltr'><strong>oratu</strong></span> <span class='ocrx_word' id='word_1_369' title='bbox 2536 2127 2716 2171; x_wconf 89' lang='lat' dir='ltr'><strong>vestro</strong></span> <span class='ocrx_word' id='word_1_370' title='bbox 2757 2118 2861 2169; x_wconf 89' lang='lat' dir='ltr'><strong>vita</strong></span> <span class='ocrx_word' id='word_1_371' title='bbox 2894 2133 3073 2170; x_wconf 85' lang='lat' dir='ltr'><strong>comes</strong></span> <span class='ocrx_word' id='word_1_372' title='bbox 3103 2118 3358 2177; x_wconf 76' lang='lat' dir='ltr'><strong>adfuerit.</strong></span> <span class='ocrx_word' id='word_1_373' title='bbox 3395 2127 3454 2170; x_wconf 91' lang='lat' dir='ltr'><strong>ut</strong></span> <span class='ocrx_word' id='word_1_374' title='bbox 3484 2127 3724 2184; x_wconf 80' lang='lat' dir='ltr'><strong>peluem,</strong></span> 
     </span>
    </p>
   </div>
   <div class='ocr_carea' id='block_1_47' title="bbox 2158 2206 3725 2278">
    <p class='ocr_par' dir='ltr' id='par_1_47' title="bbox 2158 2206 3725 2278">
     <span class='ocr_line' id='line_1_47' title="bbox 2158 2206 3725 2278; baseline -0.004 -15"><span class='ocrx_word' id='word_1_375' title='bbox 2158 2227 2256 2278; x_wconf 90' lang='lat' dir='ltr'><strong>pro</strong></span> <span class='ocrx_word' id='word_1_376' title='bbox 2308 2218 2482 2263; x_wconf 84' lang='lat' dir='ltr'><strong>vestra</strong></span> <span class='ocrx_word' id='word_1_377' title='bbox 2532 2207 2767 2274; x_wconf 61' lang='lat' dir='ltr'><strong>iussione</strong></span> <span class='ocrx_word' id='word_1_378' title='bbox 2815 2207 3051 2273; x_wconf 80' lang='lat' dir='ltr'><strong>parabo;</strong></span> <span class='ocrx_word' id='word_1_379' title='bbox 3102 2206 3316 2258; x_wconf 87' lang='lat' dir='ltr'><strong>missam</strong></span> <span class='ocrx_word' id='word_1_380' title='bbox 3342 2221 3472 2259; x_wconf 88' lang='lat' dir='ltr'><strong>vero</strong></span> <span class='ocrx_word' id='word_1_381' title='bbox 3496 2207 3725 2259; x_wconf 84' lang='lat' dir='ltr'><strong>votivam</strong></span> 
     </span>
    </p>
   </div>
   <div class='ocr_carea' id='block_1_48' title="bbox 2160 2295 3727 2364">
    <p class='ocr_par' dir='ltr' id='par_1_48' title="bbox 2160 2295 3727 2364">
     <span class='ocr_line' id='line_1_48' title="bbox 2160 2295 3727 2364; baseline -0.004 -11"><span class='ocrx_word' id='word_1_382' title='bbox 2160 2300 2282 2354; x_wconf 90' lang='lat' dir='ltr'><strong>ideo</strong></span> <span class='ocrx_word' id='word_1_383' title='bbox 2329 2316 2432 2353; x_wconf 90' lang='lat' dir='ltr'><strong>non</strong></span> <span class='ocrx_word' id='word_1_384' title='bbox 2482 2299 2699 2364; x_wconf 61' lang='lat' dir='ltr'><strong>scripsi,</strong></span> <span class='ocrx_word' id='word_1_385' title='bbox 2750 2298 2874 2364; x_wconf 89' lang='lat' dir='ltr'><strong>quia</strong></span> <span class='ocrx_word' id='word_1_386' title='bbox 2926 2298 2977 2348; x_wconf 89' lang='lat' dir='ltr'><strong>in</strong></span> <span class='ocrx_word' id='word_1_387' title='bbox 3025 2297 3125 2350; x_wconf 86' lang='lat' dir='ltr'><strong>hac</strong></span> <span class='ocrx_word' id='word_1_388' title='bbox 3156 2298 3326 2364; x_wconf 87' lang='lat' dir='ltr'><strong>patria</strong></span> <span class='ocrx_word' id='word_1_389' title='bbox 3358 2304 3465 2349; x_wconf 90' lang='lat' dir='ltr'><strong>tam</strong></span> <span class='ocrx_word' id='word_1_390' title='bbox 3496 2295 3727 2349; x_wconf 87' lang='lat' dir='ltr'><strong>accurati</strong></span> 
     </span>
    </p>
   </div>
   <div class='ocr_carea' id='block_1_49' title="bbox 2161 2384 3730 2453">
    <p class='ocr_par' dir='ltr' id='par_1_49' title="bbox 2161 2384 3730 2453">
     <span class='ocr_line' id='line_1_49' title="bbox 2161 2384 3730 2453; baseline -0.003 -12"><span class='ocrx_word' id='word_1_391' title='bbox 2161 2404 2437 2441; x_wconf 87' lang='lat' dir='ltr'><strong>sermones</strong></span> <span class='ocrx_word' id='word_1_392' title='bbox 2482 2388 2744 2439; x_wconf 85' lang='lat' dir='ltr'><strong>habentur</strong></span> <span class='ocrx_word' id='word_1_393' title='bbox 2797 2395 2955 2453; x_wconf 87' lang='lat' dir='ltr'><strong>atque</strong></span> <span class='ocrx_word' id='word_1_394' title='bbox 3002 2385 3312 2447; x_wconf 81' lang='lat' dir='ltr'><strong>sententiae,</strong></span> <span class='ocrx_word' id='word_1_395' title='bbox 3348 2396 3405 2438; x_wconf 91' lang='lat' dir='ltr'><strong>ut</strong></span> <span class='ocrx_word' id='word_1_396' title='bbox 3429 2384 3607 2439; x_wconf 85' lang='lat' dir='ltr'><strong>simile</strong></span> <span class='ocrx_word' id='word_1_397' title='bbox 3631 2400 3730 2437; x_wconf 87' lang='lat' dir='ltr'><strong>non</strong></span> 
     </span>
    </p>
   </div>
   <div class='ocr_carea' id='block_1_50' title="bbox 2164 2473 3729 2547">
    <p class='ocr_par' dir='ltr' id='par_1_50' title="bbox 2164 2473 3729 2547">
     <span class='ocr_line' id='line_1_50' title="bbox 2164 2473 3729 2547; baseline -0.002 -18"><span class='ocrx_word' id='word_1_398' title='bbox 2164 2479 2361 2547; x_wconf 82' lang='lat' dir='ltr'><strong>possim</strong></span> <span class='ocrx_word' id='word_1_399' title='bbox 2390 2476 2676 2540; x_wconf 66' lang='lat' dir='ltr'><strong>excudere,</strong></span> <span class='ocrx_word' id='word_1_400' title='bbox 2711 2483 2765 2527; x_wconf 85' lang='lat' dir='ltr'><strong>et</strong></span> <span class='ocrx_word' id='word_1_401' title='bbox 2790 2473 3117 2541; x_wconf 83' lang='lat' dir='ltr'><strong>superfluum</strong></span> <span class='ocrx_word' id='word_1_402' title='bbox 3145 2474 3327 2539; x_wconf 87' lang='lat' dir='ltr'><strong>judico</strong></span> <span class='ocrx_word' id='word_1_403' title='bbox 3374 2474 3500 2527; x_wconf 88' lang='lat' dir='ltr'><strong>inde</strong></span> <span class='ocrx_word' id='word_1_404' title='bbox 3528 2489 3617 2528; x_wconf 90' lang='lat' dir='ltr'><strong>me</strong></span> <span class='ocrx_word' id='word_1_405' title='bbox 3644 2473 3729 2526; x_wconf 82' lang='lat' dir='ltr'><strong>ali-</strong></span> 
     </span>
    </p>
   </div>
   <div class='ocr_carea' id='block_1_51' title="bbox 2164 2562 3609 2637">
    <p class='ocr_par' dir='ltr' id='par_1_51' title="bbox 2164 2562 3609 2637">
     <span class='ocr_line' id='line_1_51' title="bbox 2164 2562 3609 2637; baseline -0.003 -16"><span class='ocrx_word' id='word_1_406' title='bbox 2164 2568 2290 2637; x_wconf 89' lang='lat' dir='ltr'><strong>quid</strong></span> <span class='ocrx_word' id='word_1_407' title='bbox 2320 2568 2518 2632; x_wconf 81' lang='lat' dir='ltr'><strong>dicere,</strong></span> <span class='ocrx_word' id='word_1_408' title='bbox 2544 2565 2682 2618; x_wconf 91' lang='lat' dir='ltr'><strong>unde</strong></span> <span class='ocrx_word' id='word_1_409' title='bbox 2707 2564 2956 2617; x_wconf 89' lang='lat' dir='ltr'><strong>meliores</strong></span> <span class='ocrx_word' id='word_1_410' title='bbox 2986 2564 3166 2617; x_wconf 92' lang='lat' dir='ltr'><strong>recolo</strong></span> <span class='ocrx_word' id='word_1_411' title='bbox 3191 2563 3299 2629; x_wconf 84' lang='lat' dir='ltr'><strong>jam</strong></span> <span class='ocrx_word' id='word_1_412' title='bbox 3330 2562 3534 2617; x_wconf 81' lang='lat' dir='ltr'><strong>dixisse</strong></span> <span class='ocrx_word' id='word_1_413' title='bbox 3554 2571 3609 2616; x_wconf 73' lang='grc' dir='ltr'>ιι.</span> 
     </span>
    </p>
   </div>
   <div class='ocr_carea' id='block_1_52' title="bbox 2166 2720 3734 2792">
    <p class='ocr_par' dir='ltr' id='par_1_52' title="bbox 2166 2720 3734 2792">
     <span class='ocr_line' id='line_1_52' title="bbox 2166 2720 3734 2792; baseline -0.004 -15"><span class='ocrx_word' id='word_1_414' title='bbox 2166 2741 2324 2792; x_wconf 79' lang='lat' dir='ltr'><strong>quam</strong></span> <span class='ocrx_word' id='word_1_415' title='bbox 2379 2724 2568 2776; x_wconf 88' lang='lat' dir='ltr'><strong>litteris</strong></span> <span class='ocrx_word' id='word_1_416' title='bbox 2615 2723 2786 2785; x_wconf 90' lang='lat' dir='ltr'><strong>clari,</strong></span> <span class='ocrx_word' id='word_1_417' title='bbox 2834 2731 2993 2789; x_wconf 85' lang='lat' dir='ltr'><strong>atque</strong></span> <span class='ocrx_word' id='word_1_418' title='bbox 3022 2721 3325 2792; x_wconf 74' lang='lat' dir='ltr'><strong>Ciceronis,</strong></span> <span class='ocrx_word' id='word_1_419' title='bbox 3354 2720 3640 2792; x_wconf 75' lang='lat' dir='ltr'><strong>Pomponii</strong></span> <span class='ocrx_word' id='word_1_420' title='bbox 3684 2728 3734 2792; x_wconf 80' lang='lat' dir='ltr'><strong>et</strong></span> 
     </span>
    </p>
   </div>
   <div class='ocr_carea' id='block_1_53' title="bbox 2167 2788 3731 2859">
    <p class='ocr_par' dir='ltr' id='par_1_53' title="bbox 2167 2788 3731 2859">
     <span class='ocr_line' id='line_1_53' title="bbox 2167 2788 3731 2859; baseline -0.006 -11"><span class='ocrx_word' id='word_1_421' title='bbox 2167 2788 2389 2848; x_wconf 73' lang='lat' dir='ltr'><strong>Cmsaris</strong></span> <span class='ocrx_word' id='word_1_422' title='bbox 2421 2798 2649 2859; x_wconf 87' lang='lat' dir='ltr'><strong>(quanta</strong></span> <span class='ocrx_word' id='word_1_423' title='bbox 2680 2788 2935 2845; x_wconf 65' lang='lat' dir='ltr'><strong>doctrina:</strong></span> <span class='ocrx_word' id='word_1_424' title='bbox 2982 2792 3215 2842; x_wconf 86' lang='lat' dir='ltr'><strong>lumina!</strong></span> <span class='ocrx_word' id='word_1_425' title='bbox 3253 2792 3269 2848; x_wconf 86' lang='lat'><strong>)</strong></span> <span class='ocrx_word' id='word_1_426' title='bbox 3304 2788 3731 2859; x_wconf 79' lang='lat' dir='ltr'><strong>familiarissimi;</strong></span> 
     </span>
    </p>
   </div>
   <div class='ocr_carea' id='block_1_54' title="bbox 2168 2856 3737 2927">
    <p class='ocr_par' dir='ltr' id='par_1_54' title="bbox 2168 2856 3737 2927">
     <span class='ocr_line' id='line_1_54' title="bbox 2168 2856 3737 2927; baseline -0.004 -11"><span class='ocrx_word' id='word_1_427' title='bbox 2168 2864 2288 2916; x_wconf 83' lang='lat' dir='ltr'><strong>Julii</strong></span> <span class='ocrx_word' id='word_1_428' title='bbox 2320 2856 2445 2927; x_wconf 67' lang='lat' dir='ltr'><strong>lgini</strong></span> <span class='ocrx_word' id='word_1_429' title='bbox 2474 2856 2543 2913; x_wconf 71' lang='lat' dir='ltr'><strong>ab</strong></span> <span class='ocrx_word' id='word_1_430' title='bbox 2590 2862 2823 2923; x_wconf 76' lang='lat' dir='ltr'><strong>Augusto</strong></span> <span class='ocrx_word' id='word_1_431' title='bbox 2864 2868 3085 2927; x_wconf 89' lang='lat' dir='ltr'><strong>propter</strong></span> <span class='ocrx_word' id='word_1_432' title='bbox 3125 2859 3451 2927; x_wconf 61' lang='grc' dir='ltr'><strong>ἰιιιιιιιξιιεειιιιι⁸</strong></span> <span class='ocrx_word' id='word_1_433' title='bbox 3482 2856 3737 2927; x_wconf 71' lang='lat' dir='ltr'><strong>eruditio-</strong></span> 
     </span>
    </p>
   </div>
   <div class='ocr_carea' id='block_1_55' title="bbox 2172 2924 3733 2997">
    <p class='ocr_par' dir='ltr' id='par_1_55' title="bbox 2172 2924 3733 2997">
     <span class='ocr_line' id='line_1_55' title="bbox 2172 2924 3733 2997; baseline -0.005 -13"><span class='ocrx_word' id='word_1_434' title='bbox 2172 2948 2292 2985; x_wconf 88' lang='lat' dir='ltr'><strong>nem</strong></span> <span class='ocrx_word' id='word_1_435' title='bbox 2330 2924 2555 2997; x_wconf 68' lang='lat' dir='ltr'><strong>propria:</strong></span> <span class='ocrx_word' id='word_1_436' title='bbox 2584 2924 2915 2980; x_wconf 74' lang='lat' dir='ltr'><strong>bibliotheca:</strong></span> <span class='ocrx_word' id='word_1_437' title='bbox 2941 2924 3175 2994; x_wconf 22' lang='lat' dir='ltr'><strong>p‘rmfecti</strong></span> <span class='ocrx_word' id='word_1_438' title='bbox 3196 2926 3395 2997; x_wconf 70' lang='lat' dir='ltr'><strong>;_Marci</strong></span> <span class='ocrx_word' id='word_1_439' title='bbox 3428 2925 3608 2997; x_wconf 83' lang='lat' dir='ltr'><strong>Porcii</strong></span> <span class='ocrx_word' id='word_1_440' title='bbox 3632 2924 3733 2997; x_wconf 66' lang='grc' dir='ltr'><strong>ιε.</strong></span> 
     </span>
    </p>
   </div>
   <div class='ocr_carea' id='block_1_56' title="bbox 2175 2995 3736 3062">
    <p class='ocr_par' dir='ltr' id='par_1_56' title="bbox 2175 2995 3736 3062">
     <span class='ocr_line' id='line_1_56' title="bbox 2175 2995 3736 3062; baseline -0.004 -11"><span class='ocrx_word' id='word_1_441' title='bbox 2175 2995 2342 3051; x_wconf 76' lang='lat' dir='ltr'><strong>tronis</strong></span> <span class='ocrx_word' id='word_1_442' title='bbox 2363 2995 2589 3049; x_wconf 85' lang='lat' dir='ltr'><strong>oratoris</strong></span> <span class='ocrx_word' id='word_1_443' title='bbox 2618 2998 2948 3049; x_wconf 73' lang='lat' dir='ltr'><strong>discrti~simi</strong></span> <span class='ocrx_word' id='word_1_444' title='bbox 2972 3038 2987 3059; x_wconf 96' lang='lat'><strong>,</strong></span> <span class='ocrx_word' id='word_1_445' title='bbox 3032 3011 3189 3062; x_wconf 86' lang='lat' dir='ltr'><strong>quem</strong></span> <span class='ocrx_word' id='word_1_446' title='bbox 3220 2996 3486 3046; x_wconf 88' lang='lat' dir='ltr'><strong>dicentem</strong></span> <span class='ocrx_word' id='word_1_447' title='bbox 3520 2996 3606 3046; x_wconf 87' lang='lat' dir='ltr'><strong>vel</strong></span> <span class='ocrx_word' id='word_1_448' title='bbox 3631 2995 3736 3061; x_wconf 81' lang='lat' dir='ltr'><strong>ipse</strong></span> 
     </span>
    </p>
   </div>
   <div class='ocr_carea' id='block_1_57' title="bbox 2173 3061 3737 3131">
    <p class='ocr_par' dir='ltr' id='par_1_57' title="bbox 2173 3061 3737 3131">
     <span class='ocr_line' id='line_1_57' title="bbox 2173 3061 3737 3131; baseline -0.004 -12"><span class='ocrx_word' id='word_1_449' title='bbox 2173 3069 2387 3120; x_wconf 84' lang='lat' dir='ltr'><strong>Ovidius</strong></span> <span class='ocrx_word' id='word_1_450' title='bbox 2419 3066 2557 3118; x_wconf 77' lang='lat' dir='ltr'><strong>Naso</strong></span> <span class='ocrx_word' id='word_1_451' title='bbox 2599 3066 2921 3131; x_wconf 87' lang='lat' dir='ltr'><strong>suspiciebat</strong></span> <span class='ocrx_word' id='word_1_452' title='bbox 2951 3061 3170 3130; x_wconf 83' lang='lat' dir='ltr'><strong>propter</strong></span> <span class='ocrx_word' id='word_1_453' title='bbox 3198 3061 3589 3131; x_wconf 83' lang='lat' dir='ltr'><strong>sententiarum</strong></span> <span class='ocrx_word' id='word_1_454' title='bbox 3622 3076 3737 3127; x_wconf 85' lang='lat' dir='ltr'><strong>gra-</strong></span> 
     </span>
    </p>
   </div>
   <div class='ocr_carea' id='block_1_58' title="bbox 2176 3130 3739 3201">
    <p class='ocr_par' dir='ltr' id='par_1_58' title="bbox 2176 3130 3739 3201">
     <span class='ocr_line' id='line_1_58' title="bbox 2176 3130 3739 3201; baseline -0.004 -12"><span class='ocrx_word' id='word_1_455' title='bbox 2176 3140 2412 3196; x_wconf 87' lang='lat' dir='ltr'><strong>vitatem,</strong></span> <span class='ocrx_word' id='word_1_456' title='bbox 2468 3150 2599 3201; x_wconf 88' lang='lat' dir='ltr'><strong>quas</strong></span> <span class='ocrx_word' id='word_1_457' title='bbox 2665 3130 2775 3187; x_wconf 87' lang='lat' dir='ltr'><strong>suis</strong></span> <span class='ocrx_word' id='word_1_458' title='bbox 2830 3133 3161 3197; x_wconf 81' lang='lat' dir='ltr'><strong>poematibus</strong></span> <span class='ocrx_word' id='word_1_459' title='bbox 3209 3134 3489 3186; x_wconf 64' lang='lat' dir='ltr'><strong>insareret.</strong></span> <span class='ocrx_word' id='word_1_460' title='bbox 3547 3130 3739 3201; x_wconf 7' lang='lat' dir='ltr'><strong>Pii-mter</strong></span> 
     </span>
    </p>
   </div>
   <div class='ocr_carea' id='block_1_59' title="bbox 504 3195 3741 3274">
    <p class='ocr_par' dir='ltr' id='par_1_59' title="bbox 504 3195 3741 3274">
     <span class='ocr_line' id='line_1_59' title="bbox 504 3195 3741 3274; baseline -0.007 -2"><span class='ocrx_word' id='word_1_461' title='bbox 504 3195 789 3274; x_wconf 61' lang='grc' dir='ltr'><strong>ἐφετέδεει-</strong></span> <span class='ocrx_word' id='word_1_462' title='bbox 810 3207 959 3271; x_wconf 72' lang='grc' dir='ltr'><strong>Ουοά</strong></span> <span class='ocrx_word' id='word_1_463' title='bbox 989 3223 1092 3259; x_wconf 74' lang='lat' dir='ltr'><strong>non</strong></span> <span class='ocrx_word' id='word_1_464' title='bbox 1119 3221 1183 3259; x_wconf 79' lang='lat'><strong>60</strong></span> <span class='ocrx_word' id='word_1_465' title='bbox 1212 3220 1241 3256; x_wconf 78' lang='lat' dir='ltr'><strong>a</strong></span> <span class='ocrx_word' id='word_1_466' title='bbox 1272 3195 1423 3257; x_wconf 60' lang='lat' dir='ltr'><strong>nobis</strong></span> <span class='ocrx_word' id='word_1_467' title='bbox 1454 3202 1665 3274; x_wconf 74' lang='lat' dir='ltr'><strong>dicitur,</strong></span> <span class='ocrx_word' id='word_1_468' title='bbox 1690 3201 1853 3274; x_wconf 71' lang='lat' dir='ltr'><strong>quasi</strong></span> <span class='ocrx_word' id='word_1_469' title='bbox 1873 3199 2069 3274; x_wconf 80' lang='lat' dir='ltr'><strong>Roma-</strong></span> <span class='ocrx_word' id='word_1_470' title='bbox 2100 3195 2144 3255; x_wconf 92' lang='lat' dir='ltr'><strong><em>C</em></strong></span> <span class='ocrx_word' id='word_1_471' title='bbox 2178 3208 2273 3259; x_wconf 88' lang='lat' dir='ltr'><strong>hos</strong></span> <span class='ocrx_word' id='word_1_472' title='bbox 2295 3247 2307 3267; x_wconf 92' lang='lat'><strong>,</strong></span> <span class='ocrx_word' id='word_1_473' title='bbox 2356 3195 2618 3256; x_wconf 72' lang='lat' dir='ltr'><strong>Senecam</strong></span> <span class='ocrx_word' id='word_1_474' title='bbox 2650 3195 3537 3274; x_wconf 70' lang='lat' dir='ltr'><strong>Cordubensein_philosophorum</strong></span> <span class='ocrx_word' id='word_1_475' title='bbox 3588 3200 3741 3252; x_wconf 85' lang='lat' dir='ltr'><strong>facile</strong></span> 
     </span>
    </p>
   </div>
   <div class='ocr_carea' id='block_1_60' title="bbox 507 3269 2071 3350">
    <p class='ocr_par' dir='ltr' id='par_1_60' title="bbox 507 3269 2071 3350">
     <span class='ocr_line' id='line_1_60' title="bbox 507 3269 2071 3350; baseline -0.007 -20"><span class='ocrx_word' id='word_1_476' title='bbox 507 3269 606 3350; x_wconf 73' lang='lat' dir='ltr'><strong>lftls</strong></span> <span class='ocrx_word' id='word_1_477' title='bbox 652 3269 846 3350; x_wconf 66' lang='lat' dir='ltr'><strong>sermo</strong></span> <span class='ocrx_word' id='word_1_478' title='bbox 868 3291 931 3328; x_wconf 87' lang='lat' dir='ltr'><strong>ea</strong></span> <span class='ocrx_word' id='word_1_479' title='bbox 983 3285 1108 3350; x_wconf 78' lang='lat' dir='ltr'><strong>tunc</strong></span> <span class='ocrx_word' id='word_1_480' title='bbox 1154 3276 1291 3327; x_wconf 87' lang='lat' dir='ltr'><strong>inter</strong></span> <span class='ocrx_word' id='word_1_481' title='bbox 1321 3289 1417 3350; x_wconf 72' lang='lat' dir='ltr'><strong>nos</strong></span> <span class='ocrx_word' id='word_1_482' title='bbox 1470 3271 1781 3350; x_wconf 71' lang='lat' dir='ltr'><strong>puritateet</strong></span> <span class='ocrx_word' id='word_1_483' title='bbox 1808 3269 2071 3350; x_wconf 62' lang='lat' dir='ltr'><strong>elegantia</strong></span> 
     </span>
    </p>
   </div>
   <div class='ocr_carea' id='block_1_61' title="bbox 508 3338 2073 3413">
    <p class='ocr_par' dir='ltr' id='par_1_61' title="bbox 508 3338 2073 3413">
     <span class='ocr_line' id='line_1_61' title="bbox 508 3338 2073 3413; baseline -0.005 -16"><span class='ocrx_word' id='word_1_484' title='bbox 508 3347 901 3413; x_wconf 79' lang='lat' dir='ltr'><strong>vigueritqnam</strong></span> <span class='ocrx_word' id='word_1_485' title='bbox 932 3345 1137 3397; x_wconf 61' lang='lat' dir='ltr'><strong>seculis</strong></span> <span class='ocrx_word' id='word_1_486' title='bbox 1161 3338 1585 3413; x_wconf 65' lang='lat' dir='ltr'><strong>prtecedentibus</strong></span> <span class='ocrx_word' id='word_1_487' title='bbox 1610 3339 1931 3413; x_wconf 80' lang='lat' dir='ltr'><strong>obtinuerat.</strong></span> <span class='ocrx_word' id='word_1_488' title='bbox 1958 3338 2073 3413; x_wconf 78' lang='lat' dir='ltr'><strong>Non</strong></span> 
     </span>
    </p>
   </div>
   <div class='ocr_carea' id='block_1_62' title="bbox 507 3406 2071 3480">
    <p class='ocr_par' dir='ltr' id='par_1_62' title="bbox 507 3406 2071 3480">
     <span class='ocr_line' id='line_1_62' title="bbox 507 3406 2071 3480; baseline -0.006 -14"><span class='ocrx_word' id='word_1_489' title='bbox 507 3406 646 3466; x_wconf 79' lang='lat' dir='ltr'><strong>enim</strong></span> <span class='ocrx_word' id='word_1_490' title='bbox 697 3415 729 3467; x_wconf 92' lang='lat' dir='ltr'><strong>ii</strong></span> <span class='ocrx_word' id='word_1_491' title='bbox 760 3406 955 3465; x_wconf 52' lang='lat' dir='ltr'><strong>&#39;suinus</strong></span> <span class='ocrx_word' id='word_1_492' title='bbox 999 3414 1084 3480; x_wconf 93' lang='lat' dir='ltr'><strong>qui</strong></span> <span class='ocrx_word' id='word_1_493' title='bbox 1135 3406 1255 3479; x_wconf 81' lang='lat' dir='ltr'><strong>plus</strong></span> <span class='ocrx_word' id='word_1_494' title='bbox 1282 3425 1436 3474; x_wconf 80' lang='lat' dir='ltr'><strong>:equo</strong></span> <span class='ocrx_word' id='word_1_495' title='bbox 1467 3409 1568 3462; x_wconf 88' lang='lat' dir='ltr'><strong>illis</strong></span> <span class='ocrx_word' id='word_1_496' title='bbox 1599 3407 1928 3480; x_wconf 78' lang='lat' dir='ltr'><strong>temporibus</strong></span> <span class='ocrx_word' id='word_1_497' title='bbox 1974 3406 2071 3457; x_wconf 87' lang='lat' dir='ltr'><strong>tri-</strong></span> 
     </span>
    </p>
   </div>
   <div class='ocr_carea' id='block_1_63' title="bbox 509 3475 2069 3547">
    <p class='ocr_par' dir='ltr' id='par_1_63' title="bbox 509 3475 2069 3547">
     <span class='ocr_line' id='line_1_63' title="bbox 509 3475 2069 3547; baseline -0.006 -12"><span class='ocrx_word' id='word_1_498' title='bbox 509 3484 751 3535; x_wconf 87' lang='lat' dir='ltr'><strong>buamus.</strong></span> <span class='ocrx_word' id='word_1_499' title='bbox 784 3480 889 3535; x_wconf 78' lang='lat' dir='ltr'><strong>Sed</strong></span> <span class='ocrx_word' id='word_1_500' title='bbox 913 3475 1038 3533; x_wconf 80' lang='lat' dir='ltr'><strong>vero</strong></span> <span class='ocrx_word' id='word_1_501' title='bbox 1059 3475 1254 3547; x_wconf 79' lang='lat' dir='ltr'><strong>justam</strong></span> <span class='ocrx_word' id='word_1_502' title='bbox 1280 3479 1487 3531; x_wconf 90' lang='lat' dir='ltr'><strong>illorum</strong></span> <span class='ocrx_word' id='word_1_503' title='bbox 1513 3478 1769 3547; x_wconf 85' lang='lat' dir='ltr'><strong>rationem</strong></span> <span class='ocrx_word' id='word_1_504' title='bbox 1795 3475 2069 3547; x_wconf 83' lang='lat' dir='ltr'><strong>habentes,</strong></span> 
     </span>
    </p>
   </div>
   <div class='ocr_carea' id='block_1_64' title="bbox 509 3544 2073 3617">
    <p class='ocr_par' dir='ltr' id='par_1_64' title="bbox 509 3544 2073 3617">
     <span class='ocr_line' id='line_1_64' title="bbox 509 3544 2073 3617; baseline -0.004 -16"><span class='ocrx_word' id='word_1_505' title='bbox 509 3559 669 3616; x_wconf 88' lang='lat' dir='ltr'><strong>atque</strong></span> <span class='ocrx_word' id='word_1_506' title='bbox 711 3551 941 3615; x_wconf 89' lang='lat' dir='ltr'><strong>reliquas</strong></span> <span class='ocrx_word' id='word_1_507' title='bbox 971 3544 1194 3617; x_wconf 76' lang='lat' dir='ltr'><strong>Europae</strong></span> <span class='ocrx_word' id='word_1_508' title='bbox 1236 3545 1743 3617; x_wconf 19' lang='lat' dir='ltr'><strong>proiincias‘animo</strong></span> <span class='ocrx_word' id='word_1_509' title='bbox 1775 3552 1958 3595; x_wconf 90' lang='lat' dir='ltr'><strong>nostro</strong></span> <span class='ocrx_word' id='word_1_510' title='bbox 1989 3544 2073 3617; x_wconf 65' lang='grc' dir='ltr'><strong>ιυτ</strong></span> 
     </span>
    </p>
   </div>
   <div class='ocr_carea' id='block_1_65' title="bbox 507 3611 2074 3686">
    <p class='ocr_par' dir='ltr' id='par_1_65' title="bbox 507 3611 2074 3686">
     <span class='ocr_line' id='line_1_65' title="bbox 507 3611 2074 3686; baseline -0.006 -14"><span class='ocrx_word' id='word_1_511' title='bbox 507 3611 759 3679; x_wconf 78' lang='lat' dir='ltr'><strong>strantes,</strong></span> <span class='ocrx_word' id='word_1_512' title='bbox 786 3611 903 3685; x_wconf 79' lang='lat' dir='ltr'><strong>qua:</strong></span> <span class='ocrx_word' id='word_1_513' title='bbox 929 3618 1052 3672; x_wconf 92' lang='lat' dir='ltr'><strong>olim</strong></span> <span class='ocrx_word' id='word_1_514' title='bbox 1080 3611 1405 3686; x_wconf 64' lang='lat' dir='ltr'><strong>politissima:</strong></span> <span class='ocrx_word' id='word_1_515' title='bbox 1436 3629 1497 3686; x_wconf 83' lang='lat' dir='ltr'><strong>ac</strong></span> <span class='ocrx_word' id='word_1_516' title='bbox 1528 3614 1779 3686; x_wconf 73' lang='lat' dir='ltr'><strong>florentes</strong></span> <span class='ocrx_word' id='word_1_517' title='bbox 1802 3611 2074 3686; x_wconf 80' lang='lat' dir='ltr'><strong>communi</strong></span> 
     </span>
    </p>
   </div>
   <div class='ocr_carea' id='block_1_66' title="bbox 512 3680 2075 3753">
    <p class='ocr_par' dir='ltr' id='par_1_66' title="bbox 512 3680 2075 3753">
     <span class='ocr_line' id='line_1_66' title="bbox 512 3680 2075 3753; baseline -0.005 -15"><span class='ocrx_word' id='word_1_518' title='bbox 512 3703 635 3739; x_wconf 90' lang='lat' dir='ltr'><strong>cum</strong></span> <span class='ocrx_word' id='word_1_519' title='bbox 670 3680 915 3753; x_wconf 76' lang='lat' dir='ltr'><strong>llispania</strong></span> <span class='ocrx_word' id='word_1_520' title='bbox 946 3686 1055 3738; x_wconf 86' lang='lat' dir='ltr'><strong>fato</strong></span> <span class='ocrx_word' id='word_1_521' title='bbox 1082 3680 1291 3753; x_wconf 79' lang='lat' dir='ltr'><strong>obruta:</strong></span> <span class='ocrx_word' id='word_1_522' title='bbox 1322 3684 1419 3735; x_wconf 88' lang='lat' dir='ltr'><strong>sub</strong></span> <span class='ocrx_word' id='word_1_523' title='bbox 1450 3681 1800 3753; x_wconf 76' lang='lat' dir='ltr'><strong>barbarorum</strong></span> <span class='ocrx_word' id='word_1_524' title='bbox 1831 3680 2075 3753; x_wconf 85' lang='lat' dir='ltr'><strong>domina-</strong></span> 
     </span>
    </p>
   </div>
   <div class='ocr_carea' id='block_1_67' title="bbox 513 3749 2072 3821">
    <p class='ocr_par' dir='ltr' id='par_1_67' title="bbox 513 3749 2072 3821">
     <span class='ocr_line' id='line_1_67' title="bbox 513 3749 2072 3821; baseline -0.004 -16"><span class='ocrx_word' id='word_1_525' title='bbox 513 3756 660 3807; x_wconf 87' lang='lat' dir='ltr'><strong>tione</strong></span> <span class='ocrx_word' id='word_1_526' title='bbox 710 3749 979 3821; x_wconf 54' lang='lat' dir='ltr'><strong>ja&#39;cebant,</strong></span> <span class='ocrx_word' id='word_1_527' title='bbox 1025 3768 1130 3806; x_wconf 91' lang='lat' dir='ltr'><strong>non</strong></span> <span class='ocrx_word' id='word_1_528' title='bbox 1160 3752 1277 3821; x_wconf 81' lang='lat' dir='ltr'><strong>sine</strong></span> <span class='ocrx_word' id='word_1_529' title='bbox 1309 3763 1495 3821; x_wconf 87' lang='lat' dir='ltr'><strong>magna</strong></span> <span class='ocrx_word' id='word_1_530' title='bbox 1520 3749 1855 3821; x_wconf 73' lang='lat' dir='ltr'><strong>iucunditate</strong></span> <span class='ocrx_word' id='word_1_531' title='bbox 1885 3749 2072 3821; x_wconf 72' lang='lat' dir='ltr'><strong>obser-</strong></span> 
     </span>
    </p>
   </div>
   <div class='ocr_carea' id='block_1_68' title="bbox 513 3816 2074 3889">
    <p class='ocr_par' dir='ltr' id='par_1_68' title="bbox 513 3816 2074 3889">
     <span class='ocr_line' id='line_1_68' title="bbox 513 3816 2074 3889; baseline -0.003 -17"><span class='ocrx_word' id='word_1_532' title='bbox 513 3816 969 3889; x_wconf 51' lang='lat' dir='ltr'><strong>vamus&#39;majores</strong></span> <span class='ocrx_word' id='word_1_533' title='bbox 1014 3830 1176 3887; x_wconf 86' lang='lat' dir='ltr'><strong>atque</strong></span> <span class='ocrx_word' id='word_1_534' title='bbox 1231 3820 1545 3889; x_wconf 86' lang='lat' dir='ltr'><strong>illustriores</strong></span> <span class='ocrx_word' id='word_1_535' title='bbox 1574 3816 2074 3889; x_wconf 73' lang='lat' dir='ltr'><strong>omnigenmerudi-</strong></span> 
     </span>
    </p>
   </div>
   <div class='ocr_carea' id='block_1_69' title="bbox 516 3884 2074 3953">
    <p class='ocr_par' dir='ltr' id='par_1_69' title="bbox 516 3884 2074 3953">
     <span class='ocr_line' id='line_1_69' title="bbox 516 3884 2074 3953; baseline -0.004 -11"><span class='ocrx_word' id='word_1_536' title='bbox 516 3892 676 3943; x_wconf 86' lang='lat' dir='ltr'><strong>tionis</strong></span> <span class='ocrx_word' id='word_1_537' title='bbox 724 3905 786 3943; x_wconf 91' lang='lat' dir='ltr'><strong>ac</strong></span> <span class='ocrx_word' id='word_1_538' title='bbox 824 3884 998 3942; x_wconf 79' lang='lat' dir='ltr'><strong>Latini</strong></span> <span class='ocrx_word' id='word_1_539' title='bbox 1026 3884 1291 3941; x_wconf 72' lang='lat' dir='ltr'><strong>sermonis</strong></span> <span class='ocrx_word' id='word_1_540' title='bbox 1318 3887 1569 3953; x_wconf 84' lang='lat' dir='ltr'><strong>reliquias</strong></span> <span class='ocrx_word' id='word_1_541' title='bbox 1599 3886 1650 3938; x_wconf 90' lang='lat' dir='ltr'><strong>in</strong></span> <span class='ocrx_word' id='word_1_542' title='bbox 1684 3884 1934 3951; x_wconf 86' lang='lat' dir='ltr'><strong>llispania</strong></span> <span class='ocrx_word' id='word_1_543' title='bbox 1968 3900 2074 3951; x_wconf 73' lang='lat' dir='ltr'><strong>pra:</strong></span> 
     </span>
    </p>
   </div>
   <div class='ocr_carea' id='block_1_70' title="bbox 512 3953 2075 4036">
    <p class='ocr_par' dir='ltr' id='par_1_70' title="bbox 512 3953 2075 4036">
     <span class='ocr_line' id='line_1_70' title="bbox 512 3953 2075 4036; baseline -0.001 -30"><span class='ocrx_word' id='word_1_544' title='bbox 512 3960 720 4012; x_wconf 64' lang='lat' dir='ltr'><strong>casteria</strong></span> <span class='ocrx_word' id='word_1_545' title='bbox 766 3958 1071 4036; x_wconf 72' lang='lat' dir='ltr'><strong>regionibus</strong></span> <span class='ocrx_word' id='word_1_546' title='bbox 1112 3970 1143 4010; x_wconf 89' lang='lat' dir='ltr'><strong>a</strong></span> <span class='ocrx_word' id='word_1_547' title='bbox 1192 3955 1446 4010; x_wconf 77' lang='lat' dir='ltr'><strong>Romanis</strong></span> <span class='ocrx_word' id='word_1_548' title='bbox 1500 3953 1785 4020; x_wconf 89' lang='lat' dir='ltr'><strong>aliquando</strong></span> <span class='ocrx_word' id='word_1_549' title='bbox 1842 3954 2075 4007; x_wconf 84' lang='lat' dir='ltr'><strong>subactis</strong></span> 
     </span>
    </p>
   </div>
   <div class='ocr_carea' id='block_1_71' title="bbox 515 4040 885 4096">
    <p class='ocr_par' dir='ltr' id='par_1_71' title="bbox 515 4040 885 4096">
     <span class='ocr_line' id='line_1_71' title="bbox 515 4040 885 4096; baseline 0.011 -21"><span class='ocrx_word' id='word_1_550' title='bbox 515 4040 885 4096; x_wconf 60' lang='lat' dir='ltr'><strong>permansisse.</strong></span> 
     </span>
    </p>
   </div>
   <div class='ocr_carea' id='block_1_72' title="bbox 590 4110 2076 4181">
    <p class='ocr_par' dir='ltr' id='par_1_72' title="bbox 590 4110 2076 4181">
     <span class='ocr_line' id='line_1_72' title="bbox 590 4110 2076 4181; baseline -0.002 -17"><span class='ocrx_word' id='word_1_551' title='bbox 590 4114 737 4178; x_wconf 85' lang='lat' dir='ltr'><strong>Quod</strong></span> <span class='ocrx_word' id='word_1_552' title='bbox 767 4122 946 4168; x_wconf 84' lang='lat' dir='ltr'><strong>nostro</strong></span> <span class='ocrx_word' id='word_1_553' title='bbox 973 4114 1218 4181; x_wconf 85' lang='lat' dir='ltr'><strong>equidem</strong></span> <span class='ocrx_word' id='word_1_554' title='bbox 1237 4113 1435 4181; x_wconf 87' lang='lat' dir='ltr'><strong>judicio</strong></span> <span class='ocrx_word' id='word_1_555' title='bbox 1460 4112 1579 4166; x_wconf 80' lang='lat' dir='ltr'><strong>dua:</strong></span> <span class='ocrx_word' id='word_1_556' title='bbox 1600 4110 1863 4178; x_wconf 67' lang='lat' dir='ltr'><strong>praecipue</strong></span> <span class='ocrx_word' id='word_1_557' title='bbox 1886 4124 1968 4181; x_wconf 89' lang='lat' dir='ltr'><strong>res</strong></span> <span class='ocrx_word' id='word_1_558' title='bbox 1999 4110 2076 4163; x_wconf 88' lang='lat' dir='ltr'><strong>ef-</strong></span> 
     </span>
    </p>
   </div>
   <div class='ocr_carea' id='block_1_73' title="bbox 519 4180 2076 4247">
    <p class='ocr_par' dir='ltr' id='par_1_73' title="bbox 519 4180 2076 4247">
     <span class='ocr_line' id='line_1_73' title="bbox 519 4180 2076 4247; baseline -0.002 -13"><span class='ocrx_word' id='word_1_559' title='bbox 519 4182 777 4235; x_wconf 87' lang='lat' dir='ltr'><strong>fecerunt.</strong></span> <span class='ocrx_word' id='word_1_560' title='bbox 820 4180 1185 4247; x_wconf 25' lang='lat' dir='ltr'><strong>Prima,’quod</strong></span> <span class='ocrx_word' id='word_1_561' title='bbox 1216 4180 1314 4233; x_wconf 89' lang='lat' dir='ltr'><strong>sub</strong></span> <span class='ocrx_word' id='word_1_562' title='bbox 1347 4183 1707 4233; x_wconf 75' lang='lat' dir='ltr'><strong>Romanorum</strong></span> <span class='ocrx_word' id='word_1_563' title='bbox 1740 4180 1963 4247; x_wconf 86' lang='lat' dir='ltr'><strong>imperio</strong></span> <span class='ocrx_word' id='word_1_564' title='bbox 1996 4185 2076 4243; x_wconf 81' lang='lat' dir='ltr'><strong>(ut</strong></span> 
     </span>
    </p>
   </div>
   <div class='ocr_carea' id='block_1_74' title="bbox 522 4248 2074 4313">
    <p class='ocr_par' dir='ltr' id='par_1_74' title="bbox 522 4248 2074 4313">
     <span class='ocr_line' id='line_1_74' title="bbox 522 4248 2074 4313; baseline -0.003 -10"><span class='ocrx_word' id='word_1_565' title='bbox 522 4251 650 4303; x_wconf 90' lang='lat' dir='ltr'><strong>nihil</strong></span> <span class='ocrx_word' id='word_1_566' title='bbox 694 4250 765 4304; x_wconf 85' lang='lat' dir='ltr'><strong>de</strong></span> <span class='ocrx_word' id='word_1_567' title='bbox 822 4248 1162 4304; x_wconf 67' lang='lat' dir='ltr'><strong>Phoenicibus</strong></span> <span class='ocrx_word' id='word_1_568' title='bbox 1209 4259 1264 4303; x_wconf 77' lang='lat' dir='ltr'><strong>et</strong></span> <span class='ocrx_word' id='word_1_569' title='bbox 1311 4249 1511 4301; x_wconf 67' lang='lat' dir='ltr'><strong>Graecis</strong></span> <span class='ocrx_word' id='word_1_570' title='bbox 1562 4250 1815 4309; x_wconf 88' lang='lat' dir='ltr'><strong>dicamus,</strong></span> <span class='ocrx_word' id='word_1_571' title='bbox 1848 4263 2074 4313; x_wconf 90' lang='lat' dir='ltr'><strong>quorum</strong></span> 
     </span>
    </p>
   </div>
   <div class='ocr_carea' id='block_1_75' title="bbox 518 4318 2076 4383">
    <p class='ocr_par' dir='ltr' id='par_1_75' title="bbox 518 4318 2076 4383">
     <span class='ocr_line' id='line_1_75' title="bbox 518 4318 2076 4383; baseline -0.002 -12"><span class='ocrx_word' id='word_1_572' title='bbox 518 4320 759 4373; x_wconf 86' lang='lat' dir='ltr'><strong>doctrina</strong></span> <span class='ocrx_word' id='word_1_573' title='bbox 786 4320 950 4373; x_wconf 89' lang='lat' dir='ltr'><strong>multo</strong></span> <span class='ocrx_word' id='word_1_574' title='bbox 981 4328 1103 4371; x_wconf 91' lang='lat' dir='ltr'><strong>ante</strong></span> <span class='ocrx_word' id='word_1_575' title='bbox 1124 4318 1297 4371; x_wconf 79' lang='lat' dir='ltr'><strong>excoli</strong></span> <span class='ocrx_word' id='word_1_576' title='bbox 1338 4326 1509 4383; x_wconf 72' lang='lat' dir='ltr'><strong>empta</strong></span> <span class='ocrx_word' id='word_1_577' title='bbox 1540 4320 1656 4382; x_wconf 90' lang='lat' dir='ltr'><strong>est)</strong></span> <span class='ocrx_word' id='word_1_578' title='bbox 1690 4331 1790 4367; x_wconf 88' lang='lat' dir='ltr'><strong>una</strong></span> <span class='ocrx_word' id='word_1_579' title='bbox 1826 4318 2076 4383; x_wconf 82' lang='lat' dir='ltr'><strong>Hispania</strong></span> 
     </span>
    </p>
   </div>
   <div class='ocr_carea' id='block_1_76' title="bbox 521 4384 2073 4451">
    <p class='ocr_par' dir='ltr' id='par_1_76' title="bbox 521 4384 2073 4451">
     <span class='ocr_line' id='line_1_76' title="bbox 521 4384 2073 4451; baseline -0.003 -12"><span class='ocrx_word' id='word_1_580' title='bbox 521 4398 644 4440; x_wconf 88' lang='lat' dir='ltr'><strong>ante</strong></span> <span class='ocrx_word' id='word_1_581' title='bbox 687 4388 815 4440; x_wconf 80' lang='lat' dir='ltr'><strong>alias</strong></span> <span class='ocrx_word' id='word_1_582' title='bbox 846 4388 1090 4441; x_wconf 88' lang='lat' dir='ltr'><strong>nationes</strong></span> <span class='ocrx_word' id='word_1_583' title='bbox 1120 4385 1332 4439; x_wconf 88' lang='lat' dir='ltr'><strong>Latinas</strong></span> <span class='ocrx_word' id='word_1_584' title='bbox 1374 4388 1577 4439; x_wconf 90' lang='lat' dir='ltr'><strong>litteras</strong></span> <span class='ocrx_word' id='word_1_585' title='bbox 1606 4384 1907 4451; x_wconf 75' lang='lat' dir='ltr'><strong>amplexata</strong></span> <span class='ocrx_word' id='word_1_586' title='bbox 1958 4384 2073 4449; x_wconf 73' lang='lat' dir='ltr'><strong>fuit,</strong></span> 
     </span>
    </p>
   </div>
   <div class='ocr_carea' id='block_1_77' title="bbox 524 4454 2075 4521">
    <p class='ocr_par' dir='ltr' id='par_1_77' title="bbox 524 4454 2075 4521">
     <span class='ocr_line' id='line_1_77' title="bbox 524 4454 2075 4521; baseline -0.001 -14"><span class='ocrx_word' id='word_1_587' title='bbox 524 4456 865 4521; x_wconf 70' lang='lat' dir='ltr'><strong>Romamque</strong></span> <span class='ocrx_word' id='word_1_588' title='bbox 894 4456 1065 4508; x_wconf 88' lang='lat' dir='ltr'><strong>studia</strong></span> <span class='ocrx_word' id='word_1_589' title='bbox 1095 4470 1298 4507; x_wconf 85' lang='lat' dir='ltr'><strong>summa</strong></span> <span class='ocrx_word' id='word_1_590' title='bbox 1331 4456 1491 4507; x_wconf 89' lang='lat' dir='ltr'><strong>animi</strong></span> <span class='ocrx_word' id='word_1_591' title='bbox 1521 4454 1866 4506; x_wconf 84' lang='lat' dir='ltr'><strong>contentione</strong></span> <span class='ocrx_word' id='word_1_592' title='bbox 1892 4468 2075 4519; x_wconf 86' lang='lat' dir='ltr'><strong>prose-</strong></span> 
     </span>
    </p>
   </div>
   <div class='ocr_carea' id='block_1_78' title="bbox 2176 3270 3739 3342">
    <p class='ocr_par' dir='ltr' id='par_1_78' title="bbox 2176 3270 3739 3342">
     <span class='ocr_line' id='line_1_78' title="bbox 2176 3270 3739 3342; baseline -0.004 -17"><span class='ocrx_word' id='word_1_593' title='bbox 2176 3274 2464 3342; x_wconf 68' lang='lat' dir='ltr'><strong>prini-ipem</strong></span> <span class='ocrx_word' id='word_1_594' title='bbox 2488 3314 2501 3335; x_wconf 93' lang='lat'><strong>,</strong></span> <span class='ocrx_word' id='word_1_595' title='bbox 2545 3280 2595 3342; x_wconf 89' lang='lat' dir='ltr'><strong>et</strong></span> <span class='ocrx_word' id='word_1_596' title='bbox 2644 3271 3020 3342; x_wconf 81' lang='lat' dir='ltr'><strong>Quintilianum</strong></span> <span class='ocrx_word' id='word_1_597' title='bbox 3051 3270 3487 3342; x_wconf 80' lang='lat' dir='ltr'><strong>Calaguritanum</strong></span> <span class='ocrx_word' id='word_1_598' title='bbox 3522 3284 3739 3342; x_wconf 79' lang='lat' dir='ltr'><strong>aureum</strong></span> 
     </span>
    </p>
   </div>
   <div class='ocr_carea' id='block_1_79' title="bbox 2175 3337 3740 3405">
    <p class='ocr_par' dir='ltr' id='par_1_79' title="bbox 2175 3337 3740 3405">
     <span class='ocr_line' id='line_1_79' title="bbox 2175 3337 3740 3405; baseline -0.006 -10"><span class='ocrx_word' id='word_1_599' title='bbox 2175 3337 2506 3405; x_wconf 62' lang='lat' dir='ltr'><strong>si‘:riptorem,</strong></span> <span class='ocrx_word' id='word_1_600' title='bbox 2538 3340 2829 3391; x_wconf 67' lang='lat' dir='ltr'><strong>fllClUl&#39;lCt‘S</strong></span> <span class='ocrx_word' id='word_1_601' title='bbox 2856 3342 3189 3403; x_wconf 88' lang='lat' dir='ltr'><strong>magistrum,</strong></span> <span class='ocrx_word' id='word_1_602' title='bbox 3235 3353 3301 3391; x_wconf 82' lang='lat' dir='ltr'><strong>ex</strong></span> <span class='ocrx_word' id='word_1_603' title='bbox 3345 3337 3507 3405; x_wconf 82' lang='lat' dir='ltr'><strong>cujus</strong></span> <span class='ocrx_word' id='word_1_604' title='bbox 3560 3337 3740 3391; x_wconf 84' lang='lat' dir='ltr'><strong>schola</strong></span> 
     </span>
    </p>
   </div>
   <div class='ocr_carea' id='block_1_80' title="bbox 2175 3408 3743 3475">
    <p class='ocr_par' dir='ltr' id='par_1_80' title="bbox 2175 3408 3743 3475">
     <span class='ocr_line' id='line_1_80' title="bbox 2175 3408 3743 3475; baseline -0.005 -11"><span class='ocrx_word' id='word_1_605' title='bbox 2175 3412 2326 3464; x_wconf 88' lang='lat' dir='ltr'><strong>multi</strong></span> <span class='ocrx_word' id='word_1_606' title='bbox 2368 3410 2519 3475; x_wconf 87' lang='lat' dir='ltr'><strong>quasi</strong></span> <span class='ocrx_word' id='word_1_607' title='bbox 2568 3423 2634 3460; x_wconf 78' lang='lat' dir='ltr'><strong>ex</strong></span> <span class='ocrx_word' id='word_1_608' title='bbox 2682 3421 2819 3473; x_wconf 89' lang='lat' dir='ltr'><strong>equo</strong></span> <span class='ocrx_word' id='word_1_609' title='bbox 2865 3408 3097 3475; x_wconf 81' lang='lat' dir='ltr'><strong>Trojano</strong></span> <span class='ocrx_word' id='word_1_610' title='bbox 3151 3409 3443 3459; x_wconf 88' lang='lat' dir='ltr'><strong>litterarum</strong></span> <span class='ocrx_word' id='word_1_611' title='bbox 3494 3420 3743 3475; x_wconf 69' lang='lat' dir='ltr'><strong>proceres</strong></span> 
     </span>
    </p>
   </div>
   <div class='ocr_carea' id='block_1_81' title="bbox 2175 3473 3741 3542">
    <p class='ocr_par' dir='ltr' id='par_1_81' title="bbox 2175 3473 3741 3542">
     <span class='ocr_line' id='line_1_81' title="bbox 2175 3473 3741 3542; baseline -0.005 -9"><span class='ocrx_word' id='word_1_612' title='bbox 2175 3473 2512 3542; x_wconf 76' lang='lat' dir='ltr'><strong>exstiterunt,</strong></span> <span class='ocrx_word' id='word_1_613' title='bbox 2561 3485 2616 3529; x_wconf 89' lang='lat' dir='ltr'><strong>ut</strong></span> <span class='ocrx_word' id='word_1_614' title='bbox 2648 3476 2878 3541; x_wconf 89' lang='lat' dir='ltr'><strong>loquitur</strong></span> <span class='ocrx_word' id='word_1_615' title='bbox 2926 3474 3235 3528; x_wconf 84' lang='lat' dir='ltr'><strong>Politianus.</strong></span> <span class='ocrx_word' id='word_1_616' title='bbox 3271 3476 3418 3527; x_wconf 84' lang='lat' dir='ltr'><strong>Adeo</strong></span> <span class='ocrx_word' id='word_1_617' title='bbox 3449 3484 3511 3525; x_wconf 89' lang='lat' dir='ltr'><strong>ut</strong></span> <span class='ocrx_word' id='word_1_618' title='bbox 3558 3473 3741 3540; x_wconf 65' lang='lat' dir='ltr'><strong>Hispa-</strong></span> 
     </span>
    </p>
   </div>
   <div class='ocr_carea' id='block_1_82' title="bbox 2179 3543 3739 3611">
    <p class='ocr_par' dir='ltr' id='par_1_82' title="bbox 2179 3543 3739 3611">
     <span class='ocr_line' id='line_1_82' title="bbox 2179 3543 3739 3611; baseline -0.005 -10"><span class='ocrx_word' id='word_1_619' title='bbox 2179 3549 2231 3601; x_wconf 86' lang='lat' dir='ltr'><strong>ni</strong></span> <span class='ocrx_word' id='word_1_620' title='bbox 2262 3557 2315 3601; x_wconf 88' lang='lat' dir='ltr'><strong>et</strong></span> <span class='ocrx_word' id='word_1_621' title='bbox 2334 3546 2573 3599; x_wconf 86' lang='lat' dir='ltr'><strong>ﬂorentis</strong></span> <span class='ocrx_word' id='word_1_622' title='bbox 2596 3545 2898 3611; x_wconf 64' lang='lat' dir='ltr'><strong>reipublica:</strong></span> <span class='ocrx_word' id='word_1_623' title='bbox 2919 3543 3141 3610; x_wconf 83' lang='lat' dir='ltr'><strong>gloriam</strong></span> <span class='ocrx_word' id='word_1_624' title='bbox 3167 3558 3275 3596; x_wconf 74' lang='lat' dir='ltr'><strong>sure</strong></span> <span class='ocrx_word' id='word_1_625' title='bbox 3304 3544 3567 3596; x_wconf 71' lang='lat' dir='ltr'><strong>doctrinae</strong></span> <span class='ocrx_word' id='word_1_626' title='bbox 3596 3544 3739 3595; x_wconf 85' lang='lat' dir='ltr'><strong>Iumi-</strong></span> 
     </span>
    </p>
   </div>
   <div class='ocr_carea' id='block_1_83' title="bbox 2176 3612 3740 3676">
    <p class='ocr_par' dir='ltr' id='par_1_83' title="bbox 2176 3612 3740 3676">
     <span class='ocr_line' id='line_1_83' title="bbox 2176 3612 3740 3676; baseline -0.005 -7"><span class='ocrx_word' id='word_1_627' title='bbox 2176 3632 2243 3669; x_wconf 86' lang='lat' dir='ltr'><strong>ne</strong></span> <span class='ocrx_word' id='word_1_628' title='bbox 2288 3615 2716 3676; x_wconf 72' lang='lat' dir='ltr'><strong>cumulaverint,</strong></span> <span class='ocrx_word' id='word_1_629' title='bbox 2772 3619 2824 3664; x_wconf 85' lang='lat' dir='ltr'><strong>et</strong></span> <span class='ocrx_word' id='word_1_630' title='bbox 2868 3613 2921 3665; x_wconf 91' lang='lat' dir='ltr'><strong>in</strong></span> <span class='ocrx_word' id='word_1_631' title='bbox 2966 3613 3236 3666; x_wconf 89' lang='lat' dir='ltr'><strong>interitum</strong></span> <span class='ocrx_word' id='word_1_632' title='bbox 3263 3627 3383 3666; x_wconf 91' lang='lat' dir='ltr'><strong>cum</strong></span> <span class='ocrx_word' id='word_1_633' title='bbox 3437 3612 3635 3664; x_wconf 87' lang='lat' dir='ltr'><strong>litteris</strong></span> <span class='ocrx_word' id='word_1_634' title='bbox 3670 3614 3740 3662; x_wconf 51' lang='lat' dir='ltr'><strong>in.</strong></span> 
     </span>
    </p>
   </div>
   <div class='ocr_carea' id='block_1_84' title="bbox 2176 3680 3739 3747">
    <p class='ocr_par' dir='ltr' id='par_1_84' title="bbox 2176 3680 3739 3747">
     <span class='ocr_line' id='line_1_84' title="bbox 2176 3680 3739 3747; baseline -0.006 -9"><span class='ocrx_word' id='word_1_635' title='bbox 2176 3686 2393 3739; x_wconf 85' lang='lat' dir='ltr'><strong>clinanti</strong></span> <span class='ocrx_word' id='word_1_636' title='bbox 2439 3698 2643 3737; x_wconf 88' lang='lat' dir='ltr'><strong>summa</strong></span> <span class='ocrx_word' id='word_1_637' title='bbox 2671 3680 2983 3735; x_wconf 88' lang='lat' dir='ltr'><strong>eruditionis</strong></span> <span class='ocrx_word' id='word_1_638' title='bbox 3013 3682 3062 3734; x_wconf 88' lang='lat' dir='ltr'><strong>vi</strong></span> <span class='ocrx_word' id='word_1_639' title='bbox 3092 3682 3335 3747; x_wconf 89' lang='lat' dir='ltr'><strong>opitulati</strong></span> <span class='ocrx_word' id='word_1_640' title='bbox 3363 3680 3491 3742; x_wconf 86' lang='lat' dir='ltr'><strong>sint,</strong></span> <span class='ocrx_word' id='word_1_641' title='bbox 3528 3681 3739 3737; x_wconf 84' lang='lat' dir='ltr'><strong>nedum.</strong></span> 
     </span>
    </p>
   </div>
   <div class='ocr_carea' id='block_1_85' title="bbox 2176 3749 3742 3875">
    <p class='ocr_par' dir='ltr' id='par_1_85' title="bbox 2176 3749 3742 3875">
     <span class='ocr_line' id='line_1_85' title="bbox 2176 3749 3742 3875; baseline -0.004 -69"><span class='ocrx_word' id='word_1_642' title='bbox 2176 3753 2471 3875; x_wconf 51' lang='lat' dir='ltr'><strong>uthuidtam</strong></span> <span class='ocrx_word' id='word_1_643' title='bbox 2511 3749 2773 3813; x_wconf 78' lang='lat' dir='ltr'><strong>effutiunt,</strong></span> <span class='ocrx_word' id='word_1_644' title='bbox 2824 3750 3039 3817; x_wconf 87' lang='lat' dir='ltr'><strong>Optimis</strong></span> <span class='ocrx_word' id='word_1_645' title='bbox 3074 3749 3189 3817; x_wconf 89' lang='lat' dir='ltr'><strong>ejus</strong></span> <span class='ocrx_word' id='word_1_646' title='bbox 3216 3749 3405 3803; x_wconf 84' lang='lat' dir='ltr'><strong>studiis</strong></span> <span class='ocrx_word' id='word_1_647' title='bbox 3430 3758 3641 3817; x_wconf 83' lang='lat' dir='ltr'><strong>pestem</strong></span> <span class='ocrx_word' id='word_1_648' title='bbox 3667 3759 3742 3800; x_wconf 86' lang='lat' dir='ltr'><strong>at-</strong></span> 
     </span>
     <span class='ocr_line' id='line_1_86' title="bbox 2179 3833 2413 3875; baseline -0.013 -1"><span class='ocrx_word' id='word_1_649' title='bbox 2179 3833 2231 3875; x_wconf 93' lang='lat' dir='ltr'><strong>tu</strong></span> <span class='ocrx_word' id='word_1_650' title='bbox 2256 3838 2367 3874; x_wconf 89' lang='lat' dir='ltr'><strong>erm</strong></span> <span class='ocrx_word' id='word_1_651' title='bbox 2397 3857 2413 3872; x_wconf 93' lang='lat'><strong>.</strong></span> 
     </span>
    </p>
   </div>
   <div class='ocr_carea' id='block_1_86' title="bbox 2179 3823 2413 3875">
    <p class='ocr_par' dir='ltr' id='par_1_86' title="bbox 2179 3823 2413 3875">
     <span class='ocr_line' id='line_1_87' title="bbox 2179 3823 2413 3875; baseline -0.017 0"><span class='ocrx_word' id='word_1_652' title='bbox 2179 3823 2413 3875; x_wconf 89' lang='lat' dir='ltr'><strong>tulerint.</strong></span> 
     </span>
    </p>
   </div>
   <div class='ocr_carea' id='block_1_87' title="bbox 2248 3905 3740 3962">
    <p class='ocr_par' dir='ltr' id='par_1_87' title="bbox 2248 3905 3740 3962">
     <span class='ocr_line' id='line_1_88' title="bbox 2248 3905 3740 3962; baseline -0.002 -1"><span class='ocrx_word' id='word_1_653' title='bbox 2248 3909 2441 3962; x_wconf 85' lang='lat' dir='ltr'><strong>Verum</strong></span> <span class='ocrx_word' id='word_1_654' title='bbox 2490 3908 2602 3960; x_wconf 71' lang='lat' dir='ltr'><strong>haec</strong></span> <span class='ocrx_word' id='word_1_655' title='bbox 2639 3907 2814 3959; x_wconf 90' lang='lat' dir='ltr'><strong>omnia</strong></span> <span class='ocrx_word' id='word_1_656' title='bbox 2845 3906 2912 3959; x_wconf 90' lang='lat' dir='ltr'><strong>ad</strong></span> <span class='ocrx_word' id='word_1_657' title='bbox 2935 3905 3228 3959; x_wconf 88' lang='lat' dir='ltr'><strong>futnrcrum</strong></span> <span class='ocrx_word' id='word_1_658' title='bbox 3255 3906 3576 3960; x_wconf 67' lang='lat' dir='ltr'><strong>seculorum</strong></span> <span class='ocrx_word' id='word_1_659' title='bbox 3608 3907 3740 3958; x_wconf 79' lang='lat' dir='ltr'><strong>litte-</strong></span> 
     </span>
    </p>
   </div>
   <div class='ocr_carea' id='block_1_88' title="bbox 2176 3974 3741 4044">
    <p class='ocr_par' dir='ltr' id='par_1_88' title="bbox 2176 3974 3741 4044">
     <span class='ocr_line' id='line_1_89' title="bbox 2176 3974 3741 4044; baseline -0.005 -12"><span class='ocrx_word' id='word_1_660' title='bbox 2176 3988 2411 4033; x_wconf 88' lang='lat' dir='ltr'><strong>raturam</strong></span> <span class='ocrx_word' id='word_1_661' title='bbox 2466 3992 2650 4044; x_wconf 91' lang='lat' dir='ltr'><strong>parum</strong></span> <span class='ocrx_word' id='word_1_662' title='bbox 2697 3975 3183 4044; x_wconf 88' lang='lat' dir='ltr'><strong>contulissent,_si,</strong></span> <span class='ocrx_word' id='word_1_663' title='bbox 3235 3974 3377 4042; x_wconf 92' lang='lat' dir='ltr'><strong>quod</strong></span> <span class='ocrx_word' id='word_1_664' title='bbox 3437 3976 3535 4044; x_wconf 75' lang='lat' dir='ltr'><strong>ipsi</strong></span> <span class='ocrx_word' id='word_1_665' title='bbox 3589 3975 3741 4025; x_wconf 64' lang='lat' dir='ltr'><strong>Italiae</strong></span> 
     </span>
    </p>
   </div>
   <div class='ocr_carea' id='block_1_89' title="bbox 2176 4042 3741 4111">
    <p class='ocr_par' dir='ltr' id='par_1_89' title="bbox 2176 4042 3741 4111">
     <span class='ocr_line' id='line_1_90' title="bbox 2176 4042 3741 4111; baseline -0.006 -10"><span class='ocrx_word' id='word_1_666' title='bbox 2176 4042 2751 4111; x_wconf 64' lang='lat' dir='ltr'><strong>contigisevidemus,</strong></span> <span class='ocrx_word' id='word_1_667' title='bbox 2781 4043 3029 4109; x_wconf 87' lang='lat' dir='ltr'><strong>Hispania</strong></span> <span class='ocrx_word' id='word_1_668' title='bbox 3058 4042 3353 4095; x_wconf 88' lang='lat' dir='ltr'><strong>Gothorum</strong></span> <span class='ocrx_word' id='word_1_669' title='bbox 3378 4042 3741 4111; x_wconf 80' lang='lat' dir='ltr'><strong>dominatione</strong></span> 
     </span>
    </p>
   </div>
   <div class='ocr_carea' id='block_1_90' title="bbox 2177 4110 3738 4181">
    <p class='ocr_par' dir='ltr' id='par_1_90' title="bbox 2177 4110 3738 4181">
     <span class='ocr_line' id='line_1_91' title="bbox 2177 4110 3738 4181; baseline -0.004 -14"><span class='ocrx_word' id='word_1_670' title='bbox 2177 4110 2431 4181; x_wconf 61' lang='lat' dir='ltr'><strong>oiipressa</strong></span> <span class='ocrx_word' id='word_1_671' title='bbox 2480 4112 2674 4181; x_wconf 85' lang='lat' dir='ltr'><strong>ardens</strong></span> <span class='ocrx_word' id='word_1_672' title='bbox 2716 4112 3058 4181; x_wconf 84' lang='lat' dir='ltr'><strong>scientiarum</strong></span> <span class='ocrx_word' id='word_1_673' title='bbox 3085 4112 3316 4163; x_wconf 81' lang='lat' dir='ltr'><strong>studium</strong></span> <span class='ocrx_word' id='word_1_674' title='bbox 3342 4114 3557 4179; x_wconf 88' lang='lat' dir='ltr'><strong>penitus</strong></span> <span class='ocrx_word' id='word_1_675' title='bbox 3604 4110 3738 4177; x_wconf 70' lang='lat' dir='ltr'><strong>abie-</strong></span> 
     </span>
    </p>
   </div>
   <div class='ocr_carea' id='block_1_91' title="bbox 2178 4180 3739 4247">
    <p class='ocr_par' dir='ltr' id='par_1_91' title="bbox 2178 4180 3739 4247">
     <span class='ocr_line' id='line_1_92' title="bbox 2178 4180 3739 4247; baseline -0.005 -10"><span class='ocrx_word' id='word_1_676' title='bbox 2178 4180 2361 4237; x_wconf 75' lang='lat' dir='ltr'><strong>cisset.</strong></span> <span class='ocrx_word' id='word_1_677' title='bbox 2392 4182 2494 4234; x_wconf 88' lang='lat' dir='ltr'><strong>Sed</strong></span> <span class='ocrx_word' id='word_1_678' title='bbox 2538 4180 2704 4233; x_wconf 89' lang='lat' dir='ltr'><strong>multo</strong></span> <span class='ocrx_word' id='word_1_679' title='bbox 2730 4180 2883 4233; x_wconf 88' lang='lat' dir='ltr'><strong>aliter</strong></span> <span class='ocrx_word' id='word_1_680' title='bbox 2911 4180 3155 4233; x_wconf 72' lang='lat' dir='ltr'><strong>effectum</strong></span> <span class='ocrx_word' id='word_1_681' title='bbox 3184 4189 3294 4243; x_wconf 83' lang='lat' dir='ltr'><strong>est;</strong></span> <span class='ocrx_word' id='word_1_682' title='bbox 3332 4193 3566 4247; x_wconf 84' lang='lat' dir='ltr'><strong>namque</strong></span> <span class='ocrx_word' id='word_1_683' title='bbox 3612 4180 3739 4230; x_wconf 59' lang='lat' dir='ltr'><strong>inter</strong></span> 
     </span>
    </p>
   </div>
   <div class='ocr_carea' id='block_1_92' title="bbox 2178 4249 3741 4314">
    <p class='ocr_par' dir='ltr' id='par_1_92' title="bbox 2178 4249 3741 4314">
     <span class='ocr_line' id='line_1_93' title="bbox 2178 4249 3741 4314; baseline -0.003 -10"><span class='ocrx_word' id='word_1_684' title='bbox 2178 4252 2381 4304; x_wconf 74' lang='lat' dir='ltr'><strong>medios</strong></span> <span class='ocrx_word' id='word_1_685' title='bbox 2414 4250 2665 4303; x_wconf 89' lang='lat' dir='ltr'><strong>barbaros</strong></span> <span class='ocrx_word' id='word_1_686' title='bbox 2714 4249 2916 4301; x_wconf 87' lang='lat' dir='ltr'><strong>litteras</strong></span> <span class='ocrx_word' id='word_1_687' title='bbox 2970 4264 3074 4301; x_wconf 91' lang='lat' dir='ltr'><strong>non</strong></span> <span class='ocrx_word' id='word_1_688' title='bbox 3134 4256 3335 4300; x_wconf 89' lang='lat' dir='ltr'><strong>tantum</strong></span> <span class='ocrx_word' id='word_1_689' title='bbox 3386 4250 3741 4314; x_wconf 79' lang='lat' dir='ltr'><strong>gravissimas.</strong></span> 
     </span>
    </p>
   </div>
   <div class='ocr_carea' id='block_1_93' title="bbox 2176 4317 3740 4374">
    <p class='ocr_par' dir='ltr' id='par_1_93' title="bbox 2176 4317 3740 4374">
     <span class='ocr_line' id='line_1_94' title="bbox 2176 4317 3740 4374; baseline -0.007 0"><span class='ocrx_word' id='word_1_690' title='bbox 2176 4320 2270 4374; x_wconf 87' lang='lat' dir='ltr'><strong>sed</strong></span> <span class='ocrx_word' id='word_1_691' title='bbox 2333 4330 2386 4372; x_wconf 85' lang='lat' dir='ltr'><strong>et</strong></span> <span class='ocrx_word' id='word_1_692' title='bbox 2445 4320 2784 4372; x_wconf 87' lang='lat' dir='ltr'><strong>humaniores</strong></span> <span class='ocrx_word' id='word_1_693' title='bbox 2849 4318 3089 4370; x_wconf 83' lang='lat' dir='ltr'><strong>videmus</strong></span> <span class='ocrx_word' id='word_1_694' title='bbox 3140 4330 3168 4367; x_wconf 87' lang='lat' dir='ltr'><strong>a</strong></span> <span class='ocrx_word' id='word_1_695' title='bbox 3212 4317 3409 4370; x_wconf 88' lang='lat' dir='ltr'><strong>nostris</strong></span> <span class='ocrx_word' id='word_1_696' title='bbox 3479 4319 3740 4369; x_wconf 71' lang='lat' dir='ltr'><strong>eiu-ultas.</strong></span> 
     </span>
    </p>
   </div>
   <div class='ocr_carea' id='block_1_94' title="bbox 2179 4386 3734 4454">
    <p class='ocr_par' dir='ltr' id='par_1_94' title="bbox 2179 4386 3734 4454">
     <span class='ocr_line' id='line_1_95' title="bbox 2179 4386 3734 4454; baseline -0.003 -14"><span class='ocrx_word' id='word_1_697' title='bbox 2179 4390 2304 4454; x_wconf 80' lang='lat' dir='ltr'><strong>Qua:</strong></span> <span class='ocrx_word' id='word_1_698' title='bbox 2334 4390 2530 4442; x_wconf 91' lang='lat' dir='ltr'><strong>etenim</strong></span> <span class='ocrx_word' id='word_1_699' title='bbox 2562 4388 2663 4439; x_wconf 89' lang='lat' dir='ltr'><strong>alia</strong></span> <span class='ocrx_word' id='word_1_700' title='bbox 2694 4386 2837 4439; x_wconf 92' lang='lat' dir='ltr'><strong>natio</strong></span> <span class='ocrx_word' id='word_1_701' title='bbox 2880 4396 2960 4439; x_wconf 88' lang='lat' dir='ltr'><strong>est</strong></span> <span class='ocrx_word' id='word_1_702' title='bbox 3005 4400 3122 4452; x_wconf 71' lang='lat' dir='ltr'><strong>quae</strong></span> <span class='ocrx_word' id='word_1_703' title='bbox 3150 4401 3218 4439; x_wconf 77' lang='lat' dir='ltr'><strong>er.</strong></span> <span class='ocrx_word' id='word_1_704' title='bbox 3248 4386 3350 4439; x_wconf 82' lang='lat' dir='ltr'><strong>illis</strong></span> <span class='ocrx_word' id='word_1_705' title='bbox 3382 4387 3594 4454; x_wconf 62' lang='lat' dir='ltr'><strong>seculis</strong></span> <span class='ocrx_word' id='word_1_706' title='bbox 3626 4394 3734 4435; x_wconf 64' lang='grc' dir='ltr'>ιηιιι</span> 
     </span>
    </p>
   </div>
   <div class='ocr_carea' id='block_1_95' title="bbox 2183 4452 3709 4521">
    <p class='ocr_par' dir='ltr' id='par_1_95' title="bbox 2183 4452 3709 4521">
     <span class='ocr_line' id='line_1_96' title="bbox 2183 4452 3709 4521; baseline 0 -14"><span class='ocrx_word' id='word_1_707' title='bbox 2183 4452 2300 4511; x_wconf 73' lang='lat' dir='ltr'><strong>dem</strong></span> <span class='ocrx_word' id='word_1_708' title='bbox 2347 4459 2491 4509; x_wconf 90' lang='lat' dir='ltr'><strong>viros</strong></span> <span class='ocrx_word' id='word_1_709' title='bbox 2541 4455 2862 4507; x_wconf 88' lang='lat' dir='ltr'><strong>nostratibus</strong></span> <span class='ocrx_word' id='word_1_710' title='bbox 2913 4469 3185 4521; x_wconf 89' lang='lat' dir='ltr'><strong>opponere</strong></span> <span class='ocrx_word' id='word_1_711' title='bbox 3233 4458 3431 4520; x_wconf 80' lang='lat' dir='ltr'><strong>queat?</strong></span> <span class='ocrx_word' id='word_1_712' title='bbox 3462 4452 3709 4507; x_wconf 76' lang='lat' dir='ltr'><strong>Leandre</strong></span> 
     </span>
    </p>
   </div>
   <div class='ocr_carea' id='block_1_96' title="bbox 522 4520 3734 4594">
    <p class='ocr_par' dir='ltr' id='par_1_96' title="bbox 522 4520 3734 4594">
     <span class='ocr_line' id='line_1_97' title="bbox 522 4520 3734 4594; baseline 0 -22"><span class='ocrx_word' id='word_1_713' title='bbox 522 4534 659 4578; x_wconf 75' lang='lat' dir='ltr'><strong>una.</strong></span> <span class='ocrx_word' id='word_1_714' title='bbox 690 4520 917 4576; x_wconf 76' lang='lat' dir='ltr'><strong>Publica:</strong></span> <span class='ocrx_word' id='word_1_715' title='bbox 934 4525 1071 4594; x_wconf 85' lang='lat' dir='ltr'><strong>enim</strong></span> <span class='ocrx_word' id='word_1_716' title='bbox 1095 4525 1290 4594; x_wconf 80' lang='lat' dir='ltr'><strong>schola:</strong></span> <span class='ocrx_word' id='word_1_717' title='bbox 1313 4538 1405 4590; x_wconf 90' lang='lat' dir='ltr'><strong>per</strong></span> <span class='ocrx_word' id='word_1_718' title='bbox 1427 4524 1726 4594; x_wconf 86' lang='lat' dir='ltr'><strong>universam</strong></span> <span class='ocrx_word' id='word_1_719' title='bbox 1746 4521 2073 4594; x_wconf 78' lang='lat' dir='ltr'><strong>Hispaniam,</strong></span> <span class='ocrx_word' id='word_1_720' title='bbox 2105 4520 2155 4578; x_wconf 86' lang='lat' dir='ltr'><strong>D</strong></span> <span class='ocrx_word' id='word_1_721' title='bbox 2186 4527 2462 4594; x_wconf 80' lang='lat' dir='ltr'><strong>Fulgentio</strong></span> <span class='ocrx_word' id='word_1_722' title='bbox 2483 4568 2502 4594; x_wconf 59' lang='lat'><strong>,</strong></span> <span class='ocrx_word' id='word_1_723' title='bbox 2529 4524 2730 4577; x_wconf 79' lang='lat' dir='ltr'><strong>Isidoro</strong></span> <span class='ocrx_word' id='word_1_724' title='bbox 2774 4520 3066 4594; x_wconf 76' lang='lat' dir='ltr'><strong>Hispalensi</strong></span> <span class='ocrx_word' id='word_1_725' title='bbox 3117 4522 3396 4594; x_wconf 74' lang='lat' dir='ltr'><strong>fratribus;</strong></span> <span class='ocrx_word' id='word_1_726' title='bbox 3437 4522 3734 4594; x_wconf 59' lang='lat' dir='ltr'><strong>BriLIilioni.</strong></span> 
     </span>
    </p>
   </div>
   <div class='ocr_carea' id='block_1_97' title="bbox 523 4591 2077 4655">
    <p class='ocr_par' dir='ltr' id='par_1_97' title="bbox 523 4591 2077 4655">
     <span class='ocr_line' id='line_1_98' title="bbox 523 4591 2077 4655; baseline -0.001 -12"><span class='ocrx_word' id='word_1_727' title='bbox 523 4594 842 4646; x_wconf 67' lang='lat' dir='ltr'><strong>relehriorcs</strong></span> <span class='ocrx_word' id='word_1_728' title='bbox 864 4607 989 4645; x_wconf 86' lang='lat' dir='ltr'><strong>vero</strong></span> <span class='ocrx_word' id='word_1_729' title='bbox 1022 4593 1071 4644; x_wconf 89' lang='lat' dir='ltr'><strong>in</strong></span> <span class='ocrx_word' id='word_1_730' title='bbox 1105 4593 1293 4644; x_wconf 66' lang='lat' dir='ltr'><strong>Bmlica</strong></span> <span class='ocrx_word' id='word_1_731' title='bbox 1321 4593 1622 4643; x_wconf 66' lang='lat' dir='ltr'><strong>constitutze</strong></span> <span class='ocrx_word' id='word_1_732' title='bbox 1651 4599 1794 4653; x_wconf 91' lang='lat' dir='ltr'><strong>sunt,</strong></span> <span class='ocrx_word' id='word_1_733' title='bbox 1827 4605 1960 4655; x_wconf 86' lang='lat' dir='ltr'><strong>quas</strong></span> <span class='ocrx_word' id='word_1_734' title='bbox 1998 4591 2077 4642; x_wconf 93' lang='lat' dir='ltr'><strong>lu-</strong></span> 
     </span>
    </p>
   </div>
   <div class='ocr_carea' id='block_1_98' title="bbox 524 4659 2079 4727">
    <p class='ocr_par' dir='ltr' id='par_1_98' title="bbox 524 4659 2079 4727">
     <span class='ocr_line' id='line_1_99' title="bbox 524 4659 2079 4727; baseline 0.001 -16"><span class='ocrx_word' id='word_1_735' title='bbox 524 4661 811 4727; x_wconf 72' lang='lat' dir='ltr'><strong>ditnagistri</strong></span> <span class='ocrx_word' id='word_1_736' title='bbox 863 4661 1161 4713; x_wconf 78' lang='lat' dir='ltr'><strong>eruditiooe</strong></span> <span class='ocrx_word' id='word_1_737' title='bbox 1234 4660 1465 4724; x_wconf 85' lang='lat' dir='ltr'><strong>insignes</strong></span> <span class='ocrx_word' id='word_1_738' title='bbox 1521 4659 1934 4711; x_wconf 89' lang='lat' dir='ltr'><strong>moderabantur</strong></span> <span class='ocrx_word' id='word_1_739' title='bbox 1966 4676 1977 4708; x_wconf 93' lang='lat'><strong>:</strong></span> <span class='ocrx_word' id='word_1_740' title='bbox 2012 4675 2079 4711; x_wconf 81' lang='lat' dir='ltr'><strong>ex</strong></span> 
     </span>
    </p>
   </div>
   <div class='ocr_carea' id='block_1_99' title="bbox 524 4728 2079 4795">
    <p class='ocr_par' dir='ltr' id='par_1_99' title="bbox 524 4728 2079 4795">
     <span class='ocr_line' id='line_1_100' title="bbox 524 4728 2079 4795; baseline -0.001 -16"><span class='ocrx_word' id='word_1_741' title='bbox 524 4744 745 4794; x_wconf 83' lang='lat' dir='ltr'><strong>quarum</strong></span> <span class='ocrx_word' id='word_1_742' title='bbox 775 4729 983 4781; x_wconf 76' lang='lat' dir='ltr'><strong>nfticina</strong></span> <span class='ocrx_word' id='word_1_743' title='bbox 1018 4736 1149 4795; x_wconf 76' lang='lat' dir='ltr'><strong>quot</strong></span> <span class='ocrx_word' id='word_1_744' title='bbox 1177 4732 1465 4795; x_wconf 88' lang='lat' dir='ltr'><strong>quantique</strong></span> <span class='ocrx_word' id='word_1_745' title='bbox 1492 4728 1590 4779; x_wconf 89' lang='lat' dir='ltr'><strong>viri</strong></span> <span class='ocrx_word' id='word_1_746' title='bbox 1620 4728 1932 4792; x_wconf 89' lang='lat' dir='ltr'><strong>prodierint,</strong></span> <span class='ocrx_word' id='word_1_747' title='bbox 1966 4729 2079 4779; x_wconf 87' lang='lat' dir='ltr'><strong>sive</strong></span> 
     </span>
    </p>
   </div>
   <div class='ocr_carea' id='block_1_100' title="bbox 526 4796 2078 4862">
    <p class='ocr_par' dir='ltr' id='par_1_100' title="bbox 526 4796 2078 4862">
     <span class='ocr_line' id='line_1_101' title="bbox 526 4796 2078 4862; baseline -0.002 -14"><span class='ocrx_word' id='word_1_748' title='bbox 526 4798 881 4862; x_wconf 83' lang='lat' dir='ltr'><strong>grammatici,</strong></span> <span class='ocrx_word' id='word_1_749' title='bbox 939 4799 1050 4851; x_wconf 85' lang='lat' dir='ltr'><strong>sive</strong></span> <span class='ocrx_word' id='word_1_750' title='bbox 1078 4799 1340 4857; x_wconf 84' lang='lat' dir='ltr'><strong>rhetores,</strong></span> <span class='ocrx_word' id='word_1_751' title='bbox 1370 4798 1481 4849; x_wconf 84' lang='lat' dir='ltr'><strong>sive</strong></span> <span class='ocrx_word' id='word_1_752' title='bbox 1507 4796 1887 4862; x_wconf 89' lang='lat' dir='ltr'><strong>jureconsulti.</strong></span> <span class='ocrx_word' id='word_1_753' title='bbox 1925 4811 2078 4847; x_wconf 73' lang='lat' dir='ltr'><strong>nemo</strong></span> 
     </span>
    </p>
   </div>
   <div class='ocr_carea' id='block_1_101' title="bbox 526 4864 2079 4932">
    <p class='ocr_par' dir='ltr' id='par_1_101' title="bbox 526 4864 2079 4932">
     <span class='ocr_line' id='line_1_102' title="bbox 526 4864 2079 4932; baseline 0.001 -17"><span class='ocrx_word' id='word_1_754' title='bbox 526 4866 751 4929; x_wconf 83' lang='lat' dir='ltr'><strong>ignorat.</strong></span> <span class='ocrx_word' id='word_1_755' title='bbox 803 4867 879 4917; x_wconf 78' lang='lat' dir='ltr'><strong>Ab</strong></span> <span class='ocrx_word' id='word_1_756' title='bbox 934 4865 1058 4932; x_wconf 86' lang='lat' dir='ltr'><strong>ipsis</strong></span> <span class='ocrx_word' id='word_1_757' title='bbox 1115 4865 1367 4917; x_wconf 79' lang='lat' dir='ltr'><strong>Romana:</strong></span> <span class='ocrx_word' id='word_1_758' title='bbox 1414 4866 1713 4931; x_wconf 62' lang='lat' dir='ltr'><strong>reipublicae</strong></span> <span class='ocrx_word' id='word_1_759' title='bbox 1756 4864 2079 4932; x_wconf 84' lang='lat' dir='ltr'><strong>principibus</strong></span> 
     </span>
    </p>
   </div>
   <div class='ocr_carea' id='block_1_102' title="bbox 524 4933 2081 4987">
    <p class='ocr_par' dir='ltr' id='par_1_102' title="bbox 524 4933 2081 4987">
     <span class='ocr_line' id='line_1_103' title="bbox 524 4933 2081 4987; baseline 0.002 -4"><span class='ocrx_word' id='word_1_760' title='bbox 524 4948 706 4983; x_wconf 87' lang='lat' dir='ltr'><strong>eorum</strong></span> <span class='ocrx_word' id='word_1_761' title='bbox 738 4934 947 4986; x_wconf 84' lang='lat' dir='ltr'><strong>nomina</strong></span> <span class='ocrx_word' id='word_1_762' title='bbox 977 4949 1094 4985; x_wconf 87' lang='lat' dir='ltr'><strong>cum</strong></span> <span class='ocrx_word' id='word_1_763' title='bbox 1130 4936 1347 4986; x_wconf 83' lang='lat' dir='ltr'><strong>summis</strong></span> <span class='ocrx_word' id='word_1_764' title='bbox 1374 4934 1625 4987; x_wconf 75' lang='lat' dir='ltr'><strong>doctrina:</strong></span> <span class='ocrx_word' id='word_1_765' title='bbox 1658 4933 1897 4985; x_wconf 81' lang='lat' dir='ltr'><strong>laudibus</strong></span> <span class='ocrx_word' id='word_1_766' title='bbox 1927 4947 2081 4985; x_wconf 85' lang='lat' dir='ltr'><strong>acce-</strong></span> 
     </span>
    </p>
   </div>
   <div class='ocr_carea' id='block_1_103' title="bbox 526 5001 2080 5121">
    <p class='ocr_par' dir='ltr' id='par_1_103' title="bbox 526 5001 2080 5121">
     <span class='ocr_line' id='line_1_104' title="bbox 526 5001 2080 5121; baseline 0.001 -70"><span class='ocrx_word' id='word_1_767' title='bbox 526 5002 716 5121; x_wconf 66' lang='lat' dir='ltr'><strong>riinus,</strong></span> <span class='ocrx_word' id='word_1_768' title='bbox 746 5018 875 5067; x_wconf 85' lang='lat' dir='ltr'><strong>quas</strong></span> <span class='ocrx_word' id='word_1_769' title='bbox 900 5002 1121 5082; x_wconf 76' lang='lat' dir='ltr'><strong>publicis</strong></span> <span class='ocrx_word' id='word_1_770' title='bbox 1152 5003 1340 5080; x_wconf 77' lang='lat' dir='ltr'><strong>litteris</strong></span> <span class='ocrx_word' id='word_1_771' title='bbox 1361 5003 1828 5081; x_wconf 22' lang='lat' dir='ltr'><strong>commendarunta</strong></span> <span class='ocrx_word' id='word_1_772' title='bbox 1843 5001 1971 5053; x_wconf 83' lang='lat' dir='ltr'><strong>Nam</strong></span> <span class='ocrx_word' id='word_1_773' title='bbox 1996 5016 2080 5066; x_wconf 70' lang='lat' dir='ltr'><strong>,ue</strong></span> 
     </span>
     <span class='ocr_line' id='line_1_105' title="bbox 552 5069 2080 5121; baseline 0.001 -1"><span class='ocrx_word' id='word_1_774' title='bbox 552 5069 786 5121; x_wconf 85' lang='lat' dir='ltr'><strong>lisnanus</strong></span> <span class='ocrx_word' id='word_1_775' title='bbox 810 5086 835 5121; x_wconf 88' lang='lat' dir='ltr'><strong>a</strong></span> <span class='ocrx_word' id='word_1_776' title='bbox 865 5071 1112 5121; x_wconf 80' lang='lat' dir='ltr'><strong>Romanis</strong></span> <span class='ocrx_word' id='word_1_777' title='bbox 1140 5081 1406 5121; x_wconf 73' lang='lat' dir='ltr'><strong>sumentes</strong></span> <span class='ocrx_word' id='word_1_778' title='bbox 1444 5072 1684 5121; x_wconf 87' lang='lat' dir='ltr'><strong>homines</strong></span> <span class='ocrx_word' id='word_1_779' title='bbox 1709 5072 1953 5121; x_wconf 85' lang='lat' dir='ltr'><strong>habitos-</strong></span> <span class='ocrx_word' id='word_1_780' title='bbox 2001 5079 2080 5121; x_wconf 86' lang='lat' dir='ltr'><strong>at-</strong></span> 
     </span>
    </p>
   </div>
   <div class='ocr_carea' id='block_1_104' title="bbox 552 5069 2081 5148">
    <p class='ocr_par' dir='ltr' id='par_1_104' title="bbox 552 5069 2081 5148">
     <span class='ocr_line' id='line_1_106' title="bbox 552 5069 2081 5148; baseline 0.001 -28"><span class='ocrx_word' id='word_1_781' title='bbox 552 5069 786 5148; x_wconf 74' lang='lat' dir='ltr'><strong>lispanos</strong></span> <span class='ocrx_word' id='word_1_782' title='bbox 810 5086 835 5121; x_wconf 90' lang='lat' dir='ltr'><strong>a</strong></span> <span class='ocrx_word' id='word_1_783' title='bbox 865 5071 1112 5148; x_wconf 71' lang='lat' dir='ltr'><strong>Romanis</strong></span> <span class='ocrx_word' id='word_1_784' title='bbox 1140 5072 1406 5148; x_wconf 73' lang='lat' dir='ltr'><strong>sapientes</strong></span> <span class='ocrx_word' id='word_1_785' title='bbox 1444 5071 1684 5148; x_wconf 62' lang='lat' dir='ltr'><strong>homines</strong></span> <span class='ocrx_word' id='word_1_786' title='bbox 1709 5072 1953 5148; x_wconf 81' lang='lat' dir='ltr'><strong>habitos,</strong></span> <span class='ocrx_word' id='word_1_787' title='bbox 2001 5079 2081 5148; x_wconf 80' lang='lat' dir='ltr'><strong>at-</strong></span> 
     </span>
    </p>
   </div>
   <div class='ocr_carea' id='block_1_105' title="bbox 525 5138 2080 5207">
    <p class='ocr_par' dir='ltr' id='par_1_105' title="bbox 525 5138 2080 5207">
     <span class='ocr_line' id='line_1_107' title="bbox 525 5138 2080 5207; baseline 0.001 -19"><span class='ocrx_word' id='word_1_788' title='bbox 525 5152 629 5202; x_wconf 79' lang='lat' dir='ltr'><strong>que</strong></span> <span class='ocrx_word' id='word_1_789' title='bbox 672 5138 804 5205; x_wconf 60' lang='lat' dir='ltr'><strong>iuris</strong></span> <span class='ocrx_word' id='word_1_790' title='bbox 847 5139 1036 5207; x_wconf 87' lang='lat' dir='ltr'><strong>publici</strong></span> <span class='ocrx_word' id='word_1_791' title='bbox 1073 5141 1300 5206; x_wconf 88' lang='lat' dir='ltr'><strong>peritos,</strong></span> <span class='ocrx_word' id='word_1_792' title='bbox 1336 5141 1450 5206; x_wconf 87' lang='lat' dir='ltr'><strong>ipse</strong></span> <span class='ocrx_word' id='word_1_793' title='bbox 1480 5138 1733 5192; x_wconf 80' lang='lat' dir='ltr'><strong>Romana:</strong></span> <span class='ocrx_word' id='word_1_794' title='bbox 1762 5140 2080 5205; x_wconf 71' lang='lat' dir='ltr'><strong>eloquentiae</strong></span> 
     </span>
    </p>
   </div>
   <div class='ocr_carea' id='block_1_106' title="bbox 548 5207 2076 5273">
    <p class='ocr_par' dir='ltr' id='par_1_106' title="bbox 548 5207 2076 5273">
     <span class='ocr_line' id='line_1_108' title="bbox 548 5207 2076 5273; baseline 0.001 -18"><span class='ocrx_word' id='word_1_795' title='bbox 548 5220 718 5273; x_wconf 74' lang='lat' dir='ltr'><strong>iarcns</strong></span> <span class='ocrx_word' id='word_1_796' title='bbox 744 5222 807 5260; x_wconf 82' lang='lat' dir='ltr'><strong>ex</strong></span> <span class='ocrx_word' id='word_1_797' title='bbox 839 5222 935 5260; x_wconf 91' lang='lat' dir='ltr'><strong>suo</strong></span> <span class='ocrx_word' id='word_1_798' title='bbox 957 5216 1013 5259; x_wconf 87' lang='lat' dir='ltr'><strong>et</strong></span> <span class='ocrx_word' id='word_1_799' title='bbox 1041 5208 1310 5261; x_wconf 80' lang='lat' dir='ltr'><strong>communi</strong></span> <span class='ocrx_word' id='word_1_800' title='bbox 1341 5210 1575 5260; x_wconf 90' lang='lat' dir='ltr'><strong>omnium</strong></span> <span class='ocrx_word' id='word_1_801' title='bbox 1603 5207 1804 5273; x_wconf 85' lang='lat' dir='ltr'><strong>judicio</strong></span> <span class='ocrx_word' id='word_1_802' title='bbox 1833 5218 2076 5259; x_wconf 90' lang='lat' dir='ltr'><strong>testatur.</strong></span> 
     </span>
    </p>
   </div>
   <div class='ocr_carea' id='block_1_107' title="bbox 633 5273 2079 5341">
    <p class='ocr_par' dir='ltr' id='par_1_107' title="bbox 633 5273 2079 5341">
     <span class='ocr_line' id='line_1_109' title="bbox 633 5273 2079 5341; baseline 0.001 -15"><span class='ocrx_word' id='word_1_803' title='bbox 633 5273 807 5329; x_wconf 77' lang='lat' dir='ltr'><strong>Iberos</strong></span> <span class='ocrx_word' id='word_1_804' title='bbox 848 5292 950 5330; x_wconf 92' lang='lat' dir='ltr'><strong>non</strong></span> <span class='ocrx_word' id='word_1_805' title='bbox 979 5278 1147 5330; x_wconf 87' lang='lat' dir='ltr'><strong>solum</strong></span> <span class='ocrx_word' id='word_1_806' title='bbox 1176 5276 1323 5328; x_wconf 90' lang='lat' dir='ltr'><strong>varia</strong></span> <span class='ocrx_word' id='word_1_807' title='bbox 1349 5276 1588 5329; x_wconf 90' lang='lat' dir='ltr'><strong>doctrina</strong></span> <span class='ocrx_word' id='word_1_808' title='bbox 1624 5278 1935 5341; x_wconf 87' lang='lat' dir='ltr'><strong>instructos,</strong></span> <span class='ocrx_word' id='word_1_809' title='bbox 1984 5276 2079 5327; x_wconf 88' lang='lat' dir='ltr'><strong>sed</strong></span> 
     </span>
    </p>
   </div>
   <div class='ocr_carea' id='block_1_108' title="bbox 527 5345 2080 5410">
    <p class='ocr_par' dir='ltr' id='par_1_108' title="bbox 527 5345 2080 5410">
     <span class='ocr_line' id='line_1_110' title="bbox 527 5345 2080 5410; baseline -0.003 -11"><span class='ocrx_word' id='word_1_810' title='bbox 527 5352 583 5399; x_wconf 80' lang='lat' dir='ltr'><strong>et</strong></span> <span class='ocrx_word' id='word_1_811' title='bbox 642 5345 885 5397; x_wconf 63' lang='lat' dir='ltr'><strong>acerrimi</strong></span> <span class='ocrx_word' id='word_1_812' title='bbox 928 5345 1108 5409; x_wconf 85' lang='lat' dir='ltr'><strong>judicii</strong></span> <span class='ocrx_word' id='word_1_813' title='bbox 1155 5346 1317 5407; x_wconf 87' lang='lat' dir='ltr'><strong>viros,</strong></span> <span class='ocrx_word' id='word_1_814' title='bbox 1351 5345 1867 5410; x_wconf 73' lang='lat' dir='ltr'><strong>emunctissiuia-que</strong></span> <span class='ocrx_word' id='word_1_815' title='bbox 1937 5345 2080 5395; x_wconf 89' lang='lat' dir='ltr'><strong>naris</strong></span> 
     </span>
    </p>
   </div>
   <div class='ocr_carea' id='block_1_109' title="bbox 528 5411 2082 5488">
    <p class='ocr_par' dir='ltr' id='par_1_109' title="bbox 528 5411 2082 5488">
     <span class='ocr_line' id='line_1_111' title="bbox 528 5411 2082 5488; baseline 0.004 -29"><span class='ocrx_word' id='word_1_816' title='bbox 528 5411 684 5488; x_wconf 66' lang='lat' dir='ltr'><strong>fuisee</strong></span> <span class='ocrx_word' id='word_1_817' title='bbox 714 5413 905 5464; x_wconf 80' lang='lat' dir='ltr'><strong>indicat</strong></span> <span class='ocrx_word' id='word_1_818' title='bbox 935 5415 1210 5488; x_wconf 75' lang='lat' dir='ltr'><strong>Horatius,</strong></span> <span class='ocrx_word' id='word_1_819' title='bbox 1242 5414 1329 5488; x_wconf 80' lang='lat' dir='ltr'><strong>qui</strong></span> <span class='ocrx_word' id='word_1_820' title='bbox 1354 5413 1420 5488; x_wconf 79' lang='lat' dir='ltr'><strong>ab</strong></span> <span class='ocrx_word' id='word_1_821' title='bbox 1450 5414 1553 5488; x_wconf 82' lang='lat' dir='ltr'><strong>illis</strong></span> <span class='ocrx_word' id='word_1_822' title='bbox 1579 5428 1698 5465; x_wconf 91' lang='lat' dir='ltr'><strong>cum</strong></span> <span class='ocrx_word' id='word_1_823' title='bbox 1749 5412 2082 5488; x_wconf 59' lang='lat' dir='ltr'><strong>iucunditate</strong></span> 
     </span>
    </p>
   </div>
   <div class='ocr_carea' id='block_1_110' title="bbox 528 5483 2079 5549">
    <p class='ocr_par' dir='ltr' id='par_1_110' title="bbox 528 5483 2079 5549">
     <span class='ocr_line' id='line_1_112' title="bbox 528 5483 2079 5549; baseline 0.002 -19"><span class='ocrx_word' id='word_1_824' title='bbox 528 5483 661 5549; x_wconf 81' lang='lat' dir='ltr'><strong>legi,</strong></span> <span class='ocrx_word' id='word_1_825' title='bbox 715 5494 818 5549; x_wconf 75' lang='lat' dir='ltr'><strong>non</strong></span> <span class='ocrx_word' id='word_1_826' title='bbox 851 5487 1072 5549; x_wconf 68' lang='lat' dir='ltr'><strong>protiro,</strong></span> <span class='ocrx_word' id='word_1_827' title='bbox 1119 5486 1216 5535; x_wconf 85' lang='lat' dir='ltr'><strong>sed</strong></span> <span class='ocrx_word' id='word_1_828' title='bbox 1246 5483 1425 5549; x_wconf 84' lang='lat' dir='ltr'><strong>gloria:</strong></span> <span class='ocrx_word' id='word_1_829' title='bbox 1465 5483 1725 5535; x_wconf 87' lang='lat' dir='ltr'><strong>duceret:</strong></span> <span class='ocrx_word' id='word_1_830' title='bbox 1762 5484 1845 5534; x_wconf 70' lang='lat' dir='ltr'><strong>lle</strong></span> <span class='ocrx_word' id='word_1_831' title='bbox 1891 5492 2079 5549; x_wconf 69' lang='lat' dir='ltr'><strong>peritus</strong></span> 
     </span>
    </p>
   </div>
   <div class='ocr_carea' id='block_1_111' title="bbox 524 5547 2083 5626">
    <p class='ocr_par' dir='ltr' id='par_1_111' title="bbox 524 5547 2083 5626">
     <span class='ocr_line' id='line_1_113' title="bbox 524 5547 2083 5626; baseline 0.002 -27"><span class='ocrx_word' id='word_1_832' title='bbox 524 5548 678 5599; x_wconf 70' lang='lat' dir='ltr'><strong>discet</strong></span> <span class='ocrx_word' id='word_1_833' title='bbox 726 5547 883 5626; x_wconf 36' lang='lat' dir='ltr'><strong>lber.-</strong></span> <span class='ocrx_word' id='word_1_834' title='bbox 904 5548 1005 5602; x_wconf 86' lang='lat' dir='ltr'><strong>Sed</strong></span> <span class='ocrx_word' id='word_1_835' title='bbox 1033 5551 1151 5616; x_wconf 87' lang='lat' dir='ltr'><strong>quis</strong></span> <span class='ocrx_word' id='word_1_836' title='bbox 1180 5547 1407 5626; x_wconf 71' lang='lat' dir='ltr'><strong>nesciat_</strong></span> <span class='ocrx_word' id='word_1_837' title='bbox 1426 5550 1845 5626; x_wconf 79' lang='lat' dir='ltr'><strong>doctissimorum</strong></span> <span class='ocrx_word' id='word_1_838' title='bbox 1892 5547 2083 5616; x_wconf 85' lang='lat' dir='ltr'><strong>llispa-</strong></span> 
     </span>
    </p>
   </div>
   <div class='ocr_carea' id='block_1_112' title="bbox 525 5619 2082 5694">
    <p class='ocr_par' dir='ltr' id='par_1_112' title="bbox 525 5619 2082 5694">
     <span class='ocr_line' id='line_1_114' title="bbox 525 5619 2082 5694; baseline 0.003 -26"><span class='ocrx_word' id='word_1_839' title='bbox 525 5631 714 5694; x_wconf 71' lang='lat' dir='ltr'><strong>norum</strong></span> <span class='ocrx_word' id='word_1_840' title='bbox 744 5619 986 5694; x_wconf 38' lang='grc' dir='ltr'><strong>καθίμα).</strong></span> <span class='ocrx_word' id='word_1_841' title='bbox 1004 5634 1166 5685; x_wconf 87' lang='lat' dir='ltr'><strong>quam</strong></span> <span class='ocrx_word' id='word_1_842' title='bbox 1183 5619 1344 5694; x_wconf 79' lang='lat' dir='ltr'><strong>chara</strong></span> <span class='ocrx_word' id='word_1_843' title='bbox 1372 5620 1628 5694; x_wconf 68' lang='lat' dir='ltr'><strong>Romanis</strong></span> <span class='ocrx_word' id='word_1_844' title='bbox 1650 5620 1843 5694; x_wconf 84' lang='lat' dir='ltr'><strong>fuerint</strong></span> <span class='ocrx_word' id='word_1_845' title='bbox 1865 5628 2082 5694; x_wconf 73' lang='lat' dir='ltr'><strong>propter</strong></span> 
     </span>
    </p>
   </div>
   <div class='ocr_carea' id='block_1_113' title="bbox 528 5686 2079 5765">
    <p class='ocr_par' dir='ltr' id='par_1_113' title="bbox 528 5686 2079 5765">
     <span class='ocr_line' id='line_1_115' title="bbox 528 5686 2079 5765; baseline 0.003 -31"><span class='ocrx_word' id='word_1_846' title='bbox 528 5686 806 5765; x_wconf 65' lang='lat' dir='ltr'><strong>maximam</strong></span> <span class='ocrx_word' id='word_1_847' title='bbox 853 5686 1148 5765; x_wconf 63' lang='lat' dir='ltr'><strong>studiorum</strong></span> <span class='ocrx_word' id='word_1_848' title='bbox 1191 5688 1621 5765; x_wconf 51' lang='lat' dir='ltr'><strong>cciijimtionem</strong></span> <span class='ocrx_word' id='word_1_849' title='bbox 1669 5697 1723 5741; x_wconf 90' lang='lat' dir='ltr'><strong>et</strong></span> <span class='ocrx_word' id='word_1_850' title='bbox 1776 5686 2079 5765; x_wconf 80' lang='lat' dir='ltr'><strong>similitudi-</strong></span> 
     </span>
    </p>
   </div>
   <div class='ocr_carea' id='block_1_114' title="bbox 530 5754 2080 5824">
    <p class='ocr_par' dir='ltr' id='par_1_114' title="bbox 530 5754 2080 5824">
     <span class='ocr_line' id='line_1_116' title="bbox 530 5754 2080 5824; baseline 0.006 -22"><span class='ocrx_word' id='word_1_851' title='bbox 530 5754 691 5805; x_wconf 74' lang='lat' dir='ltr'><strong>netu?</strong></span> <span class='ocrx_word' id='word_1_852' title='bbox 739 5754 964 5808; x_wconf 73' lang='lat' dir='ltr'><strong>Cornelii</strong></span> <span class='ocrx_word' id='word_1_853' title='bbox 1008 5756 1151 5809; x_wconf 74' lang='lat' dir='ltr'><strong>l’albi</strong></span> <span class='ocrx_word' id='word_1_854' title='bbox 1204 5755 1449 5812; x_wconf 83' lang='lat' dir='ltr'><strong>Gaditani</strong></span> <span class='ocrx_word' id='word_1_855' title='bbox 1522 5772 1627 5811; x_wconf 88' lang='lat' dir='ltr'><strong>non</strong></span> <span class='ocrx_word' id='word_1_856' title='bbox 1692 5759 1851 5811; x_wconf 82' lang='lat' dir='ltr'><strong>armis</strong></span> <span class='ocrx_word' id='word_1_857' title='bbox 1914 5758 2080 5824; x_wconf 79' lang='lat' dir='ltr'><strong>magis</strong></span> 
     </span>
    </p>
   </div>
   <div class='ocr_carea' id='block_1_115' title="bbox 2181 4590 3730 4662">
    <p class='ocr_par' dir='ltr' id='par_1_115' title="bbox 2181 4590 3730 4662">
     <span class='ocr_line' id='line_1_117' title="bbox 2181 4590 3730 4662; baseline -0.003 -16"><span class='ocrx_word' id='word_1_858' title='bbox 2181 4590 2415 4662; x_wconf 75' lang='lat' dir='ltr'><strong>Eugenio</strong></span> <span class='ocrx_word' id='word_1_859' title='bbox 2471 4593 2753 4653; x_wconf 86' lang='lat' dir='ltr'><strong>Toletano,</strong></span> <span class='ocrx_word' id='word_1_860' title='bbox 2822 4590 3179 4658; x_wconf 88' lang='lat' dir='ltr'><strong>lldephonso,</strong></span> <span class='ocrx_word' id='word_1_861' title='bbox 3229 4590 3460 4651; x_wconf 77' lang='lat' dir='ltr'><strong>Juliano,</strong></span> <span class='ocrx_word' id='word_1_862' title='bbox 3521 4590 3730 4662; x_wconf 68' lang='lat' dir='ltr'><strong>Tacui.</strong></span> 
     </span>
    </p>
   </div>
   <div class='ocr_carea' id='block_1_116' title="bbox 2180 4660 3737 4729">
    <p class='ocr_par' dir='ltr' id='par_1_116' title="bbox 2180 4660 3737 4729">
     <span class='ocr_line' id='line_1_118' title="bbox 2180 4660 3737 4729; baseline -0.003 -14"><span class='ocrx_word' id='word_1_863' title='bbox 2180 4660 2435 4729; x_wconf 74' lang='lat' dir='ltr'><strong>Eulogii).</strong></span> <span class='ocrx_word' id='word_1_864' title='bbox 2481 4662 2689 4714; x_wconf 64' lang='lat' dir='ltr'><strong>«cteris</strong></span> <span class='ocrx_word' id='word_1_865' title='bbox 2739 4663 2980 4713; x_wconf 83' lang='lat' dir='ltr'><strong>Patribus</strong></span> <span class='ocrx_word' id='word_1_866' title='bbox 3008 4670 3062 4712; x_wconf 92' lang='lat' dir='ltr'><strong>et</strong></span> <span class='ocrx_word' id='word_1_867' title='bbox 3090 4662 3371 4713; x_wconf 62' lang='lat' dir='ltr'><strong>sanctitate</strong></span> <span class='ocrx_word' id='word_1_868' title='bbox 3410 4670 3463 4713; x_wconf 85' lang='lat' dir='ltr'><strong>et</strong></span> <span class='ocrx_word' id='word_1_869' title='bbox 3504 4660 3737 4714; x_wconf 79' lang='lat' dir='ltr'><strong>doctrina</strong></span> 
     </span>
    </p>
   </div>
   <div class='ocr_carea' id='block_1_117' title="bbox 2179 4728 3736 4796">
    <p class='ocr_par' dir='ltr' id='par_1_117' title="bbox 2179 4728 3736 4796">
     <span class='ocr_line' id='line_1_119' title="bbox 2179 4728 3736 4796; baseline -0.002 -13"><span class='ocrx_word' id='word_1_870' title='bbox 2179 4728 2518 4791; x_wconf 77' lang='lat' dir='ltr'><strong>venerandis,</strong></span> <span class='ocrx_word' id='word_1_871' title='bbox 2547 4731 2597 4781; x_wconf 93' lang='lat' dir='ltr'><strong>in</strong></span> <span class='ocrx_word' id='word_1_872' title='bbox 2620 4728 2907 4796; x_wconf 80' lang='lat' dir='ltr'><strong>Scriptura:</strong></span> <span class='ocrx_word' id='word_1_873' title='bbox 2927 4744 3091 4781; x_wconf 76' lang='lat' dir='ltr'><strong>sacra:</strong></span> <span class='ocrx_word' id='word_1_874' title='bbox 3113 4730 3340 4781; x_wconf 87' lang='lat' dir='ltr'><strong>lectione</strong></span> <span class='ocrx_word' id='word_1_875' title='bbox 3368 4729 3616 4792; x_wconf 71' lang='lat' dir='ltr'><strong>assiduis,</strong></span> <span class='ocrx_word' id='word_1_876' title='bbox 3636 4744 3736 4795; x_wconf 82' lang='lat' dir='ltr'><strong>pri-</strong></span> 
     </span>
    </p>
   </div>
   <div class='ocr_carea' id='block_1_118' title="bbox 2179 4796 3737 4865">
    <p class='ocr_par' dir='ltr' id='par_1_118' title="bbox 2179 4796 3737 4865">
     <span class='ocr_line' id='line_1_120' title="bbox 2179 4796 3737 4865; baseline -0.006 -12"><span class='ocrx_word' id='word_1_877' title='bbox 2179 4816 2389 4853; x_wconf 82' lang='lat' dir='ltr'><strong>scorum</strong></span> <span class='ocrx_word' id='word_1_878' title='bbox 2431 4813 2693 4851; x_wconf 89' lang='lat' dir='ltr'><strong>canonum</strong></span> <span class='ocrx_word' id='word_1_879' title='bbox 2753 4797 3045 4865; x_wconf 64' lang='lat' dir='ltr'><strong>disciplina:</strong></span> <span class='ocrx_word' id='word_1_880' title='bbox 3104 4798 3434 4863; x_wconf 73' lang='lat' dir='ltr'><strong>custodibus,</strong></span> <span class='ocrx_word' id='word_1_881' title='bbox 3482 4796 3737 4863; x_wconf 67' lang='lat' dir='ltr'><strong>theologis</strong></span> 
     </span>
    </p>
   </div>
   <div class='ocr_carea' id='block_1_119' title="bbox 2178 4866 3737 4928">
    <p class='ocr_par' dir='ltr' id='par_1_119' title="bbox 2178 4866 3737 4928">
     <span class='ocr_line' id='line_1_121' title="bbox 2178 4866 3737 4928; baseline -0.003 -7"><span class='ocrx_word' id='word_1_882' title='bbox 2178 4868 2583 4922; x_wconf 81' lang='lat' dir='ltr'><strong>absolutissmis</strong></span> <span class='ocrx_word' id='word_1_883' title='bbox 2630 4882 2694 4919; x_wconf 91' lang='lat' dir='ltr'><strong>ac</strong></span> <span class='ocrx_word' id='word_1_884' title='bbox 2722 4866 3079 4928; x_wconf 87' lang='lat' dir='ltr'><strong>solidissimis,</strong></span> <span class='ocrx_word' id='word_1_885' title='bbox 3130 4868 3433 4918; x_wconf 87' lang='lat' dir='ltr'><strong>oratoribus</strong></span> <span class='ocrx_word' id='word_1_886' title='bbox 3481 4866 3737 4926; x_wconf 83' lang='lat' dir='ltr'><strong>facundis,</strong></span> 
     </span>
    </p>
   </div>
   <div class='ocr_carea' id='block_1_120' title="bbox 2179 4934 3737 5000">
    <p class='ocr_par' dir='ltr' id='par_1_120' title="bbox 2179 4934 3737 5000">
     <span class='ocr_line' id='line_1_122' title="bbox 2179 4934 3737 5000; baseline -0.003 -11"><span class='ocrx_word' id='word_1_887' title='bbox 2179 4952 2277 4991; x_wconf 88' lang='lat' dir='ltr'><strong>nec</strong></span> <span class='ocrx_word' id='word_1_888' title='bbox 2308 4938 2597 4997; x_wconf 81' lang='lat' dir='ltr'><strong>indisertis,</strong></span> <span class='ocrx_word' id='word_1_889' title='bbox 2628 4943 2683 4987; x_wconf 88' lang='lat' dir='ltr'><strong>et</strong></span> <span class='ocrx_word' id='word_1_890' title='bbox 2714 4935 2779 4985; x_wconf 89' lang='lat' dir='ltr'><strong>ab</strong></span> <span class='ocrx_word' id='word_1_891' title='bbox 2810 4935 3108 4987; x_wconf 89' lang='lat' dir='ltr'><strong>eruditione</strong></span> <span class='ocrx_word' id='word_1_892' title='bbox 3148 4935 3368 5000; x_wconf 84' lang='lat' dir='ltr'><strong>profana</strong></span> <span class='ocrx_word' id='word_1_893' title='bbox 3396 4951 3501 4987; x_wconf 92' lang='lat' dir='ltr'><strong>non</strong></span> <span class='ocrx_word' id='word_1_894' title='bbox 3531 4934 3737 4995; x_wconf 78' lang='lat' dir='ltr'><strong>alienis,</strong></span> 
     </span>
    </p>
   </div>
   <div class='ocr_carea' id='block_1_121' title="bbox 2179 5002 3737 5072">
    <p class='ocr_par' dir='ltr' id='par_1_121' title="bbox 2179 5002 3737 5072">
     <span class='ocr_line' id='line_1_123' title="bbox 2179 5002 3737 5072; baseline -0.001 -14"><span class='ocrx_word' id='word_1_895' title='bbox 2179 5005 2319 5072; x_wconf 89' lang='lat' dir='ltr'><strong>quod</strong></span> <span class='ocrx_word' id='word_1_896' title='bbox 2355 5007 2509 5057; x_wconf 90' lang='lat' dir='ltr'><strong>unius</strong></span> <span class='ocrx_word' id='word_1_897' title='bbox 2555 5004 2664 5055; x_wconf 90' lang='lat' dir='ltr'><strong>divi</strong></span> <span class='ocrx_word' id='word_1_898' title='bbox 2698 5003 2883 5055; x_wconf 90' lang='lat' dir='ltr'><strong>lsidori</strong></span> <span class='ocrx_word' id='word_1_899' title='bbox 2906 5018 3067 5070; x_wconf 88' lang='lat' dir='ltr'><strong>opera</strong></span> <span class='ocrx_word' id='word_1_900' title='bbox 3100 5004 3161 5055; x_wconf 87' lang='lat' dir='ltr'><strong>ad</strong></span> <span class='ocrx_word' id='word_1_901' title='bbox 3195 5002 3510 5072; x_wconf 86' lang='lat' dir='ltr'><strong>miraculum</strong></span> <span class='ocrx_word' id='word_1_902' title='bbox 3540 5002 3737 5072; x_wconf 78' lang='lat' dir='ltr'><strong>doctis-</strong></span> 
     </span>
    </p>
   </div>
   <div class='ocr_carea' id='block_1_122' title="bbox 2179 5070 3734 5139">
    <p class='ocr_par' dir='ltr' id='par_1_122' title="bbox 2179 5070 3734 5139">
     <span class='ocr_line' id='line_1_124' title="bbox 2179 5070 3734 5139; baseline -0.001 -13"><span class='ocrx_word' id='word_1_903' title='bbox 2179 5070 2297 5126; x_wconf 77' lang='lat' dir='ltr'><strong>simi</strong></span> <span class='ocrx_word' id='word_1_904' title='bbox 2326 5075 2693 5126; x_wconf 89' lang='lat' dir='ltr'><strong>demonstrant</strong></span> <span class='ocrx_word' id='word_1_905' title='bbox 2724 5081 2783 5123; x_wconf 93' lang='lat' dir='ltr'><strong>ut</strong></span> <span class='ocrx_word' id='word_1_906' title='bbox 2813 5072 2937 5123; x_wconf 90' lang='lat' dir='ltr'><strong>nihil</strong></span> <span class='ocrx_word' id='word_1_907' title='bbox 2968 5072 3055 5124; x_wconf 60' lang='lat' dir='ltr'><strong>de.</strong></span> <span class='ocrx_word' id='word_1_908' title='bbox 3076 5070 3373 5126; x_wconf 77' lang='lat' dir='ltr'><strong>Braulionis</strong></span> <span class='ocrx_word' id='word_1_909' title='bbox 3399 5071 3642 5139; x_wconf 75' lang='lat' dir='ltr'><strong>epistolis</strong></span> <span class='ocrx_word' id='word_1_910' title='bbox 3688 5078 3734 5124; x_wconf 82' lang='lat' dir='ltr'><strong>el</strong></span> 
     </span>
    </p>
   </div>
   <div class='ocr_carea' id='block_1_123' title="bbox 2180 5138 3737 5208">
    <p class='ocr_par' dir='ltr' id='par_1_123' title="bbox 2180 5138 3737 5208">
     <span class='ocr_line' id='line_1_125' title="bbox 2180 5138 3737 5208; baseline -0.003 -13"><span class='ocrx_word' id='word_1_911' title='bbox 2180 5144 2323 5196; x_wconf 89' lang='lat' dir='ltr'><strong>hisce</strong></span> <span class='ocrx_word' id='word_1_912' title='bbox 2354 5142 2569 5207; x_wconf 83' lang='lat' dir='ltr'><strong>Eugenii</strong></span> <span class='ocrx_word' id='word_1_913' title='bbox 2599 5140 2868 5208; x_wconf 84' lang='lat' dir='ltr'><strong>Opuscnlis</strong></span> <span class='ocrx_word' id='word_1_914' title='bbox 2893 5139 3160 5201; x_wconf 78' lang='lat' dir='ltr'><strong>dicamus,</strong></span> <span class='ocrx_word' id='word_1_915' title='bbox 3204 5138 3254 5190; x_wconf 90' lang='lat' dir='ltr'><strong>in</strong></span> <span class='ocrx_word' id='word_1_916' title='bbox 3276 5138 3471 5206; x_wconf 87' lang='lat' dir='ltr'><strong>quibus</strong></span> <span class='ocrx_word' id='word_1_917' title='bbox 3500 5151 3737 5194; x_wconf 84' lang='lat' dir='ltr'><strong>veterum</strong></span> 
     </span>
    </p>
   </div>
   <div class='ocr_carea' id='block_1_124' title="bbox 2180 5210 3735 5279">
    <p class='ocr_par' dir='ltr' id='par_1_124' title="bbox 2180 5210 3735 5279">
     <span class='ocr_line' id='line_1_126' title="bbox 2180 5210 3735 5279; baseline -0.003 -15"><span class='ocrx_word' id='word_1_918' title='bbox 2180 5221 2453 5279; x_wconf 68' lang='lat' dir='ltr'><strong>poetarum</strong></span> <span class='ocrx_word' id='word_1_919' title='bbox 2482 5220 2535 5261; x_wconf 89' lang='lat' dir='ltr'><strong>et</strong></span> <span class='ocrx_word' id='word_1_920' title='bbox 2562 5218 2833 5261; x_wconf 88' lang='lat' dir='ltr'><strong>oratorum</strong></span> <span class='ocrx_word' id='word_1_921' title='bbox 2875 5210 3151 5279; x_wconf 80' lang='lat' dir='ltr'><strong>sententia:</strong></span> <span class='ocrx_word' id='word_1_922' title='bbox 3197 5213 3393 5275; x_wconf 89' lang='lat' dir='ltr'><strong>passim</strong></span> <span class='ocrx_word' id='word_1_923' title='bbox 3435 5217 3735 5262; x_wconf 71' lang='lat' dir='ltr'><strong>occurrunt.</strong></span> 
     </span>
    </p>
   </div>
   <div class='ocr_carea' id='block_1_125' title="bbox 2180 5277 3733 5345">
    <p class='ocr_par' dir='ltr' id='par_1_125' title="bbox 2180 5277 3733 5345">
     <span class='ocr_line' id='line_1_127' title="bbox 2180 5277 3733 5345; baseline -0.002 -12"><span class='ocrx_word' id='word_1_924' title='bbox 2180 5277 2382 5345; x_wconf 79' lang='lat' dir='ltr'><strong>Quibus</strong></span> <span class='ocrx_word' id='word_1_925' title='bbox 2407 5280 2449 5331; x_wconf 90' lang='lat' dir='ltr'><strong>si</strong></span> <span class='ocrx_word' id='word_1_926' title='bbox 2481 5279 2773 5344; x_wconf 86' lang='lat' dir='ltr'><strong>linguarum</strong></span> <span class='ocrx_word' id='word_1_927' title='bbox 2799 5277 3174 5343; x_wconf 84' lang='lat' dir='ltr'><strong>cognitionem,</strong></span> <span class='ocrx_word' id='word_1_928' title='bbox 3215 5290 3321 5342; x_wconf 85' lang='lat' dir='ltr'><strong>qua</strong></span> <span class='ocrx_word' id='word_1_929' title='bbox 3343 5286 3494 5331; x_wconf 79' lang='lat' dir='ltr'><strong>erant</strong></span> <span class='ocrx_word' id='word_1_930' title='bbox 3513 5279 3733 5330; x_wconf 80' lang='lat' dir='ltr'><strong>instruc-</strong></span> 
     </span>
    </p>
   </div>
   <div class='ocr_carea' id='block_1_126' title="bbox 2180 5345 3737 5415">
    <p class='ocr_par' dir='ltr' id='par_1_126' title="bbox 2180 5345 3737 5415">
     <span class='ocr_line' id='line_1_128' title="bbox 2180 5345 3737 5415; baseline -0.004 -13"><span class='ocrx_word' id='word_1_931' title='bbox 2180 5348 2363 5402; x_wconf 86' lang='lat' dir='ltr'><strong>tissimi</strong></span> <span class='ocrx_word' id='word_1_932' title='bbox 2416 5349 2701 5415; x_wconf 87' lang='lat' dir='ltr'><strong>(quantum</strong></span> <span class='ocrx_word' id='word_1_933' title='bbox 2744 5354 2991 5415; x_wconf 78' lang='lat' dir='ltr'><strong>tempora</strong></span> <span class='ocrx_word' id='word_1_934' title='bbox 3034 5346 3121 5415; x_wconf 75' lang='lat' dir='ltr'><strong>illa</strong></span> <span class='ocrx_word' id='word_1_935' title='bbox 3179 5345 3460 5415; x_wconf 85' lang='lat' dir='ltr'><strong>ferebant)</strong></span> <span class='ocrx_word' id='word_1_936' title='bbox 3502 5345 3737 5415; x_wconf 68' lang='lat' dir='ltr'><strong>adiungi-</strong></span> 
     </span>
    </p>
   </div>
   <div class='ocr_carea' id='block_1_127' title="bbox 2180 5413 3737 5482">
    <p class='ocr_par' dir='ltr' id='par_1_127' title="bbox 2180 5413 3737 5482">
     <span class='ocr_line' id='line_1_129' title="bbox 2180 5413 3737 5482; baseline -0.003 -12"><span class='ocrx_word' id='word_1_937' title='bbox 2180 5435 2316 5480; x_wconf 65' lang='lat' dir='ltr'><strong>mus,</strong></span> <span class='ocrx_word' id='word_1_938' title='bbox 2368 5413 2499 5469; x_wconf 88' lang='lat' dir='ltr'><strong>nihil</strong></span> <span class='ocrx_word' id='word_1_939' title='bbox 2524 5424 2603 5469; x_wconf 86' lang='lat' dir='ltr'><strong>est</strong></span> <span class='ocrx_word' id='word_1_940' title='bbox 2635 5414 2876 5482; x_wconf 17' lang='lat' dir='ltr'><strong>profectio</strong></span> <span class='ocrx_word' id='word_1_941' title='bbox 2906 5414 3045 5481; x_wconf 91' lang='lat' dir='ltr'><strong>quod</strong></span> <span class='ocrx_word' id='word_1_942' title='bbox 3092 5415 3155 5465; x_wconf 89' lang='lat' dir='ltr'><strong>ad</strong></span> <span class='ocrx_word' id='word_1_943' title='bbox 3184 5413 3410 5466; x_wconf 74' lang='lat' dir='ltr'><strong>solidam</strong></span> <span class='ocrx_word' id='word_1_944' title='bbox 3434 5413 3737 5467; x_wconf 48' lang='grc' dir='ltr'>ιιι-ιιιιὶιίωᾶ</span> 
     </span>
    </p>
   </div>
   <div class='ocr_carea' id='block_1_128' title="bbox 2180 5481 3728 5550">
    <p class='ocr_par' dir='ltr' id='par_1_128' title="bbox 2180 5481 3728 5550">
     <span class='ocr_line' id='line_1_130' title="bbox 2180 5481 3728 5550; baseline -0.002 -11"><span class='ocrx_word' id='word_1_945' title='bbox 2180 5487 2387 5539; x_wconf 81' lang='lat' dir='ltr'><strong>laudem</strong></span> <span class='ocrx_word' id='word_1_946' title='bbox 2408 5481 2759 5539; x_wconf 87' lang='lat' dir='ltr'><strong>desideretur.</strong></span> <span class='ocrx_word' id='word_1_947' title='bbox 2814 5481 2887 5534; x_wconf 76' lang='lat' dir='ltr'><strong>Ex</strong></span> <span class='ocrx_word' id='word_1_948' title='bbox 2919 5484 3109 5550; x_wconf 84' lang='lat' dir='ltr'><strong>quibus</strong></span> <span class='ocrx_word' id='word_1_949' title='bbox 3138 5481 3381 5535; x_wconf 90' lang='lat' dir='ltr'><strong>omnibus</strong></span> <span class='ocrx_word' id='word_1_950' title='bbox 3420 5482 3546 5535; x_wconf 90' lang='lat' dir='ltr'><strong>illud</strong></span> <span class='ocrx_word' id='word_1_951' title='bbox 3577 5482 3728 5536; x_wconf 58' lang='lat' dir='ltr'><strong>efﬁci</strong></span> 
     </span>
    </p>
   </div>
   <div class='ocr_carea' id='block_1_129' title="bbox 2182 5550 3734 5630">
    <p class='ocr_par' dir='ltr' id='par_1_129' title="bbox 2182 5550 3734 5630">
     <span class='ocr_line' id='line_1_131' title="bbox 2182 5550 3734 5630; baseline -0.005 -22"><span class='ocrx_word' id='word_1_952' title='bbox 2182 5565 2284 5617; x_wconf 92' lang='lat' dir='ltr'><strong>tur,</strong></span> <span class='ocrx_word' id='word_1_953' title='bbox 2328 5563 2385 5607; x_wconf 90' lang='lat' dir='ltr'><strong>ut</strong></span> <span class='ocrx_word' id='word_1_954' title='bbox 2418 5553 2529 5630; x_wconf 76' lang='lat' dir='ltr'><strong>hzec</strong></span> <span class='ocrx_word' id='word_1_955' title='bbox 2556 5551 3257 5630; x_wconf 47' lang='lat' dir='ltr'><strong>pr0prianunius“llispania:</strong></span> <span class='ocrx_word' id='word_1_956' title='bbox 3287 5552 3401 5630; x_wconf 74' lang='lat' dir='ltr'><strong>laus</strong></span> <span class='ocrx_word' id='word_1_957' title='bbox 3429 5552 3524 5611; x_wconf 84' lang='lat' dir='ltr'><strong>sit,</strong></span> <span class='ocrx_word' id='word_1_958' title='bbox 3558 5550 3734 5629; x_wconf 63' lang='lat' dir='ltr'><strong>nullibi</strong></span> 
     </span>
    </p>
   </div>
   <div class='ocr_carea' id='block_1_130' title="bbox 2179 5619 3730 5690">
    <p class='ocr_par' dir='ltr' id='par_1_130' title="bbox 2179 5619 3730 5690">
     <span class='ocr_line' id='line_1_132' title="bbox 2179 5619 3730 5690; baseline -0.002 -15"><span class='ocrx_word' id='word_1_959' title='bbox 2179 5639 2315 5677; x_wconf 86' lang='lat' dir='ltr'><strong>vera:</strong></span> <span class='ocrx_word' id='word_1_960' title='bbox 2342 5619 2616 5690; x_wconf 74' lang='lat' dir='ltr'><strong>sapientia:</strong></span> <span class='ocrx_word' id='word_1_961' title='bbox 2645 5620 2889 5690; x_wconf 67' lang='lat' dir='ltr'><strong>studium</strong></span> <span class='ocrx_word' id='word_1_962' title='bbox 2938 5620 3041 5673; x_wconf 88' lang='lat' dir='ltr'><strong>illis</strong></span> <span class='ocrx_word' id='word_1_963' title='bbox 3088 5621 3413 5690; x_wconf 76' lang='lat' dir='ltr'><strong>temporibus</strong></span> <span class='ocrx_word' id='word_1_964' title='bbox 3453 5619 3730 5690; x_wconf 13' lang='lat' dir='ltr'><strong>magisivi-</strong></span> 
     </span>
    </p>
   </div>
   <div class='ocr_carea' id='block_1_131' title="bbox 2179 5687 3732 5761">
    <p class='ocr_par' dir='ltr' id='par_1_131' title="bbox 2179 5687 3732 5761">
     <span class='ocr_line' id='line_1_133' title="bbox 2179 5687 3732 5761; baseline -0.005 -16"><span class='ocrx_word' id='word_1_965' title='bbox 2179 5694 2373 5761; x_wconf 82' lang='lat' dir='ltr'><strong>guisse,</strong></span> <span class='ocrx_word' id='word_1_966' title='bbox 2408 5687 2839 5761; x_wconf 22' lang='lat' dir='ltr'><strong>&#39;atqueAGothos</strong></span> <span class='ocrx_word' id='word_1_967' title='bbox 2883 5698 3071 5741; x_wconf 84' lang='lat' dir='ltr'><strong>natura</strong></span> <span class='ocrx_word' id='word_1_968' title='bbox 3118 5688 3259 5741; x_wconf 87' lang='lat' dir='ltr'><strong>feros</strong></span> <span class='ocrx_word' id='word_1_969' title='bbox 3298 5698 3353 5741; x_wconf 90' lang='lat' dir='ltr'><strong>et</strong></span> <span class='ocrx_word' id='word_1_970' title='bbox 3378 5688 3629 5761; x_wconf 81' lang='lat' dir='ltr'><strong>incultos,</strong></span> <span class='ocrx_word' id='word_1_971' title='bbox 3674 5692 3732 5739; x_wconf 70' lang='lat' dir='ltr'><strong>ac</strong></span> 
     </span>
    </p>
   </div>
   <div class='ocr_carea' id='block_1_132' title="bbox 2181 5757 3739 5828">
    <p class='ocr_par' dir='ltr' id='par_1_132' title="bbox 2181 5757 3739 5828">
     <span class='ocr_line' id='line_1_134' title="bbox 2181 5757 3739 5828; baseline -0.001 -10"><span class='ocrx_word' id='word_1_972' title='bbox 2181 5757 2429 5828; x_wconf 60' lang='lat' dir='ltr'><strong>amnique</strong></span> <span class='ocrx_word' id='word_1_973' title='bbox 2472 5759 2645 5813; x_wconf 83' lang='lat' dir='ltr'><strong>studio</strong></span> <span class='ocrx_word' id='word_1_974' title='bbox 2695 5766 3046 5827; x_wconf 78' lang='lat' dir='ltr'><strong>praeterquam</strong></span> <span class='ocrx_word' id='word_1_975' title='bbox 3076 5773 3342 5813; x_wconf 86' lang='lat' dir='ltr'><strong>armorum</strong></span> <span class='ocrx_word' id='word_1_976' title='bbox 3367 5757 3739 5817; x_wconf 60' lang='lat' dir='ltr'><strong>abhorrentes,</strong></span> 
     </span>
    </p>
   </div>
  </div>
