3912 6346
239 346 346 407 M3

1075 342 1574 402 OPUSCULORUM
1603 343 1780 400 PARS
1819 340 2087 399 TERTIA.
2128 373 2198 385 —
2239 345 2616 406 εριδτοιηιε.

3346 358 3447 413 ιιι

309 458 462 520 Ecce.
513 456 758 527 piissime
815 456 1058 525 Domine,
1101 455 1330 512 dulcedo
1373 455 1556 526 gratim
1611 461 1804 510 vestra:
1829 454 1878 512 Α
1905 452 2068 509 ditate
2088 457 2381 518 vernantia,
2413 458 2631 512 miriﬁca
2670 465 2784 513 arte
2809 458 3085 528 disposita,
3131 462 3453 536 directisque

242 553 521 606 verbosum
543 564 630 603 me
658 548 894 602 reddidit
920 557 974 601 et
999 547 1320 618 superbum;
1348 546 1439 602 sed
1473 559 1684 616 precor,
1738 553 1798 599 ut

240 653 432 709 parcas
449 638 706 699 audaciae.
737 652 897 706 quam
921 652 1023 690 non
1053 645 1230 690 tumor
1258 635 1455 698 attulit,
1505 634 1601 688 sed
1648 648 1798 687 amor

237 729 460 783 invexit.
483 727 614 780 Nam
632 728 679 781 si
708 731 814 780 hoc
843 725 1052 779 trutina:
1079 725 1286 780 subtilis
1324 723 1584 780 examinis
1630 737 1796 792 aqua:

237 821 388 874 libra
413 833 576 888 pensa
594 819 817 888 jusseris
841 819 1154 886 ponderare,
1171 817 1236 869 ad
1266 826 1318 870 te
1339 817 1617 870 Dominum
1649 815 1798 870 vide-

239 909 326 962 bis
351 921 648 970 recurrere,
676 906 821 974 quod
842 905 1107 960 servulum
1151 913 1321 958 tuum‘
1352 904 1618 958 inveneris
1646 905 1802 957 ober-

236 1011 364 1050 rare
390 1013 406 1061 ;
431 996 555 1063 quia
573 1007 950 1063 nunquamego
971 1001 1073 1046 tam
1097 991 1415 1046 temerarius
1433 992 1486 1044 in
1507 990 1798 1058 loquendo,

240 1088 345 1140 nisi
377 1095 433 1139 tu
463 1085 652 1138 fuisses
676 1093 785 1136 tam
813 1081 1214 1152 profusissimus
1252 1083 1305 1135 in
1349 1081 1600 1134 amando.
1650 1082 1802 1146 Quod

236 1189 372 1241 ergo
405 1177 504 1227 hac
529 1173 813 1227 occasione
842 1171 924 1224 vel
951 1168 1289 1238 deliquerim,
1319 1168 1402 1222 vel
1430 1168 1654 1237 deliqui,
1707 1183 1804 1223 vo-

233 1265 324 1320 bis
369 1264 620 1332 imputari
646 1263 848 1329 jubete,
881 1261 1002 1330 quia
1048 1268 1252 1312 tantum
1296 1273 1465 1324 amas,
1493 1268 1548 1312 et
1595 1267 1800 1313 tantum

235 1355 461 1416 amaris,
485 1361 543 1405 ut
569 1363 624 1406 et
651 1352 979 1406 verecundia:
1009 1351 1214 1418 pondus
1237 1352 1469 1415 auferas,
1495 1356 1549 1402 et
1571 1349 1799 1402 timoris.

235 1443 510 1511 Scriptum
542 1441 682 1495 enim
711 1448 796 1494 est
826 1457 839 1492 :
866 1434 1050 1492 Timor
1093 1453 1198 1491 non
1249 1446 1333 1491 est
1384 1436 1436 1490 in
1490 1435 1799 1501 dilectione,

236 1537 336 1589 sed
357 1534 594 1606 perfecta
621 1532 835 1587 dilectio
864 1531 991 1585 foris
1019 1530 1178 1584 mittit
1211 1529 1477 1582 timorem.

323 1625 378 1678 5.
409 1623 487 1676 De
533 1630 728 1675 caetero
752 1636 850 1690 pro
882 1619 1222 1686 peculiariter
1267 1630 1517 1685 suggero,
1565 1625 1622 1669 ut
1675 1615 1801 1669 mihi

241 1713 443 1766 misero
471 1711 826 1765 tentationum
858 1709 1104 1763 ﬂuctibus
1132 1707 1433 1761 errabundo
1477 1717 1580 1759 tua:
1628 1706 1801 1775 precis

1903 548 2198 602 consistunt
2220 549 2474 604 linearum
2502 549 2774 606 ordinibus
2801 561 3068 622 coaptata,
3100 562 3300 608 tantam
3323 555 3470 611 sub-‘

1904 638 2261 694 ministrantes
2288 639 2589 696 amantibus
2637 641 2880 707 gratiam,
2936 650 2993 696 ut
3021 637 3307 698 'suavitate
3363 647 3446 701 sui

1904 742 2010 781 non
2038 727 2209 781 solum
2263 731 2560 784 exteriores
2586 745 2872 799 corporum
2911 746 3116 798 sensus,
3165 734 3260 788 sed
3307 736 3446 791 inte-

1905 820 2044 871 riora
2069 818 2305 872 cordium
2336 805 2526 874 arcana
2554 823 2801 876 satietate
2823 824 2902 876 sui
2929 825 3263 892 perlustrant.
3288 826 3452 880 Cum-

1905 919 2009 973 que
2037 906 2158 958 talia
2192 906 2406 961 intentis
2435 908 2703 962 obtutibus
2726 925 3021 975 cernerem,
3051 927 3114 966 ac
3163 914 3446 982 plerosque

1907 994 1988 1049 his
2008 994 2334 1048 multimodis
2359 996 2580 1064 dapibus
2599 998 2778 1051 satiari
2809 999 3062 1065 viderem,
3092 1001 3445 1059 inaestimabili
3505 1005 3508 1008 ’

1905 1098 2159 1137 accensus
2185 1085 2468 1152 desiderio,
2499 1095 2746 1156 tanquam
2775 1105 2910 1143 unus
2939 1106 3001 1144 ex
3049 1093 3274 1161 collegio
3328 1108 3452 1148 esu-

1906 1173 2148 1226 rientium
2173 1190 2459 1243 puerorum
2484 1178 2668 1230 inedia:
2689 1188 2908 1232 coactus
2926 1182 3181 1249 impulsis,
3213 1184 3451 1250 ejusdem

1902 1266 2118 1334 januam
2141 1267 2366 1334 paradisi
2396 1268 2715 1336 pedetentim
2746 1284 3049 1336 aggressus,
3078 1280 3132 1324 et
3179 1274 3325 1341 quasi
3378 1283 3458 1327 te-

1907 1358 2164 1412 merarius
2194 1359 2452 1412 introrsus
2497 1358 2804 1428 explorator
2849 1360 3134 1425 ingressus,
3195 1361 3320 1416 dum
3363 1377 3456 1430 per

1906 1449 2092 1500 eadem
2147 1448 2316 1514 spatia
2363 1447 2716 1516 pulcherrima
2743 1464 2983 1517 qumque,
3037 1467 3098 1505 ac
3145 1453 3454 1505 multimoda

1907 1535 2295 1602 prospectando
2327 1535 2488 1588 nimia
2538 1537 2889 1592 admiratione
2934 1539 3245 1607 suSpendor,
3303 1555 3454 1608 qua:-

1907 1621 2028 1676 dam
2075 1623 2493 1677 ramusculorum
2547 1624 2762 1678 floscula
2823 1641 2890 1678 m4
2916 1640 2975 1678 re
3019 1626 3329 1693 wsillorum
3377 1627 3456 1680 in-

1911 1710 2127 1763 fantium
2151 1709 2379 1766 ludendo
2403 1710 2612 1779 collegi,
2629 1727 2691 1765 ae
2717 1728 2874 1765 manu
2897 1715 3048 1766 avida
3067 1713 3453 1768 contrectando

243 1802 524 1874 impendas
545 1802 819 1855 auxilium.
862 1800 950 1853 Sic
980 1801 1259 1853 beatorum
1305 1798 1560 1851 merearis
1604 1779 1802 1850 habere
1833 1777 1881 1838 Β
1906 1796 2164 1863 decerpsi,
2197 1797 2389 1850 cursim
2412 1798 2510 1856 ista
2548 1777 2820 1866 praecipua
2871 1800 3099 1866 quadam
3148 1805 3458 1857 curiositate

249 1890 608 1948 comertium.

789 1998 1113 2054 EPISTOLA
1161 1973 1252 2063 iv,

266 2129 497 2182 ‘I'LlOl'ilS,
532 2127 760 2168 EPISCOPI
790 2124 1290 2176 CE‘ARAIJGUSTAM,
1321 2124 1388 2163 AD
1423 2123 1686 2163 EUGENIUI
1717 2116 1766 2161 ⁸ο

314 2247 666 2302 Sanctissimo
696 2259 758 2298 ac
799 2241 1091 2297 venerabili
1126 2240 1342 2294 domino
1388 2252 1509 2292 meo
1565 2236 1802 2304 Eugenio

244 2336 518 2390 Toletanaz
545 2334 690 2387 urbis
714 2333 988 2400 episcopo,
1020 2328 1178 2383 'l‘aius
1206 2328 1419 2383 ultimus
1463 2339 1647 2381 servus
1685 2338 1803 2378 ser-

247 2438 436 2478 vorum
465 2422 561 2486 Qci
580 2421 1087 2487 Caesaraugustam".
1115 2417 1418 2486 episcopus.

319 2516 568 2581 Congrua
623 2512 753 2565 satis
808 2509 1070 2576 valdeque
1111 2506 1406 2560 necessaria
1454 2504 1801 2572 dispositione

245 2603 483 2658 fortioris
511 2601 742 2669 exquirit
763 2600 1030 2660 solatium,
1058 2596 1148 2664 qui
1175 2595 1401 2664 propria:
1427 2593 1634 2647 virtutis
1656 2601 1802 2646 caret

242 2693 455 2756 ofﬁcio,
505 2705 679 2759 eoque
733 2688 937 2743 facilius
975 2686 1218 2756 corporis
1261 2699 1499 2753 gressum
1552 2683 1795 2752 porrigit,

243 2797 353 2851 quo
382 2782 611 2836 trahitur
637 2780 854 2834 dextera
877 2777 1120 2848 potioris,
1146 2785 1202 2829 ut
1230 2775 1404 2830 saltim
1443 2774 1801 2829 desideratum

243 2885 458 2925 cursum
486 2867 794 2924 valentioris
820 2865 1018 2919 auxilio
1044 2864 1211 2934 possit
1236 2863 1473 2931 explere,
1526 2879 1684 2932 quam
1717 2877 1805 2917 sc-

239 2962 361 3029 gnis
389 2961 441 3014 in
471 2959 552 3013 sui
580 2957 783 3011 itineris
812 2955 986 3008 medio
1015 2967 1312 3008 remanere.
1340 2952 1415 3006 Ita
1443 2967 1564 3020 ego,
1610 2953 1681 3005 mi
1712 2965 1804 3006 ve-

1904 1886 2216 1952 quihusdam
2237 1887 2720 1954 comparationibus
2748 1889 3090 1955 prmmitlens,
3130 1890 3306 1943 verbis
3328 1891 3455 1944 sini-

1903 1973 2125 2041 plicibus
2149 1975 2297 2042 quasi
2320 1975 2427 2028 oris
2466 1976 2694 2030 obstrusi
2745 1978 2940 2031 aditum
2994 1994 3195 2044 resero,
3244 1981 3341 2034 nisi
3392 1990 3450 2034 ut

1905 2069 2011 2112 tam
2045 2061 2470 2128 incomparabilis
2515 2064 2828 2117 excellentia
2859 2067 2990 2130 viri,
3024 2070 3193 2121 sancti
3249 2069 3451 2124 scilicet

1906 2164 2051 2216 papae
2074 2148 2338 2216 Gregorii,
2365 2152 2415 2204 in
2450 2153 2561 2218 ipso
2584 2153 2868 2207 locutionis
2893 2159 3114 2210 exordio
3143 2159 3457 2224 quibusdam

1905 2240 2172 2308 parabolis
2227 2242 2585 2306 anteferrem,
2635 2245 2856 2311 ejusque
2906 2248 3316 2312 magnitudinem
3372 2266 3458 2302 sa-

1905 2327 2134 2393 pientim.
2185 2344 2290 2396 quo
2339 2332 2620 2397 perspicuo
2658 2333 2855 2387 lumine
2884 2345 3120 2390 sanctam
3175 2339 3455 2393 illustravit

1908 2417 2213 2481 Ecclesiam,
2247 2421 2576 2488 aliquatenus
2603 2438 2707 2477 non
2737 2427 3045 2490 scientibus,
3094 2429 3185 2482 sed
3214 2432 3453 2484 nescien-

1907 2509 2046 2562 tibus
2107 2511 2459 2578 propalarem.
2513 2510 2830 2580 Optaveram
2879 2515 3136 2583 siquidem
3168 2526 3269 2571 tute
3322 2536 3458 2574 nunc

1905 2597 2090 2651 adesse
2117 2601 2428 2666 pra-sentite,
2454 2610 2529 2666 ut,
2557 2603 2696 2656 sicut
2724 2605 2975 2672 scriptum
3006 2615 3087 2659 est
3113 2625 3125 2658 :
3178 2607 3454 2675 Interroga

1907 2696 2097 2755 patrem
2125 2699 2286 2755 tuum,
2307 2701 2355 2742 et
2378 2695 2704 2747 annuntiabit
2725 2695 2842 2757 tibi;
2870 2696 3090 2763 majores
3139 2706 3269 2760 tuos,
3301 2710 3348 2751 et
3379 2701 3458 2751 di-

1905 2785 2016 2828 cent
2041 2777 2146 2840 tibi,
2177 2793 2242 2831 cx
2275 2779 2350 2832 tui
2400 2780 2509 2834 oris
2539 2781 2817 2848 prudentia
2863 2784 3140 2838 formulam
3171 2803 3455 2851 sumerem,

1907 2880 2026 2919 cum
2069 2867 2118 2919 in
2167 2867 2425 2936 principio
2472 2870 2628 2938 hujus
2656 2874 2830 2939 operis
2871 2875 3017 2926 velut
3045 2877 3317 2942 cujusdam
3342 2879 3460 2933 tela:

1908 2958 2188 3011 verborum
2221 2963 2484 3012 texturam
2512 2975 2892 3030 przeponerem,
2949 2964 3032 3017 vel
3076 2974 3220 3020 certe
3268 2982 3332 3019 ex
3383 2970 3459 3022 tui

243 3049 498 3106 nerabilis
512 3047 744 3110 domine,
773 3047 895 3099 licet
925 3044 1204 3106 invalidus,
1237 3043 1342 3097 tuis
1367 3051 1543 3096 tamen
1594 3041 1806 3108 adjutus
1828 3091 1879 3156 ο
1910 3047 2084 3100 cordis
2110 3047 2394 3101 artiﬁciosa
2426 3067 2605 3116 manu,
2655 3054 2805 3119 quasi
2863 3054 2913 3107 in
2958 3056 3232 3123 cujusdam
3281 3061 3456 3126 magni

345 3141 403 3156 .0,
457 3139 568 3156 .1”-
634 3137 773 3156 ,ηιηξ
827 3135 994 3156 -_,__!..
1041 3135 1270 3156 ‘_-_:--_
1332 3133 1479 3156 ..-.-..2
1532 3132 1796 3156 ‘..:.....I.....
1912 3137 2299 3156 --_-.__-_.3___
2336 3138 2535 3156 __.I-19,H
2615 3141 2692 3156 κν-
2868 3151 2877 3156 .
3138 3147 3150 3156 ι
3351 3149 3364 3156 -

243 3139 595 3202 orationibus,
627 3137 776 3190 ardui
820 3135 996 3203 operis
1039 3135 1274 3202 auspicra
1328 3133 1482 3200 quasi
1529 3132 1799 3199 cujusdam

246 3230 463 3286 maximi
503 3227 701 3282 montis
747 3226 907 3280 malui
939 3225 1084 3278 adire
1125 3224 1406 3293 principia,
1459 3223 1600 3291 quod
1658 3223 1804 3278 velut

243 3319 423 3389 magni
449 3317 724 3386 cujusdam
755 3317 806 3370 in
835 3316 915 3370 sui
938 3312 1223 3385 superﬁcie
1250 3321 1526 3369 ostentans
1572 3313 1803 3383 paradisi

246 3422 524 3463 nemorum
548 3405 952 3476 procoritatibus
975 3404 1165 3468 obsita,
1220 3404 1437 3458 ﬂoribus
1457 3403 1801 3470 albescentia,

245 3498 424 3566 pomis
445 3498 605 3551 etiam
634 3495 1016 3557 mellificantia,
1044 3494 1181 3548 foliis
1227 3494 1532 3558 viridantia,
1573 3494 1802 3548 liliorum

241 3598 462 3652 quoque
475 3582 868 3652 pulchritudine
897 3581 1141 3647 nitentia,
1168 3596 1408 3634 rosarum
1439 3583 1634 3636 rubore
1659 3595 1794 3647 can-

239 3673 443 3735 dentia,
477 3672 733 3726 violarum
772 3669 1174 3740 purpurantium
1205 3669 1423 3724 ﬂoribus
1450 3672 1800 3741 splendentia,

245 3761 623 3828 coloribusque
643 3761 846 3814 croceis
876 3760 1128 3829 pleraque
1178 3759 1450 3829 fulgentia,
1504 3763 1648 3817 nullo
1706 3770 1804 3815 un;

243 3865 406 3920 quam
424 3859 664 3920 tempore
694 3850 1099 3915 marcescentia,
1133 3849 1225 3904 sed
1247 3861 1506 3918 perpetua
1542 3852 1622 3904 sui
1673 3853 1802 3906 viri-

244 4025 599 4096 Bispanorum
646 4025 849 4080 artibus
876 4034 932 4081 et
973 4027 1208 4082 consiliis
1236 4027 1306 4080 ita
1340 4026 1499 4083 fuisse
1537 4025 1802 4093 excultos,

244 4095 482 4164 atquead
497 4095 876 4149 humanitatem
902 4097 1243 4164 compositos,
1265 4106 1341 4159 ut,
1358 4099 1648 4152 barbariem
1675 4114 1805 4153 exu-

249 4165 321 4227 ti,
376 4163 671 4222 litterarum
713 4178 896 4218 amore
925 4163 1037 4231 ipsi
1055 4165 1422 4231 ﬂagraverint,
1454 4182 1570 4219 cum
1605 4168 1803 4224 interea

242 4232 730 4303 reliqua:_nationes
755 4246 939 4287 eorum
962 4234 1122 4287 armis
1146 4249 1410 4303 oppressa:
1440 4235 1504 4286 ad
1538 4237 1803 4303 imperan-

248 4303 380 4371 tium
405 4301 659 4371 ecferam
677 4316 860 4371 nores
883 4317 1007 4356 suos
1036 4301 1574 4371 accommodaverint,
1611 4301 1659 4360 et
1685 4324 1804 4361 ClL'Il

245 4369 376 4440 ipsis
401 4369 450 4422 in
477 4369 771 4424 barbariem
799 4370 1054 4425 demersa:
1083 4371 1208 4424 sint.

316 4457 468 4523 Quod
499 4458 541 4533 ei
566 4458 650 4514 cui
673 4459 941 4533 videbitur
964 4461 1253 4533 (immerito
1306 4463 1355 4514 id
1412 4463 1645 4533 quidem)
1698 4484 1797 4520 im-

243 4538 476 4601 portuno
501 4530 663 4601 bacca
691 4529 844 4601 nobis
872 4529 991 4598 loco
1012 4529 1150 4601 dicta
1182 4530 1360 4601 fuisse,
1411 4529 1594 4585 saltem
1627 4529 1798 4601 patrio

242 4594 436 4655 amO'i.
460 4611 566 4670 quo
585 4598 789 4670 abrepti
806 4595 1008 4661 sumus,
1039 4597 1090 4651 id
1109 4594 1795 4670 _in_t_lulgendumjudicahit;

244 4680 430 4740 neque
445 4665 596 4718 nobis
624 4666 754 4718 vitio
786 4675 957 4718 vertet
976 4667 1122 4740 quod
1155 4665 1431 4740 Hispania:
1453 4665 1635 4724 landes
1666 4665 1797 4740 paul

245 4732 300 4786 l‘o
331 4732 499 4787 fusius
525 4747 682 4800 quam
714 4749 798 4789 res
817 4732 1140 4801 exposcebat
1167 4732 1434 4802 prosecuti
1463 4740 1646 4803 simus,
1667 4732 1793 4796 cum

244 4813 463 4876 exteros
492 4803 782 4876 videamus,
811 4819 907 4876 per
926 4819 1188 4876 summam
1217 4805 1463 4872 injuriam
1497 4822 1797 4876 opportune

244 4879 302 4924 et
330 4871 629 4947 importune
657 4871 1129 4947 nobis__ba_rbariem
1162 4871 1580 4947 exprobrantes,"
1598 4945 1602 4947 Α
1632 4895 1797 4947 usque

239 4953 314 4991 eo
341 4937 509 5010 livore
534 4953 593 4992 ac
621 4940 937 5010 pracjudiciis
963 4941 1197 5010 adducti,
1242 4937 1299 4996 ut
1331 4945 1501 5010 palam
1532 4937 1796 5003 afﬁrmare

241 5021 356 5077 non
371 5007 612 5061 dubitent
624 5008 882 5076 Hispanos
903 5009 1077 5062 hebeti
1096 5024 1159 5066 ac
1172 5013 1320 5066 tardo
1334 5007 1542 5077 ingenio
1557 5028 1584 5064 a
1609 5027 1794 5071 natura

242 5075 573 5144 donatos,ad
590 5075 754 5131 bonas
776 5088 918 5133 artes
936 5081 1152 5133 omnino
1171 5075 1446 5144 inhabiles,
1471 5092 1524 5138 et
1544 5083 1609 5136 ad
1624 5101 1796 5142 meras

247 5157 415 5209 nugas
438 5143 746 5218 ep‘ormatos
773 5146 956 5212 fuisse,
987 5151 1183 5218 quippe
1208 5153 1321 5216 qui,
1352 5143 1541 5212 'ainnt.
1592 5156 1794 5209 habita-

251 5227 374 5292 mus
399 5213 567 5268 solum
590 5213 1456 5292 macrum,sterile_.infecundum.
1489 5221 1652 5278 Musis
1699 5242 1798 5292 op-

250 5283 732 5356 timisqueiartibus
761 5285 1006 5356 invisum.
1038 5288 1164 5351 Quis
1188 5288 1308 5341 talia
1336 5289 1514 5356 legens
1542 5311 1645 5347 non
1682 5283 1796 5347 mo-

244 5354 831 5430 vea.tur?Quis.patri:e
857 5354 1115 5409 honorem
1146 5357 1280 5430 falso
1328 5354 1526 5414 traduci
1581 5365 1794 5430 impune

245 5422 514 5500 patiatur?
546 5424 674 5500 Quis
729 5432 906 5478 taceat
957 5426 1303 5500 pro_veritate
1349 5438 1530 5482 contra
1584 5422 1796 5500 puiidas

241 5491 534 5564 calumnias
548 5493 570 5545 τ
588 5489 692 5564 γε(
704 5509 790 5564 nm
812 5489 1037 5564 causam
1052 5493 1193 5564 hanc
1208 5511 1568 5564 susceperunt
1585 5489 1596 5500 ’
1617 5503 1797 5554 erudi-

238 5561 425 5638 tissimi
449 5559 702 5638 Moedaui
727 5561 920 5617 fratres
943 5563 993 5614 in
1026 5562 1260 5638 Historia
1301 5559 1555 5622 litteraria
1607 5569 1793 5638 Hispa-

235 5631 353 5701 nia,
384 5647 549 5704 quam
579 5630 816 5686 scribere
863 5640 1109 5701 pergunt,
1143 5633 1424 5707 novissime
1479 5654 1606 5698 vero
1655 5630 1792 5710 apud

1907 3137 2304 3191 constructione
2331 3138 2536 3193 :edilicii
2569 3141 2781 3208 politos.
2831 3151 2990 3209 atque
3016 3147 3301 3207 quadratos
3351 3149 3451 3202 hu-

1906 3227 2066 3279 meris
2089 3227 2314 3296 propriis
2337 3229 2616 3284 verborum
2648 3231 2856 3300 lapillos
2875 3233 3169 3300 deierrem;
3199 3240 3451 3304 quoniam

1904 3313 2070 3369 frater
2116 3315 2331 3370 fratrem
2381 3319 2638 3385 adjuvans
2685 3323 3023 3389 exaltabitur,
3080 3327 3216 3380 sicut
3270 3329 3456 3384 civitas

1904 3403 2128 3455 munita.
2173 3402 2313 3458 Ordo
2363 3422 2588 3474 namque
2642 3410 2864 3464 rationis
2919 3415 3159 3480 exposcit
3188 3422 3243 3467 ut
3272 3418 3457 3470 subse-

1904 3493 2121 3560 quentia
2147 3496 2566 3562 przeredeatibus
2615 3499 2841 3568 quodam
2890 3502 3104 3554 vinculo
3148 3508 3456 3560 tenacitatis

1905 3588 2204 3645 nectantur,
2265 3592 2527 3650 quatenus
2554 3587 2606 3640 in
2639 3596 2919 3658 utrumque
2952 3592 3317 3645 rectitudinetn
3372 3596 3455 3646 sui

1904 3669 2108 3736 prolata
2157 3672 2377 3737 aequitas
2417 3675 2631 3740 pandat,
2679 3691 2742 3730 ac
2788 3678 3014 3731 ducente
3057 3679 3267 3733 tramite
3320 3682 3460 3735 veri-

1905 3759 2028 3812 tatis
2057 3760 2122 3813 ad
2177 3762 2496 3816 destinatum
2549 3765 2705 3819 finem
2762 3767 2911 3820 laetus
2958 3770 3195 3823 accedat.
3252 3771 3452 3826 Idcirco

1903 3849 2045 3917 quod
2073 3852 2559 3919 comparationibus
2585 3856 2741 3924 paulo
2767 3865 2891 3911 ante
2932 3858 3281 3926 prmtuiimus,
3332 3874 3454 3916 ver-

1907 4026 2062 4098 Italos
2091 4029 2358 4098 communi
2410 4028 2688 4081 doctorum
2744 4029 3127 4098 acclamatione
3175 4032 3283 4098 egit
3335 4048 3454 4087 eam

1905 4097 1984 4147 vir
2005 4095 2343 4150 doctissimus
2374 4112 2436 4149 ac
2466 4097 2844 4153 disertissimus
2877 4098 2933 4150 Ι).
2973 4095 3231 4154 Xaverius
3274 4100 3451 4153 Llam~

1905 4165 2057 4240 pillas
2091 4167 2511 4240 tiarciuonensis,
2539 4167 2774 4240 inopere
2804 4169 2980 4219 Italico
3008 4171 3260 4240 inscripto
3285 4187 3296 4220 :
3325 4173 3455 4240 Sug-

1904 4236 1985 4302 gio
1999 4235 2181 4289 storico
2199 4237 2503 4304 x-potogrtico
2531 4236 2662 4287 αιιιιιι
2688 4237 2979 4288 letterutura
2999 4239 3316 4306 Spagimola,
3334 4235 3453 4292 rou-

1905 4309 1950 4356 ιρ
1971 4306 2313 4372 pregiudicnte
2335 4307 2556 4371 Opiniom
2574 4307 2625 4356 di
2656 4306 2824 4356 (ιιι-ωιὶ
2855 4322 2904 4356 m
2921 4308 3082 4357 Iderni
3108 4310 3313 4359 scritori
3339 4307 3449 4360 Ita-

1909 4376 2056 4436 liam‘,
2103 4373 2298 4446 Genua;
2343 4375 2525 4446 edito,
2560 4375 2766 4446 iu__qt_t_o
2822 4375 3016 4446 eVincit
3064 4381 3453 4431 obtrectatores

1908 4453 2116 4496 nostros
2147 4444 2197 4496 in
2228 4442 2561 4509 dijudicanda
2617 4442 2964 4511 Hispanorum
2998 4445 3288 4497 litteratura
3346 4462 3450 4499 non

1898 4523 2039 4565 recta
2071 4513 2341 4578 liberaque
2389 4514 2593 4566 ratione
2646 4514 2785 4577 duci,
2817 4514 2906 4565 sed
2961 4529 3023 4562 ex
3085 4523 3450 4581 praecunccpta

1897 4582 2351 4649 Opinioneomuia
2381 4582 2577 4644 metri,
2611 4590 2663 4634 et
2685 4583 2915 4634 seruere
2939 4582 3130 4635 sciere.

1968 4679 1989 4703 ⁸
2023 4669 2166 4722 lianc
2198 4670 2409 4723 Taionis
2431 4671 2714 4738 epistolam
2771 4670 2934 4724 edidit
2966 4671 3166 4735 primus
3217 4670 3452 4738 Stepha-

1898 4755 1997 4798 nus
2028 4739 2291 4803 Baluzius,
2335 4741 2623 4792 Miscellan.
2671 4747 2800 4793 tom.
2838 4738 2922 4802 iV,
2955 4740 3005 4792 in
3036 4756 3139 4805 qua
3165 4756 3282 4791 cum
3315 4757 3454 4794 sutu-

1898 4812 1996 4862 mis
2023 4813 2219 4862 amoris
2248 4818 2302 4860 ct
2334 4811 2685 4864 observantiae
2715 4823 2838 4876 erga
2885 4819 3123 4861 sanctum
3157 4808 3449 4876 Eugenium

1896 4879 2388 4945 signiticiitionibus,
2421 4878 2545 4946 ipsi.
2577 4879 2802 4940 dedicat,
2833 4886 2990 4944 atque
3036 4879 3151 4944 ejus
3183 4881 3447 4932 acerrimo

1891 4947 2091 5014 judicio
2136 4948 2397 5000 submittit
2420 4964 2551 5014 opus
2583 4962 2609 4998 a
2640 4962 2698 4999 se
2751 4948 3099 5006 elaboratum,
3132 4947 3269 5014 quod
3300 4961 3444 4998 com-

1897 5017 2212 5068 mentarium
2243 5031 2406 5069 sacra:
2432 5017 2716 5084 Scripturae
2742 5015 3008 5084 appellare
3038 5028 3226 5070 merito
3258 5031 3442 5082 possu-

1898 5102 2032 5150 mus,
2053 5101 2116 5137 ex
2143 5089 2299 5139 variis
2328 5102 2389 5140 ac
2416 5083 2668 5152 dispersis
2695 5083 2862 5141 sancti
2893 5083 3130 5150 Gregorii
3162 5100 3307 5150 papzu
3354 5088 3436 5136 in-

1897 5156 2363 5222 terpretationibus
2393 5157 2675 5208 collectum
2701 5154 2929 5221 atquein
2953 5171 3046 5209 sex
3078 5157 3237 5206 libros
3257 5155 3437 5208 distri-

1896 5225 2116 5286 butum;
2169 5236 2649 5293 quotumquatuor
2687 5225 2946 5293 prioribu.
2997 5223 3204 5283 veteris,
3238 5225 3442 5277 dntibus

1896 5296 2176 5362 postremis
2206 5294 2334 5346 Νυνὶ
2392 5292 2712 5347 Tcstammti
2765 5294 3023 5359 expositio
3043 5295 3436 5362 continebatur.

1895 5361 1995 5415 Sed
2025 5378 2158 5429 Opus
2181 5364 2448 5429 egregium
2482 5380 2584 5418 non
2615 5364 2838 5429 amplius
2860 5372 3029 5416 exstat
3056 5379 3069 5426 ;
3098 5378 3267 5430 neque
3294 5361 3436 5430 aliud

1896 5435 2010 5500 ejus
2043 5444 2388 5499 praeterquam
2422 5435 2576 5501 hujus
2604 5433 2842 5501 epistolae
2868 5432 3224 5486 testimoniqu
3252 5429 3316 5501 ad,
3347 5444 3445 5501 nos

1897 5498 2060 5568 uis-que
2090 5511 2347 5570 pervenit.
2378 5498 2513 5557 Loca
2546 5498 2718 5569 aliqua
2751 5504 3021 5563 mendosa,
3053 5509 3207 5570 prout
3231 5516 3256 5551 a
3290 5498 3447 5551 Baluo

1897 5572 1978 5623 zio
2005 5569 2138 5624 edita
2162 5579 2302 5632 sunt,
2323 5574 2645 5640 reliquimus,
2663 5571 2807 5628 omni
2836 5573 2938 5628 alio
2961 5569 3152 5626 Codice
3178 5575 3423 5624 carentes

1897 5642 1989 5710 qui
2021 5642 2191 5698 lucem
2222 5643 2455 5698 atl'errct.
