3912 6352
487 431 604 490 415

1300 432 1540 496 SANCTI
1581 432 1854 491 EUGENII
1894 433 2107 491 EPISC.
2147 434 2484 493 TOLETANI
2522 436 2896 496 EPISTOLIE.

3627 443 3724 497 ιη

500 542 586 598 bis
628 556 772 596 nunc
815 541 1170 610 apertioribus
1215 531 1580 612 propalemus.
1657 542 1734 597 De
1783 542 2054 612 opusculis
2083 550 2128 607 Α
2159 543 2383 612 frigebat
2432 545 2680 613 intentio,
2713 546 2876 602 malui
2931 539 3097 602 scutel
3143 548 3437 605 maximum
3488 551 3726 621 proferre

489 631 690 700 quippe
707 629 945 698 ejusdem
992 631 1316 686 sanctissimi
1349 631 1452 685 viri
1499 645 1620 685 sese
1666 629 1827 685 infert
1871 645 2053 686 sermo

489 721 819 786 subsequens
859 717 1188 787 aliquantula
1238 719 1549 772 narratione
1603 716 2053 786 olﬁciosissimus,

489 809 812 876 dignumque
839 813 952 865 fore
978 811 1161 866 censui
1198 809 1276 866 de
1301 812 1410 867 suis
1439 812 1688 880 operibus
1717 813 1835 879 ejus
1883 826 2053 880 pauca

491 912 718 966 primum
750 908 1012 954 retexere.
1039 900 1295 966 Vidimus,
1322 899 1554 954 vidimus
1603 900 1917 968 Gregorium
1958 915 2056 953 no-

489 994 659 1038 strum
685 986 867 1041 Roma:
888 988 1140 1056 positum,
1164 1004 1268 1042 non
1299 988 1497 1044 visibus
1524 989 1785 1058 corporis,
1824 989 1917 1043 sed
1959 991 2057 1043 ob-

491 1077 696 1130 tutibus
722 1078 936 1130 mentis.
966 1077 1204 1135 Vidimus
1230 1078 1373 1132 enim
1411 1093 1522 1133 non
1557 1079 1728 1133 solum
1754 1078 1803 1131 in
1831 1078 1940 1133 suis
1961 1092 2057 1132 no.

493 1168 664 1231 tariis,
696 1168 794 1222 sed
823 1168 988 1222 etiam
1021 1169 1074 1221 in
1097 1168 1463 1234 familiaribus,
1491 1168 1581 1236 qui
1611 1167 1905 1222 ministerio
1931 1181 2058 1222 cor-

491 1258 662 1326 porali
714 1259 888 1312 eidem
951 1257 1106 1312 ﬁdele
1158 1258 1848 1313 exhibuerunt’famulatus
1893 1259 2054 1313 obse-

489 1348 693 1413 quium,
721 1351 1028 1416 eorumque:
1043 1347 1305 1401 relatione
1322 1346 1398 1402 de
1420 1348 1704 1401 virtutibus
1745 1347 1860 1413 ejus
1907 1346 2056 1414 plura

491 1449 843 1501 cognoscens,
869 1436 1182 1492 brevissime
1209 1452 1374 1504 pauca
1399 1445 1659 1491 retexam.
1685 1435 1807 1490 Fuit
1829 1436 2058 1503 denique

487 1525 654 1593 gratia
683 1524 876 1580 Christi
925 1527 1070 1582 omni
1129 1543 1338 1582 morum
1385 1527 1655 1596 probitate
1703 1526 2054 1594 compositus,

489 1615 668 1669 animo
688 1615 944 1684 vultuque
969 1631 1213 1683 serenus,
1259 1615 1424 1671 corde
1457 1617 1739 1690 benignus,
1771 1617 2055 1670 conscien-

498 1708 570 1757 tia
632 1720 817 1772 purus,
872 1705 1111 1760 moribus
1161 1704 1443 1769 discretus,
1490 1705 1798 1773 virginitate
1855 1703 2052 1764 nitens,

488 1793 753 1848 charitate
781 1791 1026 1858 refertus,
1062 1793 1260 1861 pietate
1290 1794 1607 1863 pnecipuus,
1638 1793 1895 1861 patientia
1926 1792 2057 1844 insi-

2159 631 2418 698 laboreur,
2450 647 2609 702 quam
2638 649 2854 706 semper
2877 644 3181 706 suspectam
3211 639 3446 694 tolerare
3499 641 3726 697 diﬁicut-

2139 725 2343 778 ‘tatem.
2394 722 2637 778 Percurri
2666 724 2826 793 igitur
2874 725 3054 780 omnia
3097 725 3336 794 ejusdem
3389 729 3724 784 monimenta

2157 811 2432 878 librorum,
2458 821 2512 867 et
2538 828 2674 884 pene
2697 815 2864 876 totius
2875 811 3178 884 Scriptura:
3199 830 3368 872 sacra!
3397 819 3725 882 testimonia,

2156 915 2275 968 qua;
2295 901 2348 955 in
2374 902 2491 969 ejus
2516 903 2786 972 opusculis
2816 903 2882 958 ad
2911 904 3280 972 probationem
3311 905 3393 959 vel
3436 907 3726 974 expositio-

2155 1004 2278 1043 nem
2299 990 2560 1060 cujusque
2582 992 2658 1046 rei
2687 991 2924 1068 adhibita
2972 992 3199 1047 diversis
3229 993 3280 1047 in
3309 993 3446 1048 locis
3479 995 3726 1050 contine-

2154 1081 2349 1134 bantur
2376 1080 2678 1150 conscripta
2697 1121 2712 1146 ,
2743 1080 3033 1148 adjuvante
3057 1081 3273 1138 Christo
3300 1081 3451 1146 Jesu,
3513 1084 3608 1152 qui
3664 1097 3724 1138 ex

2156 1184 2250 1224 ore
2270 1168 2549 1226 infantium
2578 1179 2738 1238 atque
2765 1171 3078 1225 lactentium
3106 1173 3314 1240 perﬁcit
3344 1171 3585 1238 laudem,
3619 1173 3715 1226 lin«

2156 1271 2393 1327 guasque
2440 1265 2710 1312 mutorum
2753 1259 2966 1313 vinculo
3009 1258 3389 1314 taciturnitatis
3438 1257 3674 1315 absolVit
3709 1282 3722 1315 -.

2156 1347 2266 1400 suis
2290 1346 2588 1400 coadunata
2611 1347 2890 1402 ordinibus
2912 1346 3182 1404 studiosus
3205 1351 3457 1419 quisque,
3491 1365 3618 1404 cum
3673 1349 3726 1404 iu

2157 1436 2365 1492 eisdem
2388 1437 2747 1492 voluminibus
2792 1437 3085 1508 cujuslibet
3117 1439 3254 1494 sacri
3285 1439 3584 1494 testimonii
3636 1455 3720 1494 ex.

2156 1526 2519 1594 planationem
2544 1525 2784 1595 requirit,
2817 1541 2885 1580 ne
2907 1526 3185 1596 multiplici
3213 1527 3447 1582 lectione
3472 1527 3722 1596 fatigatus

2155 1630 2262 1669 non
2291 1613 2398 1669 cito
2421 1614 2653 1683 reperiat
2672 1616 2815 1684 quod
2837 1615 3087 1683 voluerit,
3119 1617 3183 1669 ad
3207 1617 3308 1670 ista
3339 1631 3459 1684 qua:
3485 1618 3725 1685 decerpsi

2157 1717 2454 1768 recurrens,
2493 1710 2715 1771 repente
2753 1703 2895 1771 quod
2940 1703 3278 1758 desiderabat
3332 1704 3516 1758 libera:
3564 1705 3714 1758 satis-

2156 1791 2400 1846 factionis
2421 1790 2746 1846 discretione
2772 1792 3026 1860 reperiet.
3060 1791 3342 1847 Lectorem
3384 1794 3590 1862 quippe
3617 1793 3717 1845 htl~

493 1883 632 1951 guis,
655 1883 912 1937 modestia
937 1886 1385 1954 incomparabilis,
1404 1886 1732 1939 abstinentia
1749 1884 2051 1953 singularis,
2089 1876 2131 1932 B
2157 1881 2242 1949 jus
2267 1881 2443 1950 operis
2468 1895 2664 1935 censeo
2690 1880 3105 1946 admonendum,
3137 1889 3199 1933 ut
3225 1881 3368 1950 vigili
3417 1879 3718 1934 intentione

441 1986 444 1989 λ
493 1973 873 2040 hospitalitatis
893 1983 1146 2038 sectator,
1171 1974 1574 2042 peregrinorum
1597 1983 1894 2042 susceptor,
1917 1975 2057 2028 eleeo

494 2076 836 2132 tnosynarum
878 2061 1119 2130 largitor,
1154 2063 1641 2117 ecclesiasticarum
1693 2080 1871 2119 rerum
1919 2064 2061 2132 opti-

491 2165 608 2202 tnus
660 2149 1014 2216 diSpensator,
1075 2151 1259 2205 amicis
1306 2150 1624 2219 devinctus,
1677 2167 2058 2220 oppressorum

493 2238 826 2304 sublevatur,
855 2239 1216 2294 tribulantium
1265 2239 1592 2301 consolator,
1640 2240 1782 2293 acris
1840 2239 2056 2308 ingenii,

491 2325 713 2380 consilio
739 2328 1009 2393 providus,
1073 2327 1410 2384 sermonibus
1472 2327 1691 2390 nitidus,
1753 2329 2062 2398 eloquentia

494 2418 776 2481 facundus,
835 2416 1112 2484 prudentia
1164 2417 1416 2485 disertus,
1464 2419 1725 2487 sapientia
1774 2418 2061 2488 praeditus,

491 2509 733 2562 doctrina
761 2509 1122 2574 multimodus,
1151 2509 1546 2577 Scripturarunt
1574 2510 1873 2563 divinarum
1929 2509 2062 2562 ntul-

495 2599 627 2651 timo
652 2601 728 2650 fus
755 2600 1154 2666 interpretator,
1184 2599 1484 2652 abditorum
1509 2599 1883 2668 mysteriorum
1913 2612 2063 2650 accr-

422 2677 434 2686 ’
492 2689 662 2743 rimus
693 2687 1061 2754 investigator,
1089 2687 1208 2740 ﬁdei
1233 2687 1511 2741 catholica:
1538 2683 1850 2756 magniﬁcus
1878 2683 2061 2740 defen-

491 2793 602 2843 sor,
625 2786 814 2832 contra
847 2777 1127 2831 haereticos
1150 2775 1299 2831 fortis
1328 2787 1582 2842 assertor,
1606 2778 1850 2847 snperbis
1874 2785 2061 2830 aucto-

493 2867 655 2920 ritate
683 2875 916 2929 erectus,
953 2873 1113 2933 atque
1158 2865 1446 2919 humilibus
1475 2855 1719 2934 prompta
1773 2865 2063 2918 devotione

497 2956 793 3023 subjectus.
825 2955 1064 3020 Quatuor
1085 2971 1316 3024 namque
1355 2956 1638 3010 virtutibus
1666 2957 1876 3019 animm,
1930 2971 2059 3024 pru-

492 3047 672 3101 dentia
696 3047 922 3114 scilicet,
956 3053 1325 3114 temperantia,
1359 3047 1687 3111 fortitudine,
1715 3056 1877 3114 atque
1903 3047 2063 3115 justi-

495 3140 566 3191 tia
598 3139 668 3190 ita
691 3136 896 3190 exstitit
925 3146 1275 3204 praeornatus,
1305 3146 1364 3190 ut
1407 3153 1513 3192 non
1539 3138 1720 3203 homo,
1753 3139 1848 3193 sed
1899 3151 2060 3205 ange-

2164 1969 2449 2040 prazvideat
2475 1969 2724 2036 quoniam
2756 1969 3010 2038 pleraque
3033 1970 3461 2023 testimoniorum
3487 1968 3719 2036 capitula

2163 2059 2215 2112 in
2246 2058 2448 2113 eisdem
2471 2058 2851 2120 voluminibus,
2903 2066 2960 2111 ut
2979 2071 3142 2126 supra
3163 2057 3528 2125 meminimus,
3558 2057 3726 2112 dive-r-

2161 2147 2234 2200 sis
2256 2148 2307 2199 in
2336 2145 2466 2200 locis
2504 2146 2627 2209 sita,
2660 2152 2732 2198 ita
2759 2153 2817 2198 ut
2841 2145 3054 2199 inventa
3084 2154 3207 2199 sunt
3235 2149 3507 2214 exposita,
3561 2161 3593 2201 a
3645 2161 3724 2200 me

2161 2235 2442 2290 ordinatim
2473 2235 2697 2289 collecta
2727 2235 2840 2289 fore
2871 2243 3184 2289 noscuntur.
3217 2236 3334 2289 A‘ia
3367 2236 3570 2304 igitur,
3610 2251 3726 2304 qua:

2156 2329 2265 2398 jam
2291 2330 2342 2383 in
2371 2330 2737 2400 superioribus
2764 2337 2852 2382 aut
2887 2329 3228 2385 inferioribus
3278 2330 3522 2398 partibus
3569 2345 3726 2398 expo-

2161 2421 2333 2474 suisse
2361 2420 2502 2472 visus
2539 2429 2643 2484 est,
2675 2429 2728 2473 et.
2755 2419 2946 2472 iterum
2977 2428 3155 2487 atque
3192 2421 3388 2473 iterum
3439 2420 3726 2489 quamlibet

2162 2508 2280 2563 aliis
2318 2507 2512 2570 verbis,
2545 2506 2732 2561 eodem
2783 2514 2961 2560 tamen
3011 2520 3174 2560 sensu
3213 2507 3442 2560 diversis
3494 2508 3547 2560 in
3598 2507 3726 2561 locis

2161 2595 2511 2665 recapitulata
2565 2595 2904 2663 expositione
2973 2593 3255 2658 retexuit,
3305 2593 3728 2661 pmcedentibus

2163 2683 2503 2745 testimoniis,
2529 2690 2588 2735 ut
2615 2683 2745 2736 ordo
2789 2681 3227 2750 exponendarum
3258 2695 3436 2735 rerum
3466 2692 3725 2750 poposcit,

2161 2773 2336 2841 aliqua
2364 2771 2678 2834 inserenda,
2699 2770 2905 2838 reliqua
2960 2785 3090 2824 vero
3126 2770 3483 2838 relinquenda
3513 2773 3725 2833 curavi;

2167 2866 2432 2930 quatenus
2460 2877 2522 2915 ex
2554 2859 2973 2928 praecedentibus
2998 2856 3379 2928 subsequentia
3409 2861 3722 2928 penderent,

2162 2961 2216 3005 et
2246 2952 2623 3019 subsequentia
2654 2948 3077 3018 praecedentibus
3103 2963 3224 3005 sese
3281 2950 3463 3004 utilius
3515 2960 3727 3020 coapta-

2161 3051 2300 3096 rent.
2331 3040 2460 3094 Nam
2488 3042 2538 3094 si
2555 3049 2746 3094 cuncta
2773 3039 3006 3092 discreto
3044 3039 3232 3092 ordine
3281 3039 3336 3092 in
3368 3037 3529 3106 hujus
3557 3041 3727 3108 operis

2163 3133 2303 3188 serie
2322 3141 2667 3200 ponerentur,
2682 3131 2867 3199 procul
2891 3129 3383 3198 dubiomagnitudo
3404 3146 3434 3184 v
3458 3130 3727 3184 .luminum

496 3227 578 3278 ius
604 3225 742 3277 inter
795 3223 1038 3283 homines
1088 3233 1388 3293 putaretur.
1431 3226 1559 3291 Quis
1609 3238 1841 3294 namque
1894 3225 2057 3278 nostri
2089 3218 2133 3278 C
2163 3222 2438 3276 brevitatis
2469 3219 2688 3274 modum
2728 3219 3036 3286 excederet,
3093 3228 3254 3286 atque
3283 3220 3364 3272 sui
3411 3217 3728 3287 recapitula-

503 3314 764 3381 tentporis
793 3312 1099 3379 eloquentia
1149 3311 1427 3378 facundus,
1458 3310 1741 3380 prudentia
1793 3311 2061 3380 prmditus,

493 3402 755 3469 sapientia
791 3400 1084 3468 profundus
1106 3409 1348 3454 sanctum
1374 3400 1650 3469 condignis
1679 3401 1866 3453 elferat
1890 3400 2060 3452 laudi-

502 3494 600 3545 bus
623 3491 980 3556 Gregorium?
1010 3489 1118 3543 Nec
1156 3491 1276 3559 ipsi,
1310 3498 1366 3544 ut
1393 3505 1608 3554 censeo,
1641 3491 1835 3546 Graece
1865 3490 2060 3543 Roma-

496 3594 684 3646 na:que
714 3577 970 3632 facundim
999 3579 1438 3648 philoSOphorunt
1472 3579 1743 3647 prmeipui,
1791 3583 2058 3638 Socrates,

495 3671 722 3731 scilicet,
775 3668 854 3720 vel
885 3667 1054 3732 Plato,
1088 3667 1277 3723 Cicero
1330 3678 1491 3736 atque
1547 3669 1735 3731 Varro,
1771 3668 1814 3721 si
1864 3668 2061 3720 nostris

492 3758 820 3826 temporibus
850 3758 1160 3822 adfuissent,
1187 3759 1445 3827 condigna
1469 3761 1628 3813 verba
1654 3758 2057 3826 prompsissent.

491 3849 599 3903 Sed
632 3863 697 3901 ne
752 3849 1087 3917 panegyricis
1138 3848 1213 3901 uti
1263 3864 1490 3902 censear
1539 3849 1785 3915 eioquiis,
1833 3846 2059 3915 plurima

491 3938 558 3990 de
601 3937 843 4003 ejuslcm
883 3937 1164 3990 virtutibus
1187 3936 1365 3989 audita
1393 3945 1667 4004 comperta
1713 3937 2056 4002 praemittens,

496 4029 561 4081 ad
587 4029 701 4094 ejus
733 4027 1007 4095 opuscula,
1038 4042 1156 4096 qua:
1211 4036 1333 4080 sunt
1388 4028 1598 4096 eloquia
1632 4025 2056 4094 pulchritudinis,

491 4120 665 4173 ofﬁcia
700 4120 890 4186 iingmc
913 4128 1272 4186 retorqueam.
1300 4118 1463 4185 Igitur
1485 4133 1605 4170 cum
1635 4117 1816 4170 llnnue
1835 4119 2056 4185 positus,

494 4209 732 4279 ejusdem
756 4225 875 4276 qua:
906 4209 956 4261 itt
1006 4207 1252 4276 Hispanis
1281 4207 1502 4260 deerant
1533 4207 1796 4259 volumina
1844 4205 2060 4259 sedulus

496 4303 787 4370 vestigator
815 4303 1199 4370 perquirerem,
1261 4299 1585 4365 inventaque
1635 4298 1852 4367 propria
1899 4313 2058 4350 manu

492 4391 920 4454 transcriberem,
953 4398 1206 4456 tantaque
1254 4387 1482 4442 dulcedo
1511 4386 1794 4439 verborum
1826 4384 2058 4436 animum

496 4495 675 4534 meum
749 4480 1109 4533 inaestimabili
1157 4478 1420 4532 suavitate
1477 4477 1780 4540 mulceret,
1831 4475 2062 4544 speciale

2166 3310 2310 3363 tione
2335 3310 2552 3364 lectoris
2581 3310 2812 3363 animum
2857 3308 3155 3374 oll‘endens,
3187 3307 3428 3362 facerent
3449 3308 3724 3363 nihilomi-

2162 3413 2260 3451 nus
2289 3397 2512 3464 repetita
2544 3395 2832 3448 fastidium.
2869 3394 3033 3462 Cujus
3061 3395 3136 3448 rei
3167 3397 3528 3462 quantitatem
3552 3396 3608 3450 in
3634 3411 3724 3450 sex

2163 3488 2464 3550 Codicibus,
2500 3495 2762 3554 quatuor,
2815 3485 3041 3548 scilicet,
3096 3484 3304 3540 Veteris
3356 3485 3720 3547 lnstrumenti,

2163 3574 2371 3628 duobus
2396 3576 2554 3627 etiam
2588 3573 2715 3625 Novi
2747 3571 3095 3638 Testamenti,
3131 3574 3242 3626 suis
3271 3576 3534 3628 connexis
3591 3575 3725 3630 ordi-

2163 3663 2334 3726 nibus,
2368 3663 2737 3732 praitermissis
2765 3659 3055 3732 Scripturis
3095 3678 3230 3732 quas
3281 3663 3448 3718 isdem
3498 3665 3726 3720 virorum

2161 3756 2527 3809 sanctissimus
2555 3769 2620 3808 ex
2648 3753 2835 3808 ordine
2866 3755 3134 3820 tractavit,
3159 3755 3378 3823 adjutus
3397 3757 3738 3811 oratibnibus

2162 3845 2352 3897 vestris
2372 3844 2590 3911 explere
2619 3843 2826 3897 curavi.
2859 3841 3296 3898 [‘rtefatiunculas
3323 3860 3544 3914 quoque
3588 3846 3725 3913 ejus-

2162 3934 2282 3988 dem
2308 3932 2594 3988 Co.licibus
2627 3940 2988 3986 consonantes
3012 3931 3279 4001 decerpsi,
3308 3947 3442 4002 quas
3486 3934 3651 3986 etiam
3677 3934 3724 3988 in

2161 4025 2334 4092 capita
2366 4023 2620 4076 librorum
2647 4023 2932 4090 praeposui,
2958 4031 3224 4088 quatenus
3255 4021 3370 4090 ipse
3397 4021 3501 4076 sibi
3541 4023 3596 4077 in
3618 4022 3726 4076 suis

2161 4119 2525 4180 anteponatur,
2561 4111 2805 4179 eloquiis,
2852 4109 2944 4179 qui
2986 4111 3250 4180 largiente
3289 4111 3461 4180 gratia
3510 4111 3721 4174 Christi,

2160 4201 2408 4268 cepiosus
2437 4199 2588 4254 nobis
2634 4199 3021 4269 multiplicibus
3064 4201 3270 4254 exstitit
3317 4200 3537 4258 ofﬁciis.
3589 4201 3725 4270 Ipsos

2161 4291 2321 4344 etiam
2345 4289 2566 4345 Codices
2593 4290 2857 4344 laboriosa
2888 4289 3111 4344 nimium
3142 4290 3444 4358 intentione
3471 4291 3722 4346 collectos

2162 4379 2456 4449 prudentiae
2487 4387 2675 4432 vestra:
2699 4379 2862 4431 malui
2892 4379 3231 4434 committere
3282 4382 3644 4448 contuendos,
3673 4381 3720 4434 in

2165 4470 2355 4538 quibus
2384 4469 2428 4522 si
2454 4467 2702 4536 quaedam
2726 4467 3069 4536 sagacissima
3096 4469 3381 4537 vestigatio
3414 4479 3597 4524 vestra
3643 4483 3722 4524 re-

493 4567 743 4637 quiddam
785 4569 835 4621 in
861 4567 1047 4621 eadem
1076 4566 1191 4621 sine
1228 4565 1522 4632 cujuspiam
1551 4565 1801 4632 perspexi
1849 4579 2060 4632 coutpa-
2093 4545 2140 4604 Ι)
2168 4558 2338 4625 periet
2363 4556 2664 4611 inordinate
2693 4557 3015 4624 composita,
3061 4571 3172 4611 non
3224 4565 3331 4614 tam
3396 4556 3721 4628 négligeutia

491 4659 701 4712 ratione
725 4658 1076 4726 potissimum.
1137 4656 1377 4722 Denique
1431 4654 1554 4707 dum
1604 4654 1878 4707 historiam
1918 4653 2057 4706 beati

491 4751 594 4805 Job
615 4749 715 4803 sub
744 4749 936 4816 triplici
970 4749 1326 4815 indagatinne,
1347 4747 1396 4800 id
1420 4754 1522 4812 est,
1553 4745 1827 4810 historica,
1859 4745 2055 4814 typica,

492 4841 577 4894 vel
625 4840 834 4903 morali,
874 4840 1075 4892 studuit
1123 4837 1502 4904 explanatione
1557 4837 1844 4902 discutere,
1898 4845 2060 4902 atque

493 4929 791 4983 Ezechielis
823 4930 1094 4997 propheta:
1146 4929 1370 4996 primam
1427 4928 1509 4980 vel
1559 4927 1797 4980 ultimam
1853 4935 2059 4993 partem

492 5037 600 5075 non
653 5021 838 5088 impari
885 5021 1222 5088 expositione
1272 5031 1620 5087 percurrere,
1681 5025 2058 5084 tantorumque

494 5109 757 5180 profunda
805 5109 1178 5178 mysteriorum
1225 5107 1440 5176 repulso
1490 5107 1801 5173 ignorantia
1850 5106 2054 5168 nubilo,

493 5214 684 5252 serena
717 5199 1075 5268 patefactione
1100 5206 1422 5268 monstrare,
1454 5210 1593 5264 pene
1641 5197 1804 5250 totius
1837 5196 1962 5248 Novi
1995 5209 2060 5249 ac

496 5288 705 5341 Veteris
733 5288 1058 5342 'festamenti
1093 5287 1344 5356 patefecit
1373 5301 1570 5340 arcana
1600 5303 1614 5350 ;
1641 5296 1927 5353 actumque
1977 5294 2061 5339 est

494 5389 549 5432 ut
573 5380 669 5432 hac
696 5378 1098 5447 opportunitate
1124 5381 1274 5448 panis
1298 5379 1406 5445 ille,
1440 5380 1528 5446 qui
1577 5378 1643 5432 de
1670 5378 1806 5432 coelo
1835 5379 2058 5433 descen-

490 5470 590 5533 dit,
623 5468 863 5534 ejusdem
902 5467 1195 5523 ﬁdelissimi
1249 5477 1552 5537 opportuna
1598 5468 1729 5521 satis
1779 5468 2135 5522 dulcedine‘-'

490 5558 728 5610 satiaret.
761 5558 865 5612 Sed
892 5559 1142 5626 quoniam
1172 5560 1225 5613 in
1256 5558 1443 5614 eadem
1498 5558 1805 5626 prolixitate
1835 5558 2059 5612 volumi-

492 5660 640 5706 num,
694 5646 818 5698 dum
869 5647 1228 5702 testimonium
1273 5646 1698 5714 uniuscujusque
1753 5646 2055 5714 requiritur,

494 5733 800 5799 θκβδδηθιίο
833 5749 967 5797 bene
996 5734 1158 5787 totius
1183 5737 1361 5805 operis
1385 5737 1468 5804 jus
1527 5745 1644 5788 erat
1692 5736 1743 5789 in
1791 5736 2055 5802 ambiguo,

495 5836 601 5874 non
625 5822 834 5877 minima
860 5825 1226 5891 persct‘utatio,
1265 5837 1424 5895 atque
1472 5826 1633 5883 animi
1659 5825 1891 5882 ardentis
1921 5840 2058 5894 Sa:th

2160 4647 2392 4716 culpam,
2414 4661 2571 4714 quam
2597 4648 2930 4702 necessitatis
2959 4647 3208 4713 ascribat,
3271 4648 3395 4717 quia
3422 4649 3553 4702 dum
3580 4647 3719 4702 vehi-

2161 4738 2282 4792 culo
2313 4753 2491 4807 parva:
2515 4738 2743 4791 scabnlre
2771 4738 2922 4806 quasi
2964 4737 3286 4792 immensum
3335 4721 3561 4807 pelagus
3587 4737 3712 4794 soli-

2161 4829 2325 4883 tarius
2351 4837 2508 4881 nauta
2561 4828 2903 4894 navigaturus
2945 4827 3249 4896 aggredior,
3303 4841 3425 4880 cum
3475 4823 3714 4881 maximi

2161 4918 2560 4973 difﬁcultatibus
2590 4918 2837 4972 latissimi
2868 4918 3098 4986 mquoris
3129 4916 3283 4985 hujus
3313 4919 3491 4986 spatia
3546 4925 3716 4972 trans-

2159 5007 2365 5069 meavi,
2419 5008 2741 5073 tandemque
2797 5005 2863 5058 ad
2908 5013 3147 5073 optatam
3193 5006 3394 5060 littoris
3433 4991 3714 5076 requiem.

2159 5097 2367 5150 Christo
2389 5097 2738 5165 gubernante,
2769 5096 3004 5164 perveni.
3031 5095 3132 5159 En,
3160 5095 3574 5164 prudentissime
3587 5093 3712 5151 viro-

2159 5203 2300 5254 rum,
2327 5195 2383 5240 ut
2405 5201 2687 5241 causarum
2726 5185 2941 5240 ordines
2965 5185 3237 5253 sigillatim
3286 5184 3709 5254 perstringere!!!-

2158 5278 2376 5332 modum
2405 5275 2681 5329 brevitatis
2710 5273 2934 5338 excessi,
2963 5283 3039 5342 et,
3078 5283 3134 5328 ut
3182 5276 3258 5327 ait
3285 5274 3504 5343 quidam
3532 5271 3712 5328 doctil-

2157 5370 2346 5431 simus,
2378 5368 2501 5421 dum
2534 5367 2674 5436 liguli
2705 5377 2820 5422 rota
2851 5375 3101 5420 currente
3127 5379 3346 5420 urceum
3376 5365 3554 5419 facere
3601 5359 3711 5419 nili-

2159 5466 2262 5525 ‘ur,
2291 5458 2604 5529 amphoram
2631 5457 2987 5512 iecitmanus.
3039 5455 3135 5510 Ast
3170 5469 3270 5523 ego
3324 5456 3447 5510 dum
3499 5457 3708 5510 bram

2159 5549 2416 5620 pagellam
2445 5549 2784 5604 conscribere
2807 5547 2985 5612 malui,
3011 5545 3248 5600 libellum
3276 5560 3466 5601 manus
3512 5541 3706 5602 indocta

2156 5642 2480 5710 composuit.
2513 5640 2746 5693 Obsecro
2778 5638 2935 5705 igitur
2967 5645 3050 5697 te,
3095 5636 3330 5690 virorum
3361 5629 3707 5696 sanctissimo,

2156 5740 2209 5783 ct
2236 5744 2421 5783 omnes
2451 5728 2642 5796 quibus
2668 5727 2823 5795 hujus
2853 5725 3027 5794 operis
3056 5725 3214 5778 lec:io
3238 5739 3344 5778 non
3369 5717 3704 5792 displicuit".

2163 5834 2218 5880 ut
2247 5823 2342 5879 hos
2392 5821 2598 5878 libellos
2647 5822 2790 5878 velut
2843 5818 2946 5874 duo
2994 5819 3198 5874 minuta
3229 5817 3283 5872 in
3339 5805 3702 5886 guzdpbylach

3451 6171 3845 6253 ..Δ
