3934 6228
532 389 639 443 425

1787 389 1843 445 S.
1888 388 2153 445 VALERII
2193 391 2471 446 ABBATIS

3630 400 3760 455 ηδ

534 504 662 555 tiam
691 496 805 567 ejus
826 493 910 549 die
929 503 1188 564 noctuque
1218 497 1269 549 in
1300 498 1545 552 columna
1577 494 1729 549 nubis
1755 505 1914 563 alque
1940 497 2074 564 ignis
2102 499 2143 555 Α
2177 507 2285 551 tam
2316 500 2540 568 ingentis
2569 502 2758 569 fastigii
2791 504 3061 571 penuriam
3090 504 3310 561 ferventi
3342 509 3520 565 animo
3541 510 3761 568 leviter

536 588 831 657 praecedere
855 587 1161 651 cernebant;
1191 588 1407 656 insuper
1448 586 1677 654 ambigui
1724 595 1868 640 retro
1905 586 2078 640 redire

534 676 862 744 cogitabant;
888 676 1002 729 h-rc
1030 676 1334 740 evangelica
1373 689 1505 729 voce
1545 675 1708 729 semel
1754 674 1964 743 indepta
1998 673 2077 727 ad

534 774 765 818 montem
810 750 1015 831 Domini
1066 766 1254 829 procul
1293 765 1451 819 dubio
1492 774 1515 801 ι
1545 766 1779 834 gaudens
1822 780 2075 835 propera-

527 854 623 906 bat
644 853 782 906 nulla
811 852 1139 906 haesitatione
1181 853 1412 907 detenta.
1471 852 1547 906 llli
1595 854 1939 921 quadraginta
1968 854 2078 909 dic-

532 956 648 994 rutn
670 942 841 1009 spatio
863 941 1078 1009 Moysen
1094 956 1217 1015 cum
1242 943 1355 1010 lege
1376 926 1583 996 Domini
1605 958 1711 997 non
1736 943 2075 1006 sustinentes,

534 1016 672 1083 idola
701 1031 797 1083 sibi
826 1030 921 1097 pro
952 1030 1059 1084 Deo
1090 1029 1482 1085 fabricaverunt
1523 1032 1799 1100 sculptile:
1833 1033 1946 1086 haec
1976 1048 2075 1085 au-

535 1129 640 1174 tem
666 1120 945 1173 adventum
969 1121 1177 1175 Domini
1210 1131 1329 1189 post
1381 1124 1534 1177 finem
1564 1125 1739 1178 saeculi
1762 1135 2076 1194 exspectans

535 1214 677 1265 velut
700 1215 1008 1280 praesentem
1040 1216 1338 1280 attendens,
1360 1216 1425 1269 ad
1447 1226 1677 1271 montem
1698 1227 1937 1272 sanctum
1952 1218 2077 1272 Sina

536 1303 675 1371 unde
701 1316 818 1354 eum
869 1317 1141 1370 speramus
1180 1304 1231 1357 in
1261 1306 1485 1359 nubibus
1530 1307 1648 1360 cteli
1693 1322 1788 1361 suo
1843 1316 2079 1377 tempore

536 1390 800 1453 advenire,
822 1391 1048 1445 feminea
1078 1393 1364 1459 fragilitate
1410 1394 1591 1459 oblita,
1624 1395 1782 1462 hujus
1809 1393 1836 1430 δ
1886 1398 2079 1450 montis

536 1478 696 1532 ardua
726 1480 1042 1545 proceritate
1076 1482 1231 1547 cujus
1254 1495 1508 1535 cacumen
1557 1496 1719 1549 usque
1770 1484 1835 1535 ad
1862 1484 2079 1537 nubium

537 1564 863 1617 altitudinem
893 1566 1198 1631 contiguum
1248 1568 1481 1632 eminet,
1533 1570 1838 1637 infatigabili
1897 1586 2077 1638 gressu

536 1652 750 1706 dextera
780 1653 951 1705 divina
977 1652 1267 1721 sublevata‘,
1295 1660 1552 1725 pervolat.
1609 1661 1699 1715 Sic
1751 1676 1853 1728 ope
1889 1661 2081 1717 divinae

537 1740 748 1808 pietatis
776 1740 1054 1805 evehente,
1087 1740 1151 1795 ad
1193 1740 1469 1810 ejussaxei
1490 1749 1683 1800 montis
1702 1757 1935 1800 sanctam
1962 1763 2082 1815 per-

535 1834 679 1885 venit
707 1834 1088 1897 summitatem,
1115 1834 1204 1887 ubi
1243 1835 1355 1902 ipsa
1411 1836 1587 1888 divina
1615 1836 1864 1902 majestas
1912 1812 2082 1889 omni-
2111 1812 2155 1870 Β

534 1932 723 1992 potens
745 1924 879 1978 Deus
907 1965 922 1989 ,
968 1927 1091 1979 dum
1136 1927 1294 1979 beato
1326 1926 1488 1995 Moysi
1530 1935 1770 1980 sanctam
1824 1928 2087 1995 praeberet
2116 1974 2121 1987 ,

490 2018 494 2021 ’
537 2013 729 2079 legem,
760 2011 1006 2079 dignatus
1030 2021 1111 2066 est
1142 2012 1399 2066 habitare.
1428 2013 1523 2067 Ubi
1552 2028 1670 2067 cum
1693 2015 1835 2067 omni
1856 2014 2087 2068 exsulta-

538 2103 696 2155 tionis
734 2092 1080 2165 lmtitiaﬁnter
1101 2104 1285 2157 crebra
1317 2104 1619 2157 orationum
1665 2106 1927 2173 praeconia
1948 2107 2087 2160 salu-

536 2199 679 2244 tares
705 2191 813 2245 Deo
833 2191 1025 2245 obtulit
1056 2192 1285 2257 hostias,
1339 2200 1391 2245 et
1420 2191 1651 2246 inﬁnitas
1705 2192 1948 2259 gloriosae
1976 2210 2087 2247 ma-

535 2278 711 2347 iestati
732 2280 851 2357 ejus
902 2278 1138 2334 referens
1185 2281 1422 2345 gratias,
1477 2296 1540 2333 ar.
1573 2282 1787 2337 visenda
1836 2283 2085 2335 ulteriora

537 2368 816 2437 processit.
845 2368 1079 2436 Denique
1106 2384 1266 2437 super
1316 2370 1456 2437 quod
1502 2370 1731 2423 universi
1762 2385 1900 2439 pene
1943 2371 2088 2425 orbis

541 2468 798 2511 terrarum
820 2457 1064 2510 lustravit
1091 2458 1339 2519 conlinia,
1363 2456 1521 2510 etiam
1568 2466 1621 2511 et
1648 2458 1870 2511 aliorum
1900 2459 2087 2511 simili-

540 2552 624 2597 ter
650 2544 852 2596 curavit
882 2544 1369 2610 ingentissimorum
1419 2545 1777 2606 conscendere
1813 2547 2085 2600 cacumina

539 2630 891 2696 montium,id
938 2638 1037 2695 est,
1070 2633 1372 2699 pnecelsum
1400 2641 1632 2687 montem
1682 2634 1891 2695 Nabau.
1947 2650 2087 2706 smpe

541 2721 807 2775 dictiSine
831 2721 1073 2787 similem,
1094 2721 1158 2776 de
1179 2720 1329 2789 cujus
1340 2724 1655 2779 summitatis
1677 2726 1871 2779 vertice
1902 2725 2088 2785 beatus

523 2811 747 2886 Moyses
775 2819 967 2864 terram
1016 2812 1439 2878 repromissionis
1491 2821 1571 2866 est
1610 2815 1863 2879 intuitus,
1920 2815 2084 2886 [ct'in

476 2882 479 2891 y
524 2882 728 2953 eodem
758 2900 876 2954 loco
905 2900 1153 2953 decidens
1188 2901 1381 2955 dicitur
1408 2904 1473 2954 ab
1498 2902 1699 2969 angelis
1726 2902 1885 2955 fuisse
1912 2882 2087 2971 sepul-

542 2999 627 3042 tus
658 2988 723 3059 t=7].
746 2988 915 3041 Alium
944 2989 1424 3056 supereminentem
1447 2989 1631 3042 Faram
1652 2991 1805 3045 valde
1824 2993 2087 3059 procerri-

542 3094 684 3131 mum
712 3118 727 3142 ,
776 3078 827 3130 in
880 3077 1026 3144 cujus
1066 3078 1367 3149 summitate
1407 3080 1599 3133 eiectis
1643 3079 1871 3133 brachiis
1916 3083 2088 3136 oravit

543 3171 765 3239 Moyses,
796 3176 1060 3236 pugnante
1090 3167 1305 3236 papulo,
1328 3167 1500 3223 donec
1519 3170 1734 3223 victoria
1760 3170 1925 3225 ﬂeret.
1958 3170 2089 3228 Nec-

546 3273 652 3310 non
682 3265 733 3308 et
762 3256 1121 3308 immanissimi
1150 3258 1345 3309 montis
1373 3256 1587 3310 Thabor
1620 3261 1976 3326 supercilium.
2002 3263 2088 3316 ubi

549 3344 802 3396 Dominus
831 3358 947 3396 cum
993 3343 1172 3410 Moyse
1199 3351 1253 3395 et
1281 3342 1422 3396 Elias
1448 3344 1720 3411 discipulis
1772 3348 2092 3413 glorificatus

548 3429 812 3498 apparuit.
844 3428 1015 3496 Atque
1040 3430 1198 3481 alium
1224 3430 1458 3497 ejusdem
1489 3447 1810 3501 comparem,
1844 3436 1993 3490 valde
2016 3438 2094 3490 in-

548 3528 778 3589 gentem,
803 3520 891 3587 qui
914 3512 1136 3575 vocatur
1154 3518 1407 3583 Hermon,
1433 3521 1483 3573 in
1507 3535 1609 3589 quo
1630 3537 1685 3575 se
1707 3523 1953 3578 Dominus
1972 3540 2093 3577 cum

547 3608 819 3675 discipulis
848 3609 979 3680 [suis
1028 3609 1247 3663 reficere
1274 3612 1577 3675 consuevit;
1626 3609 1892 3682 aliumque
1944 3615 2094 3669 valde

549 3699 833 3761 excelsum,
861 3699 910 3751 in
940 3713 1043 3767 quo
1076 3699 1325 3753 Dominus
1353 3699 1635 3768 discipulos
1660 3700 1709 3771 ἀί
1739 3703 2094 3757 beatitudines

548 3786 744 3849 docuit,
773 3788 862 3853 qui
883 3802 1090 3840 eremus
1119 3788 1430 3855 appellatur.
1460 3790 1523 3841 Et
1552 3790 1710 3843 alium
1742 3791 1984 3865 similiter
2013 3792 2091 3845 al-

551 3885 661 3925 tum
686 3874 860 3937 nimis,
881 3876 969 3940 qui
998 3874 1189 3928 dicitur
1217 3890 1369 3930 mons
1392 3876 1521 3929 Elia:
1546 3919 1560 3941 ,
1608 3879 1659 3931 in
1688 3895 1794 3947 quo
1838 3881 2097 3934 habitavit

552 3961 692 4014 Elias
715 3962 995 4029 propheta,
1024 3972 1078 4014 et
1107 3970 1319 4015 centum
1362 3964 1635 4032 pr0phetzn
1679 3967 1922 4021 absconsi
1950 3977 2092 4022 sunt.

552 4052 682 4105 Item
711 4052 897 4104 horum
926 4050 1148 4105 similem
1177 4065 1335 4119 super
1362 4051 1568 4107 Jericho
1599 4053 1958 4108 imminentem
1978 4098 1992 4119 ,
2028 4056 2100 4110 si-

551 4140 747 4193 militer
781 4153 809 4191 a
852 4138 1074 4191 Domino
1101 4149 1484 4194 consecratum.
1536 4142 1680 4207 Quos
1730 4151 1946 4203 cunctos
1986 4144 2099 4212 pari

557 4238 581 4265 σ
612 4228 1069 4296 praedestinatione
1107 4231 1487 4291 conscendens,
1515 4239 1569 4284 et
1602 4232 1722 4298 quia
1772 4246 1868 4298 per
1897 4231 2099 4300 singula

555 4315 745 4367 eadem
801 4315 918 4367 loca
970 4314 1171 4380 singula
1225 4324 1525 4369 sanctarum
1560 4318 1918 4371 “ecclesiarum
1967 4334 2099 4373 con-

2178 589 2314 642 tulit.
2338 590 2464 655 Quis
2488 606 2712 659 pensare
2742 594 2936 660 puterit
2978 604 3206 663 quantus
3228 599 3279 652 in
3309 601 3472 655 corde
3512 603 3629 670 ejus
3663 604 3761 657 ri-

2175 678 2345 745 guerit
2367 678 2528 732 futuri
2554 679 2737 747 judicii
2758 682 2929 743 timor,
2954 693 3182 751 quantus
3202 688 3499 746 dilectionis
3513 710 3762 748 summm

2175 767 2447 823 charitatis
2475 767 2805 824 ﬂuctuaverit
2844 774 3040 834 timor,
3093 788 3425 848 quan'usque
3470 782 3762 837 exarserit

2174 856 2287 922 spei
2310 856 2496 910 divinae
2539 873 2603 912 ac
2646 857 2765 914 fidei
2794 861 3208 918 ferventissimus
3236 871 3415 929 ardor,
3446 884 3604 937 quam
3654 880 3760 925 to-

2180 945 2281 999 tius
2309 948 2486 1001 mundi
2510 950 2612 1003 iter
2639 966 2741 1004 non
2761 954 3074 1021 quassavit,
3121 956 3279 1009 Maria
3326 962 3622 1025 procellosa
3683 976 3764 1014 ac

2178 1033 2391 1090 ﬂumina
2421 1038 2652 1105 ingentia
2678 1054 2781 1093 non
2810 1042 3073 1096 conclusit
3100 1044 3143 1110 τ,
3174 1048 3434 1101 montium
3479 1049 3758 1103 immani-

2179 1134 2279 1191 tas,
2304 1126 2523 1195 diraque
2548 1130 2806 1197 asperitas
2834 1145 2940 1185 non
2968 1131 3246 1197 imminuit,
3272 1137 3505 1202 gentium
3540 1138 3759 1208 impia-

2177 1230 2292 1268 rum
2323 1218 2761 1293 truculentissima
2804 1220 3055 1275 atrocitas
3108 1237 3213 1277 non
3262 1228 3585 1293 perterruit,
3630 1228 3757 1283 nisi

2177 1319 2385 1359 omnem
2406 1306 2647 1361 desiderii
2678 1308 2758 1361 sui
2787 1308 3122 1367 devotionem
3148 1350 3163 1371 .
3204 1312 3422 1379 juvante
3466 1316 3707 1370 Domino
3730 1354 3753 1380 ,

2178 1407 2344 1459 usque
2390 1392 2440 1444 in
2491 1393 2645 1448 finem
2696 1395 3023 1451 irrevocabili
3066 1398 3281 1453 audacia
3323 1402 3511 1469 procul
3560 1403 3750 1458 dubio

2179 1484 2535 1551 perpetravit?

2249 1571 2302 1624 5.
2336 1571 2476 1635 Ideo,
2508 1573 2696 1627 fratres
2716 1574 3039 1628 dilectissimi
3063 1615 3078 1639 ,
3128 1591 3223 1631 cur
3243 1592 3347 1631 non
3375 1579 3755 1635 erubescimus

2180 1655 2269 1724 qui
2306 1657 2511 1711 viribus
2536 1660 2775 1727 corporis
2828 1670 2879 1712 et
2905 1661 3206 1729 integritate
3247 1662 3434 1735 salutis
3484 1667 3755 1721 consisti-

2180 1758 2332 1809 mus,
2362 1746 2634 1799 mulierem
2687 1747 2999 1815 patriarchae
3025 1748 3249 1805 Abrahae
3298 1762 3541 1808 sanctum
3597 1770 3761 1829 com-

2184 1832 2357 1900 plesse
2382 1833 2718 1902 exemplum,
2769 1850 2886 1905 quae
2915 1836 3201 1892 femineum
3251 1838 3485 1907 fragilem
3543 1857 3753 1897 sexum

2185 1930 2401 1991 propter
2421 1924 2536 1976 vitae
2560 1935 2768 1979 aeternae
2800 1929 3070 1995 praemium
3098 1931 3479 2000 sempiternum
3510 1933 3561 1995 in
3588 1933 3759 1988 forti-

2188 2011 2363 2065 tudine
2393 2015 2639 2083 produxit
2664 2024 2722 2069 ut
2748 2018 2965 2071 ferrum.
2994 2018 3252 2084 Quoniam
3272 2024 3393 2077 dum
3425 2024 3476 2077 in
3505 2026 3758 2093 periuriis

2184 2101 2620 2155 constrictionnm
2647 2106 2818 2159 calcat
2844 2107 2984 2161 hunc
3013 2113 3287 2177 mundum,
3315 2113 3367 2166 in
3396 2116 3636 2181 requiem
3691 2124 3759 2169 et

2185 2189 2404 2256 gloriam
2457 2192 2867 2248 exsultationutn
2916 2196 3103 2266 adepta
3135 2210 3216 2254 est
3244 2202 3568 2268 paradisum.
3613 2204 3756 2269 Quae

2186 2286 2425 2332 extremo
2452 2280 2657 2334 occidui
2683 2284 2842 2338 maris
2861 2285 3055 2341 Oceani
3073 2289 3250 2344 littore
3272 2300 3455 2345 exorta
3474 2302 3521 2358 κ,
3535 2292 3751 2347 Orienti

2186 2362 2320 2417 facta
2350 2372 2433 2419 est
2461 2369 2688 2435 cognita.
2721 2371 2853 2425 Dum
2882 2374 3070 2427 animat
3112 2391 3221 2431 suae
3257 2390 3519 2447 quaereret
3565 2396 3756 2436 remex

2187 2453 2353 2521 dium,
2379 2455 2661 2511 multarum
2707 2459 2999 2514 animarum
3026 2466 3280 2530 sequendi
3312 2468 3473 2519 Deum
3496 2468 3754 2523 mirabile

2186 2546 2409 2613 praebuit
2430 2546 2823 2602 documentum.
2848 2549 2944 2605 llic
2972 2554 3206 2621 requiem
3235 2555 3400 2609 noluit
3432 2557 3655 2622 habere,
3688 2568 3755 2612 ut

2186 2637 2252 2689 ad
2296 2637 2671 2704 sempiternam
2696 2636 2721 2675 ιι
2751 2641 2986 2707 requiem
3036 2644 3349 2701 liducialiter
3387 2662 3507 2701 cum
3562 2648 3752 2716 palma

2186 2726 2422 2779 victoria:
2478 2727 2797 2793 perveniret.
2845 2730 2939 2783 llic
2978 2739 3243 2786 terrenum
3289 2748 3484 2804 corpus
3530 2745 3761 2793 terreno
3804 2778 3807 2779 ν

2195 2813 2209 2851 ί
2232 2815 2433 2870 honore
2457 2819 2760 2882 maceravit,
2777 2828 2833 2872 ut
2852 2821 3053 2875 caelesti
3076 2821 3297 2879 Domino
3314 2827 3610 2880 cmlicolam
3633 2829 3761 2881 auia

2189 2917 2327 2954 mam
2352 2904 2630 2959 innocuam
2660 2917 2995 2974 praepararet.
3032 2909 3126 2962 llic
3154 2924 3211 2962 se
3238 2913 3473 2965 exercuit
3502 2915 3763 2969 ultronea

2188 2994 2433 3051 libertate
2463 2998 2884 3065 peregrinam,ut
2905 3000 2954 3051 in
2978 3000 3454 3067 chorusanctarnm
3478 3004 3761 3071 virginum

2195 3100 2314 3139 cum
2348 3086 2575 3153 gloriosa
2598 3088 2716 3141 εαξΙί
2740 3088 2917 3153 regina
2943 3129 2958 3154 ,
3006 3089 3209 3142 Domini
3238 3091 3493 3159 genitrice
3540 3092 3713 3147 Maria
3741 3131 3758 3159 ,

2197 3177 2427 3231 artherea
2460 3178 2788 3233 limreditaret
2813 3192 2995 3247 regna.
3027 3179 3291 3234 Interdum
3311 3182 3331 3245 ,‘
3376 3182 3714 3237 dilectissimi
3743 3225 3760 3247 ,

2196 3268 2283 3333 qui
2307 3267 2444 3320 ultro
2491 3283 2588 3321 nos
2617 3269 2855 3322 vovimus
2884 3270 2934 3322 in
2990 3271 3257 3337 religionis
3285 3272 3469 3326 habitu
3518 3273 3763 3328 ﬁdeliter

2201 3356 2424 3408 Domino
2453 3357 2741 3418 deservire,
2764 3371 2836 3429 _ac
2858 3358 2900 3409 si
2926 3373 3029 3410 non
3054 3360 3400 3426 pmvalemus
3426 3361 3585 3429 hujus
3613 3364 3761 3417 inef—

2158 3470 2163 3475 -
2198 3440 2369 3497 fabilis
2409 3444 2635 3512 exempli
2667 3420 2819 3498 tant'e
2863 3445 3073 3501 femina:
3125 3449 3324 3502 meritis
3371 3453 3762 3517 equinarando

2200 3537 2419 3601 gratiam
2449 3535 2652 3590 Domini
2679 3538 3005 3605 promereri,
3036 3546 3211 3592 tamen
3241 3541 3363 3606 quia
3410 3542 3590 3594 multa:
3627 3550 3763 3595 sunt

2201 3630 2295 3681 viro
2325 3632 2627 3683 meritorum
2658 3644 2773 3698 quae
2800 3629 2865 3682 ad
2902 3644 3058 3683 unam
3088 3631 3309 3694 patriam
3343 3638 3565 3698 pergunt
3604 3646 3701 3698 reg
3728 3632 3760 3684 δί

2202 3721 2480 3785 caelorum,
2503 3721 2553 3773 in
2575 3728 2825 3786 quantum
2858 3720 3155 3795 opitulante
3179 3721 3400 3774 Donnno
3437 3721 3605 3774 virtus
3626 3724 3760 3773 sub-

2201 3812 2411 3873 stiterit,
2443 3810 2492 3861 in
2523 3809 2808 3871 laboribus,
2834 3808 2886 3858 in
2910 3796 3113 3874 vigiliis,
3142 3808 3192 3861 in
3214 3808 3428 3875 jejuniis
3454 3844 3469 3873 ,
3521 3809 3759 3863 crebris-

2202 3913 2304 3965 que
2332 3896 2685 3958 orationibus,
2703 3903 2860 3962 atque
2881 3894 3090 3948 diverso
3144 3895 3371 3963 regulari
3400 3888 3763 3952 oﬂlciositatis

2204 3982 2479 4045 exercitio,
2509 3982 2586 4034 sic
2605 3996 2701 4034 nos
2726 3981 2981 4034 debemus
3015 3980 3100 4034 die
3123 3989 3385 4049 nocteque
3414 3982 3764 4048 infatigabilid

2206 4080 2286 4122 ter
2317 4069 2632 4138 praéparare,
2663 4070 2729 4122 ab
2755 4070 3105 4138 omnibusque
3148 4069 3345 4123 illicitis
3370 4069 3757 4137 voluptatibus.

2205 4172 2259 4214 et
2288 4161 2560 4213 mundanis
2581 4160 2862 4220 illecebris,
2889 4169 3049 4228 atque
3073 4159 3293 4212 diversis
3334 4159 3564 4226 flagitiis,
3594 4159 3767 4214 absti—

2206 4264 2365 4304 nere:
2392 4264 2460 4303 ne
2510 4250 2643 4301 forte
2688 4248 2811 4301 dum
2861 4249 2957 4299 sub
3004 4246 3469 4315 negligentiarhoc
3506 4250 3762 4318 exiguum

2207 4340 2456 4408 temporis
2476 4338 2697 4405 spatium
2727 4328 3089 4403 expendimus,
3121 4343 3244 4391 tunc
3268 4336 3479 4406 quando
3519 4337 3611 4391 illa
3636 4352 3765 4391 cum

556 4408 753 4453 structa
784 4407 905 4451 sunt
933 4399 1137 4462 altaria,
1168 4401 1360 4486 ubique
1387 4418 1504 4455 cum
1534 4404 1706 4470 gaudii
1747 4408 2091 4462 exsultatione

2203 4399 2400 4487 εθηέιίς
2430 4399 2717 4492 virginibus
2744 4399 2870 4490 nuc,
2898 4426 2985 4479 ubi
3018 4426 3068 4478 in
3090 4426 3191 4481 hac
3221 4399 3325 4480 vita
3357 4427 3579 4495 pedibus
3600 4442 3769 4497 pere-

558 4496 611 4538 et
635 4486 919 4553 gratiarum
950 4486 1179 4549 actione,
1210 4488 1555 4555 omnipotenti
1598 4490 1707 4545 Deo
1734 4494 1924 4548 obtulit
1954 4506 2098 4550 vota.

559 4575 719 4641 Igitur
741 4576 911 4641 palam
949 4574 1105 4627 datur
1134 4576 1387 4648 intelligi,
1444 4577 1566 4643 quia
1604 4578 1726 4631 dum
1773 4582 2102 4638 altitudinem

560 4664 706 4729 regni
734 4662 1010 4727 caelorum,
1040 4665 1472 4732 consortiumque
1520 4674 1819 4720 sanctarum
1843 4671 2103 4739 virginum

562 4748 615 4799 in
645 4751 888 4815 paradiso
913 4751 1238 4811 deliciarum,
1264 4759 1317 4805 et
1338 4752 1547 4819 prtemia
1569 4755 1879 4820 gratiarum,
1900 4760 2106 4813 ardenti

565 4836 765 4897 animo,
796 4845 849 4887 et
875 4838 1002 4891 totis
1053 4838 1356 4903 visceribus,
1387 4856 1698 4909 summoque
1721 4842 1984 4900 desiderio
2012 4847 2109 4899 im-

567 4932 777 4992 petrare
807 4929 1060 4991 qumsivit,
1085 4935 1165 4980 tot
1212 4931 1466 4983 montium
1519 4934 1913 5001 infatigabiliter
1941 4937 2111 4993 inces-

567 5012 837 5078 sabilibus,
854 5013 1025 5068 saltim
1055 5018 1201 5071 illata
1225 5018 1528 5089 verticibus,
1546 5024 1839 5092 opitulante
1864 5027 2106 5096 Domino,

640 5190 665 5252 ξ
706 5179 963 5252 Qaudiens
990 5186 1238 5252 scriptum
1269 5186 1321 5240 in
1339 5187 1469 5242 Cod.
1498 5191 1773 5249 Carraced.

641 5249 668 5335 ξ
707 5249 1108 5335 Earracedeusis
1132 5255 1543 5335 Codelt,_vnontis
1570 5278 1664 5329 quo
1700 5281 1874 5335 usque,
1898 5276 2001 5324 etc.

644 5322 666 5390 ξ
706 5318 910 5390 Desu_nt_
932 5319 981 5370 in
1007 5328 1225 5390 utroque
1256 5318 1530 5378 T0letano.

642 5382 667 5418 ἀ
706 5385 780 5455 lla
820 5385 1077 5455 Toletani.
1106 5382 1300 5455 Desunt
1322 5394 1371 5445 in
1401 5392 1797 5453 Carracedensi.

643 5461 666 5538 ς
706 5453 790 5538 5.,
808 5453 1257 5538 pedestrinn‘tione,
1285 5478 1379 5538 pro
1409 5464 1827 5538 peregrinatione
1860 5474 2108 5538 pedestri.

645 5518 680 5599 ί.
704 5518 1009 5599 βοὶῥηάιςω.
1034 5532 1115 5576 est
1160 5518 1374 5599 pluralia
1410 5518 1589 5583 neutri
1644 5518 2110 5599 generisriioniiita

573 5586 1041 5674 verbis_singularis
1066 5586 1601 5674 numeri,Qrmcorum
1634 5586 1850 5674 [norma
1890 5586 2113 5674 genus".

575 5651 717 5737 ribus
742 5651 934 5715 nostris
977 5660 1095 5729 (seu
1122 5651 1598 5740 transcriptoribus)
1637 5651 2112 5743 ’sub‘ju'ga"s'5£;-

2208 4519 2451 4590 grinavit,
2476 4516 2704 4569 venienti
2749 4514 2968 4572 Domino
2994 4517 3236 4571 clarificze
3288 4517 3586 4571 sanctitatis
3635 4516 3764 4579 oleo

2207 4608 2461 4675 ﬂagrante
2489 4608 2749 4675 lampade,
2774 4622 2890 4661 cum
2914 4608 3118 4661 caeteris
3138 4608 3335 4662 sanctis
3357 4608 3407 4659 in
3431 4606 3606 4658 medio
3634 4618 3767 4658 aere

2208 4713 2326 4751 cum
2349 4696 2489 4749 omni
2510 4696 2700 4764 gaudio
2726 4696 3035 4763 occurrerit,
3062 4710 3162 4749 nos
3196 4691 3456 4766 [quippe]
3496 4691 3643 4759 quod
3665 4692 3765 4745 ab-

2209 4788 2297 4852 sit,
2324 4788 2496 4854 januis
2525 4787 2715 4840 clausis
2763 4786 2975 4839 fuscatis
3015 4784 3345 4853 lampadibus
3395 4782 3535 4835 foras
3557 4781 3767 4835 exclusi

2211 4886 2365 4944 atque
2386 4876 2629 4943 nequiter
2654 4874 2842 4939 abjecti
2881 4885 3291 4935 remaneamus,
3336 4878 3391 4924 et
3442 4868 3636 4925 frustra
3678 4872 3767 4927 in-

2212 4965 2576 5019 troitum-vitro
2604 4976 2899 5030 poscamus.
2924 4961 3013 5029 qui
3065 4960 3345 5012 adventum
3390 4959 3597 5015 Domini
3637 4974 3766 5014 cum

2213 5054 2477 5108 desidioso
2507 5060 2718 5117 torpore
2744 5048 2972 5117 segniter
2999 5055 3387 5118 exspectamus.
3422 5049 3761 5107 Reminisca-

2214 5236 2464 5277 cenornm
2493 5220 2746 5285 capulari.

2287 5301 2310 5337 s
2355 5292 2562 5342 Discere
2592 5290 2709 5342 hinc
2759 5297 2908 5359 potes
2933 5290 3229 5359 indigenam
3274 5292 3431 5348 fuisse
3477 5293 3762 5351 Echeriam

2213 5360 2369 5426 hujus
2394 5360 2458 5409 de
2491 5372 2595 5427 qua
2620 5359 2757 5424 loqui
2784 5376 2877 5411 cur
2913 5363 3228 5427 provinciae;
3268 5360 3401 5416 hanc
3427 5366 3570 5417 enim
3600 5365 3761 5419 Occi-

2216 5423 2348 5479 duns
2379 5426 2526 5496 alluit
2564 5423 2832 5496 Oceanus;
2864 5423 2927 5481 et'
2945 5428 3181 5481 Valerius
3209 5430 3318 5495 ipse
3339 5432 3491 5496 hujus
3511 5432 3765 5487 Occidunt

2216 5496 2381 5562 plaga
2408 5494 2485 5563 (in
2508 5508 2605 5558 qua
2635 5495 2745 5559 ipse
2792 5497 3034 5563 degebat)
3064 5494 3449 5563 extremitatem
3480 5498 3761 5563 nominat,

2217 5560 2334 5635 cui"
2354 5560 2679 5635 deliclie‘riaz
2708 5573 2815 5630 agit
2841 5560 2889 5619 in
2917 5566 3182 5619 Orientem
3210 5560 3564 5635 profectione.
3693 5562 3718 5575 ⁸

2288 5631 2314 5667 ιι
2354 5629 2545 5692 Tolet.,
2577 5629 2823 5686 Gloriam.

2298 5697 2312 5734 ί
2356 5697 2482 5766 Leg.
2508 5714 2675 5754 onere.
