3912 6362
515 385 613 438 427

1769 410 1825 460 S.
1872 408 2140 462 VALERII
2177 409 2460 464 ABllATlS

3637 409 3732 463 ωε

509 537 603 591 pra
629 522 875 589 praifntis,
912 524 1209 576 deserentes
1239 524 1515 577 thesauros
1554 528 1607 574 et
1654 520 1868 588 praedia,
1897 530 2056 587 atque
2081 524 2128 579 Α
2156 535 2263 588 que
2291 524 2510 575 diversae
2547 521 2688 574 artis-
2705 522 2957 590 operibus
2985 530 3236 576 vacantes
3254 565 3271 588 ,
3307 524 3631 593 cunctisque
3657 541 3734 579 re-

514 622 754 668 eunrtam
785 614 1090 666 innitensam
1114 611 1457 679 Opulentiam,
1487 618 1785 675 catteraque
1817 610 2059 677 phalera,

515 717 576 754 ac
600 702 960 769 voluptuosam
997 699 1174 754 saeculi
1205 712 1470 767 pompam,
1504 697 1886 764 persecutionis
1915 706 2060 749 atro-

515 789 674 842 citate
700 790 892 842 ac:-iter
915 789 1169 851 irruente,
1197 786 1335 840 ultro
1368 801 1426 839 se
1457 785 1881 852 persecutoribus
1905 793 2065 852 atque

513 876 848 932 carnificibus
870 876 1170 940 offerentes,
1200 875 1526 928 tradiderunt
1571 874 1818 928 violent's
1838 888 2067 941 corpora

513 982 608 1020 sua
637 966 929 1028 tormentis,
947 964 1167 1033 ignibus,
1198 964 1340 1027 feris,
1355 964 1612 1032 cquuleis,
1638 961 1867 1029 ungulis,
1889 977 2068 1016 carce-

515 1057 684 1118 ribus,
715 1056 938 1118 catenis,
971 1055 1250 1122 lapidibus,
1276 1054 1514 1120 flagellis,
1545 1061 1600 1107 et
1627 1051 1816 1118 gladiis
1844 1091 1857 1114 ,
1911 1061 2068 1106 caete-

515 1147 696 1213 risque
725 1159 999 1212 pinnarum
1029 1144 1325 1210 generibus.
1360 1143 1621 1208 Quoniam
1665 1149 1943 1210 propterea
1985 1140 2070 1193 hic

517 1237 628 1290 suis
654 1250 756 1286 non
775 1233 971 1286 miserti
995 1244 1114 1287 sunt
1136 1233 1407 1296 membris,
1430 1233 1519 1285 sed
1546 1232 1646 1284 hoc
1672 1231 1890 1284 mortale
1913 1238 2072 1296 atque

518 1322 857 1392 eorruptibile
884 1338 1074 1388 corpus
1119 1324 1172 1376 in
1200 1322 1414 1375 interitu
1447 1320 1810 1382 tradiderunt,
1864 1326 1922 1371 ut
1944 1317 2072 1371 illud

520 1421 828 1480 perpetuum
858 1411 1264 1477 immortaleque
1293 1408 1544 1476 angelica:
1570 1407 1826 1462 claritatis
1855 1421 2073 1488 compar

519 1515 713 1568 corpus
741 1514 770 1552 a
824 1501 1047 1552 Domino
1076 1499 1410 1565 reciperent,
1460 1497 1511 1549 in
1540 1495 1706 1564 gloria
1749 1495 2074 1562 sempiterna

518 1588 827 1657 prrenniter
850 1585 1178 1655 permansuri
1206 1602 1220 1650 ;
1251 1585 1471 1653 proinde
1501 1584 1826 1638 exsultantes
1849 1581 2076 1636 tradide-

521 1685 644 1728 rttnt
670 1677 874 1728 animas
901 1688 1027 1727 suas
1075 1673 1124 1726 in
1160 1681 1349 1736 morte,
1376 1681 1433 1725 ut
1470 1687 1590 1726 cum
1618 1672 1883 1740 triumpho
1911 1670 2079 1722 vieto.

522 1764 631 1828 rite,
660 1773 713 1816 et
740 1762 910 1830 palma
959 1761 1188 1826 virtutis,
1221 1760 1284 1814 ad
1314 1773 1535 1827 regnum
1587 1759 2080 1812 ascendentes'cte-

2163 609 2371 679 ligionis
2404 610 2669 664 exercitiis
2713 619 2768 664 et
2808 611 3112 678 psalmodize
3142 611 3338 665 officiis
3386 611 3584 681 iugiter
3623 625 3733 668 stu-

2164 700 2370 760 dentes.
2404 702 2848 769 humiliantosque
2895 717 2953 756 se
3000 717 3169 770 usque
3205 702 3272 756 ad
3304 712 3556 768 mortem,
3602 705 3736 758 viam

2164 797 2438 856 angustam
2466 789 2803 857 arripientes,
2833 799 3035 844 arctam
3060 792 3303 861 martyrii
3336 801 3631 851 tenuerunt
3659 795 3739 847 vi-

2166 886 2294 943 tam,
2345 879 2484 933 sicut
2512 881 2767 947 scriptum
2799 889 2900 944 est,
2930 884 3053 949 quia
3081 882 3190 935 duo
3216 891 3345 936 sunt
3374 883 3619 952 martyrii
3647 897 3737 949 ge-

2168 981 2319 1033 nera,
2342 984 2447 1021 unu
2472 985 2502 1020 ιι
2545 968 2598 1020 in
2638 959 2849 1022 occulto
2869 1011 2883 1035 ,
2916 972 3142 1024 alterum
3173 987 3394 1041 quoque
3423 973 3475 1026 in
3505 975 3736 1042 publico.

2169 1057 2400 1126 Marlyt‘ii
2452 1059 2699 1110 meritum
2759 1059 2810 1110 in
2862 1061 3076 1112 occulto
3135 1071 3236 1122 est,
3299 1076 3424 1115 eum
3473 1063 3647 1116 virtus
3678 1064 3738 1116 ad

2169 1145 2466 1212 passionem
2511 1155 2754 1214 prompta
2803 1145 2990 1214 ﬂagrat
3052 1150 3116 1201 in.
3157 1149 3358 1202 animo.
3409 1150 3625 1218 Quique
3657 1167 3742 1204 nc-

2169 1233 2294 1287 culti
2363 1233 2531 1287 hostis
2580 1235 2794 1292 insidias
2847 1236 3176 1304 tolerantes,
3225 1255 3465 1308 suosque
3531 1243 3585 1296 in
3647 1243 3741 1296 hoc

2170 1320 2367 1376 mundo
2434 1322 2765 1376 adversarios
2816 1325 3116 1393 diligentes,
3169 1331 3380 1382 eunetis
3426 1332 3737 1385 carnalibus

2171 1409 2449 1464 desideriis
2477 1412 2808 1476 resistentes,
2839 1429 3134 1484 omnesque
3187 1417 3525 1473 lascivientis
3569 1423 3744 1474 saeculi

2174 1497 2449 1552 illecebras
2495 1509 2827 1568 respuentes,
2881 1510 3044 1571 atque
3085 1505 3139 1559 in
3175 1506 3356 1575 rigore
3405 1509 3742 1563 abstinentia:

2173 1588 2448 1656 degentes,
2475 1597 2528 1642 et
2573 1599 2762 1646 cuncta
2791 1595 3031 1648 exercitii
3062 1596 3358 1664 spiritualis
3392 1599 3572 1652 studia
3598 1615 3745 1654 exer-

2175 1687 2377 1742 centes,
2431 1693 2525 1748 per
2571 1681 2673 1734 ltoc
2714 1685 2856 1748 quod
2902 1698 2963 1738 se
3016 1687 3372 1756 omnipotenti
3421 1689 3651 1742 Domino
3701 1692 3748 1743 in

2177 1767 2341 1819 corde
2409 1779 2796 1835 mactaverunt,
2830 1773 2990 1826 etiam
3023 1775 3169 1842 pacis
3213 1785 3461 1845 tempore
3491 1789 3748 1847 martyres

522 1851 671 1912 leste,
702 1865 732 1902 a
755 1849 978 1919 Domino
994 1864 1220 1904 coronas
1242 1846 1703 1901 itumarcescibiles
1723 1855 1883 1913 atque
1903 1844 2074 1913 splen-
2118 1842 2155 1898 Β
2188 1853 2418 1921 fuerunt,
2448 1864 2502 1909 et
2546 1857 2746 1913 similes
2791 1875 2914 1914 cum
2947 1863 3130 1930 primis
3158 1842 3490 1934 martyribus
3519 1842 3682 1922 victm
3695 1869 3750 1920 ia:

523 1938 695 1991 difiuze
756 1937 1013 1991 claritatis
1067 1936 1236 2010 stolas
1292 1935 1412 1988 vitae
1465 1945 1675 1988 mternce
1725 1934 2076 2003 perciperent.

523 2025 814 2096 Propterea
846 2025 1122 2095 putredine
1146 2023 1445 2078 divitiarum
1475 2025 1844 2092 periturasque
1868 2025 2079 2079 thesau-

527 2131 616 2169 ros
643 2114 1000 2181 despexerunt
1029 2112 1080 2165 iu
1110 2112 1212 2166 hoc
1233 2111 1449 2176 mundo,
1485 2123 1542 2165 ut
1574 2113 1886 2168 immensum
1917 2126 1969 2169 et
2001 2115 2079 2167 in-

529 2203 733 2253 ﬁnitum
765 2200 1066 2252 thesaurum
1108 2199 1440 2269 possiderent
1487 2201 1539 2253 iu
1591 2216 1755 2269 regno
1801 2201 2079 2266 caelorum.

535 2289 826 2356 Propterea
858 2287 1122 2356 conjugia,
1151 2298 1205 2342 et
1231 2289 1496 2343 carnalem
1521 2291 1866 2358 parentelam,
1920 2300 2082 2358 atque

535 2379 890 2432 transitoriam
919 2378 1278 2432 haereditatem
1321 2389 1582 2432 terrenam
1614 2389 1949 2432 exsecrantes
1988 2379 2078 2431 de-

531 2480 816 2536 spexerunt
843 2480 1094 2536 tanquam
1123 2476 1392 2529 stercora,
1417 2477 1477 2519 ut
1519 2469 1568 2519 in
1615 2469 1702 2520 illa
1743 2468 2080 2521 inenarrabili

528 2560 645 2612 vita:
667 2569 888 2629 perpetu
907 2577 931 2607 t.‘
959 2557 1126 2626 gloria
1169 2556 1372 2608 inlinita
1393 2548 1717 2611 consortium
1753 2556 2083 2624 perciperent

529 2647 876 2714 angelorum,
924 2660 1042 2699 cum
1093 2644 1282 2711 quibus
1314 2653 1594 2713 regnantes
1647 2644 1981 2698 essultabunt
2030 2646 2080 2698 in

529 2735 719 2794 sateula
745 2737 1076 2787 saeculorum.
1111 2733 1296 2787 Amen.

598 2809 650 2878 9.
697 2825 820 2877 Post
841 2838 1023 2876 eorum
1055 2838 1179 2876 vero
1205 2823 1454 2891 triumphi
1481 2822 2080 2887 vietoriam,monacho-

531 2934 648 2971 rum
698 2926 754 2970 et
787 2917 1075 2982 puellarum
1104 2923 1286 2968 sancta
1313 2923 1615 2968 constructa
1644 2923 1766 2966 sunt
1797 2915 2035 2969 emnobia
2069 2933 2079 2964 :

531 3008 582 3059 in
630 3007 822 3074 quibus
865 3013 1090 3070 utroque
1117 3018 1246 3057 sexu
1294 3016 1488 3070 genere
1518 3004 1750 3066 nobiles,
1782 3013 1836 3056 et
1873 3003 2083 3057 divitia-

531 3108 647 3147 rum
682 3092 1021 3146 facultatibus
1051 3091 1369 3160 locupletes,
1401 3092 1750 3160 deSpicientes
1771 3093 1947 3147 srecnli
1981 3095 2081 3147 lus-

2181 1941 2382 2010 palmas
2411 1957 2568 2012 atque
2619 1947 3088 2004 immarcescibiles
3123 1968 3355 2007 coronas
3399 1969 3747 2024 acceperunt;

2180 2030 2268 2098 qui
2306 2047 2469 2097 usque
2511 2035 2574 2085 ad
2610 2037 2768 2088 finem
2818 2037 2976 2105 hujus
3004 2040 3121 2092 vit:e
3165 2042 3219 2094 in
3249 2043 3465 2096 occulta
3511 2051 3748 2103 martvrii

2182 2118 2502 2172 contritione
2541 2134 3038 2186 perseveraverunt.
3099 2126 3214 2187 Hoc
3271 2137 3456 2184 autent
3488 2109 3749 2188 interdum

2183 2205 2368 2256 mit-mn
2418 2215 2517 2266 cst,
2567 2209 2709 2275 quod
2756 2210 2859 2264 illis
2917 2214 3248 2282 temporibus
3298 2218 3554 2273 homines
3611 2223 3750 2278 initio

2182 2294 2457 2346 catholica:
2503 2295 2622 2348 ﬁdei
2674 2298 3003 2365 imminente,
3055 2304 3280 2358 necdum
3314 2308 3560 2375 perferte
3600 2311 3751 2365 ducu-

2183 2381 2376 2434 mvntis
2416 2383 2650 2436 veritatis
2707 2386 2985 2452 instructi,
3036 2391 3130 2443 sed
3177 2403 3384 2447 tantum
3425 2401 3749 2455 creduittatis

2182 2470 2456 2522 exordium
2487 2471 2719 2539 indepti,
2773 2477 2966 2530 ardore
3022 2477 3141 2531 ﬁdei
3195 2477 3469 2536 ferventes
3519 2489 3748 2552 perfecte

2183 2559 2420 2626 tttartytii
2475 2561 2744 2628 tropltwo,
2784 2563 3102 2634 diversoque
3149 2569 3510 2626 confessionis
3577 2579 3751 2628 btavio

2183 2647 2554 2712 agonizantes,
2628 2660 2681 2702 et
2744 2649 2968 2706 feliciter
3025 2656 3453 2726 triumphantes,
3532 2662 3753 2718 victores

2188 2749 2344 2803 regna
2369 2738 2600 2790 cmlestia
2632 2749 3064 2806 penetraverunt.

2262 2824 2344 2874 ll.
2369 2826 2568 2878 Nostris
2600 2843 2724 2881 vero
2745 2833 3075 2898 temporibus
3099 2836 3342 2890 homines
3361 2838 3578 2894 Veteris.
3594 2853 3648 2894 et
3664 2842 3753 2894 No-

2187 2910 2579 2966 tiTestameuti
2608 2918 2796 2983 peritia
2845 2919 3129 2987 diligenter
3174 2925 3399 2992 imbuti,
3445 2938 3499 2981 et
3523 2934 3753 2998 quotidie

2189 3000 2467 3054 Dominum
2490 3006 2792 3072 evangebca
2822 3023 2954 3062 voce
2975 3011 3195 3066 audiunt
3219 3016 3552 3076 clamantem
3583 3033 3638 3076 et
3681 3027 3754 3078 dia

2186 3101 2390 3146 ceutem
2426 3111 2438 3145 :
2478 3094 2652 3148 Venite
2679 3099 2748 3149 ad
2785 3116 2882 3165 me,
2914 3118 3088 3156 omnes
3132 3106 3218 3176 qui
3256 3108 3537 3178 laboratis,
3569 3125 3619 3167 et
3642 3132 3754 3170 onc-

529 3183 771 3236 civieutis
791 3181 1198 3243 delectamenta,
1223 3189 1382 3249 atque
1405 3190 1428 3216 ⁸
1462 3182 1851 3238 illecebrantem
1933 3200 2080 3238 mun-

2189 3181 2286 3231 ruti
2339 3183 2479 3244 estis,
2550 3195 2596 3236 et
2648 3202 2739 3254 ego
2771 3189 2996 3255 reﬁciam
3025 3208 3130 3245 vos.
3179 3184 3362 3249 Tolli.‘e
3377 3201 3570 3269 jngum
3602 3219 3753 3257 meum

531 3275 682 3326 dana:
711 3273 912 3344 deliciae
941 3272 1266 3338 opulentiam
1316 3272 1463 3338 quasi
1505 3273 1724 3325 nihilum
1757 3280 2082 3340 reputantes,

532 3361 674 3427 quod
728 3359 907 3412 mundi
961 3367 1042 3411 est
1083 3358 1277 3413 mundo
1325 3360 1768 3426 derelinquentes,
1814 3361 1939 3413 nihil
1985 3362 2084 3412 sibi

531 3445 804 3516 proprium
854 3447 1200 3510 vindicantes,
1231 3448 1338 3500 suis
1384 3448 1610 3515 propriis
1653 3447 1862 3501 famulis
1904 3463 1963 3500 ac
2009 3448 2086 3499 di-

530 3541 701 3593 versis
748 3539 980 3592 vilibusb
1031 3553 1308 3606 compares
1347 3538 1520 3591 effecti
1549 3530 1810 3606 personis:
1856 3539 1952 3591 sub
1981 3538 2083 3591 lt-ni

534 3627 900 3694 ltedemptovis
933 3626 1062 3695 jugo
1088 3628 1349 3680 cervicem
1376 3628 1554 3680 cordis
1577 3627 1906 3690 edomantes,
1928 3629 2087 3680 semi-

533 3717 692 3778 nudi,
738 3716 1073 3783 espeditique
1115 3717 1230 3769 fidei
1267 3717 1456 3769 ardore
1477 3721 1755 3780 succensi,
1785 3717 1946 3771 alacri
1972 3719 2086 3771 nisu

537 3805 825 3867 ferventes,
852 3818 909 3856 se
935 3803 1136 3856 Domini
1166 3804 1380 3857 servitio
1404 3805 1789 3872 manciparent.

603 3891 688 3943 l0.
722 3889 821 3946 Alii
851 3893 1095 3947 similiter
1153 3891 1458 3945 szecularem
1490 3895 1947 3946 conversationem
1992 3893 2085 3946 de-

532 3990 796 4042 serentes,
843 3982 976 4033 sirut
1014 3980 1250 4034 fecerunt
1296 3981 1590 4034 Orientales
1620 3979 1832 4034 Thebaai
1883 3979 2084 4046 Patres,

533 4067 596 4118 ad
650 4067 857 4119 deserta
887 4077 1164 4135 vastasque
1191 4071 1502 4122 solitudines
1550 4069 1933 4136 confugientes,
1968 4085 2087 4139 par-

534 4157 581 4208 vi
614 4170 721 4223 que
765 4163 815 4208 et
838 4156 1073 4224 angustis
1104 4143 1318 4222 tuguriis
1349 4158 1662 4210 inhaerentes
1690 4167 1846 4225 atque
1877 4175 1968 4226 per
1997 4176 2087 4212 an-

549 4255 630 4295 tra
680 4253 731 4294 et
753 4242 972 4296 diversis
995 4250 1150 4296 terra:
1178 4245 1418 4296 cavernis
1446 4254 1835 4310 permanentes,
1877 4247 2088 4300 hirsutis

543 4333 770 4398 pellibus
812 4332 1102 4394 induentes,
1151 4335 1200 4385 in
1245 4333 1361 4387 solo
1393 4347 1526 4400 pane
1572 4340 1625 4384 et
1667 4347 1798 4399 aqua
1831 4333 2086 4387 viventes.

538 4422 640 4473 Alii
668 4429 845 4474 autem
878 4422 947 4472 ita
975 4422 1148 4472 siculi
1190 4421 1475 4474 vanitntdtn
1517 4422 1974 4490 derelinquentes.
2025 4426 2088 4475 ad

541 4513 705 4564 eremi
736 4510 943 4564 deserta
975 4510 1321 4574 confugerunt
1346 4551 1360 4574 ,
1398 4523 1452 4562 ttt
1484 4526 1692 4564 omnem
1725 4516 2085 4565 occursinut'm
2118 4497 2166 4554 Ι)
2193 4539 2273 4591 θυι

539 4613 701 4667 atque
731 4600 1275 4654 subministrationem
1309 4599 1586 4651 humanam
1631 4601 1844 4654 omnino
1877 4603 2088 4654 refelle-

537 4699 687 4752 rent;
719 4699 774 4742 et
804 4706 850 4741 ll.
876 4690 941 4744 lla
990 4689 1288 4742 habitacula
1315 4697 1406 4740 aut
1433 4689 1586 4741 sedes
1617 4691 1855 4757 proprias
1893 4693 2089 4746 haben-

537 4789 638 4840 tes,
693 4777 790 4828 nisi
841 4793 934 4844 per
978 4779 1210 4831 diversas
1238 4777 1548 4830 solitudines
1604 4778 1740 4829 inter
1769 4778 1963 4832 bestias
2013 4791 2090 4830 at-

533 4879 638 4933 que
667 4863 875 4917 diversa
924 4864 1150 4917 ferarum
1192 4877 1385 4930 genera
1425 4866 1724 4930 singillatim
1767 4865 2091 4933 Sttlilttriiqttc

534 4954 857 5020 divagantes,
911 4953 995 5004 ubi
1047 4967 1467 5020 unumquemque
1496 4969 1676 5006 eorum
1707 4969 1808 5005 nox
1840 4971 2093 5023 occupas-

535 5052 615 5095 set
644 5042 952 5104 manehant,
983 5039 1156 5091 herbis
1178 5041 1560 5108 herbarumque
1592 5041 1856 5096 radicibus
1876 5058 2094 5096 vescen-

541 5141 618 5182 tes
660 5146 822 5196 usque
853 5129 918 5181 ad
949 5129 1102 5181 ﬁnem
1134 5128 1252 5178 vita:
1282 5131 1553 5193 pnesentis
1582 5131 1632 5182 in
1665 5131 1773 5197 ipsa
1806 5134 2086 5186 necessitu-

538 5218 676 5271 dinis
718 5219 933 5284 penuria
967 5220 1216 5270 amantes
1246 5229 1666 5283 permanserunt.
1723 5219 1817 5272 llic
1860 5221 1968 5285 illi,
2001 5223 2090 5290 qui

539 5323 698 5378 supra
745 5306 982 5373 prtefati,
1034 5310 1082 5359 in
1155 5309 1296 5360 omni
1328 5309 1645 5360 abstinentia
1703 5310 1972 5376 degentes,
2019 5313 2091 5364 vi-

540 5399 694 5463 giliis,
748 5394 964 5463 jrjnniis
1011 5405 1063 5447 et
1110 5397 1436 5449 orationibus
1466 5397 1580 5449 sine
1610 5397 1994 5452 intermissione
2015 5409 2092 5452 at-

610 5527 631 5551 “
661 5525 866 5587 lEmil.,
899 5526 1216 5577 inlewbrum.

612 5592 633 5625 ι’
659 5593 730 5643 Ita
763 5593 964 5657 Afintilq
995 5595 1101 5655 alii,
1135 5608 1504 5659 comparantes.
1763 5602 1806 5647 '.

611 5669 632 5693 ε
660 5660 728 5710 Ita
765 5660 966 5730 ΑἰμιΗά
1007 5665 1091 5714 alii
1116 5703 1127 5719 ,
1177 5680 1267 5730 per
1298 5664 1386 5714 illa
1417 5673 1495 5727 (τη
1527 5667 1808 5718 deficiente
1842 5667 1922 5722 hic
1957 5681 2004 5722 et
2041 5671 2090 5722 in

546 5729 922 5796 sequentibus)
955 5729 1257 5798 voragine...
1291 5735 1578 5785 crttctttabnt
1609 5736 1838 5800 (innima.

2127 3322 2140 3330 _
2183 3285 2330 3335 super
2356 3287 2458 3332 ros,
2504 3283 2548 3323 et
2577 3276 2804 3327 discitea
2844 3295 2921 3330 me
2947 3282 3065 3346 quia
3112 3285 3248 3336 mitis
3277 3303 3390 3338 sum
3443 3301 3492 3341 et
3554 3295 3752 3346 Immifis

2183 3372 2208 3406 c
2230 3359 2348 3422 trde,
2370 3370 2428 3429 et
2459 3364 2716 3414 invenietis
2747 3367 2961 3432 requiem
2987 3371 3257 3425 animabus
3286 3380 3490 3432 vestris.
3531 3383 3756 3449 Denique

2186 3461 2401 3513 regnum
2425 3451 2676 3504 etelorum
2695 3492 2709 3514 ,
2739 3464 2791 3506 et
2832 3457 3135 3521 paradisum
3165 3464 3509 3529 deliciarum,
3545 3488 3756 3525 consor-

2188 3536 2313 3587 tium
2358 3539 2686 3605 angelorum,
2720 3544 2882 3599 vitam
2921 3559 3198 3618 aeternam,
3247 3565 3301 3610 et
3354 3561 3754 3616 retributionem

2181 3625 2444 3691 justorum
2497 3649 2600 3686 nun
2645 3638 2926 3707 ignorant;
2975 3647 3263 3703 adventum
3310 3662 3496 3707 autem
3535 3656 3754 3716 Dmnini.

2186 3723 2239 3767 et
2282 3717 2534 3783 judicium
2584 3726 2697 3792 ejus
2739 3732 2919 3797 procul
2949 3733 3111 3788 dubio
3163 3752 3433 3794 noverunt
3461 3761 3585 3798 esse
3640 3761 3756 3799 ven-

2190 3812 2395 3870 tntum;
2447 3810 2704 3868 infernum
2759 3822 2900 3874 enim
2951 3825 3272 3892 pessimum,
3308 3840 3576 3886 tartarum
3617 3845 3752 3889 teoc-

2189 3891 2438 3960 brosutn,
2493 3901 2663 3968 ignem
2712 3915 3008 3974 aeternum,
3066 3929 3303 3970 vermem
3373 3921 3754 3982 immortalem,

2191 3989 2449 4078 tormenta
2510 4007 2617 4045 non
2672 3995 2937 4067 ﬁnienda,
3011 4004 3304 4070 ululatum,
3355 4015 3658 4078 gemitum,
3710 4026 3755 4066 et

2187 4072 2472 4130 Stridorem
2520 4080 2777 4138 dentium.
2833 4088 2898 4142 Et
2939 4106 3004 4144 ne
3047 4094 3186 4148 forte
3239 4072 3431 4152 inferni
3490 4116 3599 4155 non

2189 4159 2443 4218 derentur
2496 4174 2824 4229 atrocissima
2899 4194 3017 4233 esse
3067 4185 3346 4250 incendia,
3397 4205 3555 4245 sacra
3630 4202 3752 4246 teste

2191 4251 2361 4310 fateor
2386 4259 2676 4328 Scriptura,
2709 4267 2830 4332 quia
2863 4282 2970 4335 pra:
3008 4277 3217 4327 ueteris
3270 4276 3402 4331 locis
3473 4281 3525 4334 in
3575 4282 3751 4338 Sitiltc

2192 4354 2342 4398 terra:
2397 4350 2564 4401 insula
2605 4358 2624 4384 ο
2661 4368 2751 4420 per
2797 4355 2938 4410 illam
2988 4361 3308 4419 horrendam
3374 4378 3432 4423 et
3484 4373 3749 4440 pessimam

2197 4435 2445 4533 Vulcatii“
2467 4441 2624 4493 ollam
2657 4443 2926 4503 horribilis
2976 4466 3175 4522 vorago
3205 4455 3270 4510 de
3293 4435 3566 4527 profundo
3595 4441 3749 4533 abyssi

2294 4539 2351 4576 er
2395 4526 2535 4580 illam
2593 4538 2784 4585 terram
2816 4537 3160 4594 saevissimam
3213 4526 3428 4600 eructat
3469 4526 3745 4610 flammant.

2194 4621 2250 4663 nt
2275 4616 2360 4680 qui
2398 4615 2586 4670 inferni
2632 4619 2870 4674 incendia
2920 4639 3026 4678 non
3069 4632 3296 4684 credunt
3342 4633 3549 4699 audita,
3591 4637 3749 4691 saltim

2193 4705 2566 4770 pertimescant
2593 4711 2674 4763 vel
2703 4712 2869 4764 visa“.

2266 4791 2344 4842 12.
2377 4786 2576 4885 flrebro
2608 4798 2905 4853 audivimus
2935 4799 3283 4872 Evangelinm
3317 4810 3596 4867 dicentem
3620 4814 3746 4885 qui

2194 4879 2265 4930 hii
2315 4881 2402 4946 qui
2433 4882 2496 4933 ad
2545 4884 2816 4939 dexteram
2864 4897 3161 4949 metuenda:
3209 4897 3514 4965 maiestatis
3559 4879 3748 4958 Doini

2188 4967 2500 5034 judicantis,
2533 4983 2586 5026 et
2607 4984 2628 5009 ε
2661 4976 2724 5028 ad
2749 4977 2861 5045 ejus
2887 4983 3120 5036 terribile
3141 4987 3374 5044 tribunal
3403 4993 3749 5050 constituendi

2193 5069 2316 5154 sunt
2349 5063 2472 5127 justi
2504 5065 2554 5116 in
2583 5068 2820 5135 angelica
2872 5075 3233 5132 transformiti
3290 5085 3497 5150 specie,
3539 5099 3726 5154 quater

2193 5148 2365 5201 vultus
2403 5151 2620 5216 fulgebit
2645 5158 2782 5210 sicut
2812 5162 2991 5214 oriens
3018 5165 3099 5217 Sol
3129 5148 3388 5224 radiat‘in
3421 5148 3744 5236 virtutem

2194 5242 2352 5300 atque
2384 5238 2538 5293 niteo
2597 5243 2821 5296 vibranti
2868 5248 3100 5306 candore
3147 5255 3316 5310 induti
3356 5258 3518 5313 stolis
3546 5260 3596 5315 in
3631 5275 3748 5316 cel-

2196 5338 2378 5392 speetu
2422 5329 2626 5384 Domini
2668 5335 3057 5403 pnemicantcs,
3106 5343 3156 5395 itt
3189 5345 3359 5410 gloria
3390 5347 3592 5404 luciflui
3628 5365 3746 5406 caa-

2195 5413 2338 5468 doris
2369 5428 2626 5482 astantes,
2658 5423 2876 5478 audient
2907 5427 3051 5481 illam
3075 5445 3295 5486 suavem
3319 5433 3535 5493 Domini
3557 5451 3743 5502 vocem.

2262 5543 2296 5624 d1
2319 5543 2650 5624 lnj'f‘oletano
2679 5550 2903 5624 G-dhieo
2924 5557 3070 5610 adest
3096 5560 3181 5616 hic
3205 5562 3387 5621 titulus
3413 5584 3427 5619 :
3464 5565 3548 5620 De
3564 5564 3742 5622 Iudicis

2194 5623 2240 5663 ct
2263 5614 2585 5683 dezrtriquni
2617 5618 2666 5670 in
2696 5622 2813 5675 aliis
2843 5614 3200 5683 desideratur.

2265 5689 2286 5716 ε
2321 5681 2393 5732 Ex
2427 5680 2604 5740 .‘Entil.
2639 5688 2771 5756 Alii,
2803 5692 2866 5744 de
2889 5695 2999 5761 ejus
3030 5680 3248 5753 terribili
3280 5691 3552 5760 tribunali.

3415 6101 3859 6336 ,Α

3415 6101 3859 6336 ,Α
