3934 6228
196 487 286 542 ‘29
1608 479 1983 533 ()l‘USlIULA.

3284 485 3384 538 45’)

197 597 437 651 dicentis:
471 593 675 657 Venite,
710 597 962 648 benedicti
1009 596 1176 648 Patris
1214 597 1340 657 mei,
1372 593 1610 662 percipite
1651 608 1728 643 re-
1763 597 1804 648 Λ
1835 591 2128 654 rrgnaliunt
2176 606 2269 659 per
2321 591 2517 643 i-linilzt
2575 593 2767 645 sarcula
2810 597 3144 648 smculorum.
3199 598 3384 652 Amen.

197 703 332 755 guunt
350 685 473 752 quod
493 683 630 735 vobis
650 694 998 752 pra’parntum
1012 671 1086 736 est
1105 701 1137 736 a
1160 685 1512 737 constitutione
1535 681 1729 740 mundi,

200 789 245 830 et
265 785 458 827 cetera.
501 773 578 824 llii
603 781 785 825 autem
809 773 898 839 qui
920 774 986 825 ad
1013 773 1276 824 sinistram
1295 771 1617 825 consistent.
1639 784 1731 820 au-

201 866 325 917 dient
353 862 484 914 illam
503 861 801 915 terribilem
828 876 889 914 ac
917 861 1270 913 truculentam
1290 858 1493 911 Domini
1524 873 1728 918 vocem,

202 955 431 1008 dicentis:
465 951 700 1003 Recedite
737 967 768 1002 a
817 967 915 1014 me,
966 949 1220 1001 maledicti
1250 990 1264 1014 ,
1295 958 1343 1000 et
1371 947 1438 1000 ite
1480 948 1531 999 in
1564 947 1731 1015 ignem

205 1055 433 1100 utentum,
457 1041 538 1105 qui
587 1048 907 1105 preparatus
934 1048 1008 1090 est
1052 1037 1254 1091 diabolo
1281 1046 1329 1089 et
1371 1036 1567 1105 angelis
1599 1035 1727 1102 ejus.

207 1130 328 1180 Tunc
346 1141 442 1194 pra:
456 1125 821 1192 magnitudine
832 1125 1119 1192 judicantis
1145 1124 1461 1178 cxcindetur
1475 1123 1627 1176 vallis
1645 1124 1729 1174 illa

211 1223 544 1283 tacrymarum,
557 1229 675 1280 qum
692 1213 885 1266 dicitur
903 1211 1184 1281 Josaphat,
1203 1222 1257 1266 et
1271 1212 1546 1281 apparebit
1567 1227 1729 1265 vorax

209 1307 280 1357 ille
302 1304 540 1374 pessimus
573 1304 719 1356 lacus
747 1303 892 1370 igne,
932 1303 1074 1372 pice,
1107 1303 1365 1355 bitumine
1395 1312 1446 1353 et
1475 1301 1731 1368 sulphure

210 1395 324 1445 inter
370 1391 526 1444 undas
573 1392 1015 1459 flammarumque
1046 1390 1307 1458 procellas
1337 1389 1593 1443 ebulliens
1626 1388 1730 1442 fer-

210 1481 388 1534 roribus
409 1479 732 1544 glomeratis,
763 1479 1013 1545 inquietis
1035 1488 1089 1532 et
1119 1478 1508 1532 immortalibus
1539 1480 1728 1531 vermi-

211 1572 289 1622 bus
320 1569 503 1636 plenus,
534 1567 598 1620 ad
642 1582 917 1635 pinnarum
954 1569 1227 1621 interitum
1259 1575 1610 1636 praeparatus,
1639 1567 1726 1621 ubi

213 1660 327 1712 nulla
352 1657 721 1721 misericordia,
756 1673 853 1710 nec
875 1658 1048 1710 tenuis
1079 1657 1338 1726 refrigerii
1371 1672 1498 1710 aura
1530 1659 1727 1725 reperi-

211 1761 296 1803 tur.
321 1748 369 1802 ln
389 1765 487 1818 quo
513 1763 613 1801 una
643 1764 764 1802 cum
797 1751 1006 1804 diabolo
1035 1758 1090 1803 et
1116 1751 1317 1817 angelis
1344 1751 1460 1816 ejus
1489 1749 1727 1819 praecipi-

209 1839 425 1895 tab‘untur
445 1855 626 1895 omnes
653 1842 820 1911 impii,
854 1850 909 1894 et
941 1841 1138 1908 iniqui,
1167 1856 1260 1896 seu
1293 1851 1624 1909 peccatores,
1649 1849 1727 1893 at-

208 1947 294 1995 que
324 1931 506 1997 iniusti.
538 1929 690 1983 Tunc
714 1931 862 1996 jussu
894 1931 1101 1983 Domini
1125 1929 1354 1998 desuper
1386 1930 1722 1988 reclaudetur

209 2031 341 2082 terra,
369 2029 416 2072 et
454 2020 804 2073 remanebunt
843 2019 1082 2073 infelices
1126 2020 1179 2074 in
1221 2019 1322 2072 illis
1362 2021 1723 2074 exterioribus

208 2108 418 2169 tenebris,
445 2117 496 2160 et
523 2107 746 2161 diversis
773 2118 934 2175 atque
965 2109 1156 2177 iniquis
1187 2118 1572 2162 tormentorum
1597 2124 1723 2177 sup-

207 2196 348 2264 pliciis
385 2196 608 2250 infinitis.
661 2195 729 2249 Et
767 2196 845 2250 sic
872 2199 1132 2252 ardebant
1162 2213 1326 2265 usque
1357 2199 1406 2251 in
1437 2199 1712 2266 sempiter-

206 2299 328 2343 num.
355 2293 404 2337 ut
429 2294 665 2351 quaerant
696 2293 860 2352 atque
904 2285 1207 2339 desiderent
1238 2286 1394 2339 linem
1432 2287 1640 2353 mortis,
1670 2296 1724 2340 et

207 2373 406 2426 invenire
433 2388 533 2426 non
562 2373 790 2440 possint.
833 2375 964 2436 Quia
1006 2390 1151 2427 mors
1178 2375 1280 2426 erit
1302 2375 1418 2428 sine
1446 2382 1639 2440 morte,
1670 2386 1725 2428 et

203 2460 400 2514 defectus
422 2461 742 2522 indeliciens,
765 2471 819 2514 et
843 2463 958 2515 linis
984 2463 1238 2517 infinitus.
1254 2462 1382 2517 Post
1405 2465 1516 2518 lucc
1545 2474 1720 2517 autem

206 2551 288 2602 erit
309 2549 479 2603 cmlum
504 2564 718 2610 novum.
743 2560 800 2602 et
823 2561 962 2604 terra
981 2567 1138 2613 nova,
1160 2554 1474 2620 praefulgens
1493 2553 1724 2620 splendi-

204 2638 299 2688 dior
315 2637 494 2704 septies
521 2645 769 2702 argento;
791 2647 846 2690 et
868 2639 950 2689 lux
971 2637 1271 2705 splendillui
1289 2627 1458 2704 atque
1482 2639 1720 2691 immensi

202 2725 405 2776 candoris
444 2725 654 2776 radians
702 2725 948 2778 claritate
975 2737 1261 2794 perpetua,
1290 2727 1494 2793 absque
1549 2727 1722 2793 aliquo

204 2813 441 2878 noctivago
471 2811 713 2866 fuscante
749 2813 955 2867 lubrico
981 2815 1310 2882 permanebit
1355 2815 1406 2868 in
1440 2825 1717 2870 aeternum.

258 2923 326 2975 l3.
352 2921 485 2975 Tunc
511 2922 595 2974 illa
628 2922 1010 2976 inrestimahilis
1037 2932 1222 2975 sancta
1251 2922 1452 2991 patebit
1488 2923 1722 2976 caelestis

201 3011 351 3063 civitas
382 3009 664 3064 Jerusalem
684 3049 700 3072 ,
745 3011 976 3077 gloriosa
1006 3025 1071 3064 ex
1099 3026 1230 3072 auro
1261 3011 1572 3078 purissimo,
1622 3012 1720 3064 im-

202 3114 360 3152 mensa:
381 3100 749 3166 magnitudinis
773 3115 1045 3153 murorum
1072 3100 1365 3153 munitione
1395 3109 1719 3164 constructa,

199 3190 410 3254 omnique
425 3188 590 3255 lapide
608 3189 851 3255 pretioso
872 3189 1142 3254 perspicua
1158 3189 1545 3257 pulchritudine
1562 3205 1719 3242 exor-

199 3285 314 3328 nata.
333 3278 422 3329 l‘er
448 3276 670 3343 quadras
701 3285 880 3328 autem
925 3283 1150 3342 quatuor
1179 3285 1355 3344 partes
1384 3278 1548 3328 ternis
1583 3288 1602 3308 α
1639 3277 1724 3326 llr-

199 3373 311 3416 mata
332 3362 577 3426 claustris,
595 3372 762 3430 etpcr
777 3364 1008 3428 singulas
1032 3363 1275 3416 duodeno
1291 3377 1511 3415 numero
1543 3374 1723 3430 port:.s

198 3468 250 3504 ex
268 3452 458 3518 singulis
478 3455 800 3505 constructis
823 3466 1043 3506 eorusco
1063 3450 1266 3517 fulgore
1299 3451 1722 3518 praunicantihus

197 3542 480 3608 margaritis,
519 3556 584 3594 cu
611 3561 639 3591 ιι
671 3555 878 3593 summa
910 3540 1086 3592 lzetitia
1117 3539 1494 3593 exsultationis
1538 3540 1718 3593 cuncti

173 3631 514 3696 ingrediantur
541 3629 839 3682 Jerusalem
874 3628 962 3680 Dei
993 3629 1393 3695 omnipotentis,
1431 3638 1592 3695 atque
1621 3645 1718 3696 pu-

197 3705 382 3772 rissinTts
403 3727 454 3771 et
479 3717 720 3770 innocuis
745 3717 1011 3785 gressibus
1031 3732 1160 3770 auro
1190 3718 1468 3786 purissimo
1499 3719 1716 3772 vibran-

197 3808 311 3858 tibus
345 3806 639 3872 gradientur
689 3807 900 3874 plateis.
948 3807 1140 3873 Sicque
1189 3807 1383 3860 eximia
1433 3816 1710 3861 venustate

195 3897 428 3963 glorificati
467 3897 760 3951 adorabunt
813 3898 1089 3951 Dominum
1134 3909 1429 3953 creatorem
1460 3916 1613 3954 suum
1664 3902 1714 3952 in

194 4001 280 4038 sua:
303 3986 741 4039 excellentissime
773 3986 1064 4052 majestatis
1106 3988 1441 4041 inenarrabili
1466 3989 1711 4042 claritate

197 4076 356 4126 throno
396 4073 572 4140 gloria:
627 4074 1054 4140 praefulgentem-
1105 4075 1192 4128 Sic
1245 4075 1474 4144 denique
1519 4077 1710 4150 singuli

195 4163 408 4215 virtutum
436 4177 650 4216 suarum
673 4177 956 4230 compares
975 4165 1278 4216 meritorum
1299 4165 1323 4201 ι)
1347 4168 1566 4232 egregiis
1588 4183 1715 4221 con-

196 4253 312 4305 tinuo
356 4253 730 4320 conglomerati
761 4252 970 4313 choris,
993 4252 1320 4318 singularum
1351 4255 1455 4309 illic
1483 4256 1711 4309 colloca.

197 4344 357 4396 buntur
383 4344 592 4411 gremiis
635 4343 960 4396 sidercarum
991 4344 1358 4402 mansionum,
1391 4353 1548 4412 atque
1580 4348 1715 4399 inter

197 4430 528 4483 inenarrabiles
566 4430 683 4483 illas
716 4446 988 4483 nemorum
1027 4439 1082 4483 et
1113 4431 1398 4484 herbarum
1434 4434 1712 4500 persliicuo

197 4517 333 4567 \il‘Ol’e
373 4525 426 4568 et
462 4517 826 4570 venustissima
879 4518 1222 4571 ficcunditate
1271 4529 1528 4587 perpetuo
1584 4523 1712 4576 flore

198 4611 460 4667 tentantes,
489 4604 859 4671 ambroseiquc
881 4607 1136 4660 aromatis
1164 4619 1405 4660 nectarco
1429 4608 1592 4662 odore
1620 4611 1712 4661 lla-
1737 4583 1786 4639 υ

198 4702 396 4756 grantes,
443 4702 505 4754 et
552 4694 911 4748 exuberantes
976 4695 1214 4748 diversas
1242 4696 1468 4762 paradisi
1499 4699 1715 4752 delicia-

201 4795 287 4830 rum
311 4781 655 4847 ammnitates,
687 4792 986 4848 cunctaque
1021 4782 1274 4835 immensa
1301 4785 1384 4835 illa
1417 4786 1560 4850 regni
1605 4802 1715 4839 ete-

201 4869 311 4924 testis
335 4871 734 4938 pnefulgurante
762 4871 950 4937 gloria.
979 4871 1124 4940 quod
1160 4873 1384 4925 humana
1415 4890 1518 4927 non
1543 4883 1716 4943 potest

199 4959 417 5014 aestimare
447 4961 721 5028 fragilitas.
756 4960 810 5012 In
834 4963 1028 5029 quibus
1060 4977 1248 5016 onmes
1274 4964 1322 5016 in
1345 4965 1507 5032 prima
1531 4965 1714 5033 juven-

202 5047 296 5098 tutis
317 5060 557 5102 vernante
600 5061 816 5114 :cstate,
867 5064 1030 5120 atque
1078 5054 1130 5105 in
1180 5056 1427 5122 angelica:
1466 5057 1717 5111 claritatis

203 5138 508 5191 transforniati
565 5157 744 5209 spcce
805 5143 1223 5208 prannicantcs,
1270 5145 1601 5198 exsultahunt
1665 5148 1714 5200 in

200 5227 482 5292 sempiterna!
547 5233 668 5283 vitae
747 5233 968 5301 perenni
1056 5235 1376 5299 proceritate
1445 5236 1715 5290 laudantes

203 5309 427 5370 Dominum
480 5330 774 5372 creatorem
829 5319 1067 5373 omnium
1097 5335 1254 5381 ,cum
1305 5337 1410 5389 quo
1452 5324 1564 5376 sine
1614 5327 1715 5378 line

258 5461 475 5537 f§mil.,
498 5470 740 5537 formata.

256 5526 275 5560 δ
295 5526 577 5600 Canace-1L,
601 5549 648 5588 et
674 5536 846 5600 regiis.

259 5605 274 5630 ε
300 5596 683 5680 [ια-,ΕιηξῇΙςΑΙὶἱ
710 5596 1009 5680 _:"q_mmtum
1036 5619 1134 5660 est.
1182 5610 1289 5662 Duo
1319 5608 1558 5673 Codices,
1588 5614 1708 5680 iii/i-

208 5679 309 5739 am):
329 5671 443 5739 alter
475 5673 669 5729 'l'olet..
707 5671 886 5739 infirm
909 5696 944 5726 .-.

256 5733 275 5768 ⁴¹
296 5733 354 5787 lla
373 5736 548 5792 :Eutil.
581 5741 703 5799 Alii,
741 5733 838 5794 llic
855 5783 870 5796 .

261 5811 279 5837 ο
302 5803 376 5859 llic
409 5807 606 5861 desinit
646 5808 824 5864 Codex
858 5812 1178 5866 monasterii
1223 5818 1384 5870 sancti
1417 5817 1705 5873 Aitltillani.

1907 678 1989 732 ll.
2020 683 2209 756 Quaeso
2241 681 2396 747 igitur
2427 689 2479 733 ut
2510 683 2870 752 unusquisque
2895 685 2984 752 qui
3012 701 3198 739 sanum
3227 688 3385 756 sapit.

1832 750 2288 834 attendatqitan'a
2317 771 2382 823 sit
2422 771 2644 824 stultitia
2686 772 2738 824 in
2787 750 2852 827 eo
2895 750 2982 840 qui
3031 790 3090 828 se
3137 750 3386 844 gloriatur

1830 857 2006 908 s:ccu'i
2040 857 2236 910 habere
2274 860 2610 926 sapientiam,
2661 867 2751 912 aut
2793 871 2814 897 ε
2843 871 3038 928 quanta
3085 874 3164 916 est
3208 866 3384 918 infima

1833 941 2143 996 mendicitas
2174 962 2268 1013 per
2320 948 2692 1015 inexplebilem
2737 950 3002 1017 voraginis
3044 954 3385 1019 copiditatem

1833 1030 2178 1097 hujusumndi
2200 1035 2460 1101 perituras
2489 1051 2779 1104 aggregare
2804 1037 3030 1098 divitias,
3059 1055 3176 1092 cum
3203 1056 3388 1094 omnis

1833 1121 2203 1176 incunctanter
2234 1125 2477 1176 ιιυνιιήιιι
2535 1126 2584 1177 in
2619 1141 2784 1193 regno
2829 1127 3084 1198 caelorum
3145 1129 3388 1183 immensi

1831 1211 2062 1264 thesauri
2091 1216 2360 1279 prazmium
2385 1213 2542 1280 justis
2566 1230 2684 1269 esse
2712 1219 3019 1285 repositum,
3049 1228 3103 1272 et
3130 1227 3384 1274 mternum

1831 1314 2104 1367 pmuarum
2151 1304 2422 1357 interitum
2481 1307 2528 1358 in
2586 1306 2900 1378 profundum
2954 1309 3141 1363 inferni
3185 1311 3390 1378 injusti<

1828 1402 1947 1441 esse
2002 1402 2376 1458 praeparatum.
2407 1394 2577 1459 Atque
2622 1410 2738 1447 cum
2787 1397 3069 1466 unicuique
3121 1400 3387 1452 hominum

1831 1474 1954 1527 data
1986 1477 2056 1529 sit
2080 1480 2280 1547 proprii
2311 1480 2514 1533 arbitrii
2547 1475 2948 1551 libertas‘super
2989 1495 3208 1551 tetram,
3243 1497 3298 1541 ut
3325 1490 3389 1543 de

1830 1561 1908 1614 his
1932 1561 2140 1619 duabus
2172 1567 2408 1633 partibus
2431 1583 2638 1621 sursum
2662 1585 2723 1622 ac
2747 1571 3028 1635 deorsum,
3057 1588 3214 1639 quam
3247 1576 3385 1641 quis-

1827 1667 1931 1719 que
1960 1655 2180 1722 elegerit
2209 1658 2512 1724 possideat,
2559 1661 2800 1712 similiter
2843 1669 2896 1713 et
2923 1661 3037 1714 dure
3073 1664 3168 1715 Vill}
3189 1667 3388 1717 consti-

1830 1753 1954 1795 tuta:
1979 1745 2084 1796 sint
2127 1746 2300 1810 nobis,
2343 1748 2528 1809 idest,
2561 1760 2709 1801 arcta
2742 1757 2795 1802 et
2824 1760 3067 1816 angusta,
3097 1768 3212 1821 qua:
3245 1758 3388 1807 ducit

1831 1832 1895 1884 ad
1924 1846 2086 1899 regna
2119 1835 2398 1897 caelorum,
2433 1845 2484 1889 ct
2517 1837 2620 1889 lata
2653 1847 2706 1890 et
2742 1841 2999 1908 spatiosa,
3024 1855 3139 1908 qum
3162 1842 3302 1896 ducit
3324 1846 3389 1896 ad

1758 1916 1800 1974 Β
1832 1922 2042 1976 infanda
2070 1926 2324 1994 sapplicii
2355 1928 2490 1979 infer
2515 1944 2665 1989 trum,
2701 1938 2756 1981 ut
2796 1946 2952 1996 quam
2983 1934 3205 2004 quisque
3249 1935 3279 1987 in
3304 1951 3384 1989 ce-

1829 2012 1985 2073 dcrit,
2011 2014 2248 2067 ambulet
2274 2017 2327 2068 in
2357 2031 2441 2069 ea.
2472 2015 2578 2068 lter
2607 2027 2882 2084 angustum
2924 2028 3022 2082 est,
3056 2030 3113 2073 ut
3137 2037 3193 2074 se
3231 2023 3389 2076 homo

1829 2097 1880 2149 in
1910 2099 2330 2154 humiliationem
2361 2104 2622 2171 corporis,
2649 2115 2701 2156 et
2731 2105 3108 2158 contritionem
3143 2109 3318 2162 cordis
3339 2111 3388 2161 in

1828 2187 1971 2239 omni
1995 2187 2328 2243 abstinentiae
2363 2192 2537 2259 rigore
2561 2201 2870 2257 enaretans,
2896 2197 3070 2248 omnia
3103 2213 3219 2264 qua:
3251 2201 3386 2252 niala

1824 2284 1949 2329 sunt
1978 2288 2224 2346 respuat;
2258 2289 2310 2333 et
2339 2296 2666 2348 quaecunque
2695 2292 2817 2337 sunt
2867 2284 3005 2339 bona
3049 2296 3102 2340 et
3139 2289 3244 2342 Deo
3277 2289 3385 2357 pla-

1826 2366 1929 2418 cita
1955 2365 2216 2420 instanter
2243 2378 2480 2440 peragat.
2536 2372 2705 2438 Atque
2734 2375 3088 2442 quodcunque
3114 2375 3164 2429 in
3196 2392 3252 2430 se
3283 2393 3385 2431 non

1829 2459 1941 2512 vult
1966 2461 2097 2523 fieri,
2130 2475 2194 2512 ne
2223 2460 2465 2525 cuiquam
2499 2457 2676 2523 faciat,
2709 2462 2801 2513 sed
2834 2463 2974 2529 quod
3003 2465 3053 2517 in
3098 2481 3155 2519 se
3184 2467 3386 2521 deside-

1829 2557 1909 2600 rat
1955 2548 2192 2611 evenire,
2231 2547 2408 2600 hocin
2442 2547 2546 2600 alio
2594 2547 2707 2601 sine
2757 2547 2884 2601 dolo
2929 2552 3212 2608 desideret.
3259 2553 3386 2607 Lata

1817 2647 1955 2688 'vcro
2001 2645 2054 2689 et
2083 2637 2313 2704 spatiosa
2357 2635 2439 2686 via
2479 2645 2559 2689 est
2599 2635 2912 2704 voluptuosa
2943 2646 2997 2690 et
3045 2643 3388 2695 exsecrabilis

1827 2726 2000 2776 carnis
2029 2725 2326 2792 corruptio,
2357 2733 2517 2790 atque
2548 2724 2784 2788 lascivia,
2817 2728 3232 2796 temeratrixque
3262 2746 3386 2798 pro-

1828 2812 1982 2864 hrosa
2007 2813 2352 2880 ﬂagitiorum,
2381 2813 2683 2878 criminum,
2715 2815 3031 2878 facinorum,
3061 2820 3387 2874 velcuncto-

1828 2914 1942 2951 rum
1975 2906 2316 2967 peccatorum
2373 2901 2560 2952 mortis
2601 2899 2851 2954 obnoxia.
2916 2896 3201 2960 Videamus
3249 2923 3385 2960 nunc

1826 2986 2077 3055 denique,
2104 2996 2264 3054 atque
2301 2988 2607 3056 diligentius
2649 2989 2812 3044 corde
2853 3006 3163 3060 pensemus,
3191 2997 3386 3062 qualis

1825 3084 1906 3130 cst
1931 3077 2030 3130 ista
2076 3091 2194 3146 qua:
2242 3092 2269 3128 a
2301 3077 2476 3132 stultis
2499 3092 2640 3146 smpe
2681 3078 2926 3133 laudatur
2969 3082 3146 3136 mundi
3175 3088 3384 3153 sapien-

1829 3164 1918 3228 tia,
1950 3174 2006 3218 ut
2032 3166 2170 3218 viam
2202 3167 2322 3219 vice
2367 3176 2582 3219 (eterna:
2611 3168 2909 3223 vohmtarie
2962 3173 3279 3240 relinquant,
3331 3186 3384 3230 ct

1751 3240 1794 3299 C
1826 3255 1963 3305 viam
1994 3255 2180 3306 mortis
2210 3264 2430 3322 perpetu
2450 3274 2477 3305 ι)
2499 3264 2771 3321 gratanter
2792 3258 3060 3313 incedant.
3093 3264 3195 3316 Aut
3215 3267 3384 3332 qualis

1826 3352 1904 3396 est
1933 3345 2018 3396 illa
2048 3345 2316 3399 dementia
2345 3362 2462 3414 quae
2489 3348 2540 3400 in
2563 3350 2760 3402 saeculo
2789 3350 3081 3404 :cstimatur
3119 3368 3236 3408 esse
3259 3371 3383 3424 pru-

1823 3430 2021 3495 dentia,
2054 3443 2112 3486 ut
2153 3445 2478 3502 cognoscant
2505 3438 2704 3490 electos
2739 3439 2828 3493 Dei
2859 3456 3035 3492 veram
3067 3445 3379 3509 sapientiam

1825 3523 2086 3575 veraciter
2125 3523 2458 3591 possidentes
2488 3527 2735 3598 universa
2780 3529 2958 3580 mundi
2991 3529 3376 3585 delet-tamenn

1822 3617 2073 3677 tanquam
2119 3621 2355 3666 stercora
2389 3624 2716 3682 respuentes,
2750 3618 2888 3669 viam
2934 3630 3208 3684 angustam
3249 3624 3381 3675 arri.

1821 3698 2044 3763 pientes,
2080 3701 2262 3768 prmvii
2305 3701 2543 3756 Pastoris
2591 3704 2833 3757 altissimi
2885 3719 3002 3760 esse
3029 3709 3377 3779 sequipedas.

1819 3801 1935 3839 cum
1967 3803 2072 3854 quo
2106 3805 2246 3844 nunc
2265 3791 2538 3852 exsultant
2569 3793 2618 3844 in
2648 3808 2812 3860 regno
2854 3797 3133 3866 caelorum,
3165 3812 3218 3855 et
3257 3818 3374 3856 cum

1821 3876 1933 3943 ipso
1963 3879 2258 3943 rcgoabuut
2287 3880 2337 3932 in
2368 3881 2558 3934 saecula
2589 3883 2920 3937 saeculorum.
2964 3887 3150 3942 Amen.

1890 3982 2011 4039 l5.“
2037 3984 2098 4038 lli
2123 3995 2301 4041 autem
2326 3989 2528 4056 antiqui
2554 3990 2718 4045 hostis
2743 3996 3147 4049 versutissimam
3174 3999 3372 4068 indepti

1817 4077 2092 4143 peritiam,
2139 4079 2636 4153 per-insatiabilem
2679 4091 2731 4133 et
2772 4086 3147 4138 exsecrandum
3193 4095 3370 4144 amenti

1815 4169 2182 4235 cupiditatem,
2232 4184 2348 4236 quae
2379 4180 2452 4221 cst
2499 4168 2652 4223 radix
2691 4174 2913 4224 omnium
2946 4177 3227 4241 malomm,
3281 4197 3372 4247 ρον

1817 4265 2116 4324 cunctaque
2138 4256 2455 4311 illecebrosa
2481 4259 2603 4312 εωνί
2635 4260 2868 4329 criminis
2896 4272 3054 4330 atque
3085 4265 3334 4318 immundi
3354 4300 3366 4308 ο

1817 4345 1900 4396 tia.-
1930 4344 2184 4408 facinora,
2210 4346 2382 4414 ampla
2407 4356 2461 4400 et
2501 4350 2730 4416 spatiosa
2760 4354 3059 4416 gradientes
3106 4357 3211 4421 via,
3259 4358 3369 4409 dia-

1817 4435 1982 4487 bolica
2013 4451 2172 4504 seque
2198 4446 2292 4488 :tes
2321 4439 2560 4503 vestigia,
2594 4440 2798 4493 alacres
2820 4453 3103 4507 progerant
3143 4448 3206 4497 ad
3231 4463 3366 4500 sem-

1817 4525 2018 4590 piterna
2051 4525 2315 4588 incendia,
2343 4523 2408 4575 ad
2443 4524 2760 4593 diversaque
2808 4529 3022 4584 diabolo
3069 4545 3120 4585 et
3156 4535 3366 4600 Angelis

1819 4613 1931 4677 ejus
1962 4621 2254 4679 prmparata
2301 4614 2665 4668 crudelissima
2698 4617 2984 4672 inferorum
3026 4636 3218 4687 genera
3253 4635 3358 4690 tor-
3411 4637 3416 4642 ”

1816 4712 2148 4764 mentorum,
2177 4717 2297 4756 cum
2341 4704 2534 4770 quibus
2572 4708 2826 4760 atrociter
2854 4711 3223 4779 cruciabuntur
3273 4729 3366 4780 pci-

1814 4802 2008 4846 :cterna
2037 4793 2228 4847 szccula
2256 4796 2590 4848 surculorum.
2625 4795 2812 4858 Quarso
2845 4811 2908 4847 ne
2936 4797 3053 4864 quis
3077 4799 3185 4855 lure
3212 4806 3360 4868 quasi

1817 4895 1935 4933 cum
1959 4881 2188 4935 editione
2227 4883 2452 4934 attemlit
2482 4897 2637 4944 nova,
2670 4885 3098 4953 apocryphorum
3139 4892 3362 4943 mstimot

1815 4971 2183 5033 deliramenta,
2234 4971 2360 5037 quia
2389 4970 2453 5023 de
2505 4972 2701 5039 ingenti
2734 4983 3034 5028 sanctarum
3065 4977 3360 5045 St-riptura-

1816 5079 1928 5114 rum
1955 5061 2288 5114 fluminelttnc
2309 5061 2495 5129 exigua
2517 5061 2738 5115 fideliter
2767 5064 3072 5118 derivantnr
3103 5066 3293 5118 fluenta

1884 5149 1971 5202 16.
2003 5147 2056 5201 Si
2087 5147 2360 5202 infirmitas
2381 5149 2532 5202 nobis
2563 5151 2782 5203 molesta
2817 5152 2988 5214 fuerit,
3013 5167 3115 5204 non
3136 5157 3356 5209 contris-

1815 5246 2021 5299 temur,‘
2051 5237 2092 5288 si
2131 5247 2380 5304 tanquam
2419 5237 2721 5291 infirmitate
2762 5249 2816 5293 et
2846 5240 3084 5293 molestia
3113 5241 3372 5309 corporis"

1815 5343 1916 5378 non
1949 5327 2211 5394 possimus
2241 5337 2381 5381 stare
2431 5328 2492 5379 ad
2539 5329 2792 5381 o:amlnm
2841 5339 2896 5380 et
2928 5331 3252 5398 psallentum
3293 5335 3357 5384 ad

1811 5486 1864 5530 ct
1914 5479 2272 5548 apographum
2318 5477 2626 5548 Toletanum
2676 5477 2732 5528 D.
2781 5479 2932 5532 Joan.
2979 5480 3124 5548 Dapt.
3169 5480 3346 5533 Peior.

1812 5548 2097 5616 Sequi-otia
2143 5547 2271 5599 forte
2317 5547 2537 5616 alterius
2579 5553 2702 5596 ‘sunt
2746 5550 2920 5616 operis
2970 5547 3349 5614 fragmentum;

1812 5615 1968 5681 idque
2001 5616 2106 5681 ipsa
2133 5617 2325 5666 indicat
2359 5615 2597 5683 materia,
2626 5629 2740 5680 qua:
2774 5633 2872 5669 non
2918 5619 3050 5669 bene
3076 5633 3192 5667 cum
3224 5634 3347 5683 prm~

1809 5680 2029 5734 cedenti
2050 5684 2342 5746 colligatur.
2371 5680 2660 5734 Toletanus
2699 5695 2869 5737 autem
2896 5684 3147 5738 Gothicus
3172 5680 3344 5739 codex

1811 5761 1928 5821 post
1949 5752 2157 5821 ﬂuenta,
2189 5748 2376 5821 addit:
2431 5749 2554 5802 Item
2580 5754 2708 5803 uixit
2740 5769 2754 5801 .'
2788 5753 2846 5806 Si
2882 5754 3174 5821 inﬁrmitas,
3221 5763 3344 5816 ctc.,

1810 5817 1864 5871 ot
1895 5820 1945 5870 in
1974 5817 2369 5870 Carraccdcusi.
