3934 6228
566 366 656 421 451

1805 367 1857 419 S.
1906 365 2174 419 VALERII
2218 368 2497 425 AliDATIS

3678 366 3779 420 43⁸2

561 496 758 535 vocem.
796 480 914 534 llaec
951 488 1125 535 autem
1163 482 1337 535 omnia
1386 482 1537 535 nobis
1594 479 1880 549 proliciunt
1908 479 1971 531 ad
2002 479 2107 531 ’llC-
2140 487 2177 537 Λ
2210 481 2377 536 sinms
2423 495 2589 550 pagus
2619 484 2762 536 varia
2794 482 3301 536 immarecscihilinm
3344 483 3531 536 ﬂorum
3595 486 3784 549 specie

557 572 803 627 struenda
834 573 1075 639 corporis
1102 573 1381 626 desideria.
1416 571 1676 637 Quoniam
1704 569 1900 636 jejunia
1932 577 1985 621 et
2026 571 2102 620 la-

558 662 716 714 bores
744 670 961 727 propter
989 670 1167 729 turpes
1206 660 1590 714 delectationes
1618 659 1771 712 nobis
1821 657 2104 711 coristituta

558 756 699 801 sunt.
731 749 785 801 Si
810 750 949 802 enim
977 750 1235 818 {egritudo
1259 750 1357 803 ista
1388 747 1645 802 redundet
1666 755 1720 800 et
1751 748 1775 777 ⁸
1803 746 2103 815 superﬂua:

558 837 624 889 de
663 837 742 890 his
772 839 1113 893 observandis
1156 838 1291 892 ratio
1332 838 1420 890 sit.
1462 837 1611 891 Sicut
1634 836 1774 889 enim
1818 848 2010 901 magno
2053 842 2108 888 et

560 918 679 978 furti
709 926 1058 981 medicamine
1093 926 1371 994 a‘gritodo,
1401 925 1471 978 ita
1515 926 1828 993 :rgritudine
1869 924 2110 992 corporis

559 1014 662 1066 vita
691 1014 1016 1072 reciduntur.
1052 1015 1115 1068 Et
1143 1014 1256 1068 lucc
1288 1022 1369 1069 est
1399 1029 1586 1082 magna
1640 1014 1808 1066 virtus
1831 1053 1847 1077 ,
1894 1012 2108 1080 quando

558 1101 950 1158 infirmitatibus
977 1102 1259 1156 tolerantia
1285 1102 1461 1167 fuerit,
1498 1110 1553 1155 et
1580 1103 1868 1169 gratiarum
1893 1101 2108 1154 actione

560 1192 757 1245 nitatur
784 1192 849 1245 ad
881 1192 1177 1246 Dominum.
1209 1193 1263 1247 Si
1305 1192 1605 1245 amittimus
1633 1192 1839 1252 oculos,
1873 1205 1977 1244 non
2027 1189 2107 1243 fe-
2142 1244 2145 1245 ν

559 1300 740 1339 ramus
786 1286 1051 1354 graviter;
1083 1285 1399 1339 exteriorem
1447 1284 1803 1339 ministerium
1839 1282 2110 1335 amisimus

557 1374 791 1440 quidem,
821 1374 913 1429 sed
936 1374 1273 1428 interioribus
1303 1374 1474 1428 oculis
1502 1372 1723 1441 gloriam
1757 1371 1960 1425 Domini
1987 1384 2108 1438 spe-

558 1462 814 1517 culamus.
848 1461 1004 1517 Surdi
1050 1461 1178 1517 facti
1233 1477 1438 1525 sumus,
1488 1477 1593 1514 non
1648 1460 1939 1527 cogitemus
1988 1460 2109 1526 quia

557 1551 827 1605 amisimus
850 1552 1087 1605 auditum
1110 1566 1327 1605 vanum.
1381 1551 1561 1603 Manus
1603 1560 1798 1603 nostra:
1827 1564 1891 1603 ex
1936 1548 2107 1617 aliqua.

559 1642 807 1707 passione
835 1641 1124 1697 debilitata}
1147 1648 1291 1705 sunt,
1331 1640 1424 1693 sed
1448 1640 1741 1713 :intcriorcs
1784 1646 1994 1706 paratas
2021 1638 2111 1689 ha-

558 1732 743 1786 bemus
773 1732 1025 1786 adversus
1047 1733 1240 1786 inimici
1270 1732 1608 1787 tentationes.
1637 1731 1915 1785 lntirmitas
1946 1740 2110 1785 totum

557 1839 752 1892 corpus
793 1833 1030 1879 nostrum
1080 1833 1257 1885 tenet,
1298 1826 1390 1878 sed
1420 1820 1659 1878 interiori
1698 1823 1897 1877 homini
1929 1828 2110 1875 nostro
2148 1838 2185 1887 ξ,

559 1915 759 1969 sanitas
786 1916 997 1969 crescit.
1026 1913 1050 1950 ι)
1084 1916 1191 1970 Deo
1219 1915 1418 1983 gratias
1442 1928 1672 1980 semper.

770 2024 967 2100 mm
997 2008 1197 2098 BEATI
1230 2042 1495 2098 vliLenn
1528 2042 1615 2095 AD
1645 2040 1921 2095 BEATUM

1071 2151 1349 2188 DONADEUM
1380 2149 1590 2188 SCRIPTA
1602 2174 1613 2185 .

562 2228 663 2298 [De
694 2228 780 2281 Ma
796 2229 921 2279 rimo
947 2228 1216 2288 monacho,
1247 2230 1331 2295 qui
1366 2225 1569 2279 Valerio
1589 2227 1829 2298 risioucm
1857 2224 2115 2298 propriam

631 2300 823 2417 Zetulit.
857 2298 919 2434 ῑίε
971 2298 1199 2363 paradisi
1264 2300 1593 2353 antwnitate,
1665 2304 1712 2348 et
1757 2296 1821 2346 de
1880 2295 2116 2347 lamentis

667 2379 842 2419 uratrz.

715 2385 842 2418 ὫΠΊ.

633 2458 718 2510 17.
750 2456 815 2510 Et
837 2466 892 2511 ut
919 2458 986 2512 de
1011 2459 1091 2511 his
1115 2457 1319 2511 duabus
1340 2456 1778 2535 retributionibus
1821 2455 2119 2523 satpedictis

561 2554 896 2607 manifestius
924 2562 1126 2622 pateat,
1162 2563 1184 2590 ε
1216 2553 1358 2620 quod
1385 2552 1546 2605 modo
1571 2549 1764 2604 nostris
1796 2551 2122 2629 temporibus

563 2660 660 2714 per
689 2644 920 2698 divinam
962 2634 1199 2708 coniperi
1247 2641 1729 2709 dispensationem,
1763 2648 1862 2692 tua:
1892 2654 2121 2709 procuro

562 2716 909 2787 sanctitudini
931 2731 1192 2783 intimare.
1225 2729 1355 2782 Dum
1395 2728 1520 2781 olim
1550 2730 1722 2784 adhuc
1751 2729 2118 2784 adolescentu~

562 2825 643 2877 Ius
690 2839 719 2877 a
747 2832 887 2890 terra
918 2822 1210 2875 nativitatis
1252 2836 1381 2875 meze
1429 2822 1640 2875 ﬂamma
1684 2822 1929 2876 desiderii
1960 2838 2123 2889 iacnt:

562 2901 1117 2981 religionis=aecensus
1146 2910 1211 2962 ad
1242 2909 1266 2944 ἀ
1299 2910 1483 2963 eadem
1508 2912 1701 2978 quietis
1722 2910 1838 2983 loca
1872 2910 2124 2964 festinans

564 3005 778 3067 fuissem
804 3017 1069 3070 egressus,
1102 3001 1325 3066 contigit
1356 3010 1413 3054 ut
1442 3002 1493 3053 in
1522 3001 1748 3068 quadam
1781 2984 1982 3067 magna:
2011 3002 2120 3054 dis—

567 3091 850 3161 positionis
870 3089 1118 3152 ecclesm,
1150 3090 1202 3141 in
1230 3103 1331 3156 qua
1355 3098 1471 3142 erat
1493 3088 1804 3157 plerumque
1827 3103 2119 3157 congrega—

566 3183 641 3238 tio
690 3182 950 3245 fratrum,
1002 3166 1274 3248 aliquanto
1319 3190 1560 3247 tempore
1614 3190 1635 3215 υ
1685 3194 2116 3235 commorassem.
2149 3162 2196 3223 Ο

565 3271 707 3325 Inter
735 3285 869 3337 quos
897 3276 1013 3323 erat
1048 3270 1262 3336 quidam
1295 3267 1458 3320 frater
1497 3268 1708 3320 nomine
1753 3266 2034 3332 Maximus,
2062 3268 2121 3321 li-

566 3362 787 3414 brorum
816 3357 1067 3425 scriptor,
1115 3356 1421 3423 psalmodite
1452 3357 1749 3417 meditator,
1794 3357 1948 3410 valde
1994 3373 2117 3425 pru—

565 3446 717 3509 dens,
751 3456 803 3498 et
849 3446 901 3497 in
950 3444 1093 3497 onmi
1129 3459 1223 3498 sua
1255 3445 1462 3497 actione
1495 3446 1843 3512 compositus,
1890 3446 1943 3498 in
1970 3445 2123 3514 cujus

566 3550 674 3604 prae
701 3535 907 3589 cmteris
936 3549 1080 3587 cram
1120 3534 1395 3587 charitatis
1424 3548 1607 3588 amore
1642 3549 1938 3589 connexus.
1988 3534 2122 3591 Pro-

567 3625 711 3677 venit
757 3633 812 3677 ut
840 3625 1025 3679 eodem
1052 3631 1311 3693 tempore,
1344 3624 1487 3692 gravi
1517 3624 1875 3679 invalescente
1910 3626 2127 3693 argritub

569 3714 712 3777 dine,
763 3714 1027 3782 corporali
1076 3714 1317 3767 molestia
1370 3728 1655 3781 percussus
1710 3724 2027 3779 moreretur,
2070 3724 2123 3769 et

570 3815 689 3874 post
717 3806 880 3859 multa
914 3805 1163 3858 horarum
1213 3807 1383 3873 spatia
1415 3792 1604 3873 iterum
1660 3816 2020 3861 reverteretur
2069 3808 2121 3861 in

567 3913 813 3967 corpore.
847 3896 936 3951 Sic
966 3896 1197 3964 denique
1235 3897 1510 3964 pristinam
1567 3895 1829 3965 recipiens
1874 3898 2121 3965 salutem,

569 3991 695 4044 mihi
727 4005 819 4058 per
845 3990 1085 4043 ordinem
1115 3987 1379 4042 referebat
1404 4006 1419 4041 :
1444 3988 1632 4042 Statim
1665 3996 1723 4040 ut
1743 4002 1987 4056 egressus
2007 4006 2124 4045 sum

568 4098 599 4135 e
629 4096 875 4147 corpore,
933 4090 1211 4148 susceptus
1257 4096 1373 4135 sum
1420 4080 1486 4134 ab
1535 4080 1722 4148 angelo
1772 4081 1919 4145 lucis,
1975 4083 2124 4150 cujus

573 4170 979 4239 pulchritudinis
1024 4172 1474 4237 comparationem
1512 4186 1620 4224 non
1669 4174 1820 4227 valeo
1850 4189 2121 4241 enarrare,

569 4269 621 4313 et
652 4259 938 4330 perductus
963 4276 1079 4314 sum
1108 4261 1159 4312 in
1187 4259 1601 4313 ammoissimum
1629 4260 1826 4324 locum,
1858 4264 2006 4329 cujus
2033 4279 2125 4317 ve—

570 4349 859 4402 nustissimi
888 4350 1095 4403 decoris
1136 4350 1367 4417 speciem
1413 4349 1554 4401 nulla
1585 4349 1742 4417 hujus
1772 4351 1949 4403 mundi
1983 4368 2123 4419 pars,

574 4453 670 4491 nec
694 4452 859 4489 verno
888 4446 1127 4505 tempore
1158 4449 1332 4507 potest
1360 4440 1556 4493 habere
1585 4440 1809 4494 similem
1837 4481 1851 4505 ,
1896 4457 1992 4496 nec
2022 4444 2124 4497 ulla

573 4528 825 4592 cogitatio
855 4528 972 4595 ejus
1000 4531 1452 4596 con’iparationcm
1482 4517 1659 4599 poiest
1688 4533 1962 4591 adhibere.
1997 4535 2137 4589 Nam.

574 4615 827 4684 prmclara
856 4617 944 4670 lux
978 4616 993 4655 ί
1031 4617 1369 4671 inenarrabili
1410 4620 1707 4685 splendillui
1750 4624 1995 4678 candoris
2024 4625 2123 4678 ibi-

572 4706 692 4758 dem
724 4706 1132 4775 prmfulgurabat
1161 4706 1422 4760 claritate.
1458 4706 1769 4763 Praecedens
1799 4713 1958 4765 etiam
1991 4714 2122 4781 ipse,

575 4803 625 4844 ct
662 4806 761 4858 ego
813 4795 1139 4861 subsequens
1187 4811 1280 4863 per
1331 4794 1565 4861 ejusdem
1616 4798 1845 4864 paradisi
1884 4800 2124 4867 delicias,

575 4882 903 4935 diversarum
926 4896 1151 4950 namque
1181 4894 1205 4932 ts
1237 4886 1516 4939 herbarum
1549 4897 1691 4942 totus
1732 4888 1819 4942 illc
1855 4888 2130 4957 jucundis-

648 5019 671 5087 ξι
705 5013 914 5087 Aliquid
946 5012 1087 5087 forte
1109 5014 1277 5087 deest,
1303 5026 1394 5069 aut
1421 5019 1695 5085 super/brat
1724 5020 2023 5087 legendum.

644 5078 669 5115 ι)
704 5082 777 5156 lta
805 5078 1019 5153 explicit
1046 5083 1161 5137 Tol.
1194 5078 1352 5139 GJth.
1381 5078 1500 5139 llaec
1531 5078 1626 5140 tria
1658 5078 1991 5156 Verovverba,
2025 5092 2128 5147 Deo

580 5155 771 5223 gratias
802 5170 1013 5223 S_emprr,
1040 5156 1089 5207 in
1122 5156 1329 5206 mereris
1362 5156 1726 5210 desiderantur
1751 5159 2051 5216 Codicibus.

655 5234 673 5257 ο
707 5221 777 5271 Ita
803 5221 919 5275 Tol.
953 5225 1069 5284 Alii,
1102 5225 1369 5289 quomodo.

647 5288 670 5323 ά
706 5289 911 5353 ΛΞηιίΙη
934 5288 1177 5359 ejusdem.

656 5366 675 5392 θ
705 5360 1012 5423 Carraced.,
1045 5377 1425 5417 commorarent.

583 5502 600 5538 1
638 5424 671 5545 ιτ
708 5428 781 5481 lta
838 5428 1017 5481 Aimsl.
1049 5445 1060 5491 ;
1093 5429 1400 5498 Carraced.,
1458 5433 1919 5488 inenarrabilem...
1976 5437 2129 5489 clari-

603 5510 631 5543 Ω
656 5512 753 5545 t'm.

603 5510 753 5546 atem.

650 5562 987 5655 f‘garraced.
1020 5574 1072 5621 et
1118 5566 1324 5635 x’Emil.,
1356 5572 1669 5638 herbarum,
1695 5571 1810 5649 Tol.
1843 5574 2128 5643 recentior,

584 5646 840 5684 (ινξυνεέηι.
1742 5646 1745 5649 λ

653 5699 675 5735 ¹¹
713 5700 891 5755 Aitnil.
918 5706 1075 5759 addit.
1111 5719 1238 5763 erat.

662 5782 669 5803 ι
709 5771 848 5838 ἰὐΙ.,
880 5778 1140 5841 perspicuo
1171 5782 1395 5850 sargium
1421 5799 1436 5847 ;
1468 5782 1701 5851 Carrac.,
1737 5801 2000 5855 perspicuo
2027 5800 2130 5837 sar-

2210 568 2233 604 ¹¹
2269 582 2383 623 erat
2415 572 2741 639 picturatus;
2783 587 3023 625 rosarum
3072 574 3323 626 rutilante
3356 574 3573 631 rubore,
3634 570 3785 623 lilio-

2207 674 2321 711 rum
2368 660 2710 725 przcniicante
2746 661 2996 724 candore,
3036 677 3324 730 purpureo,
3348 677 3565 727 croceo,
3602 660 3786 713 diver-

2208 762 2375 815 soque
2394 748 2679 804 indiscrete
2700 751 2899 817 colore,
2923 760 3112 805 cuncta
3134 752 3511 821 praefulgebant
3539 766 3789 805 corusco

2208 837 2453 893 radiante
2485 838 2701 893 decore.
2749 839 2979 909 Stupens
3034 842 3319 896 cernebam
3374 842 3497 895 hinc
3541 841 3791 906 indeque

2208 926 2520 993 perspicuos
2554 937 2569 964 ι
2605 931 2808 997 argium
2850 931 3172 1000 multiplices
3200 948 3298 1000 per
3344 940 3513 986 totum
3540 933 3762 1000 disposi

2211 1024 2293 1067 tos
2322 1030 2597 1070 nemorum
2623 1018 2789 1071 saltus
2816 1002 3202 1075 venustissimae
3230 1020 3610 1075 admirationis
3648 1020 3664 1069 i
3704 1022 3786 1070 vi-

2211 1119 2341 1173 gore
2397 1106 2695 1174 fecundos;
2747 1123 3085 1178 vernansque
3129 1111 3359 1164 micabat
3396 1112 3792 1165 universarum

2212 1193 2491 1248 inellabilis
2515 1193 2538 1231 ¹ί
2570 1195 2905 1263 pulchritudo
2933 1196 3144 1259 eximiis
3172 1198 3609 1265 praemicantibus
3644 1194 3660 1231 λ
3702 1212 3792 1247 ru~

2213 1284 2397 1336 tilabat
2451 1284 2707 1353 Iigustris,
2756 1294 2917 1354 atque
2964 1286 3175 1355 egregia
3213 1287 3461 1341 redolens
3506 1286 3791 1340 mulcebat

2214 1372 2448 1424 timiama
2470 1372 2768 1439 suavitatis,
2799 1383 3154 1442 nectareoque
3178 1375 3400 1429 ﬂumine
3418 1376 3791 1429 aromatizans

2215 1460 2480 1526 fragrabat
2519 1460 2828 1515 ambroseos
2876 1462 3029 1517 odor.
3075 1463 3205 1516 Dum
3234 1464 3348 1518 lucc
3392 1474 3589 1518 cuncta
3620 1470 3790 1524 cente-

2214 1563 2380 1615 raque
2421 1548 2822 1615 inenarrabilia,
2852 1566 2967 1620 qua:
2996 1567 3096 1606 nec
3125 1568 3186 1607 os
3236 1568 3412 1607 meum
3466 1554 3675 1607 sufficit
3727 1555 3791 1607 ad

2224 1635 2577 1702 loquendum,
2634 1651 2734 1690 nec
2777 1652 2870 1690 cor
2918 1654 3095 1692 meum
3143 1642 3559 1708 Cogitationibus
3619 1651 3791 1708 queat

2216 1725 2692 1795 comprehendere,
2724 1727 2939 1782 insolito
2966 1736 3181 1799 stupore
3206 1731 3480 1791 niirareui,
3525 1732 3791 1799 perveni-

2217 1832 2333 1870 mus
2364 1816 2417 1869 in
2448 1817 2677 1870 medium
2705 1817 2944 1885 ejusdem
2983 1818 3174 1872 siderei
3206 1820 3462 1887 paradisi,
3504 1822 3595 1874 ubi
3639 1820 3790 1874 inira

2222 1905 2626 1973 pulchritudinis
2647 1906 2908 1961 almilieus
2933 1908 3246 1962 decurrebat
3276 1910 3441 1964 rivus.
3472 1910 3524 1963 In
3554 1926 3675 1979 quo
3702 1925 3796 1962 ve.

2220 1996 2509 2050 "‘lSllSSillli
2555 1997 2800 2050 candoris
2827 2011 2962 2065 aqua
2992 2012 3151 2067 super
3200 2011 3451 2066 argentea
3507 2016 3552 2052 τι
3570 2000 3799 2052 lucebat

2222 2102 2399 2140 arena.
2425 2086 2490 2139 Et
2522 2087 2599 2140 sic
2628 2090 2702 2139 ait
2730 2086 2795 2139 ad
2818 2102 2902 2141 me
2924 2089 3172 2155 angelus:
3196 2086 3361 2145 Gusta
3390 2090 3458 2142 de
3488 2090 3590 2142 hac
3624 2104 3794 2155 aqua.

2222 2176 2346 2233 israt
2374 2176 2514 2229 enim
2565 2176 2765 2244 egregii
2793 2185 2847 2230 et
2876 2177 3248 2231 inenarrabilis
3274 2179 3506 2247 saporis,
3534 2185 3592 2231 et
3638 2178 3799 2230 velut

2219 2268 2510 2321 balsamum
2557 2266 2819 2334 fragrans.
2855 2266 3049 2322 Iterum
3080 2268 3252 2323 dixit:
3288 2270 3461 2323 liabet
3500 2277 3651 2322 terra
3704 2276 3795 2320 tua

2221 2359 2381 2411 talem
2401 2358 2620 2424 aquam?
2652 2357 2716 2411 Et
2740 2372 2840 2425 ego
2870 2360 3119 2427 respondi
3145 2378 3158 2413 :
3184 2361 3347 2415 Terra
3380 2361 3467 2417 illa
3498 2361 3635 2414 nihil
3661 2360 3716 2413 in
3737 2375 3799 2414 se

2222 2444 2418 2496 bonum
2452 2444 2626 2497 habet.
2658 2444 2724 2496 Et
2751 2445 3021 2500 deducens
3065 2461 3150 2500 me
3174 2462 3270 2515 per
3299 2448 3385 2501 illa
3417 2450 3797 2502 ammnissima

2223 2536 2361 2594 loca,
2396 2535 2734 2600 pervenimus
2785 2534 2850 2586 ad
2877 2544 3194 2590 extremum.
3229 2536 3411 2606 Itaque
3440 2540 3577 2591 dixit
3605 2539 3745 2590 mihi
3781 2556 3792 2588 :

2223 2622 2403 2677 Placet
2436 2624 2523 2677 tibi
2557 2624 2704 2678 locus
2738 2625 2878 2678 iste?
2905 2634 2997 2679 aut
3019 2627 3062 2679 si
3111 2626 3272 2681 habet
3312 2639 3452 2680 terra
3491 2638 3579 2679 tua
3625 2630 3795 2679 talem

2224 2714 2607 2779 amoenitatem,
2636 2714 2717 2767 vel
2742 2716 2788 2768 si
2814 2714 2893 2768 vis
2921 2715 3007 2769 hic
3034 2716 3310 2771 habitare?
3344 2716 3456 2785 Ego
3481 2734 3609 2771 vero
3640 2732 3795 2771 oscu-

2225 2804 2336 2857 lans
2360 2805 2519 2870 pedes
2547 2805 2683 2874 ejus,
2710 2807 2957 2876 respondi
2987 2808 3170 2863 dicetis
3195 2827 3206 2861 :
3237 2808 3393 2876 Volo,
3428 2809 3670 2871 domine,
3706 2809 3797 2862 hic

2224 2907 2434 2961 semper
2464 2902 2636 2947 tecum
2667 2909 3003 2962 permanere,
3032 2898 3156 2964 quia
3189 2904 3329 2951 terra
3379 2912 3497 2950 mea
3530 2912 3792 2950 exsecra-

2228 2981 2344 3035 bilis
2386 2990 2441 3034 et
2468 2982 2677 3035 infanda
2706 2991 2807 3047 est,
2859 2986 2988 3038 nihil
3020 2987 3070 3039 in
3110 3000 3169 3040 se
3197 2986 3396 3040 bonum
3427 2987 3659 3053 habens,
3693 2986 3797 3039 nisi

2226 3070 2530 3124 scandalum
2558 3079 2612 3124 et
2639 3059 3033 3140 perditionch

2298 3184 2380 3237 18.
2420 3184 2545 3239 Post
2593 3187 2705 3241 haec
2755 3187 3048 3256 perducens
3092 3203 3179 3243 me
3209 3189 3274 3244 ad
3300 3198 3603 3245 extremum
3658 3188 3797 3242 deli.

2225 3276 2402 3338 ciente
2446 3287 2586 3330 terra
2606 3316 2622 3341 ,
2654 3278 2890 3331 ostendit
2920 3279 3047 3333 mihi
3076 3279 3401 3334 horrendum
3430 3289 3597 3349 atque
3628 3279 3792 3333 terri-

2226 3367 2383 3419 bilem
2431 3368 2704 3435 abyssum.
2755 3370 2883 3423 Erat
2928 3379 3106 3424 autcm
3151 3372 3325 3424 excisa
3357 3379 3496 3425 terra
3533 3373 3793 3426 deorsum

2227 3470 2394 3523 usque
2420 3456 2485 3508 ad
2514 3457 2831 3524 profundum
2862 3456 3074 3511 inferni.
3100 3457 3163 3511 Et
3190 3460 3314 3512 dixi!
3351 3460 3416 3512 ad
3439 3475 3559 3513 me:
3588 3459 3793 3514 luclina

2228 3546 2386 3599 modo
2427 3561 2608 3599 aurem
2656 3554 2801 3600 tuam
2831 3547 2881 3601 in
2929 3549 3029 3601 hoc
3064 3549 3376 3617 praecipitio.
3416 3548 3484 3603 Et
3525 3550 3797 3603 inclinans

2226 3652 2311 3691 me
2342 3637 2406 3690 ad
2438 3638 2564 3692 illud
2587 3639 3060 3693 horrendissimum
3092 3641 3432 3711 profundum,
3459 3641 3589 3694 nihil
3630 3648 3793 3709 pote-

2226 3744 2337 3782 ram
2370 3729 2567 3793 videre,
2612 3730 2735 3798 quia
2768 3731 2956 3783 nebula
2988 3731 3271 3785 tenebrosa
3302 3729 3627 3784 ascendebat
3666 3731 3793 3785 inde

2227 3818 2278 3871 in
2309 3818 2505 3883 altum,
2542 3828 2597 3872 ut
2625 3835 2721 3887 pro
2752 3835 2902 3873 muro
2930 3820 3199 3873 videretur
3242 3821 3479 3888 ejusdem
3530 3822 3792 3888 paradisi.

2224 3906 2508 3983 latendens
2530 3909 2688 3975 igitur
2716 3909 2964 3983 deorsum
2992 3908 3378 3974 auscultabam,
3404 3916 3458 3961 et
3480 3909 3611 3962 nihil
3644 3910 3792 3961 aliud

2228 3997 2404 4049 audivi
2424 3980 2535 4049 nisi
2568 3997 2845 4061 ululatum,
2870 3980 3144 4063 gemitum,
3172 3997 3461 4051 lamentum
3481 4008 3531 4051 et
3560 3996 3792 4059 luctum,

2228 4095 2390 4155 atque
2441 4087 2722 4140 stridorem
2767 4087 3030 4155 dentium,
3063 4097 3116 4141 et
3168 4088 3305 4141 fetor
3333 4088 3421 4155 qui
3461 4086 3792 4141 ascendebat

2228 4178 2575 4234 intolerabilis
2621 4187 2675 4232 et
2714 4178 3029 4232 horrendus.
3077 4177 3250 4232 Nimio
3306 4192 3535 4243 namque
3588 4192 3793 4245 pavore

2226 4269 2540 4337 perterritus
2567 4270 2859 4323 exclamavi
2886 4270 2951 4322 ad
2979 4282 3100 4321 eum
3128 4268 3311 4322 dicens
3336 4282 3350 4319 :
3382 4266 3629 4332 Domine,
3665 4276 3787 4322 tene

2228 4374 2334 4425 me,
2358 4373 2424 4412 ne
2449 4358 2653 4411 cadam.
2687 4357 2755 4411 At
2786 4358 2875 4411 ille
2904 4357 3039 4409 dixit
3072 4374 3083 4408 :
3143 4354 3219 4409 Ne
3271 4355 3478 4419 timeas,
3522 4356 3650 4423 quia
3682 4371 3787 4409 non

2231 4449 2376 4502 cadis
2413 4450 2591 4502 modo.
2623 4450 2792 4516 Surge
2833 4464 2992 4504 nunc.
3044 4449 3282 4517 Cumqne
3338 4462 3424 4502 tne
3469 4449 3785 4511 erexissem.

2233 4547 2468 4591 tremens
2490 4548 2543 4592 et
2571 4552 2766 4605 pavens
2794 4540 3095 4594 assisterem
3116 4579 3129 4603 ,
3160 4539 3293 4593 dixit
3322 4539 3451 4592 mihi
3485 4556 3500 4593 :
3525 4538 3670 4604 Quid
3698 4540 3787 4593 tibi

2232 4630 2395 4699 magis
2419 4629 2596 4701 placet
2622 4644 2687 4683 ex
2733 4630 2812 4683 his
2833 4631 2855 4683 ?
2880 4631 2970 4684 llla
3016 4631 3295 4684 ammni'as
3330 4643 3488 4696 quam
3516 4631 3690 4697 prius
3715 4631 3789 4681 vi-

2232 4720 2373 4789 disti,
2424 4736 2491 4776 an
2542 4722 2641 4775 iste
2670 4720 2903 4775 infernus
2933 4735 3087 4789 quem
3117 4718 3403 4772 novissime
3432 4717 3661 4772 intuitus
3692 4719 3788 4771 es?

2232 4812 2292 4865 Et
2312 4828 2411 4880 ego
2439 4811 2687 4882 respondi
2722 4829 2733 4863 :
2762 4812 2870 4865 lloc
2901 4808 3026 4863 mihi
3057 4808 3246 4877 placet,
3278 4816 3331 4861 ut
3362 4809 3413 4863 in
3444 4809 3541 4862 ista
3558 4809 3787 4863 ammini-

2234 4910 2341 4953 tate
2369 4910 2542 4953 tecum
2574 4912 2945 4968 permaneam,
2968 4897 3089 4966 quia
3117 4898 3181 4950 ad
3207 4898 3352 4951 illum
3382 4898 3679 4966 pessimum
3710 4898 3786 4952 iu-

2231 5031 2348 5098 gui;
2380 5031 2557 5085 AZmil.
2581 5068 2596 5094 ,
2640 5027 2921 5099 priespicua
2964 5030 3161 5099 sagium
3199 5031 3410 5082 multum
3448 5032 3787 5099 prwspicnum

2233 5110 2410 5166 totum,
2440 5110 2487 5153 et
2516 5100 2788 5168 dispositas
2814 5116 3071 5153 nemorum
3099 5101 3277 5152 saltus.
3303 5101 3552 5167 Corrupti
3576 5116 3785 5154 onlnes.

2231 5170 2465 5233 Scilicet,
2498 5172 2733 5223 ultimam
2777 5184 2843 5223 ex
2872 5184 3001 5223 voce
3029 5171 3324 5236 perspicuos
3381 5169 3635 5232 litteram,
3688 5172 3788 5238 pri-

2232 5254 2369 5292 mam
2402 5240 2597 5308 argium
2644 5240 2907 5308 fecerunt.
2959 5242 3319 5308 Sunt_autcnt
3375 5254 3534 5308 urges
3570 5240 3786 5303 spinosa

2234 5304 2479 5377 virgulta;
2498 5317 2569 5377 rut
2614 5310 2725 5377 ipse
2752 5304 2924 5377 innuit
2953 5305 3197 5377 Valerius
3225 5307 3274 5377 in
3304 5304 3473 5359 sancti
3504 5307 3783 5377 Fructuosi

2238 5375 2371 5440 Vita,
2403 5393 2453 5428 n.
2482 5376 2515 5427 lt
2546 5394 2558 5428 :
2599 5396 2615 5426 ε
2639 5375 2836 5437 Rudis,
2861 5376 3050 5443 inquit,
3071 5375 3302 5441 vestigiis
3330 5376 3647 5443 penetrabat
3678 5376 3785 5429 loca

2233 5459 2508 5497 nemorosa
2540 5447 2678 5511 arpis
2707 5441 3033 5496 densissima.
3074 5462 3091 5495 ι
3127 5442 3191 5498 Et
3231 5441 3344 5511 hic,
3370 5458 3423 5497 tt.
3472 5441 3583 5499 29:
3623 5460 3644 5496 ι
3695 5447 3737 5499 Δ
3763 5473 3787 5486 ·

2232 5513 2370 5581 gium
2400 5514 2665 5567 densitate
2694 5521 2980 5569 detersum.
3019 5532 3038 5565 ι
3180 5552 3193 5575 ,

2305 5583 2316 5629 l
2358 5582 2565 5645 fElllil.,
2594 5583 2777 5635 virore.
3060 5638 3063 5639 ,

2303 5649 2324 5687 ιι
2360 5652 2432 5703 lta
2464 5652 2645 5720 jErnil.
2680 5652 2798 5714 Alii,
2826 5651 3055 5720 pulchra.

2308 5723 2322 5758 ι
2359 5722 2474 5777 Tol.
2503 5730 2556 5777 et
2584 5719 2789 5786 (Enril.,
2820 5719 3077 5774 radiabat.
