3934 6228
175 378 264 431 $33
1554 367 1901 425 OPUSCULA
1914 409 1926 419 .

3258 355 3362 415 158

173 491 352 543 lenium
382 501 473 539 nec
511 486 790 553 respicere
820 498 1054 552 possum.
1083 483 1170 536 Ille
1197 481 1355 551 igitur
1374 481 1505 537 dixit
1535 483 1660 534 mihi
1691 500 1701 533 :
1737 492 1779 545 Α
1809 481 1962 535 dibus
1990 487 2045 534 et
2071 478 2384 547 margaritis,
2414 479 2568 547 jubar
2591 478 2832 531 immensi
2862 477 3071 530 luminis
3098 460 3359 534 radiabat.

177 585 313 633 Bene.
340 576 537 630 Vazlens
565 574 737 648 modo
778 583 1051 629 revertere
1075 575 1126 627 in
1154 573 1370 626 domum
1396 583 1559 635 tuam,
1597 582 1647 623 et
1668 572 1707 625 si

177 673 292 723 bene
317 665 500 731 egeris,
530 666 782 734 beneque
809 665 1139 731 pmnitueris,
1167 680 1292 717 mox
1331 665 1520 717 iterum
1544 663 1709 735 [cnm|

179 769 393 810 reversus
419 751 579 806 lueris
604 754 658 806 in
693 754 799 807 isto
820 752 1145 807 amoenitatis
1175 751 1295 806 loco
1325 760 1377 806 te
1405 752 1709 820 suscipiam,

181 857 226 900 et
254 859 441 898 mecum
473 844 814 912 permanebis
844 858 1012 912 usque
1051 844 1103 897 in
1133 847 1412 898 :nt'ernum.
1447 845 1503 899 Si
1533 854 1712 897 autem

183 936 396 1003 nequiter
417 935 613 1002 egeris,
640 944 699 989 et
728 951 834 988 non
883 935 1190 1004 paenitendo
1230 935 1603 989 emendaveris
1633 935 1714 988 vi-

185 1037 272 1078 tam
307 1034 464 1088 tuam,
490 1026 638 1096 [mox
677 1019 806 1078 dum
839 1026 1030 1079 iterum
1065 1041 1306 1080 reversus
1327 1026 1488 1080 fueris
1519 1023 1576 1095 ι]
1605 1035 1713 1078 :-ta-

185 1120 260 1170 tim
284 1117 331 1169 in
358 1116 506 1184 hujus
547 1117 767 1186 pessimi
802 1117 989 1172 inferni
1019 1130 1275 1188 perpetuo
1303 1107 1716 1188 prmcipitab'cris

185 1208 442 1265 interitum.

243 1300 313 1349 19.
341 1297 446 1362 Ego
491 1309 623 1350 vero
666 1289 781 1351 haec
803 1297 1027 1352 audiens
1052 1299 1313 1367 prostrztvi
1341 1313 1426 1352 me
1457 1297 1522 1352 ad
1555 1297 1717 1368 pedes

185 1387 300 1456 ejus,
325 1385 611 1454 deprecans
639 1397 696 1442 et
723 1387 908 1443 dicens
935 1407 947 1441 :
982 1389 1226 1455 Domine,
1261 1389 1341 1444 fac
1370 1406 1421 1444 ιιι
1445 1405 1529 1443 me
1560 1391 1717 1443 mise-

188 1477 453 1541 rieordiam,
483 1487 538 1531 ut
569 1493 657 1533 me
688 1478 755 1532 ad
785 1489 980 1534 terram
1013 1481 1156 1534 illam
1198 1481 1581 1550 iniquissimam
1613 1497 1716 1534 non

186 1567 409 1628 remittas,
455 1568 581 1635 quia
630 1567 718 1622 hic
770 1576 944 1622 tecum
996 1584 1115 1624 esse
1165 1569 1431 1624 desidero.
1469 1569 1573 1623 Sed
1621 1585 1719 1624 nec

189 1671 404 1724 pinsum,
439 1670 537 1710 nec
566 1657 683 1710 scio
711 1657 800 1710 ubi
829 1657 1064 1712 redeam.
1115 1656 1178 1712 Et
1208 1659 1296 1711 ille
1323 1659 1456 1712 dixit
1484 1677 1491 1709 :
1525 1659 1579 1710 SE
1612 1675 1716 1712 non

186 1745 269 1802 scis
293 1745 315 1779 δ
337 1761 438 1812 quo
458 1747 772 1812 revertaris,
796 1761 897 1814 ego
921 1747 1013 1800 tibi
1042 1747 1288 1802 ostendo.
1315 1747 1474 1801 Vides
1495 1749 1633 1799 viam
1664 1747 1716 1800 in

1814 569 1949 634 Quid
1981 570 2141 623 multa
2183 571 2378 634 dicam,
2410 577 2500 622 aut
2535 567 2660 637 quid
2686 568 2956 634 cogitem?
2986 567 3117 619 Nam
3156 567 3363 620 habita-

1813 662 1918 714 culi
1949 659 2105 729 hujus
2129 670 2288 730 atque
2317 662 2416 714 loci
2448 662 2585 714 illius
2613 660 2951 730 pulchritudo
2977 661 3363 715 inaestimabilis

1815 737 1870 804 et
1891 750 2320 818 incomparabilis
2347 761 2458 804 est:
2483 751 2729 819 quoniam
2769 763 2865 802 nec
2903 765 2962 801 os
2987 750 3218 802 hominis
3241 750 3362 810 hoc,

1815 855 1915 893 nec
1941 841 2192 908 cogitatio
2222 840 2462 893 laudibus
2496 839 2947 908 comprehendere
2973 839 3133 892 valet.
3165 838 3253 892 Sic
3276 838 3370 892 de-

1816 932 1975 1000 nique
1997 931 2071 983 ait
2107 931 2170 983 ad
2201 945 2284 984 me
2323 930 2540 999 angelus
2562 930 2650 985 ille
2682 947 2692 983 :
2726 930 2782 983 Si
2825 916 3264 999 persevcraveris'
3285 944 3371 982 us-

1816 1039 1921 1092 que
1949 1023 1998 1076 in
2031 1023 2185 1075 linem
2210 1063 2226 1088 ,
2260 1022 2311 1074 in
2335 1023 2432 1075 hac
2463 1029 2516 1074 te
2542 1021 2874 1075 habitatione
2898 1020 3205 1089 suscipiam.

1885 1113 1973 1164 21.
2005 1112 2132 1165 Post
2159 1113 2269 1165 haec
2313 1113 2469 1180 igitur
2510 1111 2777 1179 aliquanto
2807 1119 3050 1179 tempore
3076 1119 3372 1176 transacto,

1817 1204 2033 1257 accidite
2079 1204 2376 1270 vagaliunis
2425 1203 2656 1270 pessimo
2707 1203 3051 1256 vehementer
3090 1202 3375 1256 inlestante
3416 1190 3418 1192 ’

1812 1294 2004 1363 spiritu
2054 1293 2224 1346 inutili
2269 1293 2485 1346 levitate
2531 1299 2848 1356 commotus,
2895 1291 3174 1361 pristinum
3223 1305 3375 1358 egre-

1817 1385 1968 1439 diens
1993 1383 2017 1420 d
2047 1383 2257 1438 deserui
2302 1382 2680 1455 habitaculum.
2718 1385 2742 1412 θ
2773 1381 2903 1438 llinc
2948 1383 3158 1436 demum
3205 1382 3376 1436 factus

1819 1476 1870 1527 in
1896 1487 2115 1528 excessu
2143 1473 2356 1536 mentis,
2387 1480 2545 1540 atque
2569 1473 2760 1526 iterum
2789 1473 2843 1526 in
2871 1474 3074 1528 exstasi
3093 1481 3279 1542 raptus
3308 1474 3375 1527 ab

1820 1563 2012 1631 angelo
2044 1553 2295 1630 maligno,
2346 1569 2400 1615 et
2438 1562 2795 1631 praecipitatus
2842 1576 2960 1616 sum
3004 1562 3056 1615 in
3085 1562 3374 1632 abyssum;

1818 1655 1869 1707 in
1901 1668 2009 1722 quo
2035 1669 2142 1709 non
2170 1653 2460 1723 erat‘putei
2507 1653 2774 1717 introitus,
2808 1653 2901 1707 sed
2948 1653 3086 1708 sicut
3114 1653 3374 1721 pinnacu-

1821 1746 1948 1810 lum,
1989 1755 2083 1799 aut
2110 1745 2342 1800 abscissa
2381 1753 2519 1800 terra
2565 1744 2831 1799 deorsum.
2882 1741 3092 1797 Etcum
3125 1744 3174 1796 in
3205 1743 3377 1814 primo

190 1845 340 1890 monte
366 1836 490 1890 illo?
518 1838 654 1889 vade
681 1852 777 1905 per
827 1838 994 1892 illam.
1051 1837 1119 1890 Et
1173 1853 1294 1892 cum
1352 1838 1718 1906 pertransieris
1753 1827 1792 1883 Β
1821 1837 2021 1904 impetu
2043 1835 2460 1904 descendissem,
2490 1836 2627 1904 sicut
2653 1835 2786 1904 lapis
2812 1835 3059 1890 dimissus
3080 1835 3132 1888 in
3163 1836 3379 1903 profun-

189 1929 327 1993 ipsum
347 1936 597 1994 montem,
614 1928 856 1982 invenies
873 1915 982 1983 tres
999 1930 1162 1996 viros,
1185 1945 1348 1983 unum
1373 1929 1716 1994 scribentem,

189 2020 378 2073 alterum
423 2020 737 2084 dictantem,
786 2022 1005 2075 tertium
1046 2031 1222 2076 autem
1253 2021 1503 2075 baculum
1535 2030 1720 2075 tenen-

190 2124 293 2165 lem.
343 2109 469 2165 Cum
498 2120 679 2165 autem
721 2113 1030 2180 perveneris
1075 2111 1141 2163 ad
1185 2125 1313 2175 eos,
1373 2111 1516 2162 illum
1547 2109 1719 2163 saluta

188 2220 217 2269 η
241 2203 260 2254 .i
294 2203 523 2255 baculum
553 2211 720 2261 tenet,
750 2208 807 2255 et
835 2201 948 2270 ipse
972 2210 994 2237 ο
1019 2199 1268 2254 ostendet
1295 2201 1390 2254 tibi
1423 2199 1559 2253 viam
1579 2241 1594 2263 ,
1626 2214 1721 2269 per

187 2308 320 2360 quam
369 2291 622 2345 ambules.
688 2291 811 2345 llam
866 2291 1091 2353 audiens
1137 2290 1393 2360 cumjim
1447 2290 1718 2345 contradi-

191 2395 296 2435 cere
330 2397 426 2434 non
464 2380 717 2434 auderem
737 2421 754 2444 ,
783 2380 955 2434 direxi
985 2381 1170 2434 eadem
1200 2381 1285 2433 via
1327 2379 1488 2434 alacri
1517 2380 1716 2434 veloci.

189 2481 309 2535 tate;
330 2479 379 2524 et
405 2472 717 2538 perveniens
740 2471 806 2523 ad
825 2469 944 2526 il'ms
961 2479 1069 2524 tres
1093 2471 1239 2525 viros
1260 2487 1396 2539 quos
1422 2471 1716 2534 audieram,

192 2563 389 2616 salutavi
437 2563 582 2615 illum
628 2577 790 2635 que/ni
825 2562 1092 2628 jusserat;
1144 2569 1198 2615 et
1248 2561 1538 2616 ostemlens
1588 2561 1719 2615 mihi

188 2651 306 2703 dixit
335 2668 347 2702 :
386 2649 491 2704 liae
520 2650 603 2703 via
633 2664 816 2719 perge.
849 2649 980 2704 Dum
1016 2659 1196 2706 autem
1237 2651 1494 2704 velociter
1532 2666 1721 2719 carpe—

192 2757 293 2793 rem
317 2741 425 2806 iter,
454 2740 630 2795 subito
652 2741 901 2809 aperiens
920 2741 1128 2805 oculos,
1161 2750 1216 2795 et
1240 2757 1367 2797 ecce
1388 2742 1612 2796 collecta
1643 2744 1720 2796 vi-

189 2831 358 2884 cinitas
401 2845 510 2884 mea
577 2830 900 2887 exhibentes
966 2833 1288 2901 exsequias,
1345 2834 1720 2902 corpusculum

189 2939 344 2974 mrum
367 2923 413 2974 in
447 2921 618 2976 medio
649 2923 881 2991 positum
912 2921 1115 2977 [litteris
1150 2937 1214 2977 ex
1243 2939 1392 2977 more
1429 2924 1724 2979 reddebant

189 3012 418 3067 cilicium.
450 3013 546 3080 Qui
569 3013 751 3069 statim
784 3029 851 3067 ex
883 3013 1192 3068 infirmitate
1213 3014 1520 3069 convaluit:
1555 3023 1608 3068 et
1628 3015 1723 3069 ali-

187 3111 366 3177 quanto
393 3111 624 3171 tempore
663 3102 719 3156 in
760 3103 865 3156 hoc
893 3102 1091 3158 saeculo
1123 3103 1272 3155 vixit.
1303 3102 1478 3172 Agens
1508 3104 1720 3158 demum

189 3199 542 3268 pwuitentiam,
565 3198 761 3252 iterum
791 3196 1036 3265 migravit
1062 3212 1094 3251 e
1119 3211 1366 3266 corpore.

610 3363 678 3402 DE
721 3362 960 3402 BONELLO
999 3362 1268 3413 MONACIIO,

190 3483 289 3555 [Cui
311 3486 532 3538 rerelaiio
575 3484 766 3552 ξιιμ-νηὶ
798 3485 935 3554 facta
972 3494 1069 3550 est,
1112 3493 1162 3536 et
1191 3501 1244 3536 se
1270 3486 1408 3550 apud
1438 3485 1721 3554 Legionen-

248 3572 342 3607 sem
371 3556 610 3608 civitatem
635 3555 704 3605 ad
727 3562 1022 3604 sanctorum
1049 3565 1354 3623 imarlyrum
1383 3571 1601 3623 corpora
1641 3573 1722 3608 re-

247 3626 417 3745 traxit!)
437 3623 707 3766 aclibidcm
736 3624 856 3675 dum
894 3623 1004 3676 [nec
1048 3622 1280 3676 Valerius
1318 3625 1558 3678 scriberet
1611 3644 1727 3695 per-

252 3711 389 3747 mane
420 3706 485 3748 al.

252 3706 485 3748 attinebat.

249 3829 331 3884 20.
363 3831 475 3886 "me
503 3831 660 3900 igitur
687 3829 837 3902 [tum]
868 3829 1181 3884 beatitudini
1212 3845 1433 3887 narrans
1462 3832 1603 3886 aliud
1629 3833 1728 3887 hu-

190 3922 455 3988 juscemodi
476 3921 647 3976 simile
675 3920 1014 3975 reminiscor.
1048 3919 1273 3986 Quidam
1297 3922 1595 3991 religiosus,
1626 3939 1725 3977 no-

192 4013 318 4066 mine
345 4010 596 4074 Bonellus,
621 4010 752 4064 olim
782 4009 847 4062 ad
879 4025 964 4064 me
990 4010 1233 4073 veniens,
1265 4026 1384 4065 cum
1413 4015 1604 4067 summi
1633 4028 1726 4066 ano

193 4102 320 4167 geris
340 4115 698 4168 mmroresqne
719 4115 861 4156 nunc
889 4099 983 4154 tibi
1010 4101 1253 4155 dicturus
1277 4117 1392 4154 sum
1423 4111 1547 4157 ante
1574 4102 1731 4172 primi

195 4192 282 4242 mei
301 4191 541 4258 ergastuli
566 4191 876 4256 feneSIram,
901 4198 1090 4249 cuncta
1117 4191 1386 4243 enarravit
1412 4192 1478 4244 ad
1502 4191 1726 4260 singula.

196 4279 390 4334 Dicebat
407 4281 543 4335 enim
572 4299 586 4335 :
617 4281 878 4346 Quoniam
900 4297 1021 4335 cum
1042 4280 1247 4350 pridem
1267 4296 1437 4338 essem
1462 4283 1512 4336 in
1540 4285 1731 4338 arctis-

195 4367 308 4422 sima
337 4371 642 4424 retrusionis
671 4369 1006 4439 mancipatus
1027 4372 1284 4438 claustra,
1307 4381 1502 4427 etcum
1526 4390 1732 4444 summa

196 4459 444 4527 diligentia
469 4458 730 4528 judicium
760 4459 965 4514 Domini
994 4463 1167 4529 pertin
1196 4478 1378 4516 escens
1423 4479 1509 4518 me
1534 4445 1732 4519 acerii-

197 4566 268 4602 ma
296 4567 608 4605 macerare")
639 4551 984 4615 abstinentia,
1016 4560 1181 4620 atque
1215 4562 1407 4607 cuncta
1432 4553 1734 4610 devotionis

199 4657 310 4694 luem
331 4643 573 4696 exercitia
604 4658 728 4696 cum
760 4643 960 4710 ingenti
993 4643 1267 4712 iungerem
1303 4646 1525 4714 penuria
1553 4663 1567 4699 :
1603 4662 1736 4715 qua-

201 4736 303 4788 (L’Im
325 4751 444 4789 vero
483 4736 568 4789 die
602 4736 655 4788 in
698 4735 868 4790 extasi
899 4744 1100 4805 raptus,
1125 4737 1409 4805 abangelo
1455 4739 1739 4808 perductus

202 4839 302 4876 sum
323 4826 369 4878 in
397 4824 814 4879 alumnissiinum
841 4825 1185 4893 jucunditatis
1213 4826 1418 4894 locum;
1450 4829 1628 4898 ibique
1653 4831 1738 4884 in-

204 4918 408 4970 troduin
448 4934 531 4974 me
558 4920 609 4972 in
640 4917 893 4972 cellulam
925 4933 993 4972 ex
1037 4933 1169 4972 auro
1202 4919 1518 4988 purissimo,
1555 4922 1740 4990 lapidi-

205 5006 380 5076 busque
400 5009 846 5077 praemicantibus,
878 5018 1041 5079 atque
1068 5009 1292 5065 diversis
1331 5013 1739 5070 coruscantibus

205 5104 419 5167 gemmis,
468 5109 524 5157 et
562 5101 866 5173 margaritis
911 5111 1293 5167 constructam,
1333 5104 1468 5156 miro
1502 5105 1664 5160 'uodo
1685 5115 1741 5161 et

207 5195 302 5264 ipsa
324 5194 518 5261 species
547 5206 601 5250 et
626 5195 680 5248 in
712 5196 970 5269 lateribus
993 5194 1112 5263 ejus
1155 5195 1274 5250 hinc
1303 5195 1531 5266 indeqre
1558 5197 1611 5250 in
1643 5214 1738 5251 vo-

209 5284 460 5340 luminibus
499 5284 689 5339 zetula:
712 5293 1018 5350 exstructaa,
1047 5292 1206 5351 atque
1235 5300 1476 5349 camerar,
1521 5298 1737 5340 cuncta-

209 5389 296 5442 que
319 5376 576 5442 praerutilo
604 5376 722 5429 auri
746 5375 972 5442 fulgore.
1005 5391 1071 5428 ac
1112 5375 1262 5428 vario
1291 5378 1470 5429 colore
1520 5379 1735 5445 phalera

210 5475 608 5519 ornamentorum
637 5480 706 5517 ex
737 5465 1132 5528 pretiosissimis
1154 5466 1577 5533 praemicantibus
1609 5470 1738 5538 lapi-

267 5600 286 5625 ⁸
312 5593 456 5649 [locis
476 5595 684 5652 inclusa
715 5595 878 5650 verba
904 5596 951 5648 in
982 5595 1360 5651 Carracedensi
1385 5605 1440 5651 et
1472 5597 1733 5656 Toletano

317 5666 691 5721 desiderantur.
730 5665 953 5721 Exstant
979 5665 1031 5719 in
1060 5665 1241 5720 ίΕιιιὶι.
1260 5674 1416 5736 atque
1435 5668 1604 5725 altero
1631 5670 1738 5726 Το-

227 5750 249 5783 e
271 5747 376 5784 auo.

265 5802 288 5838 "
311 5799 638 5877 Emil.,qua.

1819 1925 1969 1992 dum,
2002 1941 2094 1990 per
2123 1925 2438 1978 immensum
2467 1924 2693 1992 spatium
2725 1914 2860 1993 pede
2882 1925 3175 1979 inhscreute
3204 1925 3255 1978 in
3271 1940 3380 1977 mo-

1818 2015 1918 2068 dici
1942 2013 2136 2083 gradus
2166 2013 2458 2067 retinaculo
2490 2014 2542 2066 in
2569 2013 2809 2081 ejusdem
2841 2014 3169 2082 procerrimo
3199 2012 3378 2082 paric~

1822 2105 1889 2159 tis
1916 2105 2171 2159 lateribus
2201 2104 2392 2158 restiti.
2423 2103 2634 2158 Etcum
2664 2103 2858 2157 ibidem
2887 2102 3160 2170 paululum
3197 2103 3377 2156 reani«

1818 2213 2042 2261 marem,
2076 2196 2212 2251 facta
2262 2206 2345 2252 est
2393 2213 2494 2252 vox
2538 2197 2801 2252 dicentis:
2837 2195 3033 2250 Vadat!
3071 2195 3134 2249 Et
3182 2196 3374 2248 iterum

1819 2286 2180 2357 praecipitatus
2227 2285 2473 2340 descendi
2529 2286 2645 2354 plus
2702 2286 2966 2355 prolixum
3013 2285 3263 2354 spatium.
3315 2283 3381 2335 Et

1821 2379 1991 2433 restiti
2019 2375 2254 2432 secundo
2282 2377 2334 2430 in
2383 2376 2628 2446 ampliori
2656 2376 3042 2444 aliquantulum
3086 2374 3270 2445 gradu.
3303 2371 3381 2427 lbi

1823 2470 1996 2525 iuveni
2025 2468 2306 2537 quemdam
2337 2482 2645 2537 pauperem,
2688 2481 2846 2536 quem
2901 2467 3080 2520 statim
3133 2465 3378 2532 cognovi,

1821 2559 1942 2626 quia
1959 2558 2154 2612 dudum
2173 2565 2393 2611 venerat
2408 2557 2472 2610 ad
2496 2554 2803 2625 praedictam
2825 2555 3178 2609 retrusionem
3200 2568 3374 2606 meam

1822 2650 2061 2702 inlirurus
2099 2658 2260 2717 atque
2309 2648 2638 2704 mendicans.
2674 2648 2740 2702 Et
2786 2647 2928 2702 tenui
2966 2661 3088 2702 eum
3130 2645 3269 2714 apud
3298 2658 3384 2697 me

1823 2739 2005 2794 multis
2033 2738 2238 2793 diebus.
2272 2737 2339 2795 Et
2386 2755 2482 2808 pro
2526 2740 2947 2794 ministrantibus
2981 2737 3108 2790 mihi
3147 2737 3385 2791 serviens

1825 2827 1898 2882 illi
1926 2830 1991 2882 de
2037 2829 2149 2898 ipsa
2200 2829 2547 2883 substantiola
2578 2843 2695 2898 qua:
2743 2844 2840 2896 pro
2888 2827 3038 2881 bonis
3080 2826 3386 2880 hominibus

1827 2903 2227 2991 piet'lsDomini
2274 2919 2628 2983 ministrabat,
2653 2919 2814 2974 refeci
2843 2919 3074 2972 animam
3100 2918 3214 2985 ejus
3244 2918 3382 2972 fame

1824 3010 2134 3079 collapsam,
2172 3025 2451 3080 quousque
2486 3010 2551 3063 ad
2592 3010 2868 3079 pristinam
2912 3009 3107 3064 rediret
3133 3009 3380 3064 salutem.

1827 3099 1941 3167 Ipse
1962 3100 2168 3167 rogavit
2195 3114 2291 3168 pro
2313 3113 2398 3153 me
2426 3099 2637 3166 iniquos
2667 3109 2720 3154 et
2747 3086 2987 3153 crudeles
3017 3107 3385 3162 msecutures,

1747 3166 1795 3229 ε
1832 3166 1918 3254 qui
1945 3166 2348 3254 meducebant,
2370 3196 2429 3242 ut
2458 3188 2586 3242 mihi
2612 3188 2694 3242 vel
2729 3187 2992 3242 modicum
3018 3188 3249 3256 spatium
3289 3188 3390 3241 ibi-

1828 3284 1949 3337 dem
1967 3282 2306 3350 larg'rentur.

1897 3372 1986 3426 22.
2017 3371 2084 3424 Et
2104 3372 2229 3425 dum
2278 3386 2363 3425 me
2400 3386 2686 3440 parumper
2724 3373 3038 3435 animarem,
3078 3373 3264 3426 iterum
3295 3387 3388 3425 au-

1826 3461 1934 3514 dita
1957 3469 2040 3515 est
2062 3475 2164 3514 vox
2196 3459 2508 3513 clamantis:
2538 3458 2724 3521 Vadal,
2755 3459 2943 3512 vadat!
2976 3458 3038 3512 Et
3066 3463 3221 3514 tertio
3247 3477 3385 3525 pra:-

1827 3553 2079 3623 cipitatus
2134 3550 2389 3606 descendi
2445 3551 2603 3620 dupla
2675 3550 3000 3620 proceritate
3073 3550 3388 3608 altitudinis.

1828 3657 2107 3713 quousque
2155 3641 2491 3711 pervenirem
2524 3642 2574 3694 in
2617 3639 2937 3708 prolundnm
2991 3637 3202 3704 inferni,
3235 3646 3290 3692 et
3315 3639 3392 3692 sic

1830 3735 2192 3804 perduxerunt
2221 3747 2306 3787 me
2330 3741 2454 3786 ante
2475 3740 2820 3800 conspectum
2850 3730 3145 3799 impiissimi
3171 3729 3390 3783 diaboli.

1829 3825 1958 3879 Erat
1986 3833 2168 3879 autem
2209 3823 2460 3879 terribilis
2495 3831 2550 3878 et
2579 3822 2913 3886 metuendus,
2947 3821 3248 3875 fortissimis
3275 3822 3395 3872 vin-

1831 3925 1948 3971 ctus
1971 3915 2195 3970 catenis.
2220 3915 2285 3969 Et
2312 3916 2364 3969 in
2389 3914 2544 3983 hujus
2571 3913 2761 3983 capitis
2782 3915 2894 3967 avis
2917 3912 3088 3967 ferrea
3117 3913 3168 3965 in
3199 3912 3391 3969 simili-

1834 4008 2072 4065 tudinem
2103 4007 2247 4062 corvi
2277 4007 2514 4073 sedebat,
2545 4008 2596 4061 in
2621 4023 2724 4072 qua
2763 4009 3043 4061 summitas
3084 4006 3222 4059 illius
3249 4014 3393 4060 cate-

1832 4117 2021 4155 narum
2063 4099 2314 4154 hmrehat.
2362 4099 2438 4153 De
2480 4099 2835 4152 immensitate
2879 4106 3058 4151 autem
3116 4113 3394 4165 pomarium

1833 4200 2092 4261 quantum
2113 4191 2329 4245 valuere
2353 4189 2661 4251 recordare,
2691 4189 2946 4243 int‘imabo
2970 4180 3029 4241 ut
3052 4187 3139 4242 ille
3161 4188 3392 4241 dicebat.

1836 4282 2072 4336 Ardebat
2101 4291 2278 4335 autem
2319 4282 2607 4334 immensus
2633 4288 2686 4333 et
2715 4277 3084 4331 inenarrabilis
3113 4277 3266 4343 ignis,
3301 4291 3394 4328 ve-

1790 4407 1795 4417 ι
1836 4374 1914 4428 lut
1941 4372 2282 4441 pinguissima
2326 4371 2516 4425 ardens
2556 4370 2711 4424 tmda.
2747 4368 2812 4427 Et
2847 4384 3007 4436 super
3040 4369 3214 4436 ignem
3249 4367 3394 4420 iLqut

1839 4465 2071 4518 vicinum
2105 4473 2222 4518 erat
2249 4473 2303 4516 et
2331 4480 2434 4517 non
2467 4463 2597 4518 satis
2617 4462 2779 4516 altum
2812 4461 3039 4526 tegimen
3069 4459 3119 4512 in
3152 4458 3398 4513 similitu-

1840 4555 2021 4609 dinem
2050 4556 2343 4619 azramenti,
2375 4556 2425 4609 in
2452 4570 2557 4624 quo
2588 4553 3102 4609 exun'lansllamlna
3135 4553 3392 4619 impinge-

1839 4646 1949 4700 bat.
1993 4645 2069 4699 Ex
2119 4646 2210 4699 illo
2249 4660 2478 4713 namque
2509 4645 2628 4711 igne
2667 4642 2845 4696 exibat
2895 4641 3158 4694 inundans
3213 4641 3396 4709 piceus

1838 4737 2020 4803 maris,
2043 4737 2130 4810 qui
2161 4737 2474 4790 immensum
2503 4736 2805 4803 occupabat
2831 4747 3041 4801 pagum.
3067 4730 3216 4797 Quod
3245 4729 3395 4782 ebul-

1839 4829 1974 4884 liens
2018 4827 2216 4882 crudeli
2271 4842 2333 4881 ac
2362 4826 2625 4880 dirissimo
2663 4826 2874 4879 fervore
2921 4821 3227 4877 ﬂuctuabat.
3259 4819 3390 4872 Cum

1838 4929 2016 4974 autem
2065 4927 2295 4973 astarem
2337 4917 2386 4970 in
2422 4924 2712 4985 conspectu
2739 4914 2876 4968 illius
2905 4911 3218 4967 atrocissimi
3245 4909 3392 4976 judi-

1839 5010 1931 5071 cis,
1965 5007 2140 5062 subito
2171 5006 2499 5060 advenerunt
2527 5014 2632 5058 tres
2661 5004 2832 5071 angi-li
2886 5001 3216 5070 iniquissimi.
3254 5000 3396 5053 L‘nus

1839 5114 1901 5152 ex
1929 5097 2029 5151 illis
2051 5107 2170 5151 erat
2197 5097 2605 5149 immanissimus
2626 5093 2831 5161 gigans.
2857 5092 2946 5145 Ille
2975 5091 3240 5144 secundus
3264 5091 3392 5142 sub-

1840 5191 2014 5241 minor
2043 5203 2208 5256 usque
2245 5187 2309 5240 ad
2358 5188 2604 5240 humeros
2634 5186 2769 5253 ejus.
2817 5184 2906 5235 Ille
2936 5183 3122 5236 tertius
3171 5182 3390 5249 pusillus

1840 5297 2007 5348 usque
2038 5281 2101 5333 ad
2157 5280 2410 5334 medium.
2454 5278 2527 5330 Illi
2557 5287 2733 5329 autent
2774 5275 2877 5328 duo
2923 5273 3230 5327 obtulerunt
3261 5273 3389 5323 duas

1838 5373 2043 5425 animas
2072 5380 2430 5440 peccatorum.
2461 5367 2552 5419 Ille
2573 5381 2700 5420 vero
2730 5365 2950 5431 exiguus
2976 5362 3101 5414 nihil
3125 5361 3384 5421 exhibuit,

1839 5464 1976 5516 unde
1993 5461 2454 5516 vehementissime
2478 5455 2769 5525 increpavit
2785 5468 2926 5515 eum,
2944 5461 2995 5502 et
3019 5452 3266 5518 ιιιιυυυιιξι
3284 5449 3383 5501 illis
3442 5513 3454 5521 ξ

1913 5611 1932 5636 τ
1966 5597 2040 5651 Ita
2074 5597 2279 5658 Ennii;
2311 5593 2400 5646 alii
2434 5612 2445 5643 :
2481 5593 2571 5644 tibi
2599 5589 2826 5644 ostende!
2853 5601 2948 5652 qr'o
2971 5583 3215 5658 onlbnlcs.

1907 5669 1930 5705 ά
1966 5672 2084 5730 Ms,
2127 5669 2380 5726 des-ruens,
2420 5665 2754 5732 participium
2797 5672 2891 5726 pro
2952 5657 3134 5718 verbo,
3183 5665 3272 5705 seu
3325 5662 3382 5698 Il!

1838 5759 1932 5811 pro
1961 5741 2031 5790 lli.

1909 5821 1929 5845 υ
1961 5804 2240 5861 (ῖιιιιιιςείι.
2267 5805 2347 5866 C..
2385 5803 2549 5857 Nunc.
