3934 6228
512 285 615 342 455

1761 288 1816 341 S.
1862 287 1941 339 VA
1954 285 2128 339 LERll
2171 285 2449 341 ABBATIS

3640 284 3744 341 £36

513 405 602 473 qui
632 404 746 456 illas
776 401 977 453 animas
1006 398 1335 452 adduxerant
1366 409 1421 452 ut
1470 416 1560 453 eas
1589 402 1638 454 in
1670 402 1758 454 illo
1799 402 2066 456 dirissimo
2101 414 2132 457 Α
2169 409 2489 468 occupantes
2537 400 2713 455 l’rimo
2763 402 2997 455 diluculo
3038 417 3197 470 super
3222 410 3364 455 astra
3394 403 3514 457 εωΙὶ
3548 420 3724 471 perve

514 496 630 562 igne
659 493 999 562 projicerent,
1033 500 1087 543 et
1142 492 1211 542 ita
1263 489 1527 544 fecerunt.
1564 490 1687 559 Post
1721 493 1831 545 lucc
1883 502 2061 546 autem

515 582 869 651 perduxerunt
896 594 977 632 me
1004 579 1391 645 inferiusjuxta
1426 580 1550 631 illud
1575 595 1718 633 mare
1745 581 1978 646 igneum,
2009 590 2063 635 et

513 671 855 725 ostenderunt
886 668 1010 721 mihi
1042 668 1347 723 inferiorem
1380 676 1596 735 puteum
1626 669 1821 738 abyssi,
1855 670 1945 737 qui
1979 679 2061 723 est

509 760 719 825 gravior
768 768 927 825 atque
982 756 1247 810 crudelior
1293 757 1526 809 omnium
1580 772 1874 825 prenaruui.
1930 756 2060 809 Cum

510 856 683 901 autem
720 862 915 915 pavore
945 846 1255 913 perterritus
1282 860 1385 897 non
1431 845 1681 898 auderem
1723 846 1864 897 intus
1894 846 2059 911 inspi~

510 950 653 996 cere,
704 935 1103 987 insurrexerunt
1152 932 1351 984 mulli"
1408 932 1649 994 arcistes,
1682 942 1735 985 ot
1781 940 2061 999 cmperunt

510 1040 592 1077 me
617 1024 889 1090 sagittare.
915 1022 1143 1089 Sagittas
1171 1035 1296 1074 vero
1326 1034 1512 1075 eorum
1540 1022 1690 1088 quasi
1715 1029 1892 1087 guttas
1912 1034 2062 1086 aqua:

510 1113 707 1181 frigida:
736 1113 1049 1166 sentiebam.
1088 1110 1153 1162 Et
1182 1126 1302 1162 cum
1334 1109 1606 1176 signaculo
1637 1110 1812 1162 erucis
1854 1109 2060 1161 resiste-

505 1218 616 1256 rent
643 1202 741 1255 illis
776 1203 824 1254 in
852 1200 1097 1264 circuitu,
1124 1199 1269 1252 venit
1294 1199 1384 1267 qui
1411 1213 1496 1251 me
1526 1198 1745 1251 abstulit
1774 1200 1837 1250 de
1870 1198 1973 1264 iuiq
2024 1215 2051 1250 ιι

503 1308 686 1346 eorum
716 1291 1099 1353 dominatione,
1140 1298 1195 1344 et
1217 1289 1339 1343 huic
1390 1303 1630 1358 superna:
1661 1289 1763 1343 luci
1802 1290 2055 1342 restituit.

506 1380 789 1448 Postquam
822 1380 933 1432 haec
960 1387 1145 1431 cuncta
1175 1378 1373 1440 retulit,
1408 1378 1643 1431 dicebat:
1674 1378 1804 1430 Volo
1826 1378 1950 1428 mihi
1984 1386 2059 1430 ta-

505 1471 603 1523 leni
629 1470 802 1524 facere
848 1470 1220 1532 l‘Cll'llSlOllelll,
1253 1485 1371 1536 qua:
1420 1472 1588 1520 solum
1637 1483 1811 1519 meum
1870 1470 2060 1519 habeat

500 1566 694 1612 statum
726 1558 1085 1625 amplitudinis
1117 1564 1341 1623 utraque
1370 1565 1539 1623 parte,
1569 1558 1690 1622 quia
1717 1556 1868 1609 valde
1899 1558 2059 1610 tiznco

507 1665 574 1703 ne
595 1650 646 1702 in
676 1658 779 1701 tam
812 1650 1038 1716 pessima
1092 1647 1243 1700 ruina
1275 1646 1411 1699 ultra
1455 1646 1698 1699 incidam.
1728 1645 1791 1697 Et
1822 1660 1921 1713 ego
1951 1646 2057 1699 dixi

2170 491 2359 544 nimus.
2414 490 2512 555 lbi,
2577 492 2803 557 scilicet,
2859 492 3181 545 induxerunt
3221 506 3308 545 me
3350 493 3402 545 in
3459 493 3747 548 excelsum

2166 578 2309 629 mira:
2361 579 2771 646 pulchritudinis
2815 590 3074 640 montem.
3119 582 3210 647 qui
3259 582 3745 636 innumerabilium

2165 668 2566 721 candidatorum
2595 676 2712 722 erat
2732 677 3015 737 coopertus
3039 678 3249 722 Caterva
3270 670 3561 723 seniorum.
3586 669 3747 722 Inter

2163 771 2295 821 «lous
2322 757 2647 812 deducentes
2677 757 3034 825 perduxerunt
3080 774 3163 811 me
3208 769 3331 812 ante
3381 770 3746 827 conspectum

2166 846 2458 913 maiestatis
2490 848 2717 902 Domini.
2751 848 2884 901 Cum
2914 858 3093 902 autem
3123 859 3343 916 stupens
3373 858 3426 901 et
3456 849 3743 902 admirans

2168 951 2439 989 cernerem
2469 951 2589 990 eum
2625 938 2675 990 in
2720 938 2911 991 throno
2960 938 3139 1004 glorim
3168 954 3278 991 sua:
3323 939 3747 1005 prarsidenteru,

2166 1033 2220 1078 et
2262 1025 2637 1080 innumerabili
2678 1026 3014 1080 multitudine
3058 1027 3461 1089 circumstante,
3503 1028 3747 1080 interro-

2162 1115 2278 1182 gavi
2306 1115 2424 1183 quis
2450 1124 2534 1170 est
2574 1117 2674 1169 iste
2702 1124 2807 1168 tam
2855 1126 3044 1183 potens
3090 1116 3177 1185 qui
3219 1118 3365 1170 solus
3398 1118 3539 1169 inter
3583 1126 3746 1168 tanta

2163 1204 2372 1269 agmina
2422 1212 2750 1272 potestatum
2804 1205 3002 1261 sedet?
3050 1207 3113 1259 Et
3152 1206 3441 1259 dixerunt:
3487 1205 3604 1273 Ipse
3658 1216 3746 1259 est

2164 1291 2417 1347 Dominus
2444 1303 2631 1347 noster
2658 1297 2810 1349 Jesus
2841 1295 3099 1351 Christus.
3145 1297 3277 1349 Dum
3306 1307 3487 1350 autem
3516 1297 3748 1351 insolito

2162 1391 2379 1449 stupore
2411 1384 2662 1438 mirarem
2693 1393 2892 1438 tantam
2925 1387 3203 1441 inelfabilis
3226 1398 3279 1441 et
3312 1389 3582 1441 immensze
3610 1389 3711 1457 pul
3738 1415 3745 1419 ~

2162 1474 2477 1527 chritudtnis
2515 1474 2761 1542 gloriam,
2813 1475 2967 1543 cujus
3018 1477 3418 1529 similitudinem
3476 1495 3575 1530 nec
3606 1493 3745 1545 pos-

2162 1578 2276 1614 smn
2308 1564 2561 1632 cogitare,
2597 1581 2697 1619 nec
2719 1567 2872 1619 valeo
2901 1582 3171 1627 enarrare,
3218 1569 3340 1633 quia
3377 1550 3705 1619 imcstimahi
3732 1600 3739 1603 -

2164 1655 2228 1707 l's
2252 1665 2353 1720 est,
2387 1665 2506 1724 post
2530 1652 2664 1710 haec
2709 1659 2867 1725 igitur
2894 1659 3026 1712 dixit
3082 1659 3334 1712 Dominus
3386 1660 3491 1712 illis
3520 1662 3606 1726 qui
3654 1674 3747 1711 tne

500 1740 606 1793 illi:
638 1738 810 1807 lpsum
842 1752 990 1789 sume
1018 1735 1248 1797 initium,
1279 1749 1436 1802 quem
1470 1748 1631 1801 usque
1663 1734 1712 1785 in
1748 1734 1901 1787 linem
1932 1736 2047 1791 sine
2083 1736 2123 1793 Β
2150 1746 2532 1799 exhibuerant:
2566 1747 2824 1802 Reducite
2870 1764 2988 1802 eum
3052 1749 3116 1802 ad
3158 1765 3349 1817 corpus
3396 1765 3575 1814 suum,
3602 1750 3741 1817 quia
3768 1786 3781 1793 κ

500 1827 885 1897 desperationis
934 1824 1236 1878 discrimine
1268 1824 1432 1877 libere
1481 1824 1743 1893 perducas
1787 1826 1850 1876 ad
1881 1823 2055 1892 perfe-

498 1920 748 1971 ctionem.
782 1916 1047 1983 Scriptum
1080 1922 1161 1967 est
1190 1914 1362 1966 enim:
1398 1910 1580 1966 Potius
1610 1922 1691 1966 est
1722 1914 1916 1964 bonmu
1950 1927 2056 1964 non

500 2006 757 2059 inchoare
786 2005 1138 2072 pr0positum,
1184 2017 1341 2069 quam
1375 2017 1493 2055 eum
1527 2002 1821 2069 perducere
1871 2002 1933 2052 ad
1966 2002 2059 2054 de-

498 2095 793 2149 testabilem
843 2095 1144 2147 terminum.
1202 2094 1296 2145 llic
1326 2106 1453 2160 ergo
1496 2093 1728 2159 perrexit
1757 2094 1821 2144 ad
1870 2092 2057 2159 Legio-

497 2203 614 2241 nem
648 2187 937 2246 ciitatem,
991 2184 1311 2252 retrusitque
1357 2199 1414 2236 se
1470 2184 1661 2236 iterum
1712 2186 1777 2236 ad
1827 2201 2055 2252 corpora

497 2286 799 2330 sanctorum
842 2282 1153 2343 martyrum,
1184 2282 1237 2326 et
1268 2286 1435 2341 usque
1462 2272 1621 2326 hodie
1650 2272 1843 2326 ibidem
1877 2289 2057 2341 perse-

499 2376 665 2419 verat.

874 2469 938 2507 υε
989 2470 1230 2507 (ἷίΕΗζὸΤΙ
1285 2469 1678 2515 ηεγειΑτιυΝΕ,

514 2568 679 2622 Facta
721 2568 984 2625 Baldario,
1019 2568 1100 2633 qui
1131 2576 1308 2619 sancto
1348 2565 1629 2618 Fru'moso
1658 2566 1709 2617 t'u
1751 2582 1900 2631 opere
1926 2566 2055 2633 lapi-

701 2640 797 2690 deo
827 2636 1154 2697 tlcsereiebat,
1186 2646 1234 2688 et
1263 2636 1428 2687 adhuc
1459 2638 1510 2687 iu
1530 2637 1655 2690 vim":
1684 2635 1840 2703 erat.J

558 2753 647 2806 25.
682 2751 809 2807 Cum
840 2751 965 2804 olim
1009 2759 1203 2803 sancta:
1235 2754 1504 2803 memoria:
1550 2749 1888 2803 beatissimus
1928 2750 2057 2801 Fru-

498 2854 713 2901 etuosus
755 2844 807 2896 in
852 2841 1071 2896 exordio
1126 2855 1237 2894 suae
1278 2842 1517 2894 almilica:
1554 2841 1920 2894 conversionis
1967 2856 2059 2906 per

494 2934 650 3003 hujus
681 2941 874 2987 nostrzn
916 2929 1331 2984 cohabitationis
1358 2928 1522 2981 eremi
1556 2943 1801 2981 recessus
1850 2937 2057 2980 vastas-

498 3038 597 3091 que
653 3021 984 3085 solitudines,
1028 3018 1063 3055 δ
1109 3032 1203 3086 per
1253 3016 1489 3070 diversas
1537 3030 1715 3083 rupes,
1768 3016 2055 3085 spelunc-s

2158 1839 2392 1891 nondum
2427 1840 2750 1907 completum
2777 1848 2856 1894 est
2881 1851 3086 1909 tempus
3114 1841 3246 1908 ejus.
3275 1840 3406 1893 Cum
3436 1849 3615 1895 autem
3654 1857 3750 1894 me

2160 1926 2498 1992 reducerent,
2533 1930 2607 1981 ait
2652 1928 2754 1982 illis
2804 1930 3092 1983 Dominus.
3141 1932 3411 1983 Sustinete
3443 1930 3745 1990 modicum,

2159 2016 2278 2083 quia
2310 2017 2396 2070 sol'
2414 2019 2684 2082 ascendet,
2715 2019 2886 2071 donec
2936 2029 3292 2087 pertrausr'at,
3327 2036 3392 2073 ne
3422 2036 3545 2073 eI-m
3582 2021 3739 2072 radia

2158 2108 2286 2159 solis
2316 2117 2627 2162 exzestuent.
2662 2110 2790 2161 [tum
2830 2118 3005 2161 autem
3038 2111 3443 2172 sustineremus,
3480 2126 3607 2162 ecce
3643 2126 3740 2163 as-

2158 2198 2417 2251 cendebat
2444 2200 2522 2251 sol
2556 2200 2621 2250 ab
2668 2198 2886 2251 Oriente
2931 2202 3032 2253 sub
3064 2216 3158 2253 nos
3184 2214 3389 2253 summa
3441 2200 3746 2253 velocitate

2161 2301 2501 2353 percurrens,
2552 2286 2776 2353 ignifero
2833 2286 3033 2353 fulgore
3091 2288 3336 2347 rutilans.
3377 2297 3541 2355 atque
3570 2304 3741 2341 coru-

2159 2389 2314 2429 scans
2362 2377 2621 2430 immensn
2679 2377 2910 2430 candore
2959 2377 3216 2429 radiabat.
3266 2377 3433 2444 Cujus
3486 2378 3744 2429 immanis

2158 2467 2269 2534 gyri
2302 2467 2594 2532 glomerata
2626 2467 2926 2521 rotunditas
2961 2466 3390 2535 incomparabilis
3417 2476 3556 2521 erat.
3592 2468 3740 2519 An'e

2162 2557 2330 2623 ipsum
2383 2566 2562 2609 autem
2605 2556 2910 2624 prtecedens
2966 2557 3163 2625 ingenti
3204 2556 3571 2623 magnitudine
3620 2557 3744 2609 avis

2160 2646 2295 2723 rufa',
2325 2656 2377 2701 et
2404 2647 2630 2713 desuper
2655 2667 2665 2709 ι
2688 2648 2945 2701 osteriora
2982 2646 3095 2711 ejus
3126 2646 3273 2700 fusco
3291 2648 3473 2701 colore
3499 2646 3741 2711 fuscata,

2161 2750 2299 2803 same
2355 2736 2596 2789 revoluto
2646 2738 2849 2790 alarum
2901 2736 3119 2804 remigio
3184 2739 3464 2804 crepitanti
3520 2738 3742 2805 fragore

2165 2824 2390 2891 impulso
2419 2838 2544 2877 aere
2577 2826 2910 2891 temperabat
2955 2834 3332 2877 exmstuanleni
3364 2826 3603 2892 ejusdem
3640 2843 3735 2877 su-

2163 2911 2221 2963 lis
2261 2912 2528 2965 arderent.
2555 2912 2680 2977 Quae
2707 2911 2864 2965 alacri
2898 2911 3177 2965 velocitate
3214 2911 3230 2947 ί
3268 2928 3565 2981 properans
3593 2928 3736 2978 prce-

2165 3001 2341 3053 teriit:
2375 3009 2493 3069 post
2539 3000 2690 3069 cujus
2716 3000 2978 3055 terribilis
3032 3000 3251 3056 visionis
3279 3001 3582 3055 abscessum
3620 3017 3738 3056 cte-

497 3087 653 3182 atque
673 3113 867 3181 alpium
892 3110 1161 3166 convalles
1183 3108 1509 3162 eremiticam
1536 3107 1849 3175 perduceret
1869 3108 2048 3164 vitam.
2083 3087 2126 3146 (ἶ
2160 3091 2330 3182 βλίιξίυε
2363 3105 2602 3143 remeare
2630 3091 2903 3157 deorsum.
2932 3099 3092 3157 θυμω
3130 3100 3243 3145 ι’)ίο
3288 3094 3483 3146 "lenus
3528 3094 3732 3147 Obllllll

497 3194 559 3254 ad
616 3203 888 3267 instarque
941 3198 1291 3252 Orientaliu'n
1344 3196 1747 3265 .munacltorum
1799 3195 1849 3247 in
1908 3194 2050 3248 omni

498 3290 811 3343 abstinentia
828 3297 881 3341 et
906 3298 927 3325 ο
952 3286 1151 3341 sanctis
1182 3284 1450 3339 exercitiis
1472 3283 1691 3351 degens,
1714 3284 1783 3335 ita
1806 3282 2053 3350 gloriosis

463 3359 739 3433 virtutum
804 3377 1059 3446 prodigiis
1112 3374 1380 3444 perfectus
1421 3374 1659 3438 emicuit,
1712 3382 1769 3425 ut
1822 3374 2053 3439 antiqu's

496 3471 733 3523 Thebaeis
764 3469 1007 3521 Patribus
1046 3482 1103 3521 se
1132 3466 1284 3520 facile
1331 3474 1654 3532 coaequaret.
1686 3464 1739 3516 ln
1770 3464 1875 3517 illi,
1927 3480 2051 3517 γιτο

498 3560 823 3628 temporibus
850 3558 1032 3610 habuit
1073 3570 1251 3609 sccmn
1280 3554 1561 3623 quemdam
1591 3554 1889 3622 puerulum,
1922 3555 2052 3629 lupi-7

496 3652 611 3700 dum
658 3649 706 3700 in
738 3656 999 3700 strucmra
1018 3646 1274 3713 peritum,
1330 3644 1542 3698 nomine
1592 3643 1821 3707 Baldari,
1854 3643 1942 3711 qui
1979 3644 2051 3696 illi

496 3753 586 3802 per
629 3745 778 3788 antra
837 3752 952 3804 qum
1002 3734 1461 3787 inaccessibilibus
1488 3742 1640 3787 erant
1696 3732 1793 3785 loci
1847 3732 2041 3800 posita,

497 3830 629 3879 viam
659 3843 722 3881 ex
756 3828 1013 3893 lapidibus
1040 3825 1403 3888 construebat,
1435 3823 1577 3891 quod
1606 3824 1794 3876 eodem
1826 3823 1953 3874 ntibi
1982 3822 2048 3873 ad

497 3918 693 3983 singula
726 3918 990 3968 referente
1046 3913 1294 3981 cognovi,
1325 3914 1414 3982 qui
1445 3927 1609 3979 usque
1654 3912 1810 3965 hodie
1833 3911 1944 3978 jant
1997 3913 2047 3963 in

489 4022 544 4060 se
572 4006 654 4058 .ile
690 4005 833 4071 degit
874 4012 1050 4066 relate,
1083 4003 1225 4071 quod
1267 4004 1380 4072 ipse
1430 4003 1453 4038 α
1502 4003 1693 4057 melius
1725 4002 1881 4056 nosu.
1913 4002 2050 4054 Ante

490 4102 586 4151 hos
616 4110 814 4165 paucos
843 4095 955 4147 dies
1004 4093 1163 4153 hanc,
1197 4108 1355 4160 quem
1390 4092 1482 4145 tibi
1528 4108 1667 4144 nune
1720 4090 1862 4157 loqui
1911 4090 2050 4142 desi-

495 4190 587 4243 der
612 4217 641 4245 ι,
676 4188 787 4253 ipse
839 4194 1071 4237 tremens
1111 4192 1268 4251 atque
1305 4198 1423 4235 cum
1473 4182 1633 4234 nimio
1682 4181 1914 4247 stuporis
1952 4178 2047 4232 ﬂu-

491 4288 703 4332 ctuante
732 4274 963 4340 singulto
992 4271 1117 4323 mihi
1148 4272 1416 4325 e..airavit
1444 4271 1757 4324 miraculum
1789 4269 1930 4337 quod
1954 4284 2048 4337 per

495 4387 607 4425 eum
635 4386 729 4439 pro
762 4377 940 4423 nostra
972 4365 1327 4419 telilieatione
1355 4365 1692 4431 omnipotens
1730 4362 1862 4416 Deus
1886 4362 2046 4415 modo

486 4463 625 4517 intra
656 4462 929 4530 prmseutis
968 4458 1091 4511 anni
1127 4457 1287 4525 jussit
1318 4457 1683 4510 demonstrare
1723 4462 1745 4487 ε
1804 4455 2043 4508 curricu—

492 4552 617 4605 lum.

557 4637 642 4690 24.
672 4638 803 4690 Cum
838 4647 1035 4699 autem,
1067 4636 1259 4702 inquit,
1288 4648 1449 4702 grave
1477 4634 1787 4700 a‘gritudine
1818 4647 2041 4701 oppres-

491 4744 579 4783 sus
629 4728 863 4795 jact-rern
920 4726 1176 4778 exanimis
1227 4734 1579 4791 praetereunte
1629 4726 1799 4777 noctis
1850 4723 2041 4791 spatio,

498 4826 811 4883 exsurgeute
858 4815 988 4867 lucis
1035 4812 1369 4881 crepusculo,
1398 4812 1574 4864 anima
1627 4826 1983 4879 meaegressa
2016 4826 2046 4864 e

498 4922 711 4973 :orpore
740 4923 911 4965 susce,
937 4916 984 4959 ta
1018 4918 1099 4959 est
1126 4923 1155 4959 a
1189 4905 1356 4959 tribus
1378 4904 1813 4972 splendidissimis
1844 4906 2046 4959 colurn-

492 4996 592 5060 bis,
633 5012 694 5047 ex
726 4997 914 5063 quibus
964 5012 1063 5069 una
1093 5011 1253 5063 super
1282 5002 1442 5061 caput
1468 4994 1641 5047 crucis
1685 4994 1924 5060 gestabat
1956 5010 2043 5047 ve-

492 5090 687 5141 xillum.
728 5087 964 5155 Ctunquc
1008 5104 1092 5141 me
1122 5088 1420 5153 rapuissent
1468 5086 1517 5137 in
1565 5086 1706 5139 omni
1741 5084 2041 5146 velmitale,

492 5178 819 5233 altitudinem
870 5182 1008 5231 aeris
1066 5178 1479 5245 penemavinm‘,
1540 5188 1743 5243 partem
1814 5172 2043 5227 Orientis

560 5367 583 5393 ⁸
616 5359 669 5410 Id
700 5370 799 5425 est,
830 5361 1103 5429 sagittarii.
1252 5428 1257 5429 γ
1387 5415 1396 5424 κ

562 5429 585 5465 δ
618 5429 711 5480 Ms.
742 5449 750 5480 :
787 5426 1125 5483 I’er'diversis
1149 5428 1375 5494 rupibus,
1401 5426 1648 5495 speluncis
1679 5433 1825 5494 (ιιιιιιε
1851 5426 2041 5491 alpittm

418 5520 419 5523 π
494 5499 817 5553 convallibus.

562 5584 580 5601 "
617 5568 735 5631 Ms.,
765 5579 941 5620 sancta
981 5568 1239 5620 m'm'citin.

559 5643 580 5671 "
620 5638 750 5705 Ipse,
778 5639 824 5689 ill
854 5648 949 5693 est.
987 5640 1145 5691 aldtus
1178 5638 1476 5691 Donadeus.

569 5722 583 5739 “
622 5711 737 5768 Mm,
771 5710 1039 5761 curriculo.

2078 4424 2125 4481 D

2159 3180 2458 3231 n-ixivcrsum
2493 3181 2801 3246 conspicere
2844 3180 3119 3244 mundum,
3148 3190 3171 3227 Β
3210 3196 3354 3234 mare
3388 3190 3439 3234 tt
3488 3184 3735 3237 llumini-

2158 3266 2252 3319 bus
2292 3268 2575 3329 variatum,
2610 3267 2926 3334 Urbiumque
2967 3269 3209 3339 .mmniis,
3254 3268 3514 3333 ecclesiis,
3573 3287 3737 3325 mou-

2158 3358 2285 3410 tium
2319 3358 2559 3426 rupibus,
2588 3366 2751 3425 atque
2779 3357 3001 3411 diversis
3021 3358 3254 3419 mdiliciis
3283 3375 3491 3414 summo
3518 3360 3731 3417 decore

2155 3447 2505 3513 phaleratum,
2562 3447 2881 3509 hominibus,
2929 3446 2955 3483 δ
3022 3448 3351 3518 diversisque
3410 3451 3730 3504 nationibus

2157 3542 2432 3593 refertum.
2471 3540 2600 3593 Dum
2631 3541 2826 3595 diutius
2854 3540 3184 3595 attenderem
3214 3541 3545 3595 dest-endeus
3573 3543 3735 3595 subi-

2156 3637 2207 3681 to
2231 3638 2504 3683 revertens
2533 3629 2583 3681 in
2616 3644 2844 3697 corpore
2891 3630 3073 3697 aperui
3104 3630 3309 3697 oculos,
3353 3640 3407 3683 ct
3448 3634 3735 3699 praesenti-

2153 3719 2251 3771 bus
2280 3717 2528 3772 alifercus
2559 3718 2792 3780 luctum,
2825 3718 3002 3787 adepti
3031 3727 3173 3771 sunt.
3192 3718 3574 3779 consolationis
3596 3734 3736 3787 gau-

2152 3809 2316 3861 dium.

2473 3898 2487 3935 ί
2541 3915 2604 3952 ns
2636 3913 2989 3952 uosacuonuu
3029 3912 3401 3952 POENITBNTIA.

2344 4009 2455 4061 Duo
2492 4009 2683 4060 fratres
2721 4008 3010 4074 impugnati
3042 4023 3068 4057 τι
3106 4005 3367 4060 ΐοτιιίεθιὶι
3391 4003 3475 4059 nis
3530 4006 3730 4074 spiritu

2151 4100 2415 4163 abierunt,
2442 4105 2494 4150 et
2534 4106 2860 4163 acceperunt
2888 4111 3115 4158 usurus;
3152 4103 3331 4162 postea
3359 4102 3536 4148 autem
3565 4094 3731 4151 dixe-

2154 4200 2276 4242 runt
2309 4189 2406 4241 sibi
2440 4187 2693 4240 invicem:
2722 4184 2855 4249 Quid
2888 4184 3070 4238 lucrali
3093 4200 3295 4249 sumus,
3328 4184 3451 4251 quia
3478 4184 3729 4238 deserui-

2152 4292 2268 4332 mus
2300 4279 2599 4345 angelicum
2632 4275 2892 4340 ordnem,
2922 4283 2976 4327 et
3015 4274 3255 4327 venimus
3293 4273 3346 4326 iu
3378 4272 3722 4327 itnmunditia

2153 4370 2269 4427 hac,
2302 4376 2498 4431 etpost
2538 4366 2652 4419 hcce
2682 4366 2731 4418 in
2763 4367 2940 4433 ignem
2986 4374 3041 4417 et
3081 4364 3359 4418 tormentis
3387 4365 3596 4420 venturi
3625 4380 3729 4419 su-

2151 4458 2298 4511 mus?
2330 4456 2543 4510 Redeat
2568 4472 2630 4508 us
2663 4456 2853 4509 iteruin
2903 4453 2965 4506 ad
2996 4469 3255 4515 eremum,
3306 4460 3360 4505 el
3394 4452 3461 4507 de
3490 4454 3570 4506 bis
3599 4468 3727 4521 qua!

2149 4548 2292 4617 prius
2317 4546 2538 4599 fecimus
2580 4543 2943 4612 pmttitentiam
2974 4555 3211 4608 agamus.
3256 4542 3321 4594 Et
3348 4541 3631 4595 vertientes
3650 4543 3728 4596 ad

2147 4652 2385 4692 cremnm
2412 4643 2731 4701 rogth'l‘unl
2764 4632 2969 4697 Patres,
2995 4647 3048 4683 ιιι
3080 4632 3396 4700 accipereut
3424 4647 3519 4685 eos
3549 4634 3730 4699 panti-

2150 4739 2324 4782 tentcs
2353 4737 2405 4780 et
2450 4728 2767 4779 conlite..lcs
2816 4740 2877 4777 ea
2923 4738 3039 4791 quas
3091 4734 3389 4791 gesserunt.
3422 4722 3730 4778 Etllause-

2149 4828 2270 4870 runt
2323 4831 2415 4868 eos
2467 4830 2661 4867 annum
2716 4816 2999 4879 integrum,
3045 4822 3099 4864 et
3139 4801 3397 4866 ambobus
3442 4812 3727 4880 mqualiter

2145 4909 2368 4961 dabatur
2414 4908 2479 4961 ad
2525 4921 2745 4973 pensum
2798 4906 2966 4973 panis.
3000 4914 3054 4957 et
3085 4905 3149 4957 ad
3202 4918 3501 4958 mensuram
3552 4920 3718 4973 aqua.

2146 4998 2305 5051 Erant
2336 5008 2510 5049 autern
2541 4996 2742 5049 visione
2768 4994 3071 5057 dissimiles,
3100 5003 3152 5047 et
3174 4992 3243 5047 du
3269 5012 3297 5043 n
3332 4992 3517 5047 Patres
3548 5010 3720 5047 unum

2149 5089 2404 5156 pallidum
2433 5098 2487 5141 et
2514 5087 2717 5139 tristem
2748 5086 2925 5151 nimis,
2952 5085 3179 5137 alterunt
3218 5084 3492 5138 robustum
3522 5095 3577 5137 rt
3606 5085 3724 5137 ela—

2148 5194 2259 5230 ru.n
2292 5179 2566 5241 vidissent,
2618 5175 2794 5228 mirati
2844 5181 2986 5236 sunt,
3027 5173 3282 5240 quoniam
3315 5174 3492 5226 cioum
3516 5181 3573 5226 et
3618 5188 3720 5242 po-

2222 5349 2236 5385 ι
2276 5350 2344 5401 Ita
2375 5346 2636 5405 Toletani.
2670 5344 3099 5406 Cui-raccdensis,
3131 5344 3411 5411 imperans.

2219 5427 2242 5464 Β
2279 5419 2399 5481 Ms,
2436 5418 2601 5468 maria
2627 5426 2671 5467 et
2704 5416 2932 5481 ﬂumina.

2218 5490 2240 5522 ⁸·
2272 5488 2581 5549 Carrared.,
2612 5485 2973 5547 universisque.

2223 5557 2232 5593 ί
2274 5558 2423 5609 Deest
2482 5556 2582 5609 huc
2640 5563 2797 5622 caput
2838 5554 3100 5619 integrum
3128 5552 3179 5606 in
3233 5550 3429 5608 Codice
3478 5550 3715 5609 Gothico

2147 5629 2424 5681 Toletauo.
