1967 3114
94 197 130 223 13¹Ι

92 255 134 278 linn
145 250 271 284 aqualitcr
287 255 459 284 acceperant.
486 251 518 278 Et
542 252 770 286 interrogaverunt
784 261 844 280 eum
859 260 882 290 Α

90 297 125 330 qui
139 295 213 322 tristis
221 299 248 321 et
262 294 377 321 amictus
402 300 470 328 erat,
482 296 616 324 dicentes:
628 297 695 330 Quid
717 299 846 325 exercita-

91 348 147 367 tiirts
159 339 182 366 in
206 339 412 373 cogitationibus
428 341 480 368 tuis
500 342 526 367 in
539 342 604 368 cella
621 342 683 368 tua?
702 342 734 369 Et
758 343 825 370 dixit
840 352 846 370 :

92 385 132 411 Pro
144 384 212 411 malis
224 391 282 417 qua:
301 383 314 410 f
322 385 439 419 -ci,_quia
453 393 545 419 poenas
559 386 585 413 in
611 387 706 420 quibus
719 391 848 416 venturus

93 439 151 459 cram
161 431 184 457 in
195 431 281 457 animo
301 431 485 463 revolvebam,
499 435 527 458 et
540 439 554 458 a
568 432 662 459 timore
682 433 850 461 adhaeserunt

93 486 141 503 ossa
152 476 218 504 carni
229 484 301 503 mete.
318 476 554 511 interrogaverunt
566 482 593 504 et
605 478 696 511 aliunt,
710 470 828 506 dicentes
841 489 847 506 ε

92 523 123 548 'l'u
135 521 189 556 quid
201 522 334 555 cogitabas
361 522 388 549 iit
413 523 479 550 cella
496 523 560 550 tua?
573 523 607 550 Et
628 524 674 551 ille
693 525 848 559 respondit:

93 568 139 594 Dea
150 567 238 600 gratias
260 568 383 601 agebam,
399 569 461 602 quia
486 569 554 595 eruit
577 576 620 596 me
634 569 667 596 de
692 569 849 604 coinquina-

93 613 175 640 rnentis
187 614 287 645 mundi,
300 618 328 640 et
341 614 375 641 de
391 613 470 641 futuri
481 615 569 642 saeculi
585 615 679 649 pretiis,
695 619 722 642 et
739 623 851 643 revoca-

92 659 124 685 vit
133 666 169 685 me
179 658 208 684 ad
221 659 287 685 hanc
302 659 497 686 confessionem
513 660 668 693 angelicam.
683 659 716 686 Et
728 660 850 687 reminis-

92 711 146 730 cens
154 702 248 729 assidue
260 703 469 730 misericordiam
484 704 529 730 Dei
544 705 595 730 mei
607 704 723 731 laetabar.
736 704 767 732 Et
777 705 851 732 dixe-

92 751 145 774 runt
155 754 242 774 smes:
256 746 377 782 rEqualis
392 752 434 774 est
457 748 594 775 amborum
610 748 766 782 poenitentia
781 748 851 782 apud

93 792 174 821 Deum.

262 842 274 855 ⁸
296 846 330 865 tis
349 832 452 866 certent-2
473 846 660 866 NONACHORL‘I.

120 901 159 929 ω.
174 902 234 929 tlinc
253 901 375 929 subsistit
397 903 540 937 septimum
561 910 644 936 genus
659 903 849 930 monachorum

97 956 169 982 nuper
180 947 316 981 adjectum,
332 947 408 982 pejus
429 933 574 982 prioribus:
590 948 655 975 Dum
671 949 734 975 olim
758 956 852 976 secun-
869 933 891 961 Β

94 993 146 1020 dum
157 993 168 1012 δ
181 993 339 1027 superiorem
354 993 451 1020 seriem
467 994 501 1020 de
513 995 599 1028 primo
614 994 725 1022 exordio
739 995 855 1022 :eililica-

98 1039 166 1065 tionis
184 1037 296 1065 ecclesia:
311 1042 400 1066 tantus
415 1038 594 1066 inardesceret
618 1040 717 1067 tandor
731 1040 854 1067 desiderii

96 1084 159 1117 regni
170 1084 301 1117 cmlornm,
316 1088 397 1118 atque
412 1085 492 1111 timor
507 1085 609 1111 Domini
623 1085 703 1112 corda
720 1090 853 1119 pertcrre-
870 1104 874 1109 .

96 1134 131 1156 ret
142 1129 297 1163 populorum,
314 1133 343 1155 ut
357 1136 411 1156 non
429 1129 514 1156 solum
529 1136 577 1164 per
595 1129 780 1156 ctenobialium
795 1136 854 1156 cre-

97 1175 147 1201 bras
159 1179 231 1208 atque
240 1173 315 1208 juges
327 1174 549 1208 congregationes
560 1175 713 1201 innumeros
723 1178 749 1201 et
762 1174 855 1200 inlini-

98 1223 133 1245 tus
149 1218 271 1245 exercitus
289 1217 511 1252 multiplicaretur
537 1218 740 1252 monachorum,
761 1226 855 1245 verum

98 1261 165 1290 etiam
186 1262 284 1289 diversa
300 1263 384 1289 eremi
397 1263 504 1289 deserta
531 1263 664 1297 copiosius
679 1267 856 1297 contegeren-

99 1312 136 1335 tur
145 1307 311 1342 perfecton
333 1308 473 1341 ergastulis
496 1308 732 1339 anacliorelarum,
753 1312 781 1334 et
795 1315 856 1334 cum

99 1353 174 1380 inista
194 1352 288 1379 ultimae
308 1353 486 1379 extremitatis
498 1351 621 1380 Occidua:
644 1353 727 1387 partis
740 1353 856 1380 confinia

99 1405 160 1430 rara,
172 1397 297 1429 videlicet,
313 1401 341 1424 et
359 1397 454 1431 exigua
469 1397 628 1431 pullulareut
654 1405 736 1424 sacra:
750 1398 857 1431 religio-

100 1441 133 1468 nis
144 1441 286 1476 crepundia,
301 1448 315 1467 a
340 1441 432 1481 paucis.
447 1441 515 1468 eli-ct
525 1449 538 1468 s
552 1445 579 1468 et
593 1441 718 1476 perfectis
744 1442 808 1469 viris
830 1442 857 1469 in

100 1486 195 1513 desertis
208 1486 270 1513 locis
284 1493 344 1513 rara
358 1493 411 1521 ope
426 1485 529 1513 Domini
546 1491 698 1514 constructa
713 1490 774 1513 sunt
798 1494 857 1514 mo-

100 1531 210 1564 nasteria,
220 1538 251 1558 ex
261 1532 356 1565 quibus
370 1531 469 1558 multas
483 1531 585 1558 animas
599 1531 751 1566 redemptor
765 1531 857 1566 expia-

101 1581 135 1603 tas
145 1576 194 1603 fece
211 1576 390 1610 peccaminttm
410 1576 528 1609 suscepit
539 1575 565 1602 in
581 1582 661 1609 regna
680 1576 810 1603 emicetia.
826 1575 858 1602 Et

101 1623 152 1657 quia
164 1621 306 1648 discedente
319 1626 346 1648 et
360 1622 394 1648 ad
415 1621 494 1648 linem
509 1626 675 1649 extremante
690 1622 779 1649 mundi
792 1626 858 1649 tein-

102 1673 155 1701 pore
167 1665 305 1699 refrigescit
318 1665 448 1699 charitas,
464 1667 596 1693 accrescit
606 1666 752 1694 saevissima
765 1667 861 1701 iniqui-

103 1713 146 1744 tas,
166 1715 191 1738 et
212 1710 375 1745 inexplebilis
392 1718 528 1745 voraxque
555 1712 704 1738 exardescit
728 1712 859 1738 mundana

101 1755 224 1790 cupiditas,
238 1760 317 1790 atque
331 1755 454 1783 infestior
469 1756 589 1784 invidens
610 1757 748 1785 invalescit
762 1758 860 1793 daemo-

102 1808 154 1827 num
166 1801 299 1832 atrocitas,
315 1801 342 1828 in
366 1800 484 1836 [quibus]
508 1802 694 1829 sacratissimis
713 1803 779 1829 locis
793 1810 859 1837 pau-

101 1846 182 1873 cissimi
197 1846 296 1873 tandem
313 1847 483 1881 reperiuntur
503 1847 580 1875 electi
605 1848 663 1880 viri,
687 1849 731 1883 qui
755 1849 788 1876 de
803 1853 860 1876 toto

102 1890 170 1918 corde
180 1896 363 1918 convertantur
374 1892 407 1919 ad
421 1892 572 1919 Dominum.
590 1893 621 1919 Et
636 1901 668 1920 ne
684 1894 740 1928 ipsa
755 1901 861 1921 monas-

103 1936 158 1962 teria
170 1935 281 1963 desolata
304 1937 465 1971 desertaque
485 1942 652 1969 remaneant,
680 1938 860 1972 tolluntttr,ex

102 1980 193 2007 familiis
212 1980 260 2007 sibi
285 1981 481 2015 pertinentibus
504 1982 618 2013 subulci,
632 1982 665 2008 de
693 1982 860 2016 diversisque

102 2025 208 2058 gregibus
224 2030 234 2043 ε
249 2025 365 2057 dorseni,
380 2030 461 2059 atque
475 2026 508 2052 de
523 2026 734 2060 posses.~ioui_bns
747 2027 860 2061 parvuli,

103 2067 140 2100 qui
153 2075 194 2101 pro
206 2068 290 2096 ofﬁcio
304 2069 536 2103 supplendoinviti
551 2070 694 2098 tondentur
704 2075 731 2097 et
741 2071 860 2098 nutriun-

104 2116 139 2139 tur
156 2119 198 2147 per
220 2114 387 2148 monasteria,
413 2118 494 2148 atque
514 2115 580 2143 falso
606 2116 712 2143 nomine
737 2117 861 2144 monachi

104 2147 278 2193 nuncupauﬁ:
291 2160 341 2193 Qui
364 2160 428 2188 dum
451 2147 504 2188 nec
520 2160 621 2196 pridem
637 2161 701 2189 foris
724 2162 750 2188 in
773 2163 860 2190 activa

103 2203 148 2229 vita
173 2204 306 2231 mundanis
329 2205 434 2234 studiis.
463 2206 519 2232 sive
542 2206 657 2233 servitiis
670 2206 711 2232 vel
735 2207 861 2241 operibus

104 2249 192 2274 excocti
202 2248 347 2284 ernditique
357 2253 507 2284 patescunt,
522 2257 572 2277 nec
580 2255 672 2285 postea
688 2250 713 2278 in
726 2257 861 2279 monaste-
876 2263 899 2292 ο

105 2292 142 2318 ri's
160 2292 219 2320 citra
237 2294 392 2322 electionem
415 2295 517 2322 Domini
541 2303 594 2322 non
610 2296 740 2327 ultronee,
758 2296 804 2324 sed
820 2297 858 2323 in-

104 2336 141 2363 viti
151 2342 239 2365 sanctae
249 2339 367 2373 religioni
378 2339 485 2372 sociati,
493 2341 647 2375 concipiunt
656 2342 682 2368 in
693 2343 773 2369 corde
784 2343 862 2369 timo-

105 2380 135 2407 ris
152 2380 245 2409 Domini
256 2384 489 2417 compnnctiouem
504 2389 549 2411 aut
567 2385 697 2412 desideria
711 2387 783 2420 regni
807 2394 862 2413 caa-

106 2425 127 2453 le
140 2427 182 2458 tis;
196 2435 244 2454 non
258 2429 415 2455 obedientiin
432 2430 591 2462 humilitate,
612 2438 656 2456 aut
671 2432 781 2458 sincerae
795 2432 860 2459 cha-

105 2471 178 2498 ritatis
189 2472 325 2500 dilectione
339 2474 494 2507 fundantur,
508 2476 553 2502 sed
565 2481 686 2502 crescunt
698 2482 759 2511 typo
770 2485 864 2511 super-

107 2515 149 2542 li'm
161 2519 257 2552 turgidi,
271 2520 338 2545 fastu
357 2520 482 2547 elationis
502 2521 596 2554 inflati,
613 2521 745 2555 cupiditati
761 2523 862 2557 philar-

107 2558 221 2595 urinaque
234 2562 318 2590 fomiti
335 2565 520 2592 insatiabiliter
543 2567 633 2598 mersi,
650 2567 786 2594 voracitati
801 2575 863 2602 gas-

109 2605 240 2640 tritnargiai,
251 2613 276 2635 et
292 2611 452 2637 temulentim
467 2611 662 2645 inexplebiliter
676 2612 769 2646 dediti,
785 2617 865 2648 atque

108 2652 260 2680 atrocissima
271 2654 374 2682 invidia:
387 2655 494 2682 ﬂamina
513 2658 646 2688 succensi,
660 2661 689 2684 ut
702 2657 723 2684 si
750 2657 866 2685 viderint

108 2695 196 2731 liiqnos
208 2703 261 2728 toto
273 2701 353 2728 corde
366 2705 568 2736 convertentesl
585 2706 613 2730 et
626 2702 737 2730 Domino
754 2702 866 2731 fideliter

138 2786 149 2800 '
162 2782 195 2825 Et
208 2786 345 2814 concordia
367 2786 539 2825 Regularnm,
554 2796 613 2825 cap.
638 2789 665 2822 5,
679 2790 692 2824 §
706 2789 733 2816 7.
746 2789 867 2825 Cumque

111 2823 153 2843 non
167 2822 286 2853 integrum
294 2827 375 2857 caput
387 2822 422 2849 de
434 2830 533 2856 genere
548 2822 735 2852 monachorum
748 2822 867 2859 (Menar-

108 2850 140 2881 lio
150 2855 218 2888 teste)
232 2855 339 2889 citetur,
353 2857 544 2891 locupletiores
561 2859 615 2885 Divi
637 2859 733 2886 Valerii
755 2860 867 2887 Codices

114 2893 231 2919 Possumus
253 2898 377 2925 sperare;
393 2893 415 2919 si
438 2892 509 2919 enim
525 2893 558 2919 de
582 2894 693 2928 septimo
717 2895 758 2923 liic
781 2896 868 2929 agitur

739 209 744 215 '
781 200 963 228 OI’USCULA.

1618 207 1671 235 458

896 254 1052 286 servientes,
1064 256 1186 290 bonaque
1197 264 1278 291 opera
1292 263 1319 285 et
1331 258 1384 286 Deo
1394 259 1491 293 placita
1505 267 1671 294 exercentes,

901 309 962 327 cum
981 301 1016 328 de
1042 302 1105 336 ipsis
1129 304 1296 331 monasteriis
1309 304 1450 338 originales
1473 307 1541 333 servi
1556 307 1671 334 existant

897 345 964 379 juris
977 347 1017 373 sui
1032 354 1063 373 ca
1074 347 1162 375 debita
1173 353 1200 375 et
1213 349 1262 376 sibi
1276 350 1432 384 pertinentia
1447 350 1588 379 defendere
1603 360 1672 379 con—

901 392 1048 426 tendentes,
1075 394 1211 428 insnrgant
1232 396 1413 430 superbientes
1436 397 1540 423 invidia:
1555 402 1611 426 atra
1626 398 1671 424 ob.

898 438 1026 465 scuritate
1046 440 1149 472 cecati,
1165 445 1192 467 et
1205 441 1330 470 adversus
1344 449 1410 476 opus
1423 448 1560 470 assumunt
1573 444 1672 478 justum

900 482 1050 509 saevissimo:
1063 484 1226 512 crudelitatis
1248 486 1347 518 odium,
1371 491 1452 521 atque
1466 487 1575 514 diversis
1589 488 1673 522 publi-

901 527 939 554 cis
952 533 977 553 et
992 527 1162 555 clandestinis
1176 528 1277 557 insidiis
1287 530 1416 564 impedire
1428 531 1553 559 nitentes.

935 581 981 608 27.
1001 582 1184 617 Consideratc,
1196 585 1321 617 obsecro,
1348 590 1474 620 quantum
1490 587 1537 614 hos
1552 588 1673 621 punitura

901 632 962 654 sunt
972 628 1040 655 mala
1051 635 1109 661 sua,
1121 636 1189 662 quos
1201 630 1280 656 etiam
1308 631 1376 658 bona
1397 632 1509 665 puniunt
1522 632 1618 660 aliena.
1643 632 1676 659 Et

901 671 959 704 quis
972 672 996 698 ei
1011 673 1273 707 poterilsubvenire,
1289 675 1333 709 qui
1358 682 1386 703 se
1408 676 1457 702 sibi
1481 677 1588 703 exhibet
1609 677 1675 704 invi-

902 715 988 742 dendo
1004 716 1176 744 carnificem?
1193 718 1245 744 Aut
1269 720 1338 746 unde
1352 719 1401 747 sibi
1416 720 1516 754 parabit
1542 722 1652 748 salutent
1668 742 1674 753 .

902 760 947 794 qui
959 760 991 787 de
1003 761 1088 788 salute
1102 762 1230 789 batiornm
1244 765 1378 791 contrahit
1391 766 1461 793 male
1476 767 1572 793 utendo
1588 768 1676 801 perni-

903 806 989 833 ciem?
1003 806 1068 833 Cum
1082 811 1170 834 autent
1193 808 1218 835 in
1243 817 1331 836 arcem
1346 811 1475 844 superbia:
1495 813 1620 839 atrociter
1629 820 1676 838 su-

902 851 1055 885 blimantur,
1083 852 1217 879 intcritntn
1241 855 1331 887 prima:
1351 854 1504 889 perditionis
1528 856 1674 884 incurrunt.

904 895 1036 929 Scriptum
1060 901 1100 923 est
1114 898 1184 924 enim
1204 898 1328 931 quoniam
1351 906 1429 933 quem
1453 900 1525 926 dirus
1548 901 1676 934 superbiae

907 938 1029 965 infecerit
1047 939 1162 972 spiiitns,
1177 942 1291 968 similem
1320 950 1380 969 eum
1405 942 1493 970 effecit
1506 944 1626 977 diabolo;
1652 950 1678 972 et

904 990 983 1017 quem
998 984 1109 1010 sintilcnt
1124 985 1216 1012 fecerit
1232 987 1305 1019 vitio,
1318 987 1396 1014 simili
1407 995 1466 1014 euttt
1482 988 1539 1015 sine
1553 990 1603 1016 line
1617 997 1678 1016 crn-

904 1028 1025 1054 ciandum
1051 1029 1136 1055 tradet
1151 1030 1242 1057 exitio.
1265 1029 1373 1065 Insuper
1387 1032 1517 1066 hypocrisi
1532 1032 1602 1059 falsae
1617 1033 1679 1060 reii-

904 1074 989 1107 gionis
1003 1074 1037 1100 ita
1052 1079 1201 1109 captantur,
1217 1075 1279 1102 utin
1301 1075 1527 1110 conspectautium
1543 1078 1678 1105 obtutibus

904 1119 1068 1145 saecularium
1085 1124 1179 1154 proten
1191 1121 1244 1147 lant
1258 1120 1352 1148 falsntn
1367 1129 1447 1148 sacrae
1460 1122 1592 1156 religionis
1606 1123 1680 1149 habi-

905 1167 971 1195 tum,
989 1169 1017 1190 ut
1032 1165 1113 1191 etiam
1134 1173 1165 1192 sic
1178 1166 1200 1192 si
1217 1165 1388 1200 desperantes
1401 1167 1433 1194 de
1446 1167 1517 1194 bono
1531 1168 1626 1195 merito
1641 1169 1681 1195 \el

905 1217 1016 1236 vacuum
1030 1210 1207 1244 adipiscantur
1230 1211 1380 1238 sanctitatis
1401 1212 1567 1239 vocabulum.
1598 1215 1682 1246 Atque

906 1254 931 1281 in
945 1255 1156 1288 supradictorutn
1170 1255 1288 1281 auditum
1304 1255 1480 1290 multiplicant
1495 1257 1610 1284 diversas
1624 1265 1683 1284 cro--

905 1300 1019 1334 brasque
1033 1301 1115 1327 serit-s
1128 1300 1285 1333 officiorum,
1297 1305 1323 1328 et
1335 1301 1360 1327 111
1373 1301 1476 1328 sublitni
1493 1307 1548 1328 arte
1560 1302 1684 1329 attollunt

905 1351 1030 1371 canentes
1045 1340 1157 1372 tnelodia
1169 1353 1273 1377 vocutn,
1288 1350 1368 1379 atque
1382 1346 1481 1373 crebris
1490 1346 1681 1380 getiullcxioni-

906 1390 955 1416 bus
970 1390 1157 1423 protralientes
1179 1391 1283 1424 copiam
1297 1391 1456 1423 orationum,
1473 1395 1500 1417 et
1523 1392 1684 1426 quotidianis

906 1435 993 1461 diurni
1018 1439 1097 1469 atque
1110 1436 1247 1463 nocturnis
1274 1436 1436 1470 temporibus
1453 1441 1586 1471 torporem
1613 1437 1683 1464 desi-

907 1479 1020 1512 diosum,
1036 1481 1171 1514 otinuique
1186 1481 1322 1515 implicant
1344 1481 1549 1514 somnoleniuni,
1564 1486 1592 1507 ut
1614 1483 1682 1509 scri-

908 1527 979 1554 bitur
993 1535 999 1553 :
1017 1527 1145 1554 Habentes
1156 1527 1285 1561 religionis
1299 1529 1410 1562 signum,
1424 1535 1474 1553 non
1493 1527 1620 1561 religionis
1634 1535 1682 1553 me-

908 1573 1003 1602 ritum;
1015 1571 1226 1604 hippocentauro
1241 1571 1351 1602 similes,
1368 1578 1415 1597 nec
1429 1571 1488 1604 equi
1503 1592 1510 1603 ,
1538 1579 1587 1598 ncc
1603 1571 1685 1597 1101111-

909 1616 951 1643 nis
970 1616 1038 1642 facta
1052 1615 1187 1647 discretio,
1203 1616 1239 1642 uti
1251 1616 1372 1649 superius
1387 1615 1484 1642 dictum
1499 1620 1549 1649 est,
1560 1616 1685 1643 adversus

911 1659 1077 1687 ﬁdelissimos
1090 1659 1134 1686 Dei
1148 1667 1240 1687 servos
1253 1660 1344 1687 dolosa
1355 1664 1382 1686 et
1396 1660 1484 1694 iniqua
1502 1662 1685 1687 llracilinaltltlr

910 1704 982 1737 odia,
997 1709 1075 1738 atque
1090 1704 1251 1739 illlpiiSSilllJ}
1262 1705 1410 1732 atrocitatis
1421 1706 1631 1739 persecutionem
1647 1706 1686 1731 111-

910 1749 1029 1780 cutiunt;
1045 1752 1071 1774 et
1086 1756 1151 1782 quos
1166 1749 1286 1775 noverint
1310 1756 1369 1775 eSse
1384 1749 1510 1782 latrones,
1525 1750 1620 1776 liomici
1632 1752 1684 1782 las,

911 1792 1053 1824 maleficus,
1068 1793 1212 1825 adulteros,
1229 1798 1308 1827 atque
1323 1799 1418 1820 caetera
1431 1793 1567 1820 diabolica:
1582 1795 1685 1821 infundit

911 1836 1076 1863 crudelitatis
1090 1844 1170 1871 opera
1184 1842 1349 1868 exercentes,
1363 1845 1409 1865 eos
1424 1837 1635 1865 sunttuitanioris
1648 1839 1687 1865 af—

911 1880 1026 1908 fectione
1036 1888 1069 1907 cx
1081 1884 1191 1915 totoque
1205 1882 1284 1908 corde
1297 1882 1430 1908 cliaritatis
1445 1883 1612 1909 connexione
1625 1891 1667 1910 ant
1676 1898 1684 1902 -

912 1925 1073 1959 plectuntur.
1091 1925 1156 1952 llinc
1181 1926 1272 1959 procul
1298 1926 1376 1953 dubio
1389 1930 1479 1960 aperta
1507 1927 1574 1953 ratio
1602 1928 1687 1953 inani-

911 1970 1001 2003 festat,
1012 1971 1084 2004 quia,
1099 1971 1226 2005 despecto
1238 1972 1303 2005 Deo,
1313 1971 1417 1998 diabolo
1431 1971 1565 2002 obediuni.
1580 1977 1605 1998 ct
1617 1972 1686 1998 servi

914 2014 1003 2041 fideles
1018 2020 1145 2047 extstnnt,
1157 2017 1231 2049 cujus
1246 2016 1374 2043 satellites
1393 2020 1483 2042 amant
1495 2036 1502 2048 ,
1525 2017 1687 2051 amplectun-

913 2064 955 2086 tur
965 2064 992 2087 et
1006 2060 1136 2094 diligunt;
1161 2065 1188 2088 ct
1201 2061 1312 2088 Domitio
1327 2062 1402 2095 cujus
1432 2061 1570 2088 fidissimos
1597 2070 1686 2089 servits

912 2108 1117 2138 persequuntur,
1134 2108 1162 2131 et
1187 2104 1289 2136 odiunt,
1306 2105 1414 2135 inimici,
1437 2105 1544 2138 refugae,
1557 2105 1667 2132 odibiies
1679 2126 1686 2137 ,

912 2150 936 2176 ei
950 2151 1034 2177 exteri
1051 2152 1125 2183 fiunt,
1138 2151 1182 2184 qui
1196 2150 1262 2177 dixit
1274 2159 1281 2177 :
1297 2149 1370 2182 Quod
1385 2151 1479 2184 fecistis
1491 2152 1534 2176 uni
1547 2159 1578 2177 ea:
1594 2152 1631 2177 liis
1642 2152 1689 2176 mi-

912 2195 987 2221 nimis
1005 2195 1076 2222 meis.
1092 2195 1153 2221 mihi
1178 2195 1282 2230 fecistis.
1299 2195 1394 2221 lterum
1416 2196 1540 2229 scriptum
1567 2200 1605 2221 est
1621 2200 1627 2219 :
1642 2195 1689 2221 llic

913 2240 1048 2267 Dominum
1063 2241 1116 2267 adit
1136 2239 1159 2267 et
1170 2240 1318 2273 contemnit,
1333 2242 1374 2275 qui
1392 2249 1446 2268 .rwn
1460 2241 1541 2267 solum
1556 2248 1605 2267 nou
1619 2242 1688 2267 timet

913 2285 1005 2316 Deum,
1017 2286 1061 2312 sed
1071 2287 1150 2321 gratis
1160 2286 1213 2312 odit
1226 2286 1339 2314 timentes
1352 2285 1441 2312 Deum.

948 2339 991 2366 28.
1013 2340 1139 2367 [tectores
1154 2348 1216 2367 vero
1230 2348 1323 2367 eorum
1348 2341 1398 2367 etsi
1425 2348 1454 2368 se
1481 2341 1631 2367 existiment
1658 2349 1687 2367 se

912 2387 1028 2418 graviter
1042 2390 1104 2411 ante
1120 2385 1200 2412 Deunt
1217 2393 1276 2412 esse
1297 2385 1442 2421 culpabiles
1454 2405 1462 2417 ,
1486 2386 1530 2413 sed
1554 2386 1614 2419 quia
1628 2393 1690 2419 erga

913 2437 1019 2464 gregem
1033 2430 1082 2456 sibi
1094 2430 1223 2457 creditum
1236 2431 1416 2467 negligentes:
1430 2435 1457 2458 et
1473 2431 1541 2458 mala
1557 2439 1608 2457 non
1628 2439 1690 2464 pro-

915 2474 1036 2502 liibcntes
1060 2476 1178 2503 existunt
1190 2495 1197 2507 ,
1227 2484 1278 2502 nun
1293 2477 1378 2503 solum
1394 2480 1501 2511 propter
1522 2475 1627 2510 propria
1642 2475 1691 2501 tle-

914 2521 987 2554 licta,
1001 2521 1047 2548 sed
1063 2529 1111 2556 pro
1124 2521 1288 2549 subditorum
1300 2522 1404 2556 ﬂagitiis
1418 2522 1554 2556 dupliciter
1564 2521 1690 2548 condem-

915 2566 1056 2593 nabnntur.
1080 2566 1145 2593 Ilinc
1167 2566 1247 2593 David
1263 2567 1410 2600 deprecans
1433 2571 1510 2594 orat:
1527 2566 1564 2592 Ab
1583 2567 1688 2592 occultis

914 2611 975 2638 meis
986 2612 1080 2637 munda
1094 2619 1143 2641 me,
1159 2617 1182 2638 et
1197 2612 1228 2637 ab
1241 2612 1330 2638 alienis
1344 2620 1420 2647 parce
1431 2620 1500 2638 servo
1516 2616 1568 2638 tuo.
1580 2611 1691 2644 Quicun-

915 2664 968 2691 que
982 2665 1014 2684 ex
1030 2657 1181 2684 senioribus
1192 2666 1298 2685 causam
1313 2657 1488 2690 delinquentis
1502 2658 1619 2688 adornat,
1636 2664 1688 2683 ma-

914 2702 999 2736 jurein
1015 2702 1039 2729 ei
1053 2702 1199 2730 insolentiae
1212 2702 1331 2730 fomitem
1344 2706 1463 2738 generat,
1474 2703 1510 2730 ita
1526 2706 1553 2730 ut
1566 2708 1613 2728 cor
1633 2701 1693 2735 ejus

917 2794 1015 2825 genere
1035 2792 1236 2825 monachorum,
1256 2794 1350 2828 procul
1364 2793 1443 2821 dubio
1466 2799 1513 2820 sex
1527 2792 1578 2820 alia
1591 2791 1693 2820 deside-

918 2831 1020 2853 rantur.
1418 2833 1421 2837 ’

956 2863 967 2880 1·
985 2864 1079 2896 Supra,
1096 2868 1109 2887 a
1126 2869 1197 2888 1111111,
1213 2861 1254 2889 10.

965 2902 975 2916 ε
992 2897 1016 2923 ld
1028 2901 1078 2927 cst,
1093 2901 1213 2923 cariores.
1231 2897 1381 2925 MENARDUS.
