3912 6380
490 424 591 479 (.39

1748 419 1806 475 S.
1850 418 2124 472 VALERII
2165 419 2453 475 ABBATIS

3650 414 3677 468 .5
3687 417 3737 461 ω

487 537 658 607 magis
682 535 957 603 magisque
984 532 1219 588 iudurari
1264 532 1445 600 faciat,
1476 540 1531 587 et
1557 533 1949 587 contumaciam
1972 531 2063 586 de-
2096 537 2142 591 Α
2172 534 2345 601 giens,
2387 534 2541 603 juxta
2590 534 2839 588 duritiam
2888 530 3139 599 nequitia:
3187 529 3371 585 cordis
3415 530 3542 591 moi,
3584 531 3739 598 reperi

485 625 774 693 linquentis
801 623 1094 678 differendo
1123 638 1229 700 non
1252 622 1491 685 discutit,
1522 636 1591 675 ne
1642 620 1910 674 humiliari
1938 635 2058 673 eum

483 717 652 781 sinit,
701 730 799 769 uec
826 713 1225 769 dissimulanter
1270 729 1389 781 quae
1435 711 1691 779 permittit
1733 712 1802 765 de
1851 710 2061 763 satisfa—

482 805 662 857 ctione
691 811 746 856 et
776 804 928 855 venia
958 803 1196 870 cogitare
1228 843 1241 865 ,
1300 801 1393 854 sed
1444 800 1585 855 idem
1616 800 1793 854 denuo
1840 801 2065 863 iterare,

482 894 735 958 quoniam
764 893 1039 961 Scriptura
1088 906 1282 960 nempe
1313 899 1543 945 testatur
1570 889 1715 958 quod
1744 904 1904 943 omne
1935 905 2064 957 pec-

482 991 660 1037 catum
706 984 851 1052 quod
900 984 1157 1039 remissus
1206 982 1739 1051 indiscipliuatusque
1794 981 2069 1035 admiserit

488 1074 677 1141 frater,
707 1075 773 1129 ad
802 1075 1161 1144 negligentem
1186 1074 1432 1144 protinus
1445 1080 1749 1127 revertatur
1774 1072 2065 1135 seniorem;

480 1176 534 1219 et
561 1173 786 1237 propter
804 1180 863 1220 se
891 1175 945 1219 ct
968 1180 1064 1232 pro
1096 1165 1184 1218 illo
1206 1163 1421 1231 duplam
1455 1164 1765 1219 redditurus
1790 1170 1873 1218 est
1902 1163 2066 1217 ratio-

478 1273 622 1311 nem.
653 1257 819 1311 Recte
848 1270 1076 1323 namque
1096 1266 1368 1317 censetur,
1386 1265 1443 1309 ut
1471 1270 1594 1309 cum
1648 1269 1758 1323 quo
1782 1254 2068 1324 participat

478 1364 761 1415 errorem,
809 1357 1065 1403 aeternam
1115 1348 1488 1403 retributionis
1538 1361 1659 1401 cum
1687 1360 1755 1401 eo
1808 1347 2067 1400 sortiatur

482 1442 762 1507 ultionem,
795 1441 919 1511 quia
948 1460 963 1496 :

578 1531 698 1601 lps'e
723 1531 914 1598 jubere
954 1533 1124 1595 nefas,
1152 1533 1266 1600 ipse
1294 1534 1609 1601 perhibetur
1638 1547 1842 1594 amare.

675 1602 775 1668 Qui
810 1603 1099 1672 prohibere
1132 1602 1295 1665 valet,
1326 1619 1428 1656 nec
1457 1604 1743 1669 prohibere
1774 1602 1937 1657 volet.

476 1720 677 1777 llnrum
708 1731 763 1778 et
792 1722 1049 1777 similium
1076 1724 1567 1793 prmvaricatricem
1618 1724 1968 1780 clandestina:
1994 1729 2065 1782 si-

473 1814 1075 1883 ruulatiouisperuitiem
1092 1813 1251 1867 simul
1279 1829 1401 1867 cum
1429 1814 1638 1882 publica
1668 1815 1948 1871 mundanae
1976 1818 2064 1869 de.

469 1905 779 1974 linquentite
795 1904 1088 1957 facinorum
1114 1904 1438 1971 contagione
1460 1903 1620 1957 debet
1645 1901 1894 1967 fideliter,
1910 1904 2061 1972 juxta

468 1997 566 2051 sibi
593 1995 856 2051 creditum
886 2008 1132 2063 superate
1161 1993 1399 2047 veritatis
1439 1993 1602 2047 div'ni
1653 1993 1861 2064 imperii
1892 1994 2062 2048 vicem

468 2095 524 2137 et
548 2085 837 2153 gloriosum
862 2080 1084 2138 terrente
1109 2083 1389 2153 potestatis
1416 2083 1762 2153 principium.
1797 2084 2065 2138 severitas

466 2174 775 2244 justissima:
805 2188 1062 2237 censura),
1092 2183 1145 2227 et
1176 2174 1503 2227 zizaniorum
1552 2187 1615 2227 ac
1648 2171 1967 2227 tribulorum
1996 2172 2065 2226 de

468 2280 600 2334 agro
619 2264 861 2319 cordium
880 2263 1304 2332 delinquentium
1337 2263 1622 2331 pessimam
1654 2260 2060 2317 suffocatioan

467 2353 706 2408 l'alcilera
733 2355 1127 2408 emendationis
1182 2352 1484 2408 succisione
1513 2352 1771 2407 radicitus
1794 2353 2024 2421 stirpare
2044 2394 2060 2418 ,

467 2452 629 2510 atque
658 2458 877 2498 vomere
902 2443 1125 2512 justitia:
1150 2452 1206 2497 et
1228 2452 1400 2497 rastro
1422 2444 1664 2498 veritatis
1691 2444 1970 2509 excolere,
2005 2452 2062 2497 ut

469 2535 716 2587 navalem
750 2534 978 2587 fructum
1011 2534 1129 2588 fidei
1157 2543 1213 2589 et
1250 2536 1550 2589 sanctitatis
1580 2535 1819 2588 creatori
1847 2550 1946 2588 suo
1968 2550 2061 2587 va-

469 2624 573 2677 Ieat
596 2637 902 2693 procreare.
937 2623 1060 2679 llaec
1088 2625 1278 2692 exigua
1306 2624 1467 2676 verba
1499 2624 1565 2677 de
1606 2624 1933 2677 exsecranda
1965 2624 2060 2693 hy-

470 2714 694 2782 pocrisis
726 2715 963 2781 nequitia
995 2715 1195 2767 dixis:e
1226 2713 1479 2767 sufficiat.
1536 2714 1668 2765 Nam
1698 2712 1763 2767 de
1792 2715 2055 2781 graviori-

468 2802 566 2856 bus
594 2802 805 2870 ﬂagitiis
833 2802 1154 2854 delictorum
1186 2802 1448 2854 disserere
1473 2816 1578 2855 non
1634 2810 1718 2855 est
1755 2817 1955 2856 meum.
1993 2803 2059 2856 ll-

466 2894 572 2949 lius
619 2908 832 2962 semper
875 2894 1152 2946 sententia:
1206 2893 1571 2947 recordabar:
1620 2892 1780 2946 Posui
1826 2894 1905 2947 ori
1947 2909 2057 2946 meo

469 2984 922 3047 custodiamdum
969 2985 1201 3038 consistit
1247 2994 1483 3052 peccator
1514 2983 1784 3036 adversum
1836 2999 1932 3035 me.
1990 2982 2059 3036 Ut

468 3092 571 3128 non
594 3077 829 3145 loquatur
854 3092 911 3127 or
935 3091 1115 3149 meum}
1139 3089 1296 3141 opera
1320 3072 1602 3124 hominum.
1636 3071 1728 3124 Ille
1770 3072 1947 3141 justus
1970 3072 2058 3140 ju-

469 3167 593 3232 dex,
618 3166 709 3234 qui
738 3174 820 3218 est
869 3150 1124 3218 mentium
1155 3162 1305 3217 testis
1333 3169 1389 3215 et
1426 3161 1761 3216 occultorum
1815 3161 2059 3229 cognitor

471 3257 583 3325 ipse
610 3264 711 3319 est,
745 3262 801 3310 et
828 3255 930 3308 erit
965 3254 1117 3307 bonis
1160 3255 1423 3306 bonorum
1457 3250 1507 3304 in
1530 3251 1857 3319 sempiterna
1888 3251 2056 3318 gloria

474 3348 781 3412 rctributor,
812 3356 867 3401 et
896 3346 1157 3400 malorum
1182 3342 1477 3398 secundum
1511 3341 1701 3394 merita
1727 3342 2059 3408 singulorum

474 3458 494 3493 κ
508 3441 850 3497 eracissimus
874 3439 1033 3492 ultor.

868 3527 1121 3584 .V.\LElill
1163 3524 1674 3583 NARllATIONES.

637 3621 889 3689 Superius
918 3628 1203 3673 memorato
1237 3617 1387 3671 Patri
1419 3627 1594 3671 nostra
1625 3615 1897 3670 Danadeo.

653 3732 677 3755 ἰ
708 3734 849 3772 anno
885 3731 1209 3779 QUERIMONIE
1249 3707 1513 3768 ριιεῖλτῐὸ
1553 3728 1882 3768 Discantms.

544 3809 630 3862 ‘29.
664 3809 801 3863 Dum
832 3807 961 3862 olim
1005 3819 1107 3874 ego
1157 3804 1557 3873 indignissimus
1605 3810 1859 3872 peccator
1902 3802 2060 3856 Astu-

474 3900 665 3955 riensis
692 3898 982 3968 provincia:
1029 3898 1299 3965 indigena,
1331 3896 1469 3950 intra
1500 3894 1879 3949 adolescentiae
1927 3902 2059 3947 tem—

474 4002 602 4062 para
655 3990 1018 4046 mundialibus
1068 3990 1335 4045 illecebris
1396 3996 1728 4056 occupatus,
1791 3986 2061 4055 lucri-que

473 4084 705 4139 terrenis
734 4084 967 4146 inhians,
998 4084 1151 4136 vanis
1182 4082 1476 4149 disciplinis
1507 4082 1765 4144 intentus,
1797 4093 1895 4147 per
1937 4078 2058 4132 iuli-

473 4191 588 4229 mas
629 4175 807 4229 stecnli
840 4175 1090 4229 tenebras
1112 4173 1138 4213 δ
1169 4190 1351 4228 curam
1384 4180 1573 4229 eoru‘m
1605 4172 1755 4226 frena
1787 4172 2022 4225 laxarem
2042 4212 2057 4238 ,

472 4269 650 4321 subito
672 4268 859 4337 gratis:
876 4267 905 4321 d
918 4268 1070 4321 ivinze
1089 4267 1288 4321 deside:
1304 4267 1355 4319 io
1374 4276 1592 4321 coactus
1606 4281 1701 4333 pro
1715 4264 2056 4333 adipiscenda

467 4376 638 4415 sacra:
689 4360 962 4428 religionis
992 4360 1304 4429 crepundia,
1337 4367 1448 4412 toto
1480 4359 1597 4411 uisu
1630 4357 1933 4423 mundivagi
1962 4371 2059 4409 sa:-

470 4453 575 4507 enli
624 4452 818 4506 fretum
868 4452 1207 4519 aggrediens,
1259 4452 1405 4505 velut
1453 4451 1665 4518 navigia
1715 4459 1935 4505 vectans
1989 4448 2055 4503 ad

2170 640 2390 680 saxeum
2433 627 2606 679 locum
2650 625 2759 679 Deo
2800 632 3068 679 sacratum
3101 624 3374 677 eminente
3422 623 3733 676 celsitudinis

2173 717 2225 769 in
2258 718 2455 771 montis
2482 717 2761 771 cacumine
2808 717 2988 779 situm,
3032 716 3100 768 ab
3144 715 3379 767 humana
3431 714 3741 768 habitatione

2169 807 2461 869 desertum,
2490 808 2806 861 austeritate
2853 807 3126 860 immensa:
3156 805 3462 859 sterilitatis
3493 815 3741 870 arentem,

2176 905 2382 951 cuncta:
2412 896 2441 934 ά
2471 898 2614 966 argis
2660 880 2927 950 densitate
2974 894 3280 957 detersum,
3330 895 3475 947 nulla
3531 899 3743 947 nemoris

2171 988 2484 1041 amoenitate
2528 996 2864 1051 vernantem,
2898 1000 3073 1054 neque
3103 986 3392 1039 herbarum
3439 985 3745 1039 fecunditate

2172 1079 2551 1148 conspicuum,
2583 1078 2813 1145 denique
2854 1086 3172 1131 cunctorum
3205 1076 3444 1145 undique
3474 1076 3743 1130 [labrorum

2170 1167 2300 1222 diris
2322 1167 2723 1221 imminentibus
2745 1165 2995 1234 procellis
3018 1165 3329 1234 impulsum,
3356 1180 3608 1233 smpeque
3630 1174 3745 1217 tem-

2171 1258 2393 1327 pestivis
2427 1272 2689 1327 aquarum
2722 1256 2998 1317 imbribus,
3033 1264 3197 1324 atque
3224 1256 3389 1309 nivali
3434 1256 3747 1309 immanitate

2171 1344 2447 1409 infectum,
2478 1347 2792 1413 cunctisque
2815 1345 2973 1399 simul
3001 1345 3360 1398 intolerabiﬁis
3391 1345 3593 1413 algoris
3619 1348 3743 1412 riga-

2172 1434 2320 1488 ribus
2349 1443 2691 1503 occupatum.
2724 1432 2965 1501 Cumque
2997 1432 3322 1487 infelicitatis
3354 1448 3489 1486 mea:
3534 1442 3614 1487 tot
3648 1435 3744 1486 cla-

2172 1524 2329 1578 dibus
2359 1524 2551 1578 crebro
2572 1538 2850 1577 ct‘ruerem
2874 1534 2896 1561 ε
2922 1523 3153 1591 experiri
3179 1522 3475 1590 miseriam,
3499 1522 3745 1592 simulque

2175 1615 2385 1668 cunctis
2415 1614 2626 1667 intuens
2656 1629 2832 1666 meum
2866 1614 3157 1666 infaustum
3188 1613 3431 1679 animum,
3478 1611 3637 1678 afﬂigi
3669 1629 3746 1681 pe-

2174 1705 2365 1771 uuriis,
2382 1714 2543 1772 atque
2567 1704 3015 1758 ineuarrabilibus
3032 1701 3449 1756 necessitatibus
3474 1703 3746 1764 eoarctari,

2171 1803 2362 1849 cuncta
2390 1794 2764 1862 aequanimiter
2791 1792 3028 1848 tolerans
3057 1792 3236 1845 animo
3262 1792 3621 1853 sustinebam,
3651 1807 3749 1845 me-

2100 1869 2142 1927 Β
2177 1894 2353 1951 tuens,
2382 1884 2610 1949 scilicet,
2642 1898 2707 1938 ue
2751 1891 2927 1952 empta
2958 1880 3259 1936 deserendo
3280 1923 3294 1945 ,
3330 1881 3515 1934 intima
3560 1891 3748 1950 repetis-

2172 1989 2308 2037 rem,
2342 1974 2602 2043 scriptum
2632 1980 2714 2028 est
2755 1974 2896 2027 enim
2926 1972 3052 2040 quia
3084 1985 3243 2023 nemo
3274 1984 3577 2023 re'rarstuu
3609 1972 3749 2023 auxia

2171 2064 2468 2131 contempti
2492 2064 2666 2117 vitans
2688 2062 2997 2117 discrimina
3027 2061 3208 2114 mundi
3231 2061 3525 2129 aspiciens,
3558 2061 3749 2113 salvan.

2168 2156 2267 2211 dus
2309 2156 2432 2222 erit,
2477 2170 2575 2210 nec
2621 2154 2782 2209 debet
2825 2160 3009 2206 arator
3055 2152 3275 2221 dignum
3321 2166 3459 2220 opus
3511 2166 3751 2205 exercens

2152 2246 2372 2300 vultum
2404 2247 2455 2299 in
2486 2259 2581 2299 sua
2620 2253 2769 2312 terga
2820 2251 3054 2323 vertere.
3102 2242 3309 2296 Crebro
3355 2242 3522 2309 igitur
3566 2252 3752 2295 astutus

2166 2340 2417 2395 inimicus
2460 2339 2526 2393 ad
2572 2336 2943 2406 decipiendum
2986 2333 3151 2389 variis
3184 2334 3618 2403 cogitationibus
3644 2334 3751 2386 διιιο

2168 2439 2278 2484 tum
2314 2439 2503 2498 pectus
2551 2430 2820 2497 exagitat;
2862 2426 3099 2494 graviter
3134 2424 3151 2463 τ
3184 2425 3330 2479 enim
3380 2425 3751 2485 resistendum,

2166 2529 2326 2588 atque
2350 2519 2578 2573 vitaliter
2605 2531 2881 2586 repugnari
2905 2517 3012 2569 lum
3056 2524 3138 2569 est
3166 2554 3180 2577 ,
3212 2531 3280 2569 ne
3307 2531 3469 2583 quem
3505 2525 3600 2569 aut
3628 2516 3753 2569 falsa:

2160 2607 2383 2677 justitite
2428 2608 2615 2663 umbra
2647 2607 2901 2687 decipiat,
2928 2618 3022 2660 aut
3052 2606 3255 2660 incerta
3288 2606 3565 2660 mobilitas
3600 2606 3754 2658 inutili

2164 2700 2380 2754 levitate
2426 2699 2711 2770 compellat
2735 2698 2903 2754 semel
2932 2709 3110 2767 empta
3138 2698 3419 2752 deserere.
3468 2708 3495 2745 ς
3542 2696 3754 2749 Maxime

2163 2792 2380 2861 quidem
2415 2792 2566 2846 labor
2593 2800 2695 2856 est,
2726 2807 2846 2846 cum
2875 2790 2945 2845 ad
2988 2790 3198 2860 fastigia
3224 2791 3369 2845 celsa
3399 2790 3750 2850 contenditur.

2164 2894 2265 2935 uec
2288 2889 2469 2950 potest
2496 2881 2561 2934 ad
2608 2896 2874 2935 summum
2904 2882 3113 2951 apicem
3156 2881 3457 2949 perveniri,
3489 2881 3591 2934 nisi
3623 2891 3753 2933 totus

2164 2974 2220 3027 in
2258 2988 2425 3043 opere
2453 2973 2677 3027 desudet
2719 2974 3007 3041 agonizans
3036 2973 3167 3027 dura
3197 2988 3318 3041 qua:
3346 2973 3620 3027 delicatus
3652 2972 3753 3025 aui—

2164 3079 2282 3119 mus
2311 3064 2483 3118 nescit
2508 3073 2787 3133 appetere.
2819 3066 2947 3117 Nam
2980 3063 3153 3133 prima
3180 3073 3263 3118 est
3292 3062 3474 3131 palma
3508 3064 3751 3124 vittnria',

2163 3170 2222 3210 se
2274 3156 2447 3226 ipsum
2496 3154 2829 3222 subjicienda
2873 3169 3153 3224 superare,
3208 3154 3253 3208 is
3300 3168 3467 3222 quem
3500 3154 3753 3224 usquead

2163 3254 2528 3315 contemptum
2560 3245 2750 3299 mortis
2778 3246 2899 3300 lidei
2929 3245 3099 3308 calor,
3133 3253 3189 3298 ct
3215 3247 3329 3316 spei
3362 3243 3564 3298 futura!
3595 3244 3755 3297 infra-

2166 3345 2312 3391 ctum
2347 3338 2512 3390 robur
2540 3336 2847 3391 armaxerit.
2876 3336 2931 3390 lu
2954 3338 3148 3407 quibus
3170 3338 3354 3392 verius
3376 3335 3635 3402 dixerim,
3653 3337 3753 3407 ipse

2163 3426 2341 3495 potius
2362 3426 2634 3480 dimicavit
2664 3435 2718 3481 et
2750 3427 2893 3480 vicit.

2232 3536 2318 3589 50.
2348 3536 2481 3591 CUm
2527 3535 2640 3591 haec
2681 3536 2857 3590 omnia
2906 3535 3117 3606 prolixo
3136 3535 3250 3605 jam
3282 3544 3558 3605 tempore,
3589 3537 3752 3607 opitu‘

2163 3632 2309 3684 laute
2340 3630 2585 3693 Domino,
2621 3630 2934 3691 tolerarem,
2980 3638 3103 3698 post
3143 3629 3551 3699 aliquaulonttn
3598 3645 3757 3681 annn-

2162 3738 2278 3775 nutu
2311 3722 2671 3788 intervallum,
2697 3722 2909 3776 tandem
2934 3719 3259 3787 Christiana,
3295 3722 3576 3783 videlicet,
3610 3722 3755 3787 mise-

2163 3815 2302 3867 ratio
2360 3814 2562 3883 pietate
2623 3821 2894 3867 commota
2959 3814 3124 3880 coepit
3180 3828 3239 3865 se
3293 3814 3499 3867 itidem
3554 3815 3752 3866 diversa

2168 3904 2191 3940 ιλ
2216 3905 2493 3971 utriusque
2520 3918 2679 3958 sexus
2703 3904 2842 3974 vulgi
2877 3912 3093 3957 caterva
3122 3902 3404 3958 coulluens
3435 3905 3750 3971 glomi-rare.

2163 3994 2290 4049 mihi
2320 4009 2536 4062 quoque
2559 3992 2755 4048 infelici
2784 3993 3112 4062 adjutOrium
3141 3994 3408 4063 prmbcre,
3439 3996 3753 4062 obsequium

2165 4084 2504 4154 impendere.
2553 4084 2638 4139 vel
2689 4084 2953 4153 stipendia
3000 4085 3330 4139 ministrare.
3364 4085 3620 4154 Cumque
3656 4085 3753 4152 ja~u

2162 4187 2375 4227 summa
2402 4174 2716 4237 neceSsitas,
2757 4175 3087 4243 suffragante
3135 4176 3349 4229 Domini
3382 4176 3617 4244 pietate,
3649 4190 3679 4227 v
3710 4191 3753 4227 r-

2166 4274 2371 4319 teretur
2401 4266 2453 4319 in
2486 4266 2846 4331 voluntatem,
2900 4267 3045 4322 illico
3091 4269 3378 4334 insurgens
3430 4269 3656 4336 quidam
3686 4266 3753 4320 \ir

2166 4356 2445 4419 barbarus,
2478 4358 2634 4412 valde
2666 4358 2904 4411 lubricus
2926 4367 2980 4411 et
3008 4358 3218 4413 cunctis
3252 4358 3580 4414 levitatibus
3607 4375 3751 4414 occu-

2167 4456 2341 4514 patus,
2364 4449 2577 4504 Flainus
2601 4450 2837 4515 nomine,
2863 4449 3104 4517 ejusdem
3133 4451 3430 4505 basilienlze
3461 4453 3752 4522 presbyter.

468 4528 867 4613 Compluteusis
897 4543 1130 4598 etenobii
1173 4543 1322 4595 laetus
1347 4557 1641 4611 properans
1672 4524 1703 4575 δ
1726 4549 2056 4595 transmeare
2088 4556 2137 4616 ο
2166 4539 2371 4607 antiqui
2418 4541 2585 4595 hostis
2632 4536 2863 4595 stimulis
2910 4542 3225 4609 instigatus,
3260 4543 3487 4597 invidia:
3536 4543 3754 4599 fascibus

464 4636 709 4689 immensi
735 4634 984 4689 desiderii
1032 4634 1226 4687 ardore
1257 4648 1570 4698 succensus,
1601 4640 1760 4700 atque
1792 4631 1951 4685 futuri
1971 4631 2055 4697 ju-

470 4728 597 4782 dicii
618 4728 810 4781 timore
832 4726 1169 4794 perterritus,
1190 4724 1461 4779 conlidens
1480 4722 1940 4792 percoufessionis
1956 4724 2057 4777 iter

471 4821 682 4873 tauletu
713 4819 778 4871 ad
807 4817 979 4871 lucem
1006 4816 1307 4884 pertingere
1327 4816 1589 4868 vcrltatis.
1617 4813 1719 4867 Sed
1748 4813 1869 4867 ideo
1901 4828 2053 4866 mun-

463 4912 588 4967 daui
639 4912 801 4964 ruaris
852 4910 1101 4965 ﬂuctibus
1144 4922 1453 4974 Oppressux,
1485 4914 1644 4972 atque
1676 4920 1737 4959 cx
1786 4903 2054 4957 diabolica

461 5018 606 5071 stupe
635 5001 921 5055 infestante
948 5000 1116 5053 flabra
1146 4997 1274 5051 dira:
1320 4996 1651 5065 tempestatis
1679 4996 1926 5063 prorellis
1955 5010 2050 5048 ex-

464 5097 671 5163 pulsus,
704 5093 1069 5146 desideratum
1120 5106 1225 5141 non
1270 5088 1411 5141 valui
1462 5089 1765 5157 pertingere
1814 5098 2049 5157 portum.

466 5185 799 5238 Necessitate
852 5180 1163 5249 compulsus
1214 5183 1352 5233 inter
1407 5180 1759 5233 Asmrizeusis
1817 5180 1959 5232 urbis
2000 5189 2053 5233 et

460 5276 623 5330 castri
674 5272 941 5343 pctreusis
988 5269 1236 5331 confinia,
1284 5271 1347 5323 ad
1400 5272 1565 5323 eremi
1615 5269 1824 5325 deserta
1862 5272 2041 5324 coul'u’

532 5462 553 5487 α
601 5450 751 5503 llnuc
782 5447 995 5515 prmfcrt
1039 5447 1250 5502 tilu'um
1299 5447 1481 5500 Codex
1527 5444 1687 5498 Gotlt.
1734 5444 2046 5497 Tuli-tantis.

461 5520 692 5572 (ἴητε-κρέξ
716 5520 876 5572 lensis
926 5535 1056 5571 vero
1089 5538 1101 5571 ε
1138 5520 1266 5571 Item
1304 5519 1444 5570 ()rdo
1485 5518 1797 5584 querimonic
1844 5518 2049 5581 prit'j'nti

462 5592 794 5643 discriminis.
830 5589 963 5643 Cum
998 5599 1177 5641 autem
1224 5589 1424 5641 nullum
1455 5588 1524 5639 sit
1554 5602 1643 5655 pr.
1666 5588 1829 5638 latum
1862 5587 2047 5639 dismi-

461 5678 598 5719 mon,
632 5662 876 5727 pre/utin.
910 5669 967 5712 ut
996 5659 1046 5712 in
1074 5658 1356 5725 Toletano,
1384 5658 1574 5711 melius
1604 5655 1781 5711 forsan
1815 5656 1974 5724 leges.

532 5733 555 5767 l'
591 5732 769 5791 Finit},
802 5746 960 5783 ftll'tt'.

530 5815 549 5837 ι’
586 5800 916 5852 Τναηδηιεαυὶ
944 5815 1134 5854 sensus
1166 5799 1418 5869 postulat.

527 5872 549 5907 ά
588 5872 819 5941 Λιῃὶιιιη,
854 5886 998 5925 tium.
1034 5871 1119 5924 Π.

2165 4632 2440 4702 magisque
2469 4648 2779 4697 succensus,
2810 4634 2950 4687 sicut
2982 4646 3098 4687 mos
3137 4633 3147 4669 ί
3187 4649 3489 4702 pravorum
3522 4645 3610 4691 est
3634 4634 3752 4688 iuvi-

2162 4722 2289 4776 dere
2319 4724 2455 4787 aliis,
2489 4725 2631 4793 quod
2665 4725 2758 4795 ipsi
2801 4726 3003 4780 habere
3046 4742 3153 4780 nou
3186 4736 3483 4797 appetunt,
3519 4729 3752 4799 ejusdem

2160 4814 2369 4868 invidiae
2402 4816 2637 4870 tenebris
2668 4828 2918 4884 caccatus,
2952 4819 3143 4873 insane
3172 4822 3427 4883 smviens,
3464 4826 3637 4893 carpit
3661 4822 3749 4875 ad.

2163 4924 2345 4962 versus
2361 4910 2707 4976 pusillitatem
2734 4926 2907 4965 meam
2933 4912 3057 4965 odia
3085 4915 3426 4978 machinare,
3451 4926 3624 4984 atque
3644 4928 3751 4970 creo

2158 5000 2251 5052 bra
2283 5001 2617 5067 prietendere
2648 5003 3054 5071 impedimenta,
3083 5018 3338 5072 sgepeque
3364 5004 3650 5071 jacturatu
3676 5005 3750 5057 iu-

2158 5097 2359 5141 cutere.
2396 5090 2525 5141 Cum
2560 5104 2686 5141 vero
2709 5090 3144 5158 quandoquidem
3176 5093 3243 5144 ad
3287 5094 3557 5149 eumdem
3588 5094 3749 5148 locum

2157 5178 2511 5230 conveniebat
2540 5188 2660 5232 cute
2680 5181 2950 5233 teterrima
2977 5183 3141 5249 (sicut
3166 5182 3433 5250 scriptum
3460 5193 3585 5239 est:
3611 5183 3747 5239 frons

2156 5267 2305 5332 pict‘a
2337 5269 2551 5335 nigrore
2584 5272 2801 5337 proprio
2837 5273 2849 5319 Ι
2888 5270 3270 5341 depromitur),
3306 5276 3524 5331 amictu
3576 5285 3749 5331 trucu-

2233 5453 2253 5476 ε’
2283 5444 2400 5497 Tol.
2437 5445 2541 5497 Gut
2571 5488 2583 5509 ,
2618 5448 2870 5512 expediri.

2232 5514 2245 5548 ί
2282 5516 2459 5567 Amen:
2495 5532 2831 5583 reponerent.

2226 5595 2249 5623 ι’
2283 5584 2397 5636 Ί’‹)Ι.
2413 5629 2424 5645 ,
2452 5585 2597 5638 Mari
2609 5606 2739 5644 mus.

2228 5652 2248 5688 δ
2286 5656 2401 5715 λὶς..
2437 5672 2702 5724 uirumque
2731 5675 2876 5711 sexu.

2231 5726 2242 5759 λ
2285 5724 2422 5798 :l:nl.,
2458 5744 2559 5793 pm:
2582 5746 2761 5791 orum;
2791 5732 3104 5795 C.:rrcc0tl.,
3134 5748 3442 5798 puerorum.

2234 5801 2250 5826 ‘
2280 5794 2403 5864 515.,
2436 5801 2705 5866 depromit,
2740 5802 2853 5853 sine
2880 5794 3215 5872 pat'cutltesi.
