3934 6228
203 303 292 356 ιιι

1637 301 1984 358 OPUSCULA
1996 341 2008 355 .

3341 314 3445 370 65?.

204 420 369 471 lentus
411 412 548 466 velut
592 409 893 466 smvissima
941 411 1114 466 bestia
1160 410 1410 468 frendens
1456 411 1624 481 magis
1660 428 1760 483 pro
1793 419 1840 476 Α
1870 413 2148 468 visibiliter
2193 412 2504 484 infatigabili
2531 414 2762 485 jugitate
2803 432 2890 473 me
2934 421 3107 475 acrius
3135 422 3448 492 impugnare

201 503 508 559 contumelia
539 501 914 556 sulrversiouis
943 516 1075 556 mea:
1103 501 1169 555 ad
1197 501 1442 556 eumdem
1466 501 1643 556 locum
1676 517 1765 556 ac-

200 596 439 656 cedebat,
469 609 625 662 quam
658 605 718 645 ut
743 608 934 662 pacem
964 593 1238 647 charitatis
1264 602 1360 646 aut
1387 592 1765 647 misericordia:

200 694 523 756 pronecteret
550 686 789 753 pietatis.
824 683 958 740 Cum
1002 684 1116 738 haec
1139 683 1281 738 enim
1308 683 1503 738 diutius
1534 699 1763 774 ageren-

200 785 303 838 tur,
333 773 458 842 cmpi
488 789 581 827 cor
610 788 791 826 meum
814 786 1044 827 mcerore
1071 781 1233 840 atque
1257 773 1514 842 angustiis
1539 773 1764 828 fiuctua-

200 879 273 924 re,
303 865 534 933 cogitans
558 862 798 930 qualiter
824 863 1018 930 possim
1045 863 1209 932 ipsius
1236 859 1414 917 aemuli
1440 863 1764 919 discordiam

201 961 395 1019 vitare,
438 963 598 1024 atque
638 955 784 1022 vulgi
841 954 1264 1023 inquietudinem
1317 954 1624 1021 declinare,
1679 956 1765 1011 vel

197 1058 404 1103 cunctas
433 1046 711 1100 illecebras
742 1045 901 1114 hujus
929 1046 1104 1100 szeeuli
1127 1046 1404 1115 impolluto
1426 1048 1562 1101 calle
1593 1058 1765 1102 trans-

198 1141 291 1193 ire.
339 1136 458 1192 Post
500 1137 612 1192 haec
638 1136 825 1205 itaque
848 1137 1061 1206 pietatis
1084 1136 1292 1191 Domini
1316 1138 1546 1192 conlisus
1567 1137 1763 1192 virtute

198 1229 245 1283 in
273 1227 593 1282 abditissima
637 1227 874 1294 antiqua:
910 1226 1213 1281 solitudinis
1240 1241 1328 1280 me
1357 1226 1558 1281 contuli
1599 1241 1760 1296 quam

208 1320 506 1388 iamrebam.
551 1317 799 1387 Cumque
829 1319 1023 1397 ibidem
1054 1319 1328 1389 aliquanto
1358 1329 1600 1388 tempore
1628 1321 1760 1375 soli-

198 1411 358 1462 larius
383 1424 773 1477 permanerem,
794 1424 891 1464 nec
905 1410 1026 1464 sica
1053 1425 1172 1464 mea
1202 1411 1580 1479 persecutione
1608 1412 1763 1481 quie-

196 1500 266 1552 vit
294 1499 400 1566 ipse
423 1497 530 1566 jam
558 1499 880 1566 smpediclus
903 1499 1408 1568 pseudo-sacerdos.
1435 1499 1565 1554 Nam
1590 1503 1756 1558 libros

195 1603 325 1656 quos
364 1587 423 1639 de
455 1586 591 1654 Lege
629 1585 839 1640 Domini
879 1595 934 1641 et
980 1596 1288 1664 sanctorum
1330 1588 1634 1658 Triumphis
1665 1607 1760 1660 pro

195 1676 546 1732 consolatione
568 1677 1019 1746 peregrinationis
1039 1693 1195 1745 mete,
1219 1688 1382 1748 atque
1404 1681 1759 1749 correptionis

1867 520 1966 575 per
2012 505 2168 558 unius
2217 505 2330 560 fere
2379 507 2502 560 anni
2550 507 2800 575 spatium,
2853 523 2946 562 seu
2992 503 3243 582 amplius,
3292 513 3449 567 aliter

1865 610 2074 648 summe
2101 595 2314 649 fortiter
2334 597 2623 665 agonizans
2649 612 2678 650 a
2707 612 2824 652 mea
2850 601 3200 657 subversione
3231 605 3449 671 penitus

1865 707 1972 746 non
2003 693 2244 746 recessit.

1941 779 2030 833 32.
2063 783 2192 834 Cum
2224 790 2401 835 autem
2432 797 2537 836 non
2569 798 2666 851 per
2689 784 2943 855 virtutem
2967 785 3263 841 tolerantia:
3289 802 3441 852 mem,

1865 872 1961 929 sed
1992 873 2174 942 potius
2203 889 2300 943 per
2326 874 2709 952 omnipotentis
2742 875 2952 929 Domini
2982 877 3206 932 terribili
3233 879 3444 932 fortituq

1865 961 2003 1016 diuis
2025 963 2392 1030 increpatione
2417 963 2630 1018 tandem
2651 965 2860 1032 fugatus
2878 966 3241 1032 abscessisset,
3257 967 3444 1020 videns

1867 1051 2054 1124 [enim]
2085 1053 2406 1107 saevissimus
2437 1055 2778 1109 adversarius
2809 1057 3040 1125 perﬁdia:
3069 1074 3178 1112 suze
3218 1068 3462 1137 conatus!

1865 1141 2059 1195 frustra
2081 1143 2349 1197 adhibitos
2379 1144 2596 1199 minime
2624 1145 2907 1213 profecisse
2935 1163 3030 1215 per
3055 1149 3444 1218 supplantatio-

1865 1247 1986 1285 nem
2019 1232 2333 1286 invisibilem
2359 1233 2708 1288 fraudulenta:
2733 1237 3042 1291 inclusionis
3072 1254 3202 1305 sure,
3226 1253 3443 1306 aggres-

1864 1335 1955 1373 sus
1983 1328 2060 1374 est
2091 1320 2350 1375 illustrem
2379 1323 2552 1376 virum
2580 1326 2798 1379 nomine
2827 1325 2845 1363 τ
2887 1328 3258 1392 liiccernirum,
3282 1344 3440 1396 quem

1866 1410 2014 1466 novit
2062 1413 2225 1465 etiam
2273 1413 2439 1480 ipsius
2475 1429 2596 1470 esse
2635 1417 2817 1484 prmdii
2867 1417 3170 1473 Dominum.
3201 1420 3442 1488 Cumque

1866 1501 1982 1568 ejus
2011 1502 2246 1556 vicinum
2295 1504 2612 1572 prmtulisst-t
2651 1505 2930 1561 imminere
2971 1508 3198 1572 obitum,
3230 1508 3441 1574 instiga-

1865 1591 1939 1643 vit
1967 1605 2088 1644 eum
2130 1599 2186 1643 ut
2210 1591 2380 1666 ipsum
2412 1593 2662 1660 exiguum
2693 1608 2868 1645 meum
2900 1594 3200 1676 destrueret
3228 1584 3436 1676 habita-

1864 1680 2059 1744 culum,
2090 1682 2232 1749 quod
2261 1691 2315 1736 et
2341 1661 2586 1752 protinus
2615 1682 2758 1739 fecit.
2791 1659 2962 1754 ipsulm
2995 1702 3222 1754 namque
3255 1659 3438 1740 statim

194 1766 488 1834 disciplina,
515 1766 598 1818 vel
621 1767 861 1819 scientia:
885 1766 1142 1820 industria
1167 1768 1281 1837 ipse
1307 1772 1751 1840 conscripseram,
1787 1768 1833 1826 B
1863 1771 2079 1826 dirttens
2125 1773 2416 1839 tugurium,
2461 1784 2516 1826 et
2556 1790 2641 1828 me
2684 1775 2842 1829 simul
2889 1786 3130 1830 ruentem
3176 1777 3325 1846 quasi
3371 1778 3439 1832 tle
3499 1788 3501 1791 ‘

197 1857 314 1908 mihi
345 1856 484 1923 prius
512 1871 630 1910 cum
661 1857 864 1923 ingenti
885 1858 1210 1935 contumelia
1234 1859 1486 1922 abstulit;
1517 1871 1760 1932 postmo-

195 1945 311 1999 dum
340 1961 480 2008 vero,
510 1946 553 2000 si
584 1961 682 2016 per
711 1947 878 2016 ipsius
908 1949 1330 2004 versutissimum
1362 1952 1760 2022 supplantatio-

199 2038 270 2090 nis
297 2037 542 2091 szcvitiam
565 2077 579 2103 ,
609 2036 653 2091 si
685 2047 868 2092 autem
902 2053 995 2107 per
1037 2041 1238 2095 actoris
1267 2043 1348 2096 sui
1379 2042 1578 2098 diaboli
1607 2044 1759 2100 insti-

197 2128 359 2194 gautis
387 2128 653 2196 peritiam,
685 2128 776 2182 ille
806 2130 953 2182 novit
982 2130 1068 2182 cui
1099 2131 1244 2184 nulla
1273 2133 1444 2186 latent
1469 2134 1754 2189 abscousa.

176 2216 317 2287 ,Nrm
345 2219 524 2271 crebro
564 2218 835 2271 latronum
875 2219 1160 2274 atrocitate
1207 2230 1472 2288 vastatus,
1503 2233 1560 2279 ct
1590 2239 1758 2294 usque

197 2307 258 2360 ad
283 2317 494 2360 mortem
525 2307 860 2363 diversorum
883 2311 1265 2367 seandalorum
1291 2314 1316 2340 "
1341 2313 1549 2381 injuriis
1578 2315 1756 2372 humi-

199 2397 365 2464 liatus,
394 2413 502 2451 cum
527 2412 662 2468 pene
690 2395 934 2454 extremo
964 2399 1213 2470 degerem
1244 2402 1457 2471 spiritu.

262 2490 344 2542 Si.
374 2489 910 2558 Comperienteshtcc
955 2490 1247 2545 fidelissimi
1296 2491 1584 2547 Christiani
1629 2509 1753 2548 mox

208 2589 545 2644 occurrentes,
564 2580 925 2635 licetinvitum
955 2580 1110 2636 linem
1139 2584 1330 2638 mortis
1356 2583 1752 2640 desiderantem

202 2677 260 2726 ab
286 2674 431 2740 hujus
471 2671 634 2726 eladis
677 2687 764 2728 me
792 2674 1081 2742 eripientes
1111 2674 1348 2743 periculo
1368 2716 1383 2740 ,
1416 2684 1470 2730 et
1498 2676 1550 2729 irt
1589 2692 1751 2746 supra

201 2772 478 2817 memorato
515 2773 760 2834 petrense
789 2774 966 2820 castro
996 2765 1197 2838 prtedio
1236 2765 1380 2834 quod
1412 2776 1754 2835 nuncupatur

204 2856 225 2891 ῖι
254 2854 572 2920 Eurunanto,
605 2854 674 2910 ad
722 2855 899 2909 aulam
943 2864 1250 2913 sanctorum
1293 2871 1462 2926 usque
1492 2858 1752 2927 perduxe-

201 2958 326 3002 runt.
365 2948 487 3004 Post
529 2949 639 3004 hace
689 2949 852 3018 igitur
900 2949 1137 3018 pristina:
1181 2949 1487 3004 solitudinis
1537 2951 1751 3005 solitam

202 3039 414 3106 quit-tem
443 3038 767 3105 desiderans,
794 3039 956 3108 erepit
985 3039 1160 3093 anima
1188 3055 1303 3093 mea
1331 3056 1541 3095 rursum
1564 3043 1750 3097 anxie-

203 3131 418 3184 tudinum
468 3130 724 3184 molestiis
771 3139 1040 3196 testuare,
1086 3140 1110 3168 ο
1153 3130 1363 3197 publica
1412 3131 1744 3188 habitatione
1773 3109 1819 3172 ε

203 3224 403 3276 horrens
452 3235 810 3292 pavescerem.
863 3221 976 3276 iloc
1023 3236 1146 3276 cum
1193 3237 1403 3276 summa
1451 3223 1743 3279 ambitione

200 3313 340 3382 elegi,
372 3323 424 3365 ut
452 3328 570 3383 erga
598 3321 781 3368 sancta
822 3312 1009 3367 altaria
1039 3328 1124 3368 me
1149 3314 1420 3382 ergastulo
1465 3315 1742 3384 mancipa-

202 3422 316 3470 rent,
344 3414 399 3458 ut
423 3415 474 3458 et
501 3406 693 3473 quietis
718 3403 1005 3460 solitudine
1023 3405 1252 3473 amplius
1281 3421 1386 3458 non
1409 3419 1654 3473 egerem;
1686 3414 1739 3459 et

201 3512 280 3564 pes
305 3512 444 3551 nicas
468 3497 879 3551 commotionem
902 3495 1036 3549 ultra
1064 3493 1090 3530 ιι
1118 3495 1248 3549 i'oris
1279 3496 1470 3560 exiret,
1502 3503 1662 3564 atque
1685 3504 1742 3549 ut

203 3607 282 3656 per
303 3590 404 3643 lucc
433 3595 691 3658 prmscnte
715 3597 737 3623 ε
766 3588 1032 3641 lautumiae
1059 3587 1288 3640 claustra
1320 3586 1387 3640 ab
1415 3595 1618 3642 interno
1649 3603 1743 3643 vo-

201 3681 377 3746 raginis
418 3693 628 3733 carcere
669 3693 755 3731 me
786 3676 1010 3731 dextera
1039 3675 1217 3730 divina
1245 3675 1572 3731 sustolleret.
1607 3675 1738 3730 Dum

201 3779 306 3837 post
328 3770 626 3836 impedictas
653 3778 869 3823 atroces
895 3769 1262 3822 discriminum
1292 3769 1537 3838 penuria:
1562 3768 1741 3823 novis-

200 3862 312 3913 sime
337 3861 454 3914 huic
484 3861 790 3915 habitacula
815 3861 1137 3928 quievissem
1169 3859 1220 3913 in
1242 3859 1481 3928 ejusdem
1511 3860 1740 3913 basilice

200 3952 369 4018 angulo
396 3953 646 4018 angustiis
676 3960 1005 4016 coarctatus,
1034 3952 1179 4006 velut
1200 3952 1254 4006 in
1285 3951 1474 4020 pelago
1505 3951 1620 4006 freti
1644 3967 1741 4004 na-

200 4042 264 4094 vis
303 4043 524 4094 natantis
551 4041 648 4096 sub
680 4041 914 4109 tegmine
942 4041 1134 4095 carina:
1161 4041 1213 4094 in
1245 4041 1584 4096 interiuribds
1611 4057 1736 4096 sen-

199 4133 304 4185 t'na:
331 4134 555 4187 tenebris
594 4134 881 4201 obligatus,
913 4133 1191 4188 mundana:
1236 4135 1568 4203 tempestatis
1605 4134 1739 4188 infe-

199 4225 429 4278 stantibus
460 4225 650 4288 ﬂabris,
683 4225 1042 4294 procellarum
1087 4223 1369 4280 collisione
1413 4224 1650 4289 attritus,
1683 4231 1738 4276 et

199 4316 288 4370 acsi
322 4316 631 4370 iutermediis
661 4317 777 4386 ipse
821 4317 1003 4371 satculi
1039 4316 1292 4370 fluctibus
1323 4331 1428 4370 non
1475 4314 1735 4384 perfecte,

199 4404 276 4458 sed
302 4406 375 4460 vel
402 4421 463 4461 ex
494 4415 641 4474 parte
680 4421 768 4459 me
798 4405 1184 4473 aliquantulum
1216 4405 1484 4474 recepisse
1520 4411 1577 4456 et
1612 4419 1732 4458 rur-

199 4511 274 4549 sus
310 4499 707 4567 congauderem,
758 4498 957 4552 dudum
1006 4497 1194 4567 adepta
1243 4497 1446 4566 quiete,
1497 4498 1731 4565 denique

202 4588 380 4643 invidus
401 4590 634 4642 inimicus
659 4589 1064 4658 antiquissimus
1092 4587 1281 4651 hostis,
1305 4588 1397 4655 qui
1430 4586 1530 4656 piis
1553 4588 1732 4656 operi-

202 4678 281 4732 bus
304 4680 363 4732 ab
389 4694 551 4748 angue
580 4681 762 4733 livoris
804 4678 1019 4734 malitia:
1047 4694 1156 4734 sum
1184 4687 1464 4748 permotus
1487 4678 1726 4731 innume-

203 4775 262 4825 ris
299 4776 472 4827 artium
517 4772 754 4846 pristinis
801 4773 1122 4839 indesinenti
1165 4771 1421 4826 conllictu
1467 4769 1733 4838 impedire

203 4874 413 4930 conatur,
440 4866 595 4934 cmpit
625 4866 788 4932 igitur
813 4863 985 4933 prima
1013 4860 1396 4938 congressione
1423 4859 1733 4916 certaminis

205 4955 247 5008 in
285 4959 532 5011 nocturnis
580 4958 813 5014 tenebris
854 4939 1090 5011 sonitum.
1117 4957 1245 5010 dira:
1277 4957 1427 5012 vocis
1456 4971 1616 5025 super
1646 4967 1732 5007 me

206 5044 366 5111 iugiter
406 5047 662 5114 ingentem
707 5049 988 5116 strepitum
1036 5045 1305 5108 circitare,
1357 5054 1416 5098 ut
1462 5060 1548 5098 me
1577 5044 1727 5111 quasi

207 5151 372 5202 pavore
400 5139 730 5208 perterritum
765 5138 918 5192 irrite
947 5144 1331 5192 commoveret.
1364 5137 1469 5190 Sed
1502 5152 1620 5190 cmn
1646 5151 1730 5188 me

208 5239 414 5280 eenreret
453 5231 501 5283 in
553 5230 749 5284 virtute
797 5228 1005 5282 Domini
1058 5227 1417 5282 conlideutem
1465 5242 1565 5280 suo
1622 5243 1728 5279 non

210 5333 336 5383 posse
361 5327 553 5372 terrore
583 5327 894 5382 concutere,
926 5318 1112 5385 insigni
1141 5317 1333 5372 furoris
1360 5315 1534 5370 denuo
1557 5317 1732 5369 insur-

210 5424 311 5475 gens
336 5411 617 5488 a:rocitate,
642 5408 1047 5479 aggregatisque
1083 5407 1401 5462 satellitibus
1430 5406 1539 5460 suis
1568 5410 1732 5475 empit

1762 4467 1807 4526 D

268 5547 286 5612 ζ’
313 5543 513 5601 Videtur
538 5543 896 5612 supplendum
927 5559 1057 5596 sum.

266 5605 288 5643 ¹’
315 5613 440 5677 Tol.,
471 5605 791 5669 Ebro-nauta.

268 5695 287 5718 ε
321 5685 502 5740 Forte:
541 5688 605 5738 lit
645 5703 756 5740 cum
804 5683 1058 5751 publicam
1105 5684 1468 5738 habitationem
1516 5687 1724 5740 [torrens

213 5768 496 5824 putaueram,
528 5759 622 5813 hoc
651 5773 761 5811 cum
783 5771 981 5810 summa
1020 5755 1292 5809 ambitione
1318 5757 1466 5826 elegi,
1492 5767 1593 5812 ctz'.

1861 1862 1998 1916 cmlo
2027 1860 2091 1914 ad
2122 1861 2324 1916 inferna
2353 1863 2685 1932 prolapsum,
2720 1865 2976 1919 iri-smculi
3005 1882 3215 1920 rursum
3256 1867 3436 1936 proje-

1862 1954 1935 2006 cit
1961 1952 2190 2007 theatro.
2224 1953 2291 2007 Et
2315 1952 2439 2008 dum
2470 1953 2524 2008 in
2554 1954 2742 2009 eodem
2773 1942 3063 2010 evolsionis
3087 1973 3218 2011 mete
3258 1959 3378 2014 locu
3403 1978 3433 2012 ιι

1867 2041 2114 2098 ecclesia:
2145 2057 2358 2098 sacrum
2395 2044 2654 2098 niteretur
2695 2054 3006 2101 construere
3032 2047 3302 2113 altarium,
3333 2051 3435 2106 hoc

1861 2131 2170 2206 [videlicet]
2198 2135 2389 2190 callida
2432 2124 2756 2204 cogitatione
2804 2139 2962 2208 elegit
3007 2140 3204 2194 inimici
3247 2156 3431 2211 perse-

1858 2225 2072 2294 quentis
2103 2227 2380 2290 instinctu,
2409 2235 2467 2278 ut
2496 2242 2581 2280 me
2614 2229 2766 2297 quasi
2795 2230 3140 2284 saacularibus
3170 2231 3434 2286 illecebris

1862 2327 2079 2387 captum
2105 2318 2578 2386 multisopulentize
2593 2319 3110 2385 stipendiisrlitatum
3136 2338 3234 2392 pro
3260 2323 3433 2391 majo-

1859 2410 1930 2463 ris
1956 2409 2118 2463 ruinze
2146 2408 2362 2463 interitu
2393 2408 2558 2478 ipsius
2582 2409 2825 2464 Ecclesia:
2853 2411 3124 2465 ordinaret
3153 2414 3429 2482 presbyte-

1857 2516 1994 2555 rum.
2025 2500 2290 2570 Scriptum
2312 2509 2394 2555 est
2421 2501 2563 2555 enim
2596 2518 2608 2553 :
2637 2500 2727 2555 Sic
2754 2500 2952 2571 quippe
2981 2515 3165 2555 servus
3185 2503 3432 2570 omnipo-

1858 2591 2019 2646 tentis
2072 2591 2281 2644 Dumiui
2322 2591 2514 2645 metuit
2557 2592 2889 2660 paupertatis
2932 2605 3043 2645 sua:
3088 2591 3428 2646 securitatem

1856 2679 2112 2748 perdere,
2143 2679 2283 2750 sicut
2311 2680 2458 2732 avari
2487 2679 2679 2734 divites
2723 2681 2900 2734 solent
2929 2681 3191 2749 perituras
3219 2679 3431 2735 divitias

1854 2771 2144 2826 custodire.
2180 2771 2246 2826 Et
2287 2771 2480 2828 iterum
2516 2789 2529 2825 :
2562 2769 2959 2825 Tribnlationem
2987 2785 3035 2824 et
3061 2773 3320 2826 miseriam
3347 2773 3430 2826 itt-

1854 2868 2060 2917 rorat-0.
2096 2863 2161 2918 Ut
2189 2863 2462 2934 quomodo
2490 2863 2664 2917 elatus
2686 2861 2898 2917 invocat
2921 2861 3084 2917 Deum
3113 2862 3191 2918 sic
3210 2851 3428 2916 sanctus

1852 2955 1934 3008 vir
1963 2964 2019 3010 et
2047 2955 2277 3012 bellator
2308 2954 2557 3018 invictus,
2600 2955 2664 3006 ad
2696 2953 3053 3008 exercendum
3100 2967 3161 3007 se
3205 2960 3260 3006 et
3297 2967 3446 3022 pro-.

1856 3043 2112 3106 bandum,
2147 3043 2547 3097 tribulationem
2575 3051 2631 3095 et
2659 3041 2926 3095 mi:eriam
2956 3041 3196 3100 invenire
3225 3040 3428 3096 deside-

1849 3143 1952 3186 rat.
1981 3132 2041 3186 Et
2064 3148 2275 3186 rursum
2303 3149 2316 3186 :
2343 3132 2545 3201 Exigua
2567 3139 2650 3186 est
2668 3131 2910 3196 ambitio,
2927 3139 2982 3185 et
3004 3145 3166 3199 parva
3191 3131 3425 3199 requies,

1848 3227 1933 3280 vel
1965 3225 2354 3278 delectamento
2398 3224 2555 3292 hujus
2607 3223 2810 3277 mundi.
2866 3223 2975 3277 Nec
3011 3222 3426 3291 comparandum

1848 3324 1932 3370 est
1965 3313 2125 3367 futuri
2171 3311 2629 3382 contemplatione
2671 3311 2940 3381 supplicii.
2987 3310 3162 3365 Nolite
3184 3324 3280 3379 per
3303 3310 3426 3365 vita:

1847 3405 2126 3474 przesentis
2146 3404 2305 3468 ma'a,
2333 3419 2430 3472 per
2450 3403 2859 3472 occupationem
2883 3401 3144 3456 modicam
3171 3401 3238 3456 ad
3263 3399 3422 3457 futuri

1847 3510 2058 3564 poenam
2089 3494 2370 3562 pervenire
2395 3491 2605 3560 judicii.
2634 3490 2768 3557 Quia
2801 3490 2905 3545 vita
2947 3505 3176 3559 praesens
3219 3489 3424 3544 vanitas
3494 3521 3496 3524 ν

1846 3599 1950 3652 es’,
1973 3597 2029 3642 et
2056 3584 2230 3641 honor
2256 3585 2418 3655 quiin
2447 3599 2508 3639 ea
2537 3585 2826 3654 suscipitur
2855 3583 3185 3654 temporalis,
3208 3598 3272 3638 ac
3299 3584 3419 3637 bre-

1846 3681 1925 3735 vis
1953 3679 2136 3733 rnuntli
2169 3678 2316 3733 istius
2341 3677 2716 3741 commoratio,
2741 3677 2893 3746 cujus
2917 3677 3108 3732 divitiae
3139 3678 3275 3732 sicut
3302 3692 3420 3731 ara-

1845 3785 1944 3823 nea
1974 3768 2356 3823 dissolvnntur.
2391 3767 2588 3822 Beatus
2617 3774 2793 3821 autem
2825 3768 2911 3821 ille
2941 3779 3019 3822 est
3049 3768 3134 3823 cui
3169 3771 3304 3824 Deus
3326 3767 3422 3822 tri-

1844 3859 1959 3913 bttit
1985 3866 2044 3913 ut
2065 3858 2438 3927 inculpabilem
2470 3857 2702 3912 animam
2729 3868 2752 3904 ις
2777 3859 2930 3912 istam
2964 3858 3148 3913 facturi
3180 3862 3417 3914 omnium

1845 3949 1954 4002 Deo
1982 3955 2286 4010 conservet,
2316 3955 2370 4000 ut
2396 3939 2570 4001 valeat
2597 3947 2838 4000 sincerus
2861 3963 2923 4002 ac
2955 3949 3208 4003 innoeens
3230 3958 3417 4018 poten-

1843 4041 1928 4092 ti;e
1972 4037 2111 4091 illius
2142 4038 2468 4106 proximare,
2498 4046 2555 4091 ut
2586 4039 2744 4092 tatem
2777 4055 2895 4093 eam
2943 4032 3193 4094 exhibeat
3227 4042 3415 4093 imma-

1840 4131 2094 4198 eulatam,
2125 4130 2300 4200 qualis
2333 4129 2401 4184 ab
2445 4145 2512 4184 eo
2558 4130 2682 4184 dum
2732 4133 3091 4200 susciperetur
3133 4132 3278 4185 illata
3311 4140 3411 4188 est.

1839 4219 1970 4274 Nam
2002 4220 2167 4276 miser
2197 4219 2288 4276 ille
2317 4236 2483 4275 vanus
2511 4231 2565 4274 et
2593 4237 2792 4276 vacuus
2822 4222 2982 4274 homo
3004 4222 3092 4290 qui
3123 4222 3235 4275 vult
3257 4224 3416 4277 modo

1839 4310 2004 4363 lmtari
2023 4310 2074 4363 in
2101 4310 2320 4373 smculu,
2345 4310 2753 4379 etpostrnodum
2779 4309 3009 4378 gaudere
3029 4326 3152 4366 cum
3176 4312 3411 4366 Christ».

1843 4405 2054 4460 Beatius
2083 4413 2166 4459 est
2192 4405 2390 4474 quippe
2419 4404 2642 4458 liberum
2673 4404 2822 4458 exire
2866 4419 3024 4473 quam
3055 4413 3176 4474 post
3204 4404 3412 4460 vincula

1835 4497 2137 4553 libertatem
2169 4513 2426 4566 quaerere.
2461 4496 2646 4551 Melius
2673 4498 2813 4551 enim
2843 4507 2924 4552 est
2954 4497 3275 4552 laboriosam
3305 4495 3410 4548 du-

1835 4606 1959 4646 cere
1989 4591 2174 4652 vitam,
2203 4605 2362 4657 quam
2395 4589 2774 4644 abstinentiam
2804 4589 3014 4642 trahere
3044 4589 3407 4644 criminosam.

1836 4680 2022 4736 Potius
2073 4682 2386 4750 plerumque
2434 4689 2516 4735 est
2562 4679 2962 4749 peregrinantes
2999 4686 3160 4747 atque
3191 4687 3413 4746 egentes

1836 4772 1902 4826 de
1950 4773 2052 4826 hoc
2097 4771 2296 4825 smculo
2338 4771 2596 4840 “migrare,
2645 4784 2803 4838 quam
2853 4785 2949 4835 per
2995 4768 3212 4823 divitias
3255 4770 3413 4836 hujus

1835 4864 2018 4917 mundi
2066 4863 2313 4932 laqueum
2369 4863 2566 4917 erroris
2616 4861 2912 4916 incurrere.
2967 4861 3162 4916 Crebra
3191 4861 3407 4930 quidem

1835 4954 2063 5022 pullulat
2092 4954 2398 5022 cupiditatis
2425 4951 2602 5005 saeculi
2632 4951 2818 5019 ingens
2846 4951 3094 5004 insatiata
3118 4950 3408 5013 voracitas,

1833 5043 1928 5095 sed
1974 5056 2162 5110 magna
2195 5050 2250 5095 et
2281 5040 2558 5094 laudabilis
2586 5048 2667 5094 est
2699 5038 2912 5108 pietatis
2946 5038 3152 5092 Domini
3201 5037 3410 5090 miseri-

1832 5134 2035 5198 cordia,
2058 5133 2148 5201 qui
2178 5140 2400 5186 cunctos
2422 5131 2472 5185 in
2495 5148 2553 5186 se
2576 5139 2851 5199 sperantes
2869 5129 3127 5183 crcbrlori
3151 5125 3409 5180 custodite
3459 5112 3464 5118 ’

1833 5234 2077 5294 proteget
2105 5240 2254 5290 cura,
2284 5233 2339 5277 et
2380 5240 2637 5292 pauperes
2666 5238 2790 5276 suos
2813 5221 2879 5274 ab
2909 5218 3272 5289 oppre~sionis
3300 5233 3402 5271 sa:—

1833 5318 2044 5370 vissima
2079 5316 2302 5368 relimet
2329 5315 2570 5382 penUrit,
2599 5329 2714 5381 qua:
2747 5311 3040 5380 potentium
3075 5310 3140 5362 ab
3168 5323 3290 5362 arce
3312 5321 3405 5359 su-

1835 5408 2030 5478 perbiae
2060 5407 2256 5474 dejecit
2285 5386 2562 5461 insaniam.
2596 5405 2656 5457 Et
2686 5415 2744 5459 ut
2786 5405 2945 5475 C(Bpli
2976 5404 3237 5458 sermonis
3262 5399 3397 5455 ordi.

1901 5538 1925 5578 δ
1955 5539 2259 5602 Carrace:l.,
2295 5542 2451 5610 fores.

1907 5624 1928 5649 ο
1963 5613 2236 5663 Lautotuia
2274 5608 2420 5662 navis
2448 5608 2673 5675 spetiies.

1912 5682 1926 5718 τ
1962 5683 2104 5742 ’1“‹›Ι.,
2146 5683 2489 5733 Iit'rrimt'rttm.

1907 5765 1929 5802 ε
1966 5753 2123 5808 Forte
2153 5753 2336 5805 tnvlitts
2369 5752 2460 5804 ita.
