3934 6228
504 396 609 450 “5

1769 386 1825 440 S.
1869 384 2139 438 VALERII
2183 382 2468 438 ABB.\T|S

3636 377 3730 432 ιιι

505 526 625 565 nem
665 520 1051 579 percurramus,
1086 504 1403 567 dumsupra
1445 504 1765 551 memoratus
1796 495 2055 550 Reccimi-
2084 500 2123 553 Α
2158 485 3728 558 remevaderepestem,petulantiimportunitateimpndicus

506 620 595 657 rus
625 602 889 670 praefatam
916 598 1168 667 perlicere
1196 600 1481 647 conaretur
1504 588 1803 650 ecclesiam,
1832 587 2058 640 necdum

506 694 734 761 perfecta
765 688 1144 760 praedestinata'
1176 680 1584 735 coustrucliouis
1616 677 1832 739 fabrica,
1864 692 2057 743 repen-

506 784 615 833 tino
646 782 877 833 irruente
907 776 1118 829 interitu
1161 773 1260 825 huc
1289 778 1545 841 praesente
1574 764 1859 819 crudeliter
1886 764 2059 819 caruit

502 871 627 921 vita.
663 869 727 922 Et
757 867 1115 921 infelicitatem
1158 877 1326 914 meam
1374 860 1423 911 in
1474 856 1588 927 ipsa
1628 843 1767 923 sinpe
1818 853 2057 907 revoluta

501 959 711 1025 reliquit
742 954 1033 1021 naufragia.

569 1071 657 1123 33.
684 1067 813 1123 Cum
845 1068 1000 1134 igitur
1030 1066 1163 1118 inter
1202 1064 1311 1130 ipsa
1346 1058 1610 1126 lluctivagi
1640 1056 1815 1111 smculi
1849 1055 2057 1125 procel-

500 1168 668 1221 larum
699 1166 827 1219 freta
859 1166 1070 1218 demum
1099 1162 1310 1229 angoris
1339 1158 1656 1213 mmroribus
1682 1150 1918 1208 crebrius
1946 1162 2081 1199 ma»

498 1266 710 1313 ceratos
745 1258 938 1312 littoris
981 1258 1177 1308 niterer
1204 1253 1464 1318 attingere
1494 1256 1725 1315 portum,
1761 1238 2055 1294 vetustissi—

497 1363 616 1402 mus
642 1349 867 1416 denique
901 1346 1121 1398 aemulus
1148 1343 1317 1396 solita:
1346 1339 1557 1392 malitia:
1591 1333 1822 1390 concitat
1849 1327 2056 1391 odium,

495 1448 551 1492 et
598 1438 894 1491 novissima:
921 1422 1279 1490 subversiouis
1321 1437 1633 1485 consuetum
1666 1428 1925 1490 praeparat
1957 1418 2057 1469 im-

495 1529 872 1596 pedimentum.
934 1525 1105 1591 Elegit
1164 1535 1394 1589 namque
1442 1515 1820 1585 nequissimum
1887 1504 2057 1557 virum

491 1619 637 1673 falsa:
688 1615 1093 1684 nuncupationis
1140 1611 1351 1667 nomine
1393 1609 1623 1669 Justum,
1656 1602 1824 1655 founa
1857 1597 2059 1684 exigua:

491 1707 796 1777 pu~i|litatis
842 1683 1124 1762 tantillum.
1168 1718 1231 1757 ac
1276 1698 1560 1754 teterrima:
1608 1688 1827 1745 visionis
1876 1683 2059 1777 colore

492 1774 779 1851 barbarica:
818 1796 1047 1848 nationis
1075 1792 1388 1860 [Ethiopnm
1409 1830 1424 1855 ,
1453 1788 1781 1844 extrinsecus
1808 1782 1945 1834 enim
1977 1774 2053 1847 pi-

491 1907 585 1945 cea
619 1900 740 1944 cute
770 1890 922 1944 furvo
942 1888 1163 1943 sordens
1189 1888 1397 1948 obtutu,
1426 1885 1475 1937 in
1505 1881 1679 1937 cordis
1705 1894 1832 1931 vero
1856 1890 2048 1929 arcana

492 1982 689 2047 nigrior
717 1980 895 2033 existit
936 1979 1144 2046 penitus
1187 1992 1371 2031 corvo.
1409 1974 1646 2042 Corpore
1695 1968 1909 2036 quidem
1937 1965 2055 2019 exi-

492 2087 687 2141 guum,
734 2072 826 2124 sed
872 2071 1149 2123 criminum
1193 2067 1515 2121 facinoribus
1558 2062 1857 2129 copiosum.
1906 2056 2057 2109 llune

492 2170 679 2215 cautra
724 2159 1050 2219 voluntatem
1095 2172 1286 2220 meam,
1324 2169 1408 2206 me
1439 2151 1727 2221 perniciter.
1749 2149 2053 2211 resistente,

488 2250 869 2304 ordinaverunt
914 2248 1300 2317 presbyterum.
1350 2242 1450 2308 Qui
1498 2256 1593 2311 pro
1644 2239 1786 2292 nulla
1818 2237 1919 2289 alia
1948 2235 2056 2289 ele-

489 2340 668 2393 ctione
690 2339 755 2392 ad
776 2338 917 2392 hunc
939 2337 1177 2405 pervenit
1201 2335 1481 2398 honorem,
1506 2333 1604 2386 nisi
1623 2332 1745 2398 quia
1770 2344 1862 2398 per
1884 2320 2053 2395 ipsum

489 2430 788 2485 multifaria:
814 2429 1093 2485 dementia:
1124 2429 1501 2493 temeritatem,
1538 2433 1758 2494 propter
1786 2422 1890 2489 joci
1920 2421 2055 2473 hila-

488 2521 719 2584 ritatem,
748 2520 968 2573 luxuria:
996 2518 1283 2588 petulantis
1308 2503 1571 2570 diversam
1598 2512 1883 2580 assumpsit
1912 2524 2056 2578 scur-

488 2612 759 2675 rilitatem,
789 2619 949 2678 atque
976 2610 1188 2663 musica:
1216 2606 1631 2676 comparationis
1657 2605 1765 2657 line
1789 2604 2055 2655 mu'cente

486 2702 795 2771 perducitur
834 2710 969 2753 arte.
1022 2684 1123 2754 Per
1167 2714 1324 2767 quam
1373 2698 1656 2751 multarum
1702 2705 1723 2729 ³
1772 2694 2051 2748 domorum

487 2792 730 2845 convivia
760 2793 935 2845 voraci
982 2800 1324 2860 percurrente
1360 2788 1594 2853 lascivia,
1626 2785 1910 2841 cantilena:
1941 2798 2055 2837 mo-

488 2880 753 2937 dulamine
781 2881 1094 2950 plerumque
1124 2880 1379 2949 p~a||eudi
1419 2878 1641 2947 adeptus
1669 2885 1752 2932 est
1776 2874 2053 2928 celebrita-

488 2974 554 3026 tis
584 2972 724 3037 melo
740 2973 890 3026 liam.
934 2971 1057 3025 Post
1098 2972 1229 3023 lauti
1261 2970 1478 3023 honoris
1522 2969 1707 3021 insana
1750 2964 2053 3018 temeritate

488 3062 686 3130 injuste
712 3060 957 3130 adeptam
988 3050 1408 3122 nrdina'ionem,
1440 3072 1599 3111 ausus
1642 3064 1723 3110 est
1750 3054 1910 3107 etiam
1960 3067 2056 3120 per

489 3151 811 3223 hypocrisin.
836 3151 1209 3211 simulationis,
1241 3158 1481 3203 sanctam
1525 3156 1787 3202 temerare

488 3260 631 3298 nem.
664 3244 793 3311 Nam
819 3244 1029 3311 publice
1058 3244 1109 3296 in
1134 3242 1303 3297 oculis
1325 3242 1604 3295 hominum
1631 3256 1725 3307 per
1743 3237 2047 3293 simulatum

487 3336 722 3391 habiturn
754 3336 1029 3405 proferens
1056 3334 1417 3400 sanctitatem,
1450 3335 1502 3387 in
1533 3331 1753 3387 occultis
1784 3346 1909 3384 vero
1934 3329 2047 3383 dia-

488 3432 713 3485 bolicam
741 3435 1065 3499 operabatur
1094 3430 1448 3497 iniquitatem.

556 3543 640 3597 3t.
678 3540 803 3596 Pnst
832 3541 1175 3596 novissimum
1213 3540 1393 3611 itaque
1426 3538 1789 3594 subversionis
1816 3550 2053 3605 commo-

488 3634 806 3702 nitionisque
860 3648 990 3688 mea:
1043 3632 1372 3700 naufragium
1420 3631 1487 3685 ab
1534 3630 1781 3685 omnibus
1833 3626 2054 3681 relictus

487 3740 605 3777 sum
634 3725 799 3787 solus,
827 3732 883 3777 et
909 3739 938 3776 a
962 3723 1107 3778 nullo
1133 3724 1349 3792 capiens
1369 3722 1753 3777 consulationis
1774 3719 2051 3782 auxilium,

490 3813 590 3868 nisi
622 3828 783 3866 unum
812 3812 1178 3868 tantummodo
1207 3812 1377 3880 reperi
1399 3811 1620 3865 levitam
1656 3809 1860 3863 Domini
1900 3806 2055 3862 Chri-

488 3904 719 3958 stianum
750 3901 1136 3967 fidelissimum,
1170 3902 1320 3969 cujus
1346 3901 1592 3954 meritum
1617 3898 1934 3954 vocabulum
1960 3910 2054 3950 co—

490 3994 775 4048 mitabatur
796 4008 967 4058 suum,
998 3994 1213 4047 nomine
1239 3991 1591 4062 Simplicium,
1621 3992 1710 4059 qui
1738 4006 1857 4046 cum
1890 3990 2052 4043 nimia

487 4086 771 4142 dilectioee
817 4086 1090 4140 charitatis
1137 4100 1269 4140 mea:
1312 4086 1362 4139 in
1391 4100 1544 4141 suum
1574 4084 1844 4139 humiliter
1882 4082 2055 4137 susci-

489 4181 637 4249 piens
662 4179 968 4249 hospitium,
1000 4194 1226 4246 cumque
1254 4194 1372 4234 cum
1403 4192 1609 4233 summa
1636 4176 1937 4232 obedientia
1966 4176 2053 4229 fa-

490 4268 807 4323 tniliaritatis
832 4267 883 4322 in
909 4283 993 4323 me
1018 4268 1255 4340 studeret
1278 4269 1615 4336 obsequium,
1640 4276 1694 4320 et
1723 4282 1819 4319 nos
1844 4272 2051 4318 tantum

490 4360 597 4413 duo
629 4360 679 4412 in
728 4360 1038 4427 quotidiana
1092 4360 1331 4415 ecclesia:
1374 4372 1808 4429 permaneremus
1853 4356 2051 4423 officio,

491 4452 731 4505 incitavit
756 4450 985 4519 denique
1014 4452 1219 4517 invidus
1246 4451 1488 4506 diabolus
1512 4452 1681 4520 ipsum
1708 4450 2050 4517 sm;:edietunt

492 4540 777 4595 sacerdotii
799 4541 1165 4609 opprobrium,
1193 4549 1247 4593 ut
1272 4541 1428 4595 e'iam
1467 4554 1573 4609 pra:
1598 4540 1753 4592 nimia
1781 4538 2053 4592 invidiosae

492 4634 705 4687 malitia:
735 4640 880 4700 peste
906 4641 1092 4685 contra
1121 4647 1219 4685 nos
1247 4631 1335 4685 diu
1357 4631 1664 4685 machinans
1689 4630 1890 4691 odium,
1918 4629 2054 4681 mul-

493 4727 557 4779 tis
593 4724 1107 4793 supplantationibus
1159 4722 1361 4777 fallacis
1406 4722 1650 4798 amentia:
1677 4736 1787 4773 sua:
1816 4720 2055 4774 incutere

493 4816 749 4869 niteretur
773 4814 1221 4883 impedimentum.
1254 4802 1612 4875 Cum-autem,
1642 4812 1925 4882 adjuvaute
1954 4810 2056 4865 Do-

493 4906 659 4971 mino,
692 4904 910 4959 laedendi
955 4906 1108 4958 nobis
1138 4905 1336 4958 nullum
1367 4904 1630 4958 inveniret
1659 4909 2053 4971 argumentum,

494 4996 704 5049 flamma
732 4994 1006 5049 diabolicae
1028 4995 1322 5050 atrocitatis
1341 5008 1647 5059 succensus,
1679 4995 1730 5048 in
1759 5008 1930 5047 meam
1959 5008 2057 5062 pu-

496 5087 629 5141 blice
646 5085 1241 5153 insiliitcoutumeliam,
1255 5095 1308 5142 et
1328 5087 1518 5142 Crebro
1530 5102 1709 5142 coram
1732 5086 1912 5138 multis
1926 5084 2053 5138 mihi

496 5176 764 5230 infandum
794 5176 1154 5230 conviciorum
1189 5180 1437 5244 irrogavit
1461 5178 1791 5232 scandalum.
1827 5176 1879 5230 ln
1907 5182 2055 5228 tanta

494 5270 693 5323 exarsit
713 5266 979 5321 frenetica:
1001 5268 1217 5321 insania:
1242 5266 1505 5321 dementia
1533 5269 2058 5335 trueuleutus,atque

497 5361 636 5413 ἱείς-χι
661 5358 866 5429 licabile
908 5356 1183 5411 ebrietatis
1228 5356 1534 5410 temulentia
1584 5358 1836 5421 irretitus,
1873 5368 1930 5410 ut
1960 5372 2057 5409 rec

497 5468 525 5499 ρ
557 5452 659 5501 iam
692 5448 1304 5517 nocturnislemporibus
1318 5462 1399 5499 me
1416 5448 1745 5516 permitteret
1769 5464 1885 5503 esse
1912 5449 2059 5517 quie-

498 5553 627 5594 tum.
650 5541 779 5594 Nam
807 5520 930 5595 dt'im
954 5541 1037 5594 vel
1062 5549 1325 5594 nocturno
1353 5541 1561 5594 silentio
1586 5556 1668 5593 tne
1684 5541 1797 5610 ejus
1824 5543 2055 5599 conlide-

573 5709 593 5733 δ
626 5701 697 5755 Ita
727 5700 879 5756 Tol.:
910 5697 1214 5761 Carraccil.,
1241 5699 1546 5755 da’mouum.

570 5771 592 5806 δ
621 5770 690 5823 ltu
721 5772 870 5836 TUL;
897 5771 1133 5836 Curr’ac.,
1164 5774 1409 5838 patiatur.

2161 596 2373 649 semper
2393 594 2762 648 prorumpens,
2787 586 2841 630 et
2868 576 3223 630 mendicitatis
3265 590 3395 628 mete
3440 574 3725 641 hoSpitium

2161 671 2289 723 hora
2308 670 2612 723 refectionis
2631 668 2966 736 impudenter
2985 667 3190 728 adiens,
3210 683 3307 735 pro
3325 667 3590 718 charitate
3605 681 3727 719 cono

2159 757 2435 811 Solationis
2468 756 2595 809 mihi
2623 753 2932 809 furibundus
2954 754 3378 821 intulitjurgium
3411 754 3725 816 atrocitatis,

2159 853 2213 898 et
2240 845 2389 897 nobis
2412 846 2462 898 in
2490 844 2748 899 cliaritate
2776 834 3237 905 couvesceutibus,
3257 843 3344 903 ille
3360 844 3612 910 superbia
3642 857 3729 895 re-

2160 934 2322 989 saniae
2352 952 2458 988 sua:
2487 945 2646 1003 atque
2675 935 2933 988 ebrietate
2964 943 3215 998 vexatus,
3247 934 3392 999 velut
3420 934 3571 987 canis
3601 934 3728 985 iuvi-

2162 1022 2311 1087 dcns,
2354 1024 2567 1077 rabidus
2596 1037 2760 1091 super
2786 1010 3010 1074 nefanda
3038 1022 3298 1083 convicia,
3333 1020 3585 1075 frendens
3610 1022 3728 1074 sui-

2159 1114 2289 1165 dore
2318 1114 2552 1166 dentium
2572 1154 2585 1175 ,
2620 1126 2980 1182 spumansque
3008 1127 3101 1165 ore
3129 1111 3455 1181 lymphatico
3498 1113 3728 1164 baccha-

2161 1203 2368 1257 bundus
2388 1242 2401 1265 ,
2447 1203 2673 1271 propriis
2702 1218 2786 1257 me
2818 1204 3053 1256 lacerare
3082 1202 3323 1255 manibus
3356 1202 3529 1255 niteba
3544 1211 3645 1253 tur.
3676 1203 3730 1256 ln

2163 1301 2305 1344 tanta
2335 1292 2535 1346 exarsit
2557 1292 2661 1346 odii
2684 1294 2923 1347 caecitate
2945 1292 3244 1356 frustratus,
3273 1302 3434 1360 atque
3464 1292 3731 1346 invidiosa:

2160 1383 2409 1449 nequitia:
2456 1383 2664 1435 flamma
2708 1398 3014 1442 succensus.
3064 1391 3120 1435 ut
3163 1398 3259 1436 nec
3287 1392 3411 1437 ante
3441 1399 3731 1438 sacrosan-

2162 1481 2304 1524 ctum
2340 1487 2628 1539 pepercere
2659 1473 2924 1525 altarium.
2960 1473 3141 1541 Ibique
3173 1488 3257 1527 me
3288 1474 3619 1541 gravissimis
3650 1476 3733 1526 iu-

2158 1562 2311 1628 juriis
2329 1563 2474 1616 irrile
2488 1562 2785 1627 confusum,
2805 1564 2905 1617 nisi
2929 1563 3102 1617 fratris
3121 1565 3501 1618 intercessione
3518 1565 3731 1618 fuissem

2162 1660 2436 1721 exceptus,
2471 1652 2611 1705 ferro
2654 1667 2737 1704 me
2767 1652 2819 1705 in
2869 1662 3155 1723 conspectu
3203 1653 3491 1707 multorum
3524 1656 3735 1710 rabicns

2156 1720 2403 1806 jugulare
2433 1741 2747 1794 conabatur.
2780 1738 2905 1794 Post
2934 1720 3066 1794 ta'nti
3096 1740 3287 1795 furoris
3319 1743 3580 1795 insaniam
3612 1752 3734 1795 tan-

2086 1842 2125 1899 |3
2155 1832 2273 1886 dem
2300 1832 2502 1895 sedata,
2533 1833 2611 1886 sic
2640 1833 2868 1900 denique
2911 1832 2961 1885 in
3016 1834 3245 1886 amentia
3285 1848 3389 1885 ver.
3410 1848 3491 1898 us,
3524 1832 3735 1900 injustas

2156 1920 2512 1987 Susceptionis
2541 1920 2780 1975 ordinem
2812 1920 3031 1986 oblitus,
3062 1920 3262 1987 vulgari
3286 1922 3387 1973 ritu
3420 1921 3470 1973 ia
3500 1924 3734 1976 obscena

2158 2010 2429 2062 theatrioe
2460 2010 2679 2062 luxuria:
2710 2009 2969 2075 vertigine
2998 2008 3313 2073 rotabatur;
3345 2008 3470 2061 dum
3499 2010 3734 2063 circuiu-

2156 2099 2326 2153 ductis
2373 2100 2475 2153 huc
2523 2099 2752 2168 illucque
2801 2098 3049 2165 brachiis,
3091 2098 3195 2151 alio
3244 2098 3294 2150 iu
3343 2098 3460 2151 loco
3507 2099 3736 2153 lascivos

2156 2190 2484 2259 conglobans
2532 2191 2725 2259 pedes,
2756 2190 2993 2257 vest’giis
3025 2189 3459 2243 ludilxricantibus
3487 2190 3736 2247 circuens

2158 2279 2393 2349 tripudio
2420 2280 2751 2349 compositis,
2782 2288 2835 2332 et
2868 2278 3104 2331 tremulis
3132 2278 3401 2345 gressibus
3428 2278 3734 2343 subsiliens,

2159 2368 2363 2423 nefaria
2392 2369 2656 2423 cantilena
2689 2365 2976 2420 mortifera:
3015 2366 3321 2420 ballimatia:
3350 2368 3461 2421 dira
3493 2370 3733 2422 carmina

2162 2472 2382 2520 canens,
2432 2458 2705 2511 diabolicae
2765 2456 2928 2525 pestis
2965 2458 3250 2509 exercebat
3304 2457 3586 2510 luxuriam.
3646 2458 3739 2514 Sic

2154 2548 2353 2616 quippe
2381 2554 2679 2601 exazstuans
2709 2560 2916 2599 mersus
2944 2546 3085 2609 vino,
3128 2545 3437 2598 temulentia
3467 2547 3732 2614 sepu!tus,

2156 2646 2213 2691 ut
2246 2637 2427 2691 ebrius
2453 2634 2478 2673 δ
2511 2635 2815 2704 patiebatur
2840 2635 2981 2688 sitim
3010 2643 3066 2689 et
3093 2634 3324 2690 esuriem
3356 2650 3611 2699 vomens;
3638 2638 3735 2703 qui

2153 2741 2342 2781 somno
2381 2726 2609 2789 deditus,
2638 2724 3013 2792 desidiosoque
3039 2733 3256 2793 torpore
3284 2725 3589 2788 obvolutus,
3624 2740 3732 2779 non

2152 2826 2270 2873 erat
2296 2817 2434 2871 inter
2460 2819 2650 2869 crebro
2670 2815 3023 2889 psallentibus
3053 2815 3261 2884 hymnis
3288 2814 3378 2869 Dei
3403 2814 3722 2868 ducentibus

2153 2918 2358 2963 noctes.
2391 2907 2668 2974 Nunquam
2690 2907 2823 2959 tales
2850 2912 3027 2974 pestes
3054 2905 3295 2959 Christus
3326 2905 3524 2959 habere
3543 2906 3730 2972 digna-

2156 3005 2238 3049 lllS
2265 3002 2347 3049 εει
2370 3009 2573 3048 BCI'VOS.

2223 3083 2311 3139 35.
2362 3084 2629 3138 Interdum
2685 3083 2750 3138 ad
2798 3081 3087 3137 infaustum
3134 3082 3311 3136 cordis
3358 3083 3464 3137 inci
3511 3083 3733 3138 crudele

1832 3143 2047 3245 ηεξιίείο-
2076 3169 2121 3229 C
2155 3176 2401 3232 maeroris
2432 3182 2793 3245 augmentum,
2826 3175 2950 3228 dum
2974 3190 3038 3229 ex
3070 3174 3256 3229 eadem
3284 3189 3444 3243 quam
3480 3176 3734 3245 pacti-itus

2154 3285 2269 3323 sum
2298 3268 2701 3337 opulentissima
2731 3267 2913 3331 domo,
2946 3284 3014 3321 ex
3041 3282 3168 3337 qua,
3198 3267 3334 3321 sicut
3370 3266 3603 3336 pridem,
3634 3266 3731 3321 de-

2152 3358 2462 3413 structionis
2509 3364 2792 3427 perpesSus
2836 3357 3040 3411 fueram
3087 3359 3525 3427 commotionem,
3574 3361 3644 3412 ita
3676 3368 3732 3413 et

2151 3448 2363 3503 solitam
2391 3446 2696 3501 refectionis
2724 3445 2916 3515 stipem
2962 3455 3125 3515 atque
3171 3448 3445 3503 charitatis
3476 3450 3730 3503 consola-

2155 3539 2355 3593 tiOuem
2385 3551 2527 3608 saepe
2554 3537 2905 3607 perciperem,
2932 3537 3111 3590 subito
3140 3536 3282 3604 regia
3327 3535 3522 3593 furoris
3548 3538 3732 3592 sa:vis~

2152 3630 2286 3683 sima
2316 3630 2553 3685 irruente
2589 3621 2853 3683 sententia
2875 3669 2889 3693 ,
2922 3629 3167 3697 protinus
3207 3639 3499 3684 memorata
3538 3631 3731 3685 domus

2153 3721 2206 3775 in
2235 3720 2565 3775 atrocissima
2597 3720 2959 3775 subversionis
2982 3718 3209 3773 mittitur
3228 3719 3541 3773 iastatione.
3574 3718 3732 3789 Ejus-

2153 3824 2258 3879 que
2285 3810 2486 3880 proprii
2514 3809 2757 3864 barredes
2775 3810 3146 3878 comprehensi
3176 3810 3511 3878 procerrima:
3556 3812 3734 3880 capti-

2154 3902 2332 3956 vitatis
2358 3899 2637 3955 dirissimis
2654 3901 2960 3968 relegantur
2988 3899 3211 3955 exsiliis.
3243 3899 3352 3969 Ego
3384 3915 3511 3955 vero
3540 3899 3734 3957 infelix

2153 4008 2259 4046 non
2286 3994 2461 4047 solum
2492 3990 2679 4045 inedia:
2703 3991 2994 4061 exiguitate
3038 3990 3315 4060 indiguus,
3345 3990 3439 4045 sed
3471 4000 3524 4045 et
3552 3992 3731 4046 subsi-

2151 4082 2242 4138 dio
2272 4083 2651 4137 consolationis
2696 4082 2981 4137 destitutus
3025 4084 3279 4147 remansi,
3321 4084 3597 4137 acerrima:
3628 4099 3731 4139 ne-

2152 4173 2417 4229 cessitatis
2440 4174 2669 4227 tabicam
2698 4172 2895 4228 ducens
2924 4174 3106 4227 vitam.
3141 4172 3270 4226 Dum
3298 4174 3459 4227 etiam
3499 4190 3729 4229 numero

2152 4268 2337 4335 viginti
2379 4267 2633 4322 continua
2660 4279 2922 4319 annorum
2956 4275 2979 4305 ε
3011 4266 3271 4320 immenso
3296 4266 3469 4335 spatio
3500 4268 3551 4321 in
3582 4282 3731 4337 stupe

2154 4362 2378 4434 prolatis
2405 4361 2687 4417 dirissimis
2714 4360 2838 4414 vitae
2865 4374 2999 4414 mea:
3026 4360 3275 4429 periculis
3304 4362 3495 4415 virium
3528 4363 3728 4416 robore

2157 4451 2417 4518 defessus,
2443 4450 2843 4519 fatiscentejam
2865 4464 3114 4517 corpore,
3140 4450 3375 4505 omnium
3403 4452 3731 4505 contritione

2155 4545 2517 4600 membrorum
2543 4542 2805 4597 tenuitate
2831 4542 3129 4608 confectus,
3151 4542 3407 4595 anhelans
3434 4541 3726 4609 degerem;

2152 4636 2365 4690 tandem
2396 4634 2567 4705 pietas
2594 4634 2793 4697 divina,
2820 4647 2941 4702 qua:
2969 4647 3238 4703 nunquam
3283 4633 3333 4686 in
3363 4648 3423 4687 se
3447 4640 3730 4702 sperantes

2154 4726 2508 4793 obliviscitur,
2536 4723 2775 4781 misereri
2803 4738 2967 4794 super
2986 4723 3191 4793 ignavia
3220 4722 3546 4779 infelicitatis
3570 4738 3723 4786 ineze,

2155 4815 2466 4884 respiciens,
2494 4830 2559 4869 ac
2602 4814 2787 4868 videns
2826 4814 3131 4881 exiguitatis
3173 4827 3303 4867 mete
3350 4812 3640 4875 miseriam,
3674 4813 3726 4867 iu

2157 4921 2379 4961 emnoso
2434 4904 2611 4959 saeculi
2663 4904 2873 4971 gurgite
2926 4901 3275 4964 suflocatum,
3331 4901 3727 4969 pra-destinavit

2156 4996 2689 5065 congruentissimum
2734 4993 2932 5047 aditum
2974 4986 3063 5047 ille
3104 4992 3220 5061 pius
3254 4991 3458 5055 Pastor,
3505 4991 3728 5060 quipro

2156 5088 2345 5142 ovibus
2372 5087 2482 5140 suis
2512 5083 2727 5138 tradidit
2754 5084 2983 5137 animam
3023 5098 3196 5149 suam,
3230 5098 3335 5136 non
3363 5082 3607 5150 despexit
3634 5096 3722 5135 ve-

2158 5178 2237 5234 lut
2279 5180 2346 5233 de
2386 5178 2659 5246 naufragio
2709 5175 3102 5245 profundissimi
3134 5177 3293 5229 maris
3329 5174 3587 5242 perditam
3617 5174 3724 5227 eri-

2157 5287 2285 5340 perc
2314 5287 2491 5333 ovem.
2523 5282 2578 5325 et
2606 5271 2670 5324 ad
2704 5271 2898 5324 littoris
2941 5284 3081 5337 srcpe
3124 5269 3485 5325 desideratum
3526 5268 3722 5337 perdu-

2158 5378 2283 5417 ci~re
2313 5373 2545 5432 portum.

2229 5451 2314 5505 56.
2350 5451 2413 5531 lno
2438 5451 2629 5505 finibus
2657 5448 2682 5487 ά
2715 5451 2854 5515 enim
2902 5450 3241 5518 Bergidensis
3287 5452 3541 5505 territorii
3590 5452 3729 5506 inter

2160 5557 2347 5597 czctera
2394 5544 2735 5607 monasteria,
2766 5542 2917 5611 juxta
2947 5542 3212 5612 quoddam
3232 5545 3542 5611 castellum,
3574 5547 3719 5614 cujus

2237 5711 2255 5733 θ
2292 5698 2432 5763 Tol.,
2466 5713 2674 5749 emcrso.

2230 5767 2253 5803 ⁸³
2289 5768 2446 5824 Deest
2468 5770 2600 5821 enim
2624 5770 2673 5822 iu
2698 5765 3011 5821 Currailcusi
3041 5763 3175 5819 Cod.
