3934 6228
220 329 309 382 H5

1605 328 1984 384 OPL'SCULA.

3298 351 3396 404 “'5

221 451 238 475 ι
265 444 470 488 vctus'tts
494 433 734 489 conditor
761 450 956 499 nomen
987 435 1150 491 edidit
1176 434 1201 472 ι’
1235 435 1498 506 Rupiana,
1525 447 1607 492 εει
1637 439 1737 491 hoc
1768 441 1812 498 Α
1841 440 2232 524 cognitionem,
2251 459 2476 514 cumque
2499 463 2594 516 pro
2620 451 2978 509 misericordia
3008 459 3152 526 regia
3177 461 3390 531 dispen-

219 536 555 592 niouasterium
594 536 733 590 inter
776 537 1112 594 excelsorum
1161 538 1368 606 Alpium
1415 540 1675 593 convallia
1706 555 1736 593 a

215 645 386 690 sancta:
423 636 677 690 memmize
725 637 1034 690 beatissimo
1077 636 1368 692 Fructuose
1389 636 1515 691 olim
1545 636 1736 690 funda-

217 739 328 789 tum,
358 727 401 779 in
442 740 542 792 quo
570 740 654 780 me
693 725 870 780 divina
900 728 1070 795 pietas
1099 728 1380 782 collocavit
1423 730 1735 797 perenniter

217 828 592 885 permansurum.
644 815 884 883 (Tumque
937 815 987 866 in
1030 814 1272 868 cellulam
1312 821 1470 885 quam
1501 816 1598 871 sibi
1625 819 1734 883 jam

217 907 365 958 dictus
390 911 589 955 sanctus
616 913 1012 970 praeparaverat
1059 906 1383 959 Fructuosus
1429 920 1514 960 me
1558 907 1734 960 denuo

215 995 506 1048 retruslssem
525 1032 541 1055 ,
572 1007 674 1046 non
705 994 934 1048 cessavit
971 995 1178 1049 invidus
1206 995 1449 1050 inimicus
1478 996 1735 1064 impedire

214 1082 504 1152 propositum
531 1082 816 1137 voluntatis
838 1098 988 1137 meat.
1012 1083 1285 1148 Namcum
1312 1085 1509 1152 ingenti
1543 1084 1733 1138 furoris

213 1176 443 1241 ingressus
467 1171 684 1240 strepitu
713 1173 910 1227 multas
935 1182 1118 1227 contra
1147 1176 1232 1228 me
1261 1175 1607 1227 tentationum
1639 1175 1732 1228 ad-

211 1261 355 1315 hibuit
389 1269 518 1313 artes
548 1261 805 1328 pessimas
831 1271 884 1314 et
914 1262 1258 1316 incessentes.
1296 1264 1528 1331 Denique
1554 1265 1729 1320 oranti

210 1351 338 1413 mihi,
360 1358 443 1404 aut
467 1349 820 1415 decumbenti,
848 1353 1040 1407 sedens
1065 1353 1131 1407 ad
1158 1364 1335 1423 caput,
1368 1364 1422 1408 et
1443 1370 1505 1409 ev
1537 1356 1731 1411 inlimis

209 1443 431 1496 intraneis
457 1441 560 1495 suis
589 1441 979 1510 pntidissimum
1011 1443 1374 1500 indesinenter
1396 1447 1729 1514 calidumque

208 1532 397 1586 naribus
420 1532 545 1586 meis
573 1530 852 1586 insufflans
868 1532 1091 1588 fetorem
1119 1535 1507 1590 intolerabilem
1525 1545 1579 1590 et
1605 1537 1730 1592 hor-

205 1621 418 1685 rendam,
454 1627 650 1674 etcum
701 1623 814 1675 haec
842 1622 1038 1676 diutius
1066 1633 1120 1676 et
1147 1632 1460 1677 cmtcrorum
1493 1625 1725 1683 diverso,-

204 1726 396 1780 rumque
437 1710 711 1765 tolerarem
741 1712 1002 1782 praestigia
1031 1715 1400 1778 tentalionum,
1432 1714 1507 1767 ira
1535 1714 1724 1769 furoris

203 1803 401 1857 vesaniae
423 1816 528 1856 sum
553 1812 874 1868 commotus,
910 1811 1110 1857 tantum
1145 1806 1440 1885 tonitruum
1460 1814 1514 1859 et
1548 1807 1593 1860 fr
1628 1806 1723 1858 mi-

204 1905 295 1948 tnm
317 1894 516 1948 terroris
539 1902 590 1948 et
616 1894 861 1947 tremoris
884 1895 1171 1950 commovit
1203 1904 1260 1948 ut
1283 1911 1407 1949 saxa
1441 1897 1550 1964 ipsa
1578 1897 1726 1964 quasi

200 1980 265 2033 sal
287 1987 598 2041 contereret,
631 1990 689 2034 et
717 1981 872 2049 longe
899 1981 1245 2050 dispergeret.
1281 1982 1490 2038 Etcum
1540 1999 1728 2038 cerne-

201 2087 294 2126 rem
318 2073 473 2141 ipsum
517 2073 876 2127 habitaculum
917 2089 943 2127 a
992 2073 1346 2130 fundamentis
1377 2079 1722 2145 commoveri,

200 2170 246 2229 ct
269 2176 410 2229 super
451 2177 533 2216 me
561 2171 807 2217 ruentem
839 2165 1014 2218 medio
1062 2167 1253 2230 noctis,
1284 2166 1401 2220 solo
1433 2166 1541 2222 Deo
1567 2178 1722 2233 testo,

199 2267 368 2319 pavore
392 2253 714 2320 perterritus,
762 2253 1034 2310 conlidens
1073 2255 1124 2308 in
1156 2255 1397 2319 Domino,
1431 2258 1723 2313 exclamavi

197 2341 390 2396 dicens:
421 2340 646 2398 Reeede.
690 2343 1041 2412 iniquissime.
1075 2356 1096 2383 ο
1129 2345 1253 2413 quid
1293 2346 1522 2402 destruis
1567 2358 1723 2416 tugu-

201 2429 313 2480 rium
338 2428 535 2482 meum?
557 2429 636 2482 Ab
666 2429 768 2484 hac
795 2445 927 2484 voce
955 2431 1196 2499 protinus
1219 2433 1479 2488 discessit.
1509 2433 1569 2489 Et
1597 2436 1722 2491 du'm

199 2532 278 2583 per
302 2517 400 2569 lucc
427 2525 474 2568 et
499 2517 654 2584 hujus
684 2516 878 2571 similia
907 2519 1092 2572 crebra
1123 2521 1396 2576 innumera
1422 2531 1478 2578 et
1507 2525 1718 2579 inenar-

198 2608 350 2659 raliilia
378 2615 716 2671 tentanienta,
744 2609 1040 2677 opitulante
1072 2610 1316 2678 Domino,
1347 2627 1434 2667 me
1473 2629 1719 2672 commo-

197 2713 232 2746 v-
252 2714 298 2750 re
325 2712 417 2750 non
440 2697 656 2765 valeret,
687 2697 900 2752 demum
929 2713 1209 2769 aggressus
1233 2704 1716 2772 pestilentissimmn

198 2789 336 2840 virum
371 2784 616 2841 lsidorum
664 2787 1057 2845 Astoricensem
1095 2792 1426 2861 episcopum,
1460 2797 1716 2864 supplan-

198 2886 293 2930 tans
311 2891 440 2942 eum,
489 2885 543 2930 ut
571 2892 676 2941 me,
711 2878 858 2946 quasi
887 2894 981 2947 per
1009 2879 1034 2916 ἀ
1067 2879 1411 2936 fraudulentze
1441 2885 1608 2940 laudis
1635 2887 1718 2941 in-

195 2965 428 3031 stinctum,
472 2966 537 3019 ad
579 2967 849 3036 publicum
892 2969 1164 3025 Toletanae
1208 2973 1352 3028 urbis
1384 2978 1718 3044 perduceret,

1841 528 2069 592 satione,
2101 540 2262 600 atque
2293 536 2551 590 bonorum
2580 539 2998 600 Christianorum
3025 528 3397 607 subministra-

1842 616 1985 671 tione
2013 620 2283 677 tribuisset
2307 625 2625 682 infelicitatis
2649 635 3018 690 meazsubsidii
3047 640 3267 707 stipem,
3310 643 3396 705 vel

1839 713 2024 759 cuncta
2053 723 2166 774 qua:
2194 721 2428 784 nostram
2461 723 2734 773 tuerentur
2761 724 3167 792 mendicitatem,
3195 729 3395 786 interea

1839 806 2055 861 propter
2082 795 2240 864 hujus
2269 806 2430 854 eremi
2454 803 2776 861 laboriosam
2804 815 3172 869 necessitatem
3223 819 3304 872 vir
3328 820 3393 873 il-

1837 879 2180 937 lustrissimus
2203 884 2496 944 Basilianus
2524 894 2942 953 subministranti
2972 902 3097 956 mihi
3125 905 3255 959 duas
3300 909 3396 963 de-

1836 970 1911 1024 dit
1956 969 1984 1008 ¹ι
2027 977 2347 1032 evectiones.
2395 978 2458 1030 Et
2489 989 2544 1034 ut
2579 997 2763 1051 aperte
2795 997 3032 1053 patescat
3057 991 3390 1052 fraudulenta

1835 1062 2078 1130 impietas
2103 1066 2170 1118 ab
2199 1066 2356 1134 hujus
2385 1072 2531 1125 cella:
2563 1073 2877 1143 habitantes,
2911 1091 3072 1148 atque
3105 1083 3320 1140 ultionis
3341 1094 3399 1142 et

1833 1149 2211 1204 misericordia:
2225 1152 2429 1208 Domini
2444 1173 2538 1225 pro
2551 1157 2857 1222 defensione
2879 1180 3165 1234 pauperum
3182 1160 3398 1228 suorum

1833 1237 1997 1292 virtus
2014 1240 2244 1307 pietatis,
2261 1243 2527 1311 aliquanta
2554 1247 2827 1306 diabolica:
2853 1254 3062 1309 invidizc
3083 1260 3399 1326 nequissima

1831 1341 2014 1396 opcra,
2043 1344 2158 1396 qum
2189 1334 2472 1388 novissime
2500 1347 2645 1405 gesta
2674 1350 2814 1407 sunt,
2855 1344 3087 1401 breviter
3124 1349 3398 1411 intimabo.

1903 1436 1989 1489 58.
2053 1438 2181 1491 Dum
2231 1441 2295 1495 de
2335 1446 2663 1512 supradictas
2719 1453 3023 1508 evectiones
3087 1455 3102 1494 ι
3149 1460 3397 1526 pra-fatus

1831 1527 2069 1582 minister
2097 1544 2242 1584 meus
2272 1529 2776 1592 Jiannesdiaconus
2828 1542 3055 1610 primum
3101 1549 3394 1616 accepisset

1828 1616 2110 1681 caballum,
2141 1635 2273 1673 unus
2315 1622 2381 1675 de
2422 1625 2720 1680 senioribus
2770 1631 2860 1700 qui
2887 1641 3003 1686 erat
3047 1634 3203 1704 hujus
3243 1640 3393 1693 cellae

1823 1708 2164 1773 pnepositus,
2195 1710 2498 1777 cupiditatis
2531 1715 2842 1787 invidi-nque
2871 1721 3068 1778 lacibus
3096 1727 3396 1781 inflamma-

1764 1774 1802 1830 Β
1832 1802 1933 1855 tus,
1959 1793 2119 1862 jussit
2148 1799 2326 1852 venire
2355 1801 2419 1853 de
2449 1803 2608 1858 domo
2635 1808 2926 1864 nativitatis
2948 1828 3076 1876 suae,
3103 1817 3195 1882 qui
3223 1818 3396 1886 ipsum

1830 1884 2090 1938 caballum
2115 1884 2368 1950 furantes,
2398 1889 2662 1946 ducerent
2690 1896 2739 1948 in
2770 1901 3087 1966 perditione.
3113 1884 3256 1958 Cum
3273 1921 3395 1960 eum

1829 1975 2198 2041 aggredientes
2221 1987 2345 2033 ante
2367 1995 2424 2033 se
2444 1980 2597 2049 longe
2614 1985 2903 2053 duxissent,
2921 1990 3114 2044 frustra
3129 2002 3395 2049 certantes

1828 2078 1931 2115 non
1977 2065 2271 2132 potuissent
2320 2083 2440 2121 eum
2473 2073 2952 2142 comprehendere,
2991 2078 3137 2145 justo
3181 2082 3393 2138 Domini

1820 2150 2041 2219 judicio,
2078 2155 2314 2210 caballus
2354 2159 2560 2214 solutus
2604 2177 2846 2218 reversus
2883 2174 2966 2220 est
3012 2167 3081 2221 ad
3135 2185 3263 2237 nos;
3316 2173 3391 2228 illi

1824 2256 1951 2296 vero
1981 2241 2236 2310 furantes,
2268 2249 2418 2301 vacui
2445 2259 2792 2317 revertentes,
2839 2256 3155 2313 invenerunt
3193 2270 3392 2318 terram

1823 2344 1970 2383 suam
2016 2334 2164 2400 gravi
2208 2337 2577 2402 persecutione
2596 2342 2865 2407 grandinis
2908 2355 3191 2404 vastatam.
3225 2352 3390 2406 Cum~

1822 2437 1926 2490 que
1956 2425 2244 2493 ctepissent
2271 2427 2547 2482 elaborare
2584 2431 2720 2486 unde
2763 2433 3071 2491 substantie
3119 2441 3385 2508 stipendia
3441 2496 3444 2499 _

1824 2523 2216 2579 recuperarent,
2247 2527 2501 2572 venerunt
2530 2519 2725 2574 diversi
2752 2521 3001 2588 latrones,
3030 2527 3118 2593 qui
3150 2539 3381 2596 quantos

1821 2603 2086 2656 habebant
2115 2607 2278 2658 boves
2307 2606 2617 2664 furavcrunt
2643 2629 2656 2664 :
2681 2627 2816 2681 quos
2847 2618 2986 2670 ultra
3018 2618 3256 2684 invenire
3276 2636 3382 2677 non

1822 2704 2124 2761 potuerunt,
2164 2704 2217 2750 et
2248 2698 2360 2750 sola
2409 2698 2512 2752 illis
2564 2701 2793 2758 dominis
2848 2709 3097 2764 et-servis
3145 2710 3313 2767 fames
3333 2722 3387 2768 et

1820 2783 2032 2836 miseria
2061 2785 2273 2839 mansit.
3111 2818 3114 2822 ι

1891 2873 1978 2927 59.
2009 2873 2135 2929 Post
2157 2876 2269 2931 haec
2292 2871 2421 2931 cum
2443 2879 2782 2948 supradictus
2809 2882 2886 2936 vir
2909 2884 3068 2939 alium
3099 2902 3196 2956 pro
3243 2904 3388 2944 mer.

1822 2967 1950 3018 cede
1980 2967 2242 3021 caballum
2273 2969 2425 3024 nobis
2450 2970 2702 3045 dedisset,
2727 2982 2784 3028 et
2813 2975 2947 3029 alius
2979 2978 3158 3032 senior
3199 2995 3384 3036 succe.

197 3065 242 3112 et
266 3055 372 3108 dum
396 3056 469 3110 sic
495 3057 702 3111 veniret
743 3058 1006 3112 immissus
1035 3061 1100 3114 ah
1125 3062 1362 3129 inimico,
1397 3073 1453 3117 ut
1483 3080 1566 3119 me
1596 3066 1714 3120 mit-
1747 3100 1790 3159 Ε
1822 3057 1951 3108 de“
1982 3057 2103 3112 Ιιυίο
2131 3060 2455 3114 ωοηθειθτίυ
2488 3062 2802 3132 llr-9903"“
2846 3067 3124 3123 οΓιίίηίιῑυε
3165 3069 3381 3137 MSS“.

195 3152 307 3197 teret
341 3143 388 3197 in
432 3145 801 3200 commotionis
843 3147 1113 3201 interitum
1142 3157 1196 3203 et
1226 3151 1451 3204 aliorum
1494 3152 1715 3208 fratrum

197 3244 216 3269 ε
239 3235 495 3303 pessimum
525 3236 878 3305 interrogaret
900 3239 1225 3304 scandalum,
1259 3251 1428 3309 recto,
1452 3244 1718 3309 videlicet,

193 3325 524 3392 omnipotentis
535 3326 740 3382 Domini
752 3327 976 3394 judicio,
991 3327 1159 3382 lacum
1178 3344 1334 3395 quem
1348 3331 1499 3384 nobis
1512 3334 1719 3400 aperuit

192 3410 283 3480 ipse
305 3425 506 3481 repente
539 3415 807 3482 ingressus
835 3425 918 3470 est
947 3417 998 3470 in
1041 3432 1124 3472 eo.
1156 3418 1261 3472 Nos
1291 3429 1469 3473 autem
1502 3421 1716 3489 reliquit

193 3504 402 3571 intactos,
442 3506 584 3559 illum
612 3522 738 3561 vero
778 3515 1064 3576 perpetuus
1093 3510 1372 3563 absorbuit
1399 3511 1637 3565 infernus
1673 3513 1714 3566 τ.

247 3613 321 3667 57.
351 3615 466 3669 l’ost
513 3617 626 3670 haec
648 3630 933 3684 pravorum
979 3617 1244 3686 ingressus
1279 3620 1462 3675 intima
1491 3616 1719 3691 pseudo-

191 3704 548 3765 monachorum,
578 3705 649 3758 ita
682 3705 1030 3761 inflammavit
1050 3708 1205 3762 corda
1224 3725 1407 3764 eorum
1449 3712 1717 3767 atrocissi-

191 3793 248 3847 mi
274 3793 436 3849 lihoris
464 3795 660 3849 invidia
681 3796 952 3864 odiorum,
976 3806 1029 3850 ut
1075 3813 1159 3852 me
1184 3798 1484 3854 voluntario
1501 3815 1717 3857 carcere

189 3883 502 3951 mancipatum
546 3884 613 3938 ab
663 3900 821 3938 omne
852 3887 878 3924 ε
928 3887 1146 3940 subsidii
1191 3887 1497 3944 fulcia-ento
1540 3891 1717 3945 dimit-

191 3977 336 4024 terent
371 3971 696 4027 derelictum.
740 3971 870 4026 Cum
925 3973 1014 4028 ille
1061 3974 1396 4031 advrrsarius
1455 3979 1712 4034 bondruia

192 4074 394 4128 operum,
419 4063 774 4133 supradictum
794 4080 970 4118 meum
998 4081 1081 4121 me
1105 4069 1356 4133 atrociter
1392 4085 1715 4140 persequens

189 4150 405 4218 detegens
432 4152 743 4220 dissipasset
774 4156 1064 4224 tugurium,
1095 4156 1172 4211 sic
1195 4156 1496 4212 induratum
1515 4171 1598 4213 est
1619 4178 1714 4215 cor

190 4240 418 4292 eontniab
437 4241 544 4308 ipso
567 4242 806 4306 inimico,
830 4244 1050 4313 zeloqne
1078 4245 1288 4301 invidia:
1310 4246 1709 4318 inflammatum,

190 4339 236 4384 ut
257 4347 340 4402 pro
366 4333 561 4402 integro
591 4335 806 4389 triennii
839 4336 1054 4390 evoluto
1080 4337 1273 4404 spatio,
1308 4339 1452 4392 nullo
1486 4355 1580 4406 pro
1623 4357 1710 4395 re-

1823 3159 2050 3213 cuinque
2079 3149 2351 3213 praesentis
2380 3150 2502 3202 anni
2536 3158 2776 3220 tempore
2803 3155 3007 3216 messis.
3031 3157 3155 3211 dum
3185 3163 3382 3215 calum~

1824 3234 1935 3287 nias
1958 3250 2142 3288 eorum
2193 3252 2290 3304 pro
2341 3237 2648 3296 incursione
2685 3245 2950 3298 sustinere
2972 3261 3076 3301 non
3123 3261 3342 3317 possent
3365 3291 3380 3315 ,

1821 3325 1919 3390 ipsi
1959 3326 2148 3380 caballi
2199 3329 2484 3398 compediti
2533 3342 2834 3400 pascerent,
2881 3345 2936 3390 et
2959 3338 3081 3405 quia
3136 3341 3234 3394 sub
3279 3341 3378 3397 hoc

1821 3418 2146 3470 nionasterio
2174 3419 2402 3486 ingentis
2433 3422 2709 3490 prmcipitii
2752 3428 3071 3492 procerrima
3113 3429 3383 3498 profundi-

1823 3517 1900 3558 tas
1931 3516 2093 3574 patnt,
2119 3522 2274 3574 quam
2307 3524 2473 3576 pavor
2494 3521 2576 3564 est
2602 3513 2800 3566 homini
2827 3515 3052 3582 desuper
3074 3519 3377 3584 intueri,bic

1819 3613 1944 3650 vero
1991 3605 2146 3664 qticni
2195 3598 2422 3652 diximus
2475 3601 2655 3655 senio’r
2695 3603 2969 3660 diabolica
3018 3607 3225 3661 invidia:
3259 3609 3376 3663 zelo

1817 3692 2068 3742 atrociter
2098 3689 2455 3758 inﬂammatus
2478 3693 2726 3760 praecepit
2743 3694 2949 3749 occulte
2973 3695 3116 3765 ipsos
3143 3698 3378 3755 caballos

1815 3781 1889 3832 sic
1918 3779 2241 3845 .ompeditos
2269 3778 2319 3831 in
2346 3793 2505 3846 quem
2532 3779 2763 3835 diximus
2808 3782 3088 3839 discrimen
3136 3788 3376 3855 ι)ηεὶρὶ-

1815 3879 1929 3922 tare
1956 3873 2222 3925 deorsum.
2247 3871 2374 3936 Quis
2394 3873 2657 3926 :Bstitnare
2687 3882 2892 3940 poterat
2924 3883 2979 3927 ut
3009 3876 3090 3928 vel
3129 3892 3249 3930 ossa
3282 3892 3369 3931 eo-

1815 3978 1929 4015 rum
1965 3963 2012 4013 in
2047 3962 2180 4014 valle
2213 3962 2414 4028 integra
2462 3965 2838 4030 pervenirent?
2883 3965 3010 4026 Sed,
3039 3967 3124 4036 pia
3169 3967 3376 4022 Domini

1815 4053 2171 4106 misericordia
2215 4053 2579 4124 gubernante,
2628 4054 2697 4106 ita
2740 4055 2936 4108 inventi
2969 4067 3091 4110 sunt
3117 4058 3266 4120 sani,
3313 4067 3373 4112 ut

1813 4143 1951 4195 nulla
1980 4141 2030 4198 iu
2075 4143 2152 4196 eis
2195 4141 2522 4195 inveniretur
2560 4144 2766 4197 macula
2819 4155 2911 4197 aut
2936 4145 3247 4202 debilitatio.
3272 4145 3370 4201 llic

1810 4233 2251 4290 Considerandum
2281 4243 2362 4288 est
2407 4245 2662 4303 quantum
2713 4238 2880 4301 pietas
2925 4234 3100 4288 divina
3148 4235 3371 4290 hasini~

1812 4328 2088 4396 quissimas
2131 4325 2333 4378 animas
2384 4325 2435 4377 in
2482 4324 2669 4378 inferni
2719 4333 2971 4392 perpetua
3020 4327 3370 4396 praecipitahit
3417 4403 3421 4409 Ι

187 4424 330 4477 medio
372 4425 494 4479 mihi
539 4425 856 4482 adhiberent
894 4427 1156 4494 tegimiuis
1220 4429 1698 4498 cooperimentum.
1735 4441 1778 4496 υ
1808 4423 1979 4482 “lina.
2007 4419 2095 4488 (Ιυί
2127 4425 2247 4487 PO“
2280 4425 2421 4469 iam“
2450 4415 2722 4484 ΡΓιυθίΡίιίί
2750 4418 2901 4472 ruma
2941 4419 3126 4472 bruus
3161 4420 3366 4471 animi"

186 4509 368 4584 insuper
391 4518 606 4588 replevit
633 4518 815 4573 furens
850 4518 1017 4587 ipsam
1067 4519 1308 4573 cellulam
1341 4521 1581 4576 inimicus
1622 4523 1701 4577 iu-

188 4603 422 4658 tolerabile
457 4616 511 4659 et
561 4605 767 4674 insigne
825 4608 1082 4662 atrociter
1147 4610 1410 4662 voratrice
1470 4611 1698 4678 pulicmn

186 4703 321 4760 peste,
344 4711 452 4766 quae
479 4694 696 4751 thihens
721 4711 992 4765 cruorem,
1035 4696 1270 4752 efiiceret
1298 4713 1491 4766 corpus
1523 4715 1698 4755 meum

184 4799 292 4851 pene
317 4788 466 4842 totius
491 4803 779 4856 exsangue.
832 4788 964 4842 Cum
1009 4789 1091 4844 his
1111 4799 1164 4843 et
1206 4790 1462 4845 similibus
1491 4794 1701 4850 casibus

182 4872 333 4927 infelix
358 4877 525 4930 anima
551 4893 669 4931 mea
714 4879 1042 4947 pervenisset
1087 4897 1254 4950 usque
1279 4881 1342 4933 ad
1393 4880 1508 4934 linis
1545 4898 1699 4937 occa.

179 4975 306 5022 snm,
336 4964 559 5028 tandem,
598 4970 738 5027 sicut
791 4967 909 5020 linis
954 4967 1107 5035 hujus
1155 4970 1397 5036 npusculi
1442 4971 1693 5036 declarat,

181 5048 354 5104 intuens
400 5054 565 5124 pictas
623 5056 796 5111 divina
854 5065 1054 5110 tantam
1109 5059 1515 5114 necessitudinis
1565 5077 1696 5116 men

233 5211 252 5238 ⁸
277 5202 342 5256 lla
371 5206 522 5268 Tol.;
551 5207 792 5266 Carrac..
825 5217 1042 5262 vetustas
1071 5208 1221 5261 condi
1247 5225 1413 5262 orum.

231 5271 250 5306 "
276 5272 383 5346 Iul.
411 5275 596 5339 60th.,
627 5276 885 5344 Ret/iano;
911 5279 1106 5338 ceteri,
1139 5277 1398 5346 Rupiaua.

231 5353 250 5379 ε
276 5340 401 5415 τυι..
424 5347 528 5411 qui,
551 5340 752 5415 absque
778 5347 1149 5415 interrogantis
1167 5340 1314 5401 nota.
1341 5348 1456 5402 Tol.
1479 5347 1636 5402 Goth.
1668 5369 1682 5404 :

175 5411 257 5482 ριν
277 5411 485 5466 datrae;
513 5414 784 5467 cdiculam
814 5411 1143 5482 habitationis
1166 5419 1332 5470 mena?
1368 5417 1431 5470 Et
1460 5419 1636 5471 statim
1671 5438 1682 5471 :

176 5478 275 5534 Post
293 5484 391 5535 hac
408 5499 679 5554 pravorum
710 5486 986 5554 ingrruns,
1010 5478 1112 5540 etc.
1140 5487 1374 5550 Scilicet,
1398 5487 1466 5540 ibi
1497 5487 1689 5544 desunt

171 5553 986 5626 uncextLarracedensiCodice
1039 5563 1335 5624 sequuntur
1382 5571 1546 5626 usque
1590 5557 1683 5611 ab-

171 5621 328 5692 wrbgit
354 5623 604 5692 infernus.

223 5691 242 5724 ‘
271 5687 416 5760 Tol-4’
433 5692 752 5759 fraudulent'
774 5708 839 5744 ιη.

228 5770 243 5795 ι
271 5758 422 5825 Idem,
436 5758 808 5830 pessimorum.

1806 4513 1932 4566 lium
1963 4510 2252 4564 incolumes
2275 4508 2533 4575 propitius
2560 4508 2794 4561 servavit
2822 4508 3045 4562 animas.

1873 4602 1961 4656 40.
1997 4601 2120 4654 Post
2147 4601 2282 4662 haec,
2310 4598 2591 4665 instigante
2611 4599 2841 4664 diabolo,
2879 4601 2947 4654 ita
2973 4615 3157 4655 eorum
3182 4599 3356 4654 invida

1803 4695 1999 4749 exarsit
2032 4694 2245 4756 malitia,
2274 4700 2328 4743 ut
2358 4691 2651 4746 destinatus
2673 4706 2806 4744 unus
2837 4705 2905 4744 ex
2925 4705 3106 4744 eorum
3129 4693 3353 4762 collegio

1804 4784 2108 4854 praedictum
2135 4780 2389 4835 Joannem
2420 4781 2696 4835 diaconum
2715 4779 2989 4849 jugulavit,
3016 4791 3069 4836 et
3095 4793 3331 4838 mortuus

1802 4885 1898 4930 est.
2910 4925 2912 4927 ,

1867 4964 1951 5016 41.
1989 4964 2110 5017 Ihec
2140 4973 2325 5018 cuncta
2351 4970 2510 5014 tanta:
2542 4961 2944 5016 necessitudinis
2974 4977 3105 5016 mea:
3135 4964 3354 5031 penuria

1795 5059 1925 5114 citra
1958 5056 2095 5124 quod
2124 5055 2246 5108 alibi
2275 5055 2538 5107 vicenario
2561 5068 2818 5108 annorum
2849 5068 3067 5107 numero
3091 5066 3356 5107 memora-

1868 5218 1885 5255 ῐ
1920 5215 2201 5282 llucnsque
2221 5208 3008 5288 CAarracedensisﬂodex;_qu:e
3050 5215 3348 5288 sequuntur

1792 5289 1856 5342 ex‘
1886 5287 2016 5340 Cod.
2050 5278 2363 5350 transcripta
2393 5283 2531 5342 ’l‘ol.,
2560 5280 2645 5334 ubi
2668 5281 2859 5334 desunt
2881 5278 3182 5332 iinmediate
3203 5278 3341 5331 dicta

1790 5359 1858 5413 de
1883 5357 2102 5408 Isidoro.

1861 5437 1885 5472 κ
1912 5426 2001 5476 iis.
2032 5421 2332 5475 subsidium.

1860 5485 1884 5524 δ
1913 5492 2220 5554 Evictiones,
2253 5490 2347 5560 Ms.
2380 5487 2615 5560 Sumitur
2639 5487 2724 5540 hic
2751 5486 2955 5560 evectio
2982 5500 3078 5560 pro
3105 5493 3344 5560 equonut

1787 5564 1946 5625 infra,
1993 5571 2049 5614 et
2093 5565 2143 5613 in
2174 5553 2364 5613 concil.
2402 5573 2467 5609 vn
2498 5555 2641 5617 Tol.,
2665 5572 2782 5624 cap.
2817 5555 2867 5607 4.
2913 5553 3236 5618 Quinan’um,
3264 5553 3344 5606 in-

1785 5626 2514 5704 quit,numerabrevi-clima;
2541 5642 2642 5678 non
2671 5626 2915 5704 leg-cedat-

1858 5701 1870 5739 ί
1908 5699 2036 5760 Vide
2065 5701 2114 5753 i'n
2145 5699 2306 5768 ipsius
2339 5695 2477 5764 Vita,
2509 5711 2651 5751 nutn.
2686 5694 2772 5750 14.
