3934 6228
526 318 633 381 6η

1796 320 1853 373 S.
1898 316 2179 372 \‘ALlillll‘
2201 319 2480 375 ABBATIS

3650 328 3749 380 4S8

523 434 593 487 vi.
627 434 717 487 llic
740 433 915 502 itaque
943 432 1059 488 aliis
1094 433 1275 501 viginti
1303 433 1509 487 duobus
1524 418 1681 487 anuis
1718 432 1898 486 infelix
1927 431 2084 495 susti—
2111 435 2160 489 Α
2189 439 2340 486 tuens
2366 434 2690 500 expeditum,
2710 441 2868 504 atque
2887 438 3224 493 sccalarihus
3246 441 3513 495 exercitiis
3542 448 3744 509 aptum,

522 534 611 577 net
639 525 808 578 anima
839 539 974 579 mea.
1008 524 1081 577 De
1105 525 1376 577 innumera
1406 524 1767 589 discriminum
1789 525 2077 578 certamina

520 628 684 679 pauca
713 614 945 667 breviter
971 613 1353 681 comprehensa
1385 629 1489 667 non
1512 630 1595 667 tne
1617 614 1873 683 compulit
1912 624 2078 669 teme-

517 702 645 755 ritas
689 718 837 756 vana:
877 703 1059 771 gloriae
1090 702 1423 758 innotescere
1465 704 1691 773 prolata,
1739 704 1831 761 sed
1864 716 1920 757 ut
1946 722 2076 759 cun-

513 800 613 846 Clls
644 801 963 861 putesceret,
998 794 1085 863 qui
1113 794 1413 848 desiderant
1451 796 1501 848 in
1524 805 1707 850 saneta
1735 797 1991 864 religione
2011 797 2076 851 ad

514 881 795 936 Dominum
825 886 1065 938 converti
1085 924 1103 950 ,
1126 893 1319 953 quanta
1346 886 1452 939 sint
1486 885 1681 938 inimici
1713 884 1994 940 invidentis
2023 897 2078 940 et

510 974 880 1040 persequentis
923 975 1221 1043 perniciosa
1263 975 1558 1038 obstacula,
1600 983 1759 1043 atque
1800 976 2073 1033 hominum

516 1061 842 1126 perditorum
882 1062 1119 1118 invidens
1147 1064 1259 1117 dira
1294 1064 1609 1132 diversaque
1634 1067 1951 1131 perversitas
1974 1110 1988 1130 ,
2020 1078 2076 1123 et

507 1149 733 1216 qualiter
753 1152 1112 1219 perseveranti
1136 1153 1429 1207 certamine
1450 1153 1721 1222 conﬂigat,
1739 1156 1827 1224 qui
1849 1156 2074 1211 dederat

511 1256 521 1301 ι
545 1238 842 1294 almifcram
859 1230 1102 1296 obtinere
1120 1243 1427 1305 victoriam;
1458 1253 1512 1296 ut
1534 1260 1638 1296 non
1657 1244 1934 1313 prolixitas
1966 1247 2074 1301 fas-

500 1328 679 1383 tidiosi
703 1332 887 1398 agonis
916 1333 1096 1400 gignat
1136 1332 1523 1401 desperationis
1574 1336 1926 1403 torporiosam
1955 1354 2070 1390 am-

508 1418 837 1493 liiguitatem,
861 1424 955 1477 sed
978 1424 1136 1477 timor
1167 1424 1374 1479 Domini
1425 1436 1479 1481 et
1509 1427 1625 1494 ejus
1672 1428 1951 1495 judicium,
1990 1438 2069 1483 at~

500 1525 605 1575 que
627 1526 749 1579 spes
776 1514 895 1566 vita}
917 1523 1148 1578 πίει-ηαξ,
1180 1517 1471 1570 strenuiter
1498 1532 1619 1570 eum
1643 1519 1954 1573 corroboret
1983 1537 2070 1575 us-

501 1615 610 1665 que
626 1616 689 1654 -ιιι
718 1601 895 1655 linem.
944 1602 1094 1657 Unde
1115 1603 1396 1658 infelicitas
1424 1621 1541 1659 mea
1574 1622 1679 1661 non
1702 1617 1877 1662 cessat
1912 1609 2062 1679 pium

505 1690 781 1758 deprecari
812 1689 1204 1759 Dominum,-ut
1230 1697 1355 1749 mihi
1386 1712 1551 1767 usque
1576 1698 1642 1753 ad
1668 1700 1907 1754 ultimum
1946 1703 2063 1757 vita:
2084 1718 2105 1735 θ

2178 522 2425 575 constitui
2447 536 2567 576 eum
2588 536 2806 592 operum
2836 540 3088 579 manuum
3118 543 3351 581 mearum
3400 530 3743 597 prodempto-

2178 624 2310 673 rem,
2342 610 2681 680 alimentique
2700 614 3083 691 stipendiorum
3108 618 3515 672 necessitudinis
3543 626 3740 670 nostra:

2177 713 2298 752 esse
2334 700 2657 754 ministrum.
2696 702 2938 771 Cumque
2970 704 3022 758 in
3052 706 3282 773 quodam
3316 707 3511 774 ιιι-εωίο
3534 704 3717 773 fruges

2179 796 2477 856 ceteraque
2505 789 2879 844 alimentorum
2905 788 3136 847 subsidia
3174 796 3504 849 sullicienter
3558 797 3614 849 in
3644 811 3742 850 suo

2178 878 2498 945 reposuisset
2524 879 2774 948 hospitio,
2803 882 3033 950 quodam
3056 884 3160 948 die,
3183 884 3307 937 dum
3330 886 3394 938 ad
3412 901 3531 938 eum
3552 900 3742 959 quem-

2174 966 2293 1020 dam
2333 967 2597 1023 fratellum
2627 970 2825 1025 oblitus
2847 972 3151 1041 dirigerem,
3173 976 3345 1043 primo
3372 975 3445 1028 illi
3481 976 3741 1029 mandare

2174 1058 2505 1124 recordatus,
2535 1061 2872 1129 postmodum
2893 1063 2940 1116 ei
2970 1062 3021 1116 in
3066 1063 3273 1118 devexo
3296 1064 3479 1118 lateris
3516 1064 3743 1117 descen-

2171 1147 2316 1202 denti
2344 1149 2411 1203 de
2436 1151 2721 1217 supercilio
2765 1153 2960 1206 montis
2987 1153 3238 1207 clamavit
3275 1153 3497 1208 dicens:
3528 1153 3623 1207 Dic
3671 1154 3743 1207 illi

2174 1238 2490 1293 ministranti
2515 1249 2571 1293 ut
2616 1257 2779 1295 unum
2822 1243 3054 1297 modium
3092 1245 3162 1298 de
3195 1245 3393 1298 cibaria
3438 1245 3621 1300 vicino
3670 1246 3744 1299 illi

2173 1342 2316 1381 οωοο
2336 1328 2444 1391 det,
2470 1340 2521 1383 et
2545 1329 2774 1385 medium
2794 1332 3029 1386 modium
3055 1334 3141 1387 alii
3166 1334 3375 1388 cuidam
3398 1335 3647 1403 pauperi.

2241 1418 2328 1471 Μ.
2366 1417 2493 1473 Post
2535 1419 2651 1475 hzec
2670 1422 2989 1478 adveniente
3012 1434 3171 1478 nocte
3190 1426 3315 1478 dum
3337 1424 3743 1493 cubilipmprio

2168 1507 2509 1575 quievissem,
2536 1524 2765 1578 cumque
2815 1514 3049 1566 membra
3072 1514 3313 1582 corporis
3338 1528 3502 1582 sopor
3515 1515 3739 1577 adisset,

2169 1599 2448 1655 confestim
2506 1602 2610 1656 vidi
2660 1618 2747 1657 me
2791 1613 3067 1661 extensum
3111 1605 3323 1658 fortiter
3370 1605 3435 1657 ad
3494 1605 3739 1667 verbera,

2174 1688 2302 1743 hinc
2329 1688 2452 1743 inde
2489 1690 2658 1745 latere
2678 1692 2785 1746 duo
2806 1692 2908 1747 viri
2950 1709 3075 1748 eum
3122 1694 3312 1761 gladiis
3356 1701 3589 1758 Stantes,
3619 1711 3743 1746 cor-

502 1784 780 1849 pra~sentis
804 1800 1079 1839 occursum
1104 1788 1298 1842 tribuat
1318 1800 1628 1859 perpetuum
1674 1792 1741 1846 de
1769 1795 2059 1850 saevissimo

2169 1794 2265 1845 pus
2284 1794 2461 1835 meum
2501 1782 2786 1836 crudeliter
2817 1793 2840 1819 ⁸
2870 1784 3187 1852 lucebatque
3229 1783 3619 1837 comburebant
3664 1786 3738 1837 la-

502 1872 657 1926 hoste
682 1874 915 1929 victorize
943 1876 1285 1947 triumphum,
1303 1886 1463 1949 atque
1483 1888 1793 1935 cunctorum
1841 1885 2067 1939 malitias

497 1962 797 2029 exstinguat
822 1964 1137 2035 facinorum,
1166 1977 1222 2022 et
1248 1970 1387 2023 hunc
1413 1985 1570 2037 quem
1597 1970 1723 2023 mihi
1754 1971 1923 2040 pietas
1949 1973 2065 2041 ejus

494 2052 780 2107 novissime
804 2057 1099 2121 concessit,
1125 2073 1230 2110 non
1257 2058 1532 2126 permittat
1558 2075 1726 2130 usque
1747 2062 1811 2115 ad
1838 2075 2061 2117 mortem

494 2139 869 2209 derelinquere
892 2145 1086 2197 locum.
1114 2145 1249 2211 Quia
1276 2156 1455 2202 tantus
1484 2149 1663 2203 existit
1692 2153 2064 2219 congruentis-

392 2273 400 2279 .
490 2230 639 2283 simae
665 2232 859 2294 quietis
883 2232 946 2285 ad
980 2234 1149 2289 instar
1178 2237 1405 2305 paradisi
1454 2239 1759 2317 aptissimus
1800 2241 1969 2305 locus,
2005 2252 2063 2296 ut

487 2321 652 2374 etiam
683 2321 807 2377 licet
832 2324 912 2394 (ut
931 2340 1091 2394 supra
1120 2343 1237 2382 sum
1264 2329 1492 2399 loeutus)
1521 2332 1589 2384 sit
1616 2331 2063 2386 eminentissimo-

492 2430 608 2467 rum
630 2418 887 2472 montium
914 2420 1210 2475 munitione
1232 2422 1635 2491 circumseptus,
1664 2424 1859 2477 nullius
1883 2433 2059 2478 tamen

489 2505 739 2564 instat....
770 2512 1076 2566 umbrarum
1120 2515 1389 2583 opacitate
1431 2515 1685 2585 fuscatus,
1725 2517 1824 2572 nisi
1864 2518 2059 2572 lucillui

492 2596 794 2665 splendoris
806 2601 1179 2656 venustiss'mo
1195 2605 1391 2660 decore
1403 2607 1739 2677 conspicuus,
1758 2617 1917 2677 atque
1934 2627 2029 2666 ver
2040 2643 2057 2654 ο

489 2687 791 2743 nantissimi
818 2692 1009 2747 viroris
1045 2694 1238 2749 eximia
1274 2700 1585 2753 amoenitate
1632 2700 1907 2769 fecundus,
1931 2719 2058 2772 pro-

484 2780 568 2853 eui
596 2796 624 2833 a
666 2783 863 2837 mundo
901 2796 1171 2852 remotus,
1205 2790 1469 2843 nullarum
1508 2791 1841 2845 saecularium
1888 2793 2058 2847 actio-

485 2876 613 2923 num
655 2870 987 2937 tumultibus,
1033 2890 1208 2942 neque
1246 2878 1562 2932 feminarum
1604 2879 1915 2934 occursibus
1976 2881 2059 2935 in-

484 2959 731 3025 festatus,
758 2970 816 3014 ut
851 2963 1059 3018 cunctis
1082 2964 1285 3033 liquido
1310 2976 1569 3035 patescat,
1593 2983 1690 3037 pro
1717 2969 2060 3038 adipiscendo

480 3049 731 3119 perlecta:
769 3054 1142 3112 sanctitudinis
1193 3056 1456 3123 culmine,
1505 3056 1745 3113 fidelibus
1770 3074 1800 3112 a
1832 3060 2056 3114 munda-

478 3142 563 3195 nis
603 3141 869 3197 illecebris
906 3147 1350 3217 commerciisque
1398 3149 1771 3204 recedentibus
1832 3150 1898 3203 ad
1947 3167 2054 3205 non

484 3244 601 3283 esse
631 3240 977 3299 praeparatus.
1002 3230 1130 3288 Haec
1151 3234 1361 3291 intuens
1391 3237 1656 3299 inimicus,
1687 3246 1743 3291 et
1773 3254 1867 3305 per
1894 3240 2057 3311 hypo-

478 3321 645 3375 crisin
668 3321 768 3376 sibi
798 3323 1054 3389 subjectis
1084 3322 1269 3379 fideles
1290 3325 1381 3379 Dei
1404 3326 1679 3394 expellere
1709 3336 1953 3382 conatur.

869 3417 1275 3475 REPLICATIO
1312 3421 1685 3478 SERMONUM

937 3532 967 3570 Δ
1010 3532 1163 3571 PRDIA
1200 3532 1560 3574 coxvsnstoua
1570 3559 1578 3572 .

558 3603 643 3657 49,
679 3603 867 3659 Prinne
912 3608 1279 3663 conversionis
1308 3611 1548 3666 ordinem
1598 3619 1867 3677 retexens,
1920 3627 2057 3682 prae-

487 3693 608 3746 fatm
630 3697 969 3752 t-ontritionis
987 3714 1117 3752 meae
1137 3701 1547 3769 subsequentem
1571 3705 1937 3773 persequenti~
1958 3706 2056 3758 ini-

483 3785 607 3839 tniei
654 3787 999 3855 dispersionis
1053 3790 1435 3846 desolationem
1488 3801 1651 3861 atque
1700 3794 2055 3850 clementissi-

486 3892 625 3929 niam
654 3879 1019 3949 opitulationis
1045 3881 1251 3937 Domini
1299 3884 1720 3939 consolationem
1767 3902 1863 3955 per
1909 3887 2055 3941 ordi-

482 3984 602 4020 nem
634 3970 925 4039 replicabo.

555 4061 792 4130 Cumque
816 4062 865 4114 in
892 4064 1088 4117 excelsi
1121 4066 1315 4120 montis
1345 4068 1639 4129 cacumine,
1673 4069 1832 4123 stulta
1874 4070 2057 4139 populi

484 4150 740 4219 sacrilega
766 4152 1022 4207 caecitatis
1049 4154 1335 4221 dementia,
1372 4159 1592 4225 profana
1627 4159 1930 4213 darmonum
1962 4161 2057 4215 de-

484 4240 633 4293 lubra
668 4244 825 4310 impie
849 4255 1009 4311 atque
1041 4246 1355 4312 insipienter
1395 4263 1723 4317 paganorum
1753 4252 1857 4303 ritu
1889 4255 2052 4306 cxco-

481 4330 630 4396 leret,
666 4331 898 4387 fidelium
944 4335 1367 4390 Christianorum
1391 4355 1493 4405 ope
1547 4339 1761 4392 tandem
1794 4344 2050 4407 probrosa

483 4423 787 4481 obscenitas
816 4427 1125 4482 destruitu".
1161 4428 1251 4481 llic
1276 4446 1400 4483 vero
1433 4431 1599 4494 locus,
1624 4431 1747 4484 licet
1783 4435 1864 4499 (ut
1891 4448 2049 4501 supra

477 4519 800 4588 declaratur)
829 4521 898 4573 sit
925 4538 1143 4575 summm
1180 4524 1587 4578 necessitudinis
1631 4526 1849 4592 penuria
1894 4541 2048 4579 occu-

481 4621 657 4680 palus,
689 4614 781 4667 sed
812 4628 877 4668 ex
908 4614 1027 4667 fidei
1060 4615 1363 4682 integritate
1395 4618 1738 4684 poscentibus
1760 4619 1863 4671 cita
1884 4633 2046 4671 exau-

475 4708 607 4762 tliliO
655 4710 704 4762 in
736 4711 1064 4764 orationibus
1112 4712 1443 4778 impetratur.
1486 4711 1647 4778 Igitur
1686 4719 1741 4765 ut
1794 4712 2052 4780 re’iginsm
2108 4760 2109 4763 η

482 4801 901 4855 conversationis
924 4802 1257 4872 possidendce
1279 4801 1355 4856 rei
1380 4802 1749 4868 inexplicabile
1794 4803 2049 4857 adducam

480 4891 852 4957 cupiditatem,
883 4892 989 4946 duo
1020 4893 1255 4962 mystica:
1278 4877 1618 4946 revelationis
1641 4900 1803 4960 atque
1846 4892 2050 4945 miseri-

476 4984 673 5037 Cordim
705 4984 938 5037 breviter
961 4984 1237 5037 intimabo.

546 5074 615 5127 43
673 5076 803 5128 Dum
828 5075 953 5128 olim
978 5091 1080 5142 ope
1102 5075 1171 5127 hu
1200 5090 1346 5157 Eanze
1362 5073 1746 5129 consolationis
1767 5073 2054 5129 destitutus

483 5165 532 5215 in
565 5166 868 5231 supradicto
889 5180 1011 5217 aere
1040 5158 1451 5223 necessitudinis
1471 5173 1654 5218 monte
1675 5164 1930 5217 anhelans
1960 5162 2053 5215 de-

480 5271 679 5321 gerem,
711 5257 910 5309 nullum
936 5256 1137 5309 habens
1154 5256 1453 5322 providum,
1480 5266 1572 5308 aut
1592 5256 1965 5311 subsistentem
2000 5256 2048 5308 in

482 5348 585 5401 ima
629 5347 947 5400 llCt‘CrSlL’HC
990 5345 1236 5410 mini-tri,
1269 5346 1414 5398 venit
1442 5344 1505 5397 ad
1535 5360 1618 5397 me
1647 5346 1860 5413 quidam
1897 5346 2050 5400 cleri-

480 5454 575 5489 cus
599 5438 890 5505 juventutis
929 5437 1236 5492 furtitudine
1267 5438 1472 5502 fretus;
1523 5438 1764 5505 ﬂagitans
1795 5439 2049 5507 precaba-

482 5538 567 5580 tur
612 5540 668 5582 ut
724 5544 854 5582 meae
898 5538 1040 5583 esset
1085 5520 1375 5600 disciplinze
1418 5529 1706 5597 subjectus.
1756 5530 1920 5594 Quem
1965 5530 2049 5584 itt-

554 5692 575 5717 δ
616 5682 697 5745 Ῐ⁴’.,
720 5684 1014 5738 lacer/ibunt
1035 5728 1049 5747 ,
1078 5695 1244 5747 atque.
1719 5724 1732 5734 .

549 5752 563 5789 ί
607 5756 775 5823 Supra
811 5759 949 5811 illam
977 5766 1323 5813 tueinuratam
1357 5770 1460 5811 non
1497 5755 1709 5808 invenio

2170 1879 2284 1925 tera
2307 1887 2447 1925 mea.
2484 1873 2690 1928 Etcum
2720 1874 2885 1929 nimio
2906 1874 3094 1929 dolore
3114 1872 3380 1928 cruciatus
3408 1875 3601 1928 crebro
3645 1889 3741 1928 ex-

2168 1976 2437 2030 pergerer,
2464 1965 2656 2018 iterum
2679 1980 2874 2033 sopore
2897 1974 3148 2034 gravatus
3169 1965 3511 2020 obdormiens
3542 1966 3594 2017 in
3622 1966 3737 2031 ipsa

2166 2061 2432 2108 tormenta
2479 2055 2873 2123 permanebam.
2923 2055 3054 2110 Cum
3088 2056 3373 2110 novissime
3419 2056 3736 2122 expergefa-

2163 2151 2282 2195 ctus
2302 2141 2537 2210 fuissem,
2559 2144 2849 2214 deprecans
2868 2145 2974 2197 dixi
3000 2164 3011 2197 :
3043 2144 3281 2210 Domine,
3298 2158 3397 2214 pro
3415 2145 3727 2198 misericor-

2162 2230 2246 2285 dia
2278 2232 2491 2301 pietatis
2548 2241 2670 2295 tute,
2703 2234 2879 2289 revela
2922 2234 3049 2287 mihi
3074 2234 3201 2304 quid
3234 2242 3316 2289 est
3356 2249 3453 2304 pro
3498 2249 3608 2303 quo
3631 2235 3733 2289 hoc

2162 2323 2359 2391 patior,
2389 2325 2511 2393 quia
2542 2324 2721 2379 nescio
2752 2341 2848 2394 pro
2869 2341 2973 2393 quo
3004 2334 3152 2379 reatu
3178 2332 3381 2395 tantum
3414 2326 3505 2379 ira:
3529 2336 3633 2379 tua:
3655 2326 3705 2378 in
3724 2354 3738 2365 ο

2162 2415 2302 2468 curri
2340 2414 2594 2468 furorem.
2645 2416 2767 2470 Post
2809 2416 2920 2471 hate
2958 2415 3134 2469 audivi
3177 2430 3362 2469 vocem
3418 2415 3732 2469 dicentem:

2160 2504 2276 2559 Non
2298 2500 2489 2561 audisti
2514 2505 2854 2575 Evangelium
2882 2506 3186 2577 loquentem
3211 2515 3267 2561 ut
3295 2508 3365 2561 sit
3389 2506 3734 2579 eleemosyna

2163 2606 2250 2652 tua
2281 2599 2333 2653 in
2371 2599 2788 2664 abscondito,et
2808 2606 2866 2653 tu
2885 2601 2951 2654 de
2972 2609 3157 2655 monte
3179 2600 3243 2655 ad
3284 2615 3472 2654 vocem
3504 2599 3732 2667 dispen-

2160 2705 2249 2743 sas
2276 2689 2712 2759 eleemosynam?
2737 2689 2930 2745 Statim
2968 2692 3175 2746 solutus
3204 2707 3233 2744 a
3275 2691 3487 2746 vinculo
3508 2691 3593 2759 egi
3613 2704 3735 2759 gra-

2163 2780 2267 2834 tias
2305 2780 2551 2846 Domiuo,
2575 2782 2700 2850 quia
2738 2782 2989 2849 dignatus
3008 2791 3092 2836 est
3130 2781 3411 2835 stultitiam
3439 2794 3613 2837 meam
3636 2794 3736 2849 pro

2160 2872 2536 2925 emendatione
2563 2872 2854 2938 corripere.
2891 2871 3025 2925 Post
3061 2886 3258 2940 paucos
3296 2885 3424 2924 vero
3447 2871 3565 2923 dies
3594 2886 3733 2938 pra:-

2161 2962 2266 3017 fata
2287 2964 2466 3018 muli
2494 2964 2774 3032 stipendia,
2806 2971 3026 3033 propter
3051 2978 3210 3033 quam
3238 2962 3352 3017 haec
3378 2972 3489 3017 tam
3519 2961 3736 3016 terribi—

2162 3054 2227 3107 lis
2247 3064 2520 3109 exarserat
2548 3057 2645 3120 ira,
2669 3054 2791 3123 igne
2808 3063 3046 3109 cremata
3083 3062 3185 3108 est.
3233 3053 3367 3109 Ilinc
3402 3052 3638 3121 denique
3660 3054 3731 3106 ti-

2161 3160 2313 3198 more
2357 3153 2671 3214 perterritus
2717 3161 2825 3199 non
2870 3145 3043 3199 solum
3087 3144 3344 3200 caducam
3402 3144 3731 3197 mundanam

2154 3235 2525 3300 substantiam,
2548 3235 2643 3288 sed
2671 3236 2829 3289 etiam
2872 3236 3042 3304 ipsum
3066 3236 3559 3290 subministrantem
3589 3251 3619 3288 a
3647 3250 3735 3289 me

2157 3326 2409 3397 protinus
2429 3327 2613 3395 repelli
2636 3363 2650 3390 ,
2682 3335 2738 3381 et
2766 3334 2825 3381 ut
2847 3328 2968 3381 hinc
3005 3326 3418 3395 postulationem
3457 3341 3586 3381 cura
3634 3325 3733 3379 mi-

2155 3420 2436 3475 serationis
2461 3418 2737 3473 dominica:
2758 3425 2953 3488 pateat,
2983 3416 3216 3471 breviter
3237 3417 3513 3472 intimabo.

2226 3513 2312 3566 45.
2338 3511 2471 3567 Cum
2515 3512 2566 3564 in
2606 3510 2793 3564 eodem
2832 3508 3243 3564 necessitudinis
3278 3508 3396 3562 loco
3444 3506 3733 3574 quemdam

2160 3604 2427 3657 Donosum
2456 3600 2617 3653 filium
2636 3601 2947 3662 enutrirem,
2970 3606 3027 3653 et
3048 3597 3122 3651 illi
3152 3613 3248 3667 pro
3267 3596 3567 3651 eruditione
3597 3611 3735 3664 prae-

2157 3694 2372 3762 cipuum
2393 3691 2832 3759 conscripsissem
2876 3688 3134 3755 libellum,
3163 3704 3283 3766 eum
3326 3696 3505 3741 autem
3536 3702 3735 3756 paren-

2158 3794 2238 3839 tes
2266 3785 2384 3852 ejus
2403 3782 2535 3836 mihi
2582 3781 2809 3850 pretium
2833 3779 2961 3833 dare
2984 3779 3297 3843 niterentur,
3351 3777 3455 3831 dixi
3497 3778 3566 3831 ad
3615 3782 3735 3846 ejus

2158 3876 2364 3946 pueruli
2395 3883 2619 3928 matrem
2648 3881 2706 3926 ut
2734 3872 2863 3925 mihi
2908 3871 3177 3925 cilicinum
3219 3858 3494 3923 mandaret
3521 3877 3733 3921 tantum

2073 3987 2095 4002 ί
2156 3974 2335 4028 facere
2364 3972 2601 4042 pallium.
2628 3972 2690 4025 Et
2728 3986 2847 4024 cum
2890 3970 3045 4024 unius
3083 3978 3175 4023 aut
3199 3970 3422 4023 duorum
3464 3983 3731 4021 annorum

2161 4065 2245 4119 vel
2274 4064 2500 4134 amplius
2534 4062 2811 4116 transisset
2854 4061 3103 4130 spatium,
3126 4069 3181 4114 et
3208 4059 3369 4112 oblita
3413 4066 3557 4112 esset
3604 4072 3733 4124 pro-

2156 4157 2546 4211 missionissure
2592 4154 2813 4221 implere
2864 4150 3136 4217 ellecmm,
3182 4164 3431 4217 cumque,
3501 4149 3729 4219 propin-

2156 4259 2356 4317 quante
2378 4247 2654 4300 vindemia!
2685 4253 2945 4312 tempore,
2976 4258 3035 4297 se
3063 4242 3128 4295 ad
3157 4242 3417 4295 vindemia
3449 4242 3733 4295 celebran-

2156 4339 2223 4393 da
2255 4338 2592 4409 proficiscere
2622 4342 2965 4404 prtepararet,
2998 4333 3183 4388 eadem
3213 4342 3479 4395 matrona,
3510 4334 3732 4385 nomine

2155 4429 2461 4487 Theodora,
2521 4428 2783 4481 infirmata
2831 4434 2931 4478 est.
2976 4424 3110 4478 Cum
3151 4432 3330 4476 autem
3372 4438 3467 4491 per
3510 4431 3728 4475 noctem

2156 4531 2421 4588 a-grotans
2448 4518 2725 4583 dormiret,
2751 4516 3046 4570 revelatum
3070 4524 3152 4569 est
3175 4515 3247 4569 illi
3285 4513 3426 4583 quod
3457 4529 3578 4568 cum
3611 4515 3730 4567 viro

2162 4626 2283 4675 suo,
2319 4608 2553 4679 puerulis
2575 4617 2627 4661 et
2654 4606 2846 4676 puellis
2866 4605 2978 4659 suis
3018 4604 3083 4657 ad
3106 4604 3131 4641 ι’
3155 4604 3515 4673 supradictam
3548 4603 3729 4656 eccle-

2156 4703 2286 4756 siam
2327 4700 2493 4755 sancti
2522 4697 2712 4751 Felicis
2749 4688 3053 4763 suﬂ‘i‘agium
3100 4696 3480 4750 incolumitatis
3517 4694 3731 4759 ﬂagita-

2156 4802 2273 4846 tura
2306 4798 2566 4861 pergeret.
2594 4786 2657 4839 Et
2676 4788 2803 4854 quia
2831 4787 2927 4840 sub
2952 4784 3044 4839 illo
3067 4795 3247 4837 monte
3270 4782 3480 4852 publica
3519 4780 3727 4834 discur-

2157 4888 2505 4941 reretstrata,
2556 4892 2677 4929 cum
2733 4874 2955 4947 [autem]
2986 4874 3039 4929 in
3101 4889 3163 4927 ea
3193 4872 3416 4940 ingressi
3476 4871 3724 4935 fuissent,

2153 4968 2906 5027 obviaveruntmultitudinem
2932 4965 3204 5019 hominum
3226 4964 3393 5018 multa
3417 4964 3579 5017 boum
3598 4962 3725 5028 juga

2152 5066 2479 5121 ducentium.
2513 5063 2753 5129 Cumque
2782 5060 2919 5112 inter
2957 5057 3077 5111 illos
3113 5057 3407 5121 venissent,
3446 5054 3723 5107 unieurni-

2153 5161 2287 5231 peda
2310 5159 2407 5212 bos
2437 5156 2618 5210 furens
2661 5153 2903 5207 eamdem
2948 5159 3247 5202 matronam
3308 5148 3407 5201 sub
3446 5143 3722 5212 scapulam

2154 5267 2316 5307 cornu
2344 5247 2633 5319 percussit,
2658 5246 2843 5313 sicque
2891 5241 3223 5295 truculentus
3255 5240 3305 5290 in
3345 5235 3511 5289 altum
3558 5250 3716 5288 excu-

2153 5347 2289 5399 tiens
2342 5348 2520 5409 caput,
2552 5337 2805 5391 radicitus
2856 5332 3150 5387 subscisum
3194 5326 3434 5381 cornuin
3466 5324 3582 5393 ejus
3610 5324 3718 5375 vis-

2153 5451 2273 5491 cera
2313 5431 2524 5499 reliquit
2566 5428 2804 5481 inlixum.
2847 5425 2976 5478 Cum
3022 5420 3266 5474 omnibus
3308 5417 3419 5473 suis
3440 5426 3493 5469 et
3513 5414 3719 5468 ca‘tctia

2154 5525 2416 5581 viantibus
2467 5532 2487 5559 ε
2540 5518 2803 5581 evellere,
2862 5516 2917 5567 et
2981 5510 3281 5565 nullatenus
3330 5504 3711 5576 przeialercut,

2227 5698 2247 5725 ο
2284 5685 2439 5739 Deest
2466 5686 2791 5742 conarentur,
2819 5680 2909 5727 aut
2935 5669 3057 5742 quizl
3082 5666 3274 5723 simile.
