3934 6228
217 387 308 439 .li‘}
1607 382 1981 440 OPUSCUIA.

215 512 320 550 cum
337 496 433 562 jam
455 492 771 547 seminecem
795 506 911 546 eam
966 499 1227 556 tenerent,
1273 495 1519 563 apparuit
1539 510 1618 549 eis
1654 510 1735 548 vir
1783 502 1828 554 Λ

215 582 637 652 splendidissimus
677 583 893 638 veniens
929 597 960 636 e
1005 589 1190 636 contra
1242 583 1520 637 ecclesiam
1575 585 1744 638 sancti

217 675 387 730 Felicis
406 689 491 742 per
527 673 822 735 desertum,
870 671 1022 740 cujus
1063 673 1245 726 vultus
1284 671 1516 740 fulgebat
1548 682 1603 726 ut
1630 673 1746 734 sol.

216 769 500 821 vestimenta
531 767 648 831 ejus
675 765 1038 833 splendidiora
1086 767 1224 819 nive.
1275 765 1406 820 Cum
1441 766 1582 820 enim
1623 781 1747 836 pro-

218 856 469 923 pinquaret
486 851 552 904 ad
572 867 666 906 eos
687 853 834 921 quasi
864 853 1133 920 ignorans,
1153 854 1498 922 interrogavit
1522 855 1703 908 dicens
1729 871 1742 906 :

216 940 332 1004 Quid
355 938 565 1001 habetis,
591 938 870 991 homines?
895 950 987 993 aut
1013 954 1130 1008 qua:
1156 948 1238 994 est
1282 955 1442 996 causa
1490 941 1665 995 luctus
1696 953 1751 996 ct

217 1029 539 1082 tribulationis
561 1037 748 1082 vestrzc
765 1030 787 1081 ?
804 1028 950 1083 Tunc
971 1032 1320 1107 ostenderunt
1343 1033 1510 1101 ipsam
1537 1033 1747 1101 plagam

216 1120 531 1184 crudelitatis,
577 1120 816 1175 dicentes
857 1142 868 1174 :
911 1123 1059 1183 Vide,
1089 1125 1339 1189 'domine,
1382 1127 1556 1193 qualis
1597 1143 1754 1181 casus

217 1210 496 1278 rerditionis
525 1213 700 1264 evenit
719 1251 732 1273 ,
758 1214 931 1266 occisa
953 1223 1034 1266 est
1073 1215 1286 1279 mulier,
1317 1227 1371 1268 et
1395 1217 1443 1268 ei
1468 1217 1750 1270 subvenire

216 1302 346 1353 nullo
363 1299 506 1352 modo
533 1315 690 1367 possu
717 1317 828 1354 nus.
853 1302 919 1354 Et
939 1302 1028 1357 ille
1058 1305 1331 1371 respondit
1354 1322 1365 1358 :
1401 1305 1503 1357 Vos
1526 1306 1746 1374 [autem]

216 1388 350 1439 mulli
373 1387 511 1451 estis,
534 1397 587 1440 et
605 1391 888 1444 subvenire
919 1407 1023 1445 non
1067 1394 1322 1460 potestis?
1350 1395 1483 1460 Quid
1506 1396 1645 1448 milii
1663 1397 1749 1448 da-

216 1475 324 1527 bitis
341 1475 380 1527 si
399 1487 490 1540 ego
510 1515 525 1540 ,
547 1477 758 1530 admota
782 1494 938 1532 manu
957 1520 972 1543 ,
997 1482 1301 1534 subvenio?
1341 1484 1539 1550 Sicque
1565 1500 1750 1538 oninxs

214 1571 472 1623 dixerunt:
509 1568 561 1622 Si
604 1569 764 1636 jubes
794 1569 971 1624 facere
1030 1573 1360 1637 mercedem,
1405 1585 1578 1642 potes.
1628 1577 1749 1644 quia

217 1668 348 1710 tanta
376 1660 421 1711 in
450 1669 496 1712 te
523 1667 602 1712 est
639 1659 874 1726 gloriosa
913 1662 1128 1717 claritas
1169 1665 1486 1727 sanctitatis,
1529 1675 1586 1719 ut
1623 1667 1751 1720 nilnl

217 1753 300 1802 tibi
323 1751 628 1818 impossibile
649 1752 717 1804 sit
747 1751 998 1807 faciendi.

3306 399 3413 453 450

1929 499 2016 553 68.
2059 496 2184 554 Post
2211 500 2404 556 multas
2431 504 2645 558 crebras
2677 515 2730 558 et
2757 505 3118 562 intolerabiles
3149 509 3198 563 in
3222 512 3412 565 eodem

1854 586 1972 640 loco
2001 590 2202 656 antiqui
2236 591 2402 658 hostis
2433 591 2852 659 impugnationes
2906 596 3093 663 majori
3143 613 3228 651 me
3254 615 3416 652 cona-

1852 690 1935 732 tus
1955 690 2034 734 est
2068 681 2346 734 visibiliter
2389 685 2702 750 perturbare
2755 687 2972 739 terreris
3012 703 3232 755 pavore.
3282 689 3412 742 Nam

1851 771 2080 838 quodam
2105 771 2190 825 die
2213 773 2420 841 hymnis
2449 782 2574 826 ante
2605 775 2776 827 lucem
2806 776 3065 844 explicitis
3096 778 3371 832 matutinis
3396 819 3412 842 ,

1853 859 1976 912 dum
2006 875 2069 913 ex
2097 860 2320 914 adverso
2350 862 2586 926 ejusdem
2616 863 2849 918 basilica:
2880 866 3160 919 voluissem
3179 851 3283 933 pro
3323 884 3417 920 ne-

1852 952 2081 1005 cessaria
2109 966 2267 1006 causa
2289 951 2465 1017 egredi
2496 967 2592 1020 per
2620 953 2938 1020 posticulum
2967 955 3017 1007 in
3045 954 3256 1008 deseérto
3275 997 3292 1020 ,
3335 972 3417 1008 ro-

1854 1041 1965 1109 peri
1992 1041 2041 1092 in
2071 1041 2185 1108 ipso
2215 1040 2353 1092 ostio
2397 1049 2624 1093 stantem
2674 1042 2943 1095 diabolum
2971 1044 3115 1097 velut
3144 1059 3414 1097 enormem

1856 1130 2186 1182 teterrimum
2215 1133 2481 1196 gigantem
2539 1117 2878 1198 proceri-iuta!
2906 1117 3095 1185 statim
3137 1133 3416 1187 imminen-

1853 1226 1958 1271 tem
1985 1233 2150 1284 nsque
2179 1219 2242 1270 ad
2272 1223 2458 1274 nubis.
2493 1219 2732 1286 Cumque
2760 1221 3020 1274 immenso
3052 1237 3247 1289 pavore
3295 1237 3416 1291 pcr-

1854 1307 2067 1359 tcrritus
2099 1308 2241 1362 intus
2268 1309 2582 1362 obsisterent
2621 1310 3020 1378 obstupelactus
3044 1351 3060 1376 ,
3107 1321 3162 1364 et
3208 1312 3295 1365 ille
3322 1328 3420 1365 ex-

1854 1397 2113 1451 trinsecus
2141 1398 2463 1465 egressionis
2490 1400 2690 1456 aditum
2721 1402 3022 1453 obstrueret
3045 1443 3059 1464 ,
3107 1402 3242 1469 coepi
3285 1402 3422 1455 intra

1852 1503 1937 1541 me
1962 1489 2201 1554 cogitans
2227 1488 2446 1543 dicere;
2478 1489 2532 1543 Si
2581 1497 2849 1545 retrorsus
2880 1491 3085 1552 abiero,
3111 1491 3221 1558 ipse
3247 1491 3421 1544 inimi-

1851 1594 1946 1632 cus
1974 1577 2288 1633 ﬁducialiter
2314 1580 2627 1644 invalescet,
2650 1596 2716 1634 eo
2741 1584 2884 1650 quod
2905 1597 3027 1636 eum
3063 1582 3314 1650 pavidans
3344 1581 3422 1634 fu-
3449 1600 3473 1622 ι

1851 1674 2014 1737 giam.
2048 1671 2179 1723 llinc
2210 1685 2338 1724 vero
2363 1680 2465 1739 ope
2491 1671 2696 1724 Domini
2743 1687 2962 1724 sumens
2991 1672 3283 1735 audaciam,
3313 1671 3421 1724 dixi

1853 1765 1917 1817 ad
1941 1777 2096 1816 eum:
2131 1762 2255 1816 Scio
2286 1762 2409 1832 quia
2460 1762 2686 1816 Satanas
2731 1777 2822 1827 es;
2849 1774 2900 1818 et
2929 1763 3145 1832 signans
3190 1758 3417 1818 l'rontem

275 1862 355 1915 ω,
383 1861 519 1916 Tunc
541 1863 626 1915 me
653 1867 1008 1934 pemppncun
1059 1882 1119 1922 se
1160 1879 1286 1924 ante
1327 1871 1496 1936 illam,
1535 1880 1590 1926 et
1615 1873 1748 1926 dixit
1783 1854 1824 1910 Β
1852 1851 2436 1919 meam:Ecce,iuquio,
2463 1866 2678 1904 crucem
2705 1852 2913 1904 Domini
2937 1852 3039 1904 mei
3061 1851 3418 1916 JesuCliriati,

217 1950 294 2002 ei:
328 1952 425 2018 Ego
453 1951 537 2004 tibi
569 1955 713 2004 nullo
760 1954 923 2008 modo
962 1957 1295 2024 subveniam,
1329 1961 1428 2014 nisi
1451 1962 1598 2029 prius
1621 1963 1746 2015 milii

213 2037 537 2103 jnrameutum
567 2039 800 2107 dederis,
840 2052 866 2080 ⁸
913 2052 968 2096 ιιι
1004 2055 1131 2100 ante
1163 2063 1324 2117 quam
1369 2050 1432 2103 ad
1466 2051 1744 2118 Bcrgidum

218 2131 361 2179 vadas
393 2128 681 2190 ,cilicinum
753 2130 776 2169 δ
828 2132 973 2186 illum
1018 2147 1257 2191 mantum
1308 2150 1329 2177 ε
1379 2140 1552 2195 Nuuni
1595 2142 1744 2196 Vale-

220 2216 303 2278 rii,
327 2231 467 2281 quem
497 2219 804 2286 promisisti,
827 2220 1012 2278 facias.
1044 2225 1114 2278 At
1141 2227 1233 2294 illa,
1267 2228 1605 2298 interrogans
1625 2249 1747 2286 eum

218 2306 336 2358 dixit
367 2321 380 2358 :
408 2306 638 2373 Domine,
668 2321 722 2362 tu
764 2311 883 2377 quis
909 2314 1006 2367 es?
1027 2311 1090 2366 Et
1113 2315 1199 2369 ille
1228 2312 1503 2386 respondit
1533 2337 1545 2372 :
1576 2321 1748 2375 llomo

219 2412 321 2448 sum
346 2397 526 2450 domini
551 2399 758 2454 Felicis.
788 2405 936 2457 'l'unc
983 2404 1072 2459 illa
1109 2417 1360 2476 correpta
1411 2411 1621 2475 timore,
1656 2428 1750 2467 eo-

223 2489 632 2555 acsaqueilolore,
662 2491 844 2546 levans
868 2509 1055 2549 manus
1081 2511 1206 2552 suas
1230 2496 1300 2552 ad
1318 2500 1599 2555 ecclesiam
1621 2519 1748 2557 san-

222 2578 283 2627 cti
305 2577 472 2632 Felicis
488 2575 640 2632 dixit:
657 2581 760 2636 Per
781 2585 950 2652 ipsum
968 2587 1222 2642 domuum
1236 2601 1477 2644 nostrum
1495 2592 1747 2659 Felicem,

225 2669 330 2735 quia
357 2670 397 2722 si
425 2685 504 2724 me
523 2673 680 2724 modo
727 2687 921 2727 sanare
954 2679 1197 2743 jusseris,
1236 2681 1418 2734 statim
1461 2699 1583 2736 eum
1620 2684 1688 2737 im
1708 2685 1750 2737 i-

224 2759 300 2824 pio
325 2759 499 2813 lacere.
524 2757 650 2813 Post
671 2760 784 2815 hilic
805 2762 894 2818 ille
921 2779 989 2818 ex
1030 2766 1238 2821 duobns
1277 2769 1454 2836 digitis
1492 2772 1751 2827 abstraxit

226 2850 284 2899 de
307 2861 512 2914 corpore
542 2858 660 2916 Qus
685 2866 853 2905 cornu
875 2853 1051 2918 bovis,
1075 2869 1235 2922 quem
1264 2857 1492 2912 habebat
1509 2858 1746 2926 iulixum,

224 2945 272 2988 et
293 2936 426 3001 longe
472 2938 714 3006 projecit,
742 2941 929 3008 sicque
952 2957 1155 3011 ponens
1201 2961 1417 3000 manum
1449 2963 1610 3017 super
1639 2951 1752 3020 pla-

223 3038 324 3089 gam
350 3026 452 3091 ejus
471 3028 646 3080 dixit:
703 3031 840 3084 l-Lcce
882 3032 1084 3087 salvata
1123 3048 1201 3100 es,
1250 3039 1368 3091 etsi
1413 3037 1600 3094 ieceris
1649 3041 1752 3097 hoc

223 3117 343 3180 quod
370 3117 664 3183 promisisti,
688 3118 826 3174 bene
845 3124 909 3174 ad
939 3122 1218 3191 Bergidum
1251 3127 1367 3190 ibis,
1400 3138 1454 3183 et
1476 3132 1609 3185 bene
1632 3133 1753 3187 inde

1847 1943 1935 2009 qui
1991 1950 2072 1994 est
2130 1941 2296 1994 virtus
2350 1950 2405 1994 et
2451 1941 2671 1994 victoria
2739 1956 2892 2005 mea;

1847 2034 1892 2086 si
1918 2046 2017 2099 ego
2041 2032 2205 2100 fugio,
2236 2032 2277 2083 si
2312 2042 2386 2084 tu.
2413 2031 2478 2084 Et
2504 2033 2580 2085 sic
2605 2033 2950 2099 progrediens
2998 2033 3292 2086 e\clamavi
3324 2050 3334 2084 :
3370 2033 3425 2085 lit

2969 1955 3108 1994 nunc
3155 1941 3422 1994 videbitur

1851 2126 2066 2178 nomine
2095 2123 2287 2186 Patris,
2313 2133 2365 2175 et
2391 2122 2528 2185 Filii,
2551 2130 2604 2174 et
2633 2120 2863 2190 Spiritus
2887 2102 3097 2175 'saneti.
3128 2122 3191 2174 Et
3236 2139 3423 2192 perve-

1852 2217 2002 2269 niens
2031 2215 2097 2268 ad
2146 2215 2320 2268 locqu
2358 2215 2447 2268 ubi
2495 2214 2692 2278 stabat,
2724 2213 2812 2267 ille
2852 2229 2977 2267 vero
3004 2214 3325 2268 retraltemlo
3372 2221 3428 2269 et

1850 2305 2149 2360 delicieudo
2180 2305 2482 2356 humiliatus
2523 2318 2688 2371 usque
2722 2302 2789 2356 ad
2821 2313 3038 2364 terram,
3074 2303 3419 2371 liquefactus-

1851 2411 1955 2462 qne
1982 2394 2216 2448 evanuit.
2241 2391 2482 2459 Cumque
2504 2407 2589 2446 me
2622 2408 2719 2461 pro
2752 2394 2853 2446 hoc
2875 2432 2890 2456 ,
2913 2393 3137 2460 juvante
3181 2394 3425 2457 Domino,

1853 2501 1958 2538 non
1989 2483 2263 2547 valuisset,
2315 2481 2438 2551 [sed
2463 2482 2478 2550 i
2507 2496 2603 2549 pro
2648 2481 2751 2534 alia
2781 2496 2865 2534 me
2890 2481 3152 2535 illusionis
3171 2483 3428 2550 phantas-

1853 2585 1996 2630 mate
2027 2575 2288 2627 mutuavit
2321 2574 2548 2627 irretit‘e.

1924 2665 2011 2717 49.
2051 2664 2183 2717 Cum
2225 2661 2465 2733 [autem]
2509 2661 2789 2732 parvulum
2833 2663 3115 2730 quemdam
3165 2663 3427 2732 pupillum

1856 2759 2043 2812 litteris
2074 2758 2400 2818 tmbtterem,
2450 2737 2652 2808 tantam
2707 2755 3034 2823 dispensatio
3063 2756 3240 2810 divina
3285 2757 3428 2810 dedit

1856 2851 1932 2904 illi
1962 2850 2232 2902 memoriae
2261 2847 2638 2916 capacitatem,
2672 2855 2728 2899 ut
2776 2847 2915 2900 intra
2944 2847 3173 2901 medium
3225 2863 3424 2901 annum

1856 2955 2147 3012 peragrans
2191 2954 2312 2992 eum
2341 2938 2564 2991 canticis
2594 2939 2900 2991 universum
2931 2938 3185 2990 memoria
3236 2939 3430 2992 retinet

1859 3033 2196 3088 Psalterium.
2228 3031 2360 3084 Cum
2415 3045 2541 3085 vero
2570 3029 2800 3097 quodam
2847 3029 3103 3103 dlegliora
3133 3039 3280 3084 sexta
3323 3031 3428 3085 diei

1860 3127 1926 3179 ad
1954 3141 2172 3193 operam
2199 3123 2461 3184 sederem,
2487 3130 2538 3174 et
2564 3123 2650 3176 ille
2680 3136 2862 3176 coram
2899 3136 2984 3176 me
3014 3121 3234 3187 legeret,
3267 3119 3427 3190 carpit

225 3207 476 3261 remeabis.
528 3208 582 3261 Si
640 3218 819 3263 autem
885 3190 1062 3266 facere
1103 3216 1401 3282 neglexeris
1426 3259 1441 3284 ,
1500 3221 1593 3274 tibi
1655 3223 1754 3274 im-
1783 3190 1830 3250 (ἶ
1862 3190 2092 3268 clamare
2119 3212 2339 3265 dicens:
2372 3210 2507 3275 Quid
2552 3220 2633 3264 est
2677 3212 2780 3264 hoc
2828 3210 2969 3277 quod
3003 3210 3186 3263 video?
3217 3209 3284 3262 Et
3323 3227 3426 3278 ego

225 3297 426 3364 putabis.
461 3298 576 3352 llaec
597 3299 816 3352 audiens
860 3301 1137 3356 sanissima
1183 3304 1320 3358 facta
1368 3316 1451 3362 est
1498 3310 1564 3362 ab
1609 3313 1754 3365 omni

223 3385 404 3438 dolore.
433 3384 484 3437 lu
513 3386 590 3439 bis
613 3388 870 3455 evigilaus
891 3392 1055 3460 coepit
1086 3393 1246 3447 nimia
1282 3397 1624 3454 anxietudine
1651 3400 1752 3454 ilu-

225 3488 400 3541 ctuare,
415 3479 549 3548 quod
582 3481 733 3535 tarde
758 3487 1256 3539 ttiartesceret.Cum
1273 3489 1415 3541 enim
1444 3491 1598 3559 primi
1626 3493 1752 3560 galli

224 3567 511 3624 insnuuisset
531 3585 717 3635 canor,
741 3573 923 3627 statim
951 3575 1188 3628 conciter
1213 3575 1282 3629 de
1305 3577 1500 3632 lecmlo
1531 3594 1754 3633 consur-

221 3672 333 3726 gens
357 3662 594 3714 clamavit
625 3659 760 3715 ﬁlias
786 3670 846 3732 et
866 3663 1102 3728 ancillas,
1147 3672 1202 3717 et
1249 3664 1321 3718 ita
1362 3668 1754 3734 praidestinavit

222 3754 429 3816 astucia,
471 3766 528 3804 ιιι
573 3753 661 3806 die
720 3735 875 3806 tertii
927 3755 1105 3822 specie
1153 3755 1329 3822 facta,
1357 3767 1432 3811 ~et
1463 3757 1488 3794 ά
1528 3772 1706 3814 curata
1735 3805 1750 3826 ,

223 3842 457 3895 mihicum
482 3845 646 3896 multo
676 3842 957 3898 ofertionis
985 3846 1240 3914 obsequio
1267 3863 1363 3918 per
1407 3854 1752 3922 semetipsum

220 3933 499 4000 exhiberet;
528 3945 582 3990 et
600 3935 679 3991 sic
704 3936 834 3989 milii
864 3945 1057 3991 cuncta
1079 3937 1217 3994 sicut
1244 3955 1402 4011 passa
1436 3943 1608 4000 fuerat
1631 3947 1756 4002 inti-

220 4027 379 4079 mavit.

278 4117 355 4168 t7.
391 4117 516 4170 Cum
547 4118 706 4186 igitur
736 4118 789 4172 in
808 4133 952 4189 saepe
997 4119 1140 4175 dicto
1169 4133 1351 4178 monte
1381 4126 1638 4184 immensa
1663 4147 1757 4187 ne-

221 4209 524 4262 cessitudinis
547 4210 771 4278 penuria
811 4219 1116 4266 coarctatus
1169 4216 1508 4281 persisterem
1529 4261 1544 4284 ,
1574 4224 1755 4276 venie-

225 4303 330 4352 bant
351 4301 548 4367 quidem
575 4303 864 4370 tranquillo
895 4313 1134 4374 tempore
1162 4307 1544 4364 adolescentuli
1601 4313 1751 4367 multi

223 4405 334 4450 mete
359 4406 557 4460 quoque
577 4405 636 4444 se
665 4394 1035 4462 mancipantes
1059 4395 1334 4452 doctrinae.
1362 4399 1467 4453 Sed
1490 4416 1610 4453 eum
1639 4403 1755 4456 ltie-

224 4482 356 4535 malis
375 4477 657 4549 precellosa
709 4479 1026 4537 imminebat
1071 4492 1380 4554 tempestas,
1412 4503 1600 4544 omnes
1626 4507 1749 4559 pro—

225 4571 345 4623 tinus
364 4569 731 4632 abscedebant,
761 4580 817 4624 et
843 4585 945 4639 ego
969 4580 1170 4628 tantum
1211 4576 1465 4644 inclusus,
1500 4594 1546 4634 et
1583 4597 1751 4651 usque

225 4659 280 4710 ad
305 4673 509 4713 mortem
535 4662 754 4729 penuria
786 4662 1045 4716 contritus
1077 4669 1448 4733 permanebam
1487 4710 1503 4737 ,
1553 4670 1602 4723 in
1636 4679 1754 4726 tan-

226 4758 342 4811 tum,
369 4761 420 4802 ut
445 4751 562 4803 dum
609 4751 829 4820 quidam
876 4753 1154 4821 religiosus
1192 4771 1396 4825 pauper
1423 4774 1508 4813 me
1555 4776 1752 4816 conso-

227 4838 324 4890 lare
343 4839 650 4904 desiderans,
684 4856 892 4895 mecum
915 4858 1224 4910 permanere
1269 4850 1644 4918 promitteret,
1698 4861 1755 4908 et

226 4928 361 4980 simul
388 4945 476 4983 nos
501 4931 802 4984 immanitas
831 4931 1018 4986 nivalis
1045 4943 1204 5004 atque
1236 4938 1350 4992 dira
1381 4942 1640 4996 ﬂavorqu
1663 4959 1756 4999 oc-

228 5025 444 5081 cupasset
468 5018 693 5072 inclusos
724 5029 1028 5090 tempestas,
1061 5038 1262 5092 pauper
1307 5027 1394 5083 ille
1442 5033 1752 5097 gravissima

233 5111 423 5170 urgente
450 5107 664 5172 penuria
689 5107 972 5165 defunctus
999 5123 1100 5166 est.
1155 5113 1264 5182 Ego
1288 5131 1414 5171 vero
1457 5117 1608 5184 juxta
1640 5121 1754 5189 ejus

231 5191 430 5247 cadaver
443 5195 681 5249 exanime
709 5196 992 5264 aliquantis
1017 5201 1204 5258 diebus
1219 5207 1409 5274 mansi,
1433 5211 1754 5268 necessitate

231 5285 453 5352 proximat
475 5287 660 5341 mortis
683 5287 927 5344 amictus.

294 5445 314 5471 ³
341 5434 590 5521 Particula
633 5450 688 5492 ut
726 5441 914 5521 melius
942 5452 1087 5521 post
1113 5449 1271 5504 vadas
1301 5456 1606 5521 reponenda
1626 5497 1641 5518 .
1698 5467 1758 5512 ut

234 5519 396 5590 sensus
418 5506 502 5590 sit:
524 5509 888 5590 juramentnrrt‘
918 5506 1116 5567 dedetis
1173 5530 1289 5572 ante
1336 5506 1497 5590 qitani
1626 5506 1756 5580 'Be;

236 5577 384 5666 pidum
405 5574 834 5666 reddant-etc;
861 5581 1217 5666 juram‘ei.t.3m
1245 5574 1603 5666 qntﬁipig"nmi
1634 5574 1754 5666 65L

236 5645 364 5730 lium,
401 5653 519 5730 ante
567 5645 875 5730 regressum
899 5651 967 5704 ad
1009 5645 1286 5722 Dergiduni
1339 5645 1756 5730 liiienduinirut

237 5715 387 5766 exitus
409 5713 658 5766 declarat.

299 5776 433 5835 bills.
464 5783 608 5835 illum
660 5783 799 5866 illum
837 5799 1086 5844 maritum.
1140 5793 1303 5866 Supra
1350 5809 1523 5857 autem
1592 5805 1755 5859 cilici-

1858 3303 1966 3355 dixi
1997 3301 2110 3354 illi:
2143 3300 2279 3366 Quid
2322 3300 2502 3354 vides?
2553 3298 2713 3365 Ecce,
2758 3299 2945 3366 inquit,
2989 3297 3146 3352 video
3175 3300 3420 3369 angelum

1860 3393 2106 3459 Domini;
2161 3392 2315 3459 cujus
2355 3392 2530 3445 vultus
2576 3390 2741 3458 fulget
2787 3391 2923 3443 sicut
2960 3390 3064 3453 sol,
3104 3391 3423 3445 vestimenta

1859 3483 1997 3536 illius
2017 3497 2180 3551 super
2207 3481 2328 3534 nive
2351 3478 2623 3532 candidior
2645 3487 2746 3532 est.
2777 3476 2877 3542 Qui
2925 3477 3051 3530 dicit
3093 3481 3217 3531 mihi
3245 3497 3256 3530 :
3292 3480 3423 3543 L‘uia

1855 3579 2075 3641 propter
2090 3581 2140 3624 te
2153 3571 2270 3624 veni
2290 3571 2522 3623 directus
2549 3584 2577 3622 a
2603 3568 2845 3632 Domino,
2863 3577 2919 3620 ut
2940 3577 2989 3620 te
3011 3570 3074 3620 ad
3090 3571 3422 3636 praesentiam

1855 3661 2149 3728 Majestatis
2171 3660 2287 3725 ejus
2316 3659 2622 3726 perducam,
2644 3658 2875 3726 qualiter
2904 3657 2996 3709 tibi
3043 3673 3146 3724 pro
3177 3659 3427 3726 operibus

1856 3753 1958 3804 tuis
1991 3741 2290 3803 mercedem
2315 3746 2593 3816 rependat.
2627 3745 2736 3812 Ego
2776 3760 3005 3813 namque
3035 3747 3142 3800 dixi
3167 3747 3240 3801 illi
3266 3765 3280 3801 :
3311 3748 3425 3803 Non

1855 3841 2062 3904 credas,
2093 3837 2215 3905 quia
2249 3844 2479 3905 nonest
2529 3837 2748 3904 angi-lus
2797 3833 3003 3889 Domini
3030 3871 3044 3897 ,
3099 3837 3191 3890 sed
3220 3839 3424 3890 dminon

1855 3928 2074 3982 diaboli.
2105 3904 2172 3978 Et
2216 3926 2294 3979 sic
2318 3904 2542 3978 clamavi
2595 3923 2741 3976 illum
2773 3923 2838 3975 ad
2867 3938 2973 3990 me,
3004 3933 3059 3976 et
3101 3924 3424 3990 interrogavi

1855 4034 1974 4073 eum
2005 4019 2051 4072 si
2092 4017 2266 4071 adhuc
2306 4014 2549 4069 videret?
2596 4012 2661 4065 Et
2701 4013 2788 4066 ille
2819 4013 3128 4081 respondit:
3165 4013 3299 4066 Ecce
3334 4013 3422 4067 ubi

1854 4119 1961 4164 stat
2007 4119 2131 4162 ante
2155 4106 2442 4171 nos.'l‘unc,
2456 4103 2704 4157 mandavi
2723 4103 2795 4155 illi
2820 4102 3019 4154 electos
3042 4102 3277 4170 psalmos
3290 4104 3425 4156 reei-

1857 4212 1990 4267 tare,
2020 4201 2205 4254 dicens
2229 4217 2241 4251 :
2274 4198 2329 4252 Si
2358 4197 2579 4264 angelus
2607 4195 2698 4247 Dei
2727 4201 2830 4257 est,
2860 4193 3051 4257 stabit;
3097 4194 3144 4249 si
3172 4196 3378 4247 da'mon
3406 4235 3421 4258 ,

1856 4292 2039 4357 fugiet.
2070 4287 2204 4342 Cum
2234 4297 2410 4341 autem
2446 4285 2534 4337 ille
2575 4282 2641 4334 ad
2671 4295 2855 4334 vocem
2885 4322 2900 4345 ,
2952 4291 3006 4336 et
3029 4295 3127 4348 ego
3172 4281 3307 4335 intra
3338 4296 3424 4335 me

1852 4384 2050 4438 diutius
2071 4382 2438 4441 recitaremus,
2468 4374 2641 4428 dixit:
2675 4373 2813 4429 Ecce
2855 4373 2986 4442 jam.
3013 4388 3072 4427 se
3123 4373 3421 4441 elongando

1856 4472 2167 4541 liquefactus
2191 4469 2422 4522 evanuit.

1927 4585 2014 4638 50.
2062 4583 2252 4636 \‘idens
2278 4588 2456 4633 autem
2491 4579 2826 4648 omnipotens
2858 4577 2996 4630 Deus
3033 4584 3233 4631 tantam
3259 4578 3423 4633 cladis

1855 4675 2150 4748 penuriam,
2185 4681 2345 4741 atque
2375 4679 2534 4723 tanta:
2581 4667 2928 4722 desolationis
2981 4667 3195 4722 miseria
3246 4670 3422 4722 infau-

1855 4779 1988 4822 stam
2020 4767 2293 4820 tabescere
2324 4765 2553 4817 animam
2589 4776 2782 4824 nteant,
2837 4763 3092 4816 excitavit
3136 4760 3419 4829 quemdam

1855 4857 2253 4912 adolescentem
2300 4855 2590 4923 iuventutis
2642 4851 2772 4905 ﬂore
2819 4864 3159 4916 vernanlem,
3207 4853 3423 4907 nomine

1853 4953 2132 5006 Joannem.
2149 4949 2367 5003 Cumilli
2395 4963 2422 4999 τι
2455 4945 2762 5014 parentibus
2787 4947 2896 4999 suis
2917 4951 3189 5015 peteretur
3203 4960 3421 5015 sponsa,

1854 5044 1943 5098 ille
1973 5040 2166 5112 [vero]
2192 5039 2418 5106 Spiritus
2435 5036 2604 5089 sancti
2629 5035 2837 5091 llamma
2870 5049 3179 5121 succensus,
3200 5048 3422 5088 sancta:-

1854 5147 1959 5202 que
1986 5131 2261 5199 religionis
2288 5126 2550 5180 desiderio
2576 5125 2817 5188 alllatus,
2864 5124 3026 5190 elegit
3056 5127 3232 5194 potius
3261 5125 3421 5192 spiri-

1856 5220 2087 5275 tualibus
2116 5217 2312 5287 nuptiis
2340 5214 2578 5283 c0pulari
2609 5215 2718 5268 Deo
2770 5215 2846 5283 (in
2876 5213 3069 5281 quibus
3099 5230 3127 5266 a
3161 5215 3305 5268 lucto
3334 5214 3418 5268 in-

1854 5312 2070 5382 cipitur,
2099 5309 2192 5363 sed
2221 5305 2288 5360 ad
2317 5305 2505 5373 gaudia
2533 5314 2731 5359 aeterna
2762 5304 3091 5372 pervenitur)
3116 5317 3275 5371 quam
3301 5317 3420 5357 car-

1857 5483 1980 5522 num
2000 5464 2470 5538 _pallit_tm_dieil_t_tr.
2538 5533 2547 5538 _
2659 5530 2671 5538 _
3295 5528 3308 5538 ,

1928 5549 1950 5576 ε
1985 5536 2163 5590 Nomii
2216 5533 2404 5586 Valerii
2441 5533 2614 5602 potius
2659 5530 2740 5597 leg
2758 5545 2926 5593 irem;
2979 5545 3192 5584 nonnus
3219 5530 3414 5597 quippe

1856 5623 1956 5660 vox
1988 5616 2068 5658 est
2090 5619 2192 5674 qua
2223 5605 2356 5656 alios
2384 5603 2696 5674 reverentia:
2717 5602 3260 5674 causanomiaamns.

1926 5680 1948 5713 ιι
1981 5677 2056 5728 De
2101 5668 2252 5741 cupa,
2295 5689 2397 5726 non
2439 5673 2506 5723 de
2548 5671 2767 5724 muliere
2794 5710 2810 5736 ,
2883 5671 2960 5722 int
2997 5671 3138 5736 llige.
3177 5668 3412 5732 Curata,

1858 5747 1907 5801 id
1939 5755 2041 5806 est,
2071 5744 2312 5798 sordibus
2342 5750 2580 5810 purgata.
