3912 6364
526 508 619 558 ιὸί

1788 498 1841 550 S.
1890 495 2153 548 ντιιικιὶιι
2196 494 2477 547 ABBATIS

3460 22 3865 273 πη

3628 492 3713 545 4δέ

526 615 728 669 natibus
758 613 952 680 nuptiis
984 611 1169 679 subjici
1196 653 1209 672 ,
1252 624 1367 677 qum
1394 624 1422 661 a
1457 609 1634 661 iustitia
1680 622 1887 674 semper
1943 606 2075 657 inci-
2112 610 2151 662 Λ
2182 605 2309 658 dare
2337 605 2579 671 dignatus
2607 612 2685 656 est
2714 605 2972 656 senectuti
3023 617 3154 659 mea:
3199 605 3470 670 baculum,
3495 614 3549 659 et
3590 622 3713 673 εει-με

526 704 695 771 piunt.
716 708 767 753 e‘t
798 700 861 753 ad
882 701 1035 753 linem
1064 712 1183 751 cum
1213 696 1356 747 luctu
1375 695 1592 747 tendunt
1614 734 1628 759 ,
1655 693 1931 746 confestim
1964 691 2078 743 uni-

526 803 727 841 versam
757 787 932 839 surculi
976 785 1369 838 illecebranlem
1402 781 1665 833 lasciviam
1695 780 1967 845 despexit,
2026 785 2079 830 et

526 878 591 930 ad
620 876 1035 930 consolationem
1066 871 1370 939 cxiguitatis
1392 885 1523 923 mea:
1554 869 1699 922 omni
1720 883 1837 921 cum
1865 866 2078 920 festinao

526 968 670 1020 tione
698 965 962 1033 pervenit;
994 970 1046 1015 et
1074 962 1142 1014 ita
1172 969 1251 1013 est
1283 962 1333 1013 iu
1388 960 1591 1012 timoris
1623 958 1829 1009 Domini
1867 954 2079 1009 confes-

526 1057 678 1109 sione
710 1055 973 1115 fundatus,
1000 1060 1057 1105 ut
1077 1053 1211 1105 sicut
1234 1050 1526 1103 voluntaria
1558 1049 1625 1099 ch
1646 1048 1821 1099 tritate
1849 1084 1865 1108 ,
1909 1046 1977 1097 ita
2028 1045 2079 1097 in

526 1151 713 1197 cuneta
737 1139 1137 1195 necessitudinis
1167 1139 1505 1192 tribulatione
1552 1146 1606 1189 et
1632 1136 1681 1188 in
1714 1135 1957 1189 omnibus
1982 1134 2079 1186 ha-

529 1232 705 1283 berem
729 1230 1051 1299 participem.
1084 1230 1412 1281 vaissimus
1435 1227 1594 1293 igitur
1624 1216 1865 1279 inimicus
1895 1224 2081 1291 gravi-

532 1326 613 1372 ter
659 1320 889 1372 invidens
935 1318 1177 1371 eharitati
1234 1324 1392 1381 atque
1456 1314 1806 1367 consolationi
1853 1322 2077 1376 nostrae,

529 1406 682 1460 solita
714 1406 909 1459 malitia
940 1407 1175 1459 adhibuit
1216 1412 1374 1462 artes,
1406 1402 1631 1470 qualiter
1652 1403 1956 1456 societatem
1981 1417 2079 1455 no-

528 1506 687 1549 stram
717 1495 1051 1549 fraudulenta
1075 1492 1503 1560 sup’plantatione
1550 1492 1891 1560 dispergeret.
1920 1490 2081 1543 Cum-

527 1599 632 1651 que
660 1585 803 1638 solus
850 1584 976 1637 mihi
1008 1584 1058 1635 in
1092 1580 1356 1634 interioris
1412 1579 1574 1633 eremi
1602 1588 1746 1631 vasta
1796 1577 2080 1631 solitudine

526 1673 704 1726 εειςὶιιδ
730 1662 1057 1735 adita-sisset,
1089 1671 1364 1737 supposuit
1390 1684 1497 1723 sua:
1542 1667 1875 1723 crudelitatis
1923 1668 2078 1719 mini-

526 1768 667 1813 stros
693 1758 927 1811 latrones
955 1758 1267 1825 szevissimos
1313 1770 1410 1833 per
1466 1769 1690 1822 quorum
1718 1753 2079 1819 impiissimam

526 1847 873 1901 vastationem
898 1861 995 1900 nos
1025 1847 1261 1899 efsiccret
1308 1853 1533 1910 utraque
1559 1850 1711 1911 parte
1739 1842 1954 1896 divisos.
1986 1842 2078 1896 llle

2178 695 2455 760 qumsitum
2484 693 2668 745 salutis
2689 692 2996 745 remedium.

2248 779 2334 833 53.
2375 780 2437 832 In
2456 782 2681 851 quadam
2728 781 2887 846 igitur
2916 795 3046 847 rupe
3071 781 3195 836 huic
3227 784 3555 837 monasterio
3606 786 3713 837 sub-

2175 869 2401 935 jacente,
2425 886 2523 934 qua
2548 870 2883 923 beatissimus
2919 868 3241 923 Fructuosus
3262 885 3420 924 orare
3440 876 3713 934 consuerit,

2178 960 2303 1013 etin
2360 959 2546 1012 eodem
2595 958 2713 1012 loco
2741 974 2866 1012 crux
2900 960 3068 1026 lignea
3099 961 3152 1013 in
3183 961 3339 1013 titulo
3363 962 3541 1015 stabat
3594 966 3712 1026 lixa;

2181 1048 2265 1101 hic
2286 1047 2503 1115 [autem]
2532 1050 2695 1100 frater
2732 1049 3048 1102 Saturninus
3098 1052 3261 1118 etrapit
3312 1051 3716 1106 desiderabitur:

2181 1135 2430 1200 cogitare,
2458 1144 2514 1186 ut
2544 1120 2734 1188 ibidem
2750 1136 3035 1189 secundum
3062 1139 3196 1191 vires
3214 1140 3517 1205 exiguitatis
3544 1151 3715 1194 nostr-.c

2179 1222 2673 1289 quantuluscunque
2711 1224 2893 1277 titulus
2928 1227 3144 1279 oratorii
3169 1238 3584 1283 construeretur.
3600 1231 3713 1284 Cum

2188 1320 2362 1366 autem
2388 1312 2492 1366 hoc
2543 1314 2832 1380 cogitatum
2888 1330 3039 1368 suum
3085 1318 3210 1370 mihi
3251 1328 3554 1380 narrasset.
3598 1322 3715 1386 capi

2180 1400 2544 1455 contradicere
2567 1401 2656 1466 illi,
2677 1413 2742 1456 e‘o
2756 1403 2894 1470 quod
2918 1405 3064 1457 locus
3082 1415 3222 1459 esset
3243 1407 3581 1476 incongruus,
3596 1411 3714 1461 etad

2182 1492 2474 1547 faciendum
2496 1510 2599 1548 non
2622 1496 2928 1551 subsisteret
2953 1496 3047 1548 virt
3059 1510 3139 1550 us.
3182 1496 3426 1549 Protinus
3444 1498 3624 1551 eodem
3644 1502 3716 1552 die

2179 1596 2295 1633 cum
2314 1596 2443 1634 mea:
2465 1582 2581 1650 (sic)
2596 1598 2757 1649 sopor
2786 1583 3000 1646 adisset,
3032 1582 3185 1650 jussit
3209 1584 3382 1638 divina
3422 1586 3587 1654 pietas
3606 1587 3713 1638 mihi

2178 1678 2360 1737 aperte
2388 1671 2640 1733 revelare,
2672 1673 2897 1737 qualiter
2919 1678 3017 1726 hoc
3062 1671 3228 1738 ﬁeret,
3261 1690 3355 1726 sua
3378 1684 3519 1728 esset
3548 1676 3715 1728 volun-

2180 1773 2277 1825 tas,
2302 1772 2355 1815 et
2382 1763 2521 1829 quod
2548 1765 2792 1819 celeriter
2812 1760 2977 1819 virtus
2999 1767 3113 1835 ejus
3135 1768 3237 1820 hoc
3265 1768 3330 1821 ad
3354 1768 3712 1836 perfectionem

2179 1849 2511 1919 perduceret.
2552 1854 2699 1909 Illico
2739 1856 3013 1911 voluntate
3051 1858 3254 1911 Domini
3303 1868 3612 1927 comperta.
3658 1862 3716 1916 de

524 1944 704 1987 autem
734 1937 1019 1989 crudeliter
1041 1930 1309 2000 cmcus,et
1360 1938 1589 2005 pessime
1634 1936 1965 1998 debilitatus,
2013 1936 2075 1987 ad
2115 1925 2153 1980 Β
2182 1956 2339 2019 opera
2364 1958 2613 1996 manuum
2637 1958 2903 2009 mearum,
2936 1945 3017 1999 vel
3047 1947 3185 1998 unde
3232 1949 3357 2001 mihi
3407 1949 3714 2017 disp‘nsatin

526 2022 802 2088 pristinum
834 2031 1151 2074 reattractus
1189 2029 1272 2076 est
1323 2022 1515 2076 locum.
1551 2023 1660 2089 Ego
1692 2019 1930 2091 [etenim]
1962 2033 2081 2089 post

530 2112 639 2165 hrec
668 2105 893 2165 iteratim
917 2124 1187 2177 vastatus,
1241 2116 1290 2166 in
1322 2115 1423 2167 alia
1454 2123 1604 2183 parte
1650 2129 1679 2167 a
1731 2112 2072 2173 Christianis,

526 2210 584 2254 ut
610 2212 629 2236 ε’
662 2205 901 2272 superior
921 2205 1160 2259 declarat
1189 2205 1429 2264 historia.
1464 2221 1579 2258 sum
1606 2206 1913 2273 productus.
1931 2204 2081 2257 Cum-

524 2306 627 2359 que
657 2292 743 2345 ille
770 2301 889 2360 post
929 2294 1041 2345 base
1064 2292 1319 2360 perditam
1344 2294 1631 2365 recepisset
1654 2293 1899 2353 salutem,
1934 2300 1987 2345 et
2014 2292 2079 2343 ad

528 2393 702 2430 meum
757 2379 890 2431 sicut
912 2379 1133 2445 pridem,
1162 2387 1476 2446 preperaret
1503 2379 1833 2442 obsequium,
1868 2381 1937 2433 ita
1964 2378 2078 2432 zelo

526 2466 723 2519 diaboli
754 2466 989 2519 indurata
1015 2476 1137 2520 sunt
1165 2467 1321 2521 corda
1356 2483 1635 2535 pravorum
1664 2468 1933 2521 hominum
1960 2507 1975 2532 ,
2024 2475 2081 2519 ut

528 2564 858 2622 nequaquam
888 2571 1007 2610 eum
1037 2558 1406 2625 permitterent
1451 2574 1626 2611 meum
1677 2558 1886 2610 demum
1932 2557 2079 2610 adire

527 2644 875 2697 consortium.
918 2645 984 2697 Et
1028 2646 1150 2697 dum
1180 2659 1278 2710 ego
1298 2646 1602 2712 supradicto
1629 2630 1814 2699 ordine
1842 2645 1864 2680 δ
1892 2644 1955 2697 ad
1984 2660 2076 2698 ea-

525 2732 645 2786 dem
677 2734 823 2793 loca,
880 2734 1015 2787 duce
1043 2734 1289 2800 Domino,
1314 2736 1364 2787 in
1394 2734 1586 2789 cellula
1608 2735 1897 2788 beatissimi
1943 2734 2076 2787 Fru-

527 2820 700 2872 ctuosi
733 2819 943 2875 fuissem
974 2822 1277 2889 perductus.
1310 2831 1362 2875 et
1388 2824 1472 2876 ille
1505 2839 1606 2876 non
1636 2823 1814 2876 fuisset
1860 2823 2079 2890 permis-

527 2922 635 2968 sus,
670 2917 721 2960 et
750 2911 868 2976 quia
893 2910 956 2961 de.
977 2926 1116 2977 stepe
1135 2914 1276 2965 dicto
1316 2921 1494 2966 monte
1525 2929 1607 2966 me
1628 2913 1955 2978 discedente,
1988 2929 2075 2965 re-

528 2995 703 3058 cessit,
734 3004 788 3048 et
808 2997 1045 3050 assiduus
1067 2999 1246 3065 populi
1278 3015 1588 3064 concursus,
1621 3012 1641 3037 ο
1670 3015 1790 3052 cum
1813 3008 1983 3051 autem
2012 3000 2078 3053 de

530 3090 764 3134 stercore
792 3083 1094 3135 animalium
1150 3085 1344 3138 dttdnm
1372 3086 1759 3139 occurrentium
1809 3087 2076 3138 hominum

530 3168 875 3223 deliciosusin
908 3172 1091 3224 eodem
1126 3175 1242 3226 loco
1264 3176 1585 3229 excrevisset
1616 3173 1765 3228 fenus
1790 3214 1804 3236 ,
1862 3166 2079 3229 veniens

532 3254 666 3319 ignis
688 3269 781 3319 per
800 3255 1193 3323 desertum,per
1214 3256 1353 3310 idem
1381 3258 1555 3310 fenum
1585 3259 1864 3323 ingressus.
1890 3267 2075 3310 cuncta
2104 3232 2147 3291 (ἶ

533 3343 832 3395 habitacula
862 3360 980 3397 cum
1015 3346 1124 3411 ipsa
1155 3348 1509 3401 concremavit
1546 3348 1786 3400 ecclesia.
1821 3346 1946 3401 Post
1972 3347 2082 3400 haec

533 3428 780 3496 prmfatus
828 3430 1059 3484 Joannes
1088 3433 1151 3483 ad
1182 3433 1412 3489 radicem
1446 3435 1679 3500 ejusdem
1706 3436 1901 3487 montis
1929 3435 2085 3487 deor-

534 3532 649 3569 smn
679 3518 794 3577 sibi,
826 3519 1117 3585 opitulante
1162 3520 1407 3585 Domino,
1455 3536 1646 3574 novum
1682 3523 1942 3573 construit
1969 3538 2082 3576 mo-

535 3605 843 3664 nasterium.
871 3606 922 3658 in
968 3621 1073 3673 quo
1103 3624 1223 3659 eum
1269 3608 1551 3677 episcopus
1596 3609 1857 3663 ordinavit
1899 3618 2093 3685 contra

534 3695 855 3748 voluntatem
884 3711 1031 3749 suam
1058 3699 1441 3768 presbyterum.

607 3782 692 3836 5|.
732 3775 861 3837 Cum
887 3797 1063 3840 autem
1094 3789 1285 3843 ibidem
1315 3808 1342 3843 a
1372 3807 1456 3843 me
1478 3778 1695 3857 degeret
1724 3793 2009 3856 desolatus,
2032 3801 2086 3846 et

535 3886 633 3939 ego
662 3873 727 3925 de
755 3874 870 3937 ejus
899 3874 1226 3929 desolatione
1244 3894 1509 3932 manerem
1535 3896 1761 3934 maerore
1792 3881 2084 3943 confectus,

536 3960 753 4013 adduxit
776 3960 1028 4014 Dominus
1054 3977 1146 4029 per
1168 3965 1627 4029 compunctionem
1656 3969 1831 4019 cordis
1865 3983 1929 4020 ex
1973 3968 2087 4021 lon-

534 4049 823 4113 ginquitate
848 4059 1105 4103 terrarum
1132 4053 1411 4119 quemdam
1437 4068 1653 4121 puerum
1677 4057 1888 4109 nomine
1904 4056 2087 4110 Satur-

538 4138 728 4191 ninum.
755 4141 1019 4194 exercitiis
1050 4141 1235 4194 activa:
1266 4142 1382 4195 vitrc
1422 4154 1581 4209 atque
1609 4145 1834 4199 servitiis
1862 4154 2041 4214 aptum
2066 4187 2083 4213 ,

537 4234 592 4276 et
615 4226 665 4277 in
696 4228 835 4279 omni
867 4242 957 4279 sua
991 4231 1197 4283 actione
1240 4232 1608 4297 compositum.
1648 4233 1815 4297 Quem
1862 4237 2084 4304 primum

540 4311 625 4364 ille
654 4313 945 4379 suscipiens
972 4328 1305 4381 conversum,
1332 4332 1557 4382 cumque
1597 4318 1647 4369 in
1668 4335 1872 4373 summa
1928 4322 2088 4375 absti-

541 4402 739 4463 nentia,
772 4402 979 4469 vigiliis,
1010 4402 1252 4469 jejuniis,
1298 4406 1643 4469 orationibus,
1675 4409 1974 4475 psalmodice
2000 4426 2087 4464 ca-

546 4489 778 4547 noribus,
820 4491 1142 4553 diiersisqne
1190 4494 1454 4557 operibus,
1485 4494 1736 4561 artificiis,
1770 4498 1850 4551 vel
1889 4502 2088 4552 caeteris

548 4575 872 4637 regularibus
904 4579 1185 4639 exercitiis.
1220 4579 1403 4633 diebus
1450 4597 1514 4635 ac
1544 4587 1805 4651 noctibus,
1832 4587 2088 4641 instanter
2116 4558 2163 4614 θ

544 4674 779 4727 vacaret,
803 4670 961 4735 C(Ppil.
982 4670 1044 4721 ad
1073 4686 1165 4723 eos
1179 4670 1587 4725 Christianorum
1607 4677 1791 4743 pietas,
1810 4692 1925 4745 qum
1941 4678 2084 4741 olim,

544 4767 626 4804 me.
652 4754 972 4815 discedente.
1002 4766 1315 4819 recesserat,
1343 4774 1616 4814 recurrere
1640 4803 1652 4826 ,
1709 4772 1761 4816 et
1793 4767 2087 4819 necessaria

544 4842 804 4907 stipendia
840 4844 1155 4899 ministrare.

614 4930 701 4981 52.
744 4930 951 4985 Etcum
983 4932 1365 5000 aliquantorum
1405 4932 1662 4991 annorum
1697 4948 1958 4994 transacto
2008 4944 2089 4997 inv

544 5018 788 5075 tervallo.
816 5020 865 5071 in
899 5020 1149 5087 prmdirto
1192 5027 1600 5089 permansissent
1632 5028 1854 5091 regulari
1889 5033 2109 5084 exercit

545 5106 639 5169 tio,
670 5106 839 5159 eidem
869 5110 1112 5174 religioso
1145 5108 1287 5161 fratri
1331 5113 1614 5167 Saturnino
1638 5131 1776 5184 s:cpe
1804 5131 1895 5181 per
1936 5133 2086 5171 reve-

543 5193 793 5246 lationem
823 5196 967 5245 venit
1005 5198 1310 5255 admonitio.
1344 5208 1394 5249 ut
1423 5201 1539 5254 inde
1581 5205 1893 5269 quantocius
1935 5216 2085 5269 egre-

545 5280 710 5342 diens,
743 5283 805 5334 ad
828 5283 1147 5335 infelicitatis
1177 5301 1304 5337 mea:
1331 5286 1600 5341 festinaret
1624 5292 1967 5343 consortium.
1989 5291 2085 5355 Qui

546 5369 721 5420 statim
744 5373 919 5425 divino
970 5374 1514 5442 obedivitprmcepto.
1567 5378 1731 5442 Quem
1781 5396 1897 5434 cum
1944 5382 2084 5432 onmi

546 5463 893 5517 exsultatione
942 5469 1230 5535 suscipiens
1277 5467 1517 5520 benedixi
1585 5471 1742 5523 Deum
1790 5482 2084 5525 creatorem

547 5554 797 5611 omnium,
830 5555 970 5619 quod
1000 5557 1141 5608 velut
1174 5560 1221 5608 in
1268 5565 1505 5609 extremo
1530 5560 1645 5610 vitzc
1678 5576 1805 5613 mere
1836 5562 2079 5625 termino,

618 5667 637 5726 ξ’
678 5660 867 5726 Supra.
897 5678 1035 5711 num.
1066 5662 1150 5721 30,
1180 5664 1227 5714 in
1264 5664 1385 5718 ﬁne.

618 5724 639 5759 δ
683 5724 819 5785 Lege
844 5730 904 5779 ab
943 5730 1112 5779 eodem
1143 5730 1265 5783 loco.

622 5803 640 5823 θ
684 5796 883 5862 Aliquid
915 5798 1099 5850 deesse
1131 5799 1351 5851 videtur.

2180 2032 2353 2085 ditina
2371 2032 2525 2097 jussit
2553 2032 2801 2095 tribuere,
2833 2048 2929 2102 pro
2960 2036 3317 2090 munificentia
3352 2040 3606 2092 mercedis
3630 2040 3713 2091 bo-

2183 2136 2371 2174 norum
2391 2122 2836 2187 Christianorum,
2859 2123 3106 2176 conducti
3129 2133 3249 2177 Sunt
3272 2134 3322 2177 et
3340 2129 3489 2179 multi
3509 2129 3714 2190 operarii

2179 2209 2656 2262 subministrantes.
2691 2207 2821 2263 Cum
2872 2210 3080 2276 quibus,
3116 2212 3411 2277 Opitnlaute
3467 2214 3711 2277 Domino,

2180 2310 2227 2351 et
2259 2299 2374 2365 ejus
2400 2298 2666 2363 virtutem,
2706 2297 2967 2367 perfectus
3002 2309 3116 2354 est.
3172 2301 3409 2369 Cumque
3462 2304 3511 2357 in
3547 2306 3714 2358 eodem

2180 2389 2320 2451 loco,
2348 2389 2497 2459 [quo]
2520 2391 2677 2461 nulla-
2680 2400 2898 2460 pateret
2933 2391 3193 2460 planities,
3220 2394 3310 2446 sed
3334 2397 3477 2448 saxei
3510 2396 3714 2463 ingentis

2178 2476 2439 2542 pinnaculi
2470 2476 2749 2531 discrimen
2790 2478 3076 2545 prmcipitis
3106 2480 3440 2547 immineret,
3495 2484 3711 2537 eamdem

2178 2560 2539 2627 aggredientes
2569 2561 2753 2615 leviter
2782 2563 3089 2617 scindcrunt
3118 2581 3299 2633 rupem
3324 2607 3337 2627 .
3393 2578 3445 2621 et
3468 2570 3517 2621 in
3547 2572 3713 2625 eodem

2178 2648 2294 2701 loco
2328 2649 2379 2701 in
2404 2650 2616 2703 nomine
2637 2657 2831 2702 sanctae
2858 2652 3030 2706 crucis
3053 2693 3067 2717 ,
3098 2662 3149 2704 et
3176 2657 3345 2707 sancti
3380 2655 3711 2719 Pantalennis,

2177 2746 2593 2813 cscterorumqne
2634 2748 2935 2792 sanctorum
2992 2749 3321 2807 martyrum,
3379 2743 3503 2797 licet
3558 2744 3713 2797 brevis

2177 2824 2385 2878 fabrica:
2412 2826 2694 2895 tantillum,
2723 2827 2816 2881 sed
2844 2828 3052 2882 virtutis
3078 2830 3308 2885 culmine
3336 2845 3583 2898 maguum
3603 2875 3617 2898 ,
3643 2849 3712 2886 sa-

2176 2930 2322 2968 crum
2344 2915 2565 2969 Domino
2594 2926 2953 2971 constructum
2978 2927 3058 2972 est
3081 2921 3333 2987 templum
3363 2942 3373 2973 :
3406 2924 3546 2990 quod
3568 2939 3594 2977 a
3611 2924 3708 2977 viro

2178 3004 2266 3057 Dei
2296 3005 2722 3060 reverentissimo
2749 3006 2961 3061 Aurelio
2988 3008 3241 3075 episcopo
3271 3008 3297 3046 ἀ
3340 3020 3420 3064 est
3443 3028 3558 3065 cum
3584 3014 3709 3066 omni

2176 3092 2440 3160 diligentia
2465 3086 2685 3146 Demino
2713 3104 3096 3159 consecratum,
3127 3098 3392 3164 simulque
3421 3098 3575 3164 hujus
3600 3100 3710 3151 :edis

2180 3180 2418 3247 opificem
2440 3182 2799 3244 Saturninum,
2825 3197 2923 3251 ope
2946 3183 3171 3247 Domini,
3204 3185 3433 3238 sacravit
3460 3188 3708 3255 presbyte-

2180 3285 2317 3322 rum.
2346 3268 2443 3334 Qui
2486 3270 2609 3323 dum
2631 3260 2934 3337 quotidiana
2962 3273 3155 3325 ibidem
3188 3273 3411 3328 Domino
3437 3276 3712 3327 immolaret

2180 3358 2458 3421 sacrificia,
2483 3360 2751 3424 aliquanta
2794 3362 2866 3413 illi
2916 3362 3271 3417 exanditionis
3314 3364 3573 3430 patefacta
3608 3374 3714 3417 sunt

2179 3446 2346 3511 signa.
2369 3445 2440 3497 Ex
2468 3448 2657 3512 quibus
2674 3449 2937 3515 aliquanta
2957 3465 3068 3515 qum
3093 3452 3313 3504 veniunt
3333 3452 3396 3505 ad
3420 3469 3607 3505 mentm
3622 3456 3708 3504 iam

2182 3535 2411 3586 breviter
2435 3535 2704 3589 insinuans
2725 3537 3031 3590 edisseram.

2251 3620 2335 3674 54.
2380 3622 2507 3674 Dum
2537 3624 2762 3687 quadam
2786 3625 2871 3678 die
2915 3626 3113 3691 lapides
3148 3626 3390 3695 desuper,
3423 3630 3710 3683 imminente

2181 3727 2329 3777 rupe,
2360 3714 2711 3773 abscinderet.
2736 3716 2909 3769 subito
2928 3725 3113 3784 erupta
3142 3718 3368 3786 desuper
3395 3720 3583 3786 ingens
3603 3737 3711 3774 aeuo

2184 3802 2381 3854 tissima
2414 3802 2897 3870 lapis'pr;ecipitata
2936 3806 3216 3871 deorsum,
3273 3807 3386 3874 ejus
3430 3811 3714 3875 percutiens

2184 3891 2367 3956 pedem
2398 3890 2532 3942 illius
2561 3905 2727 3955 usque
2755 3891 2817 3941 ad
2849 3907 2965 3943 ossa
2994 3901 3298 3959 penetrans,
3349 3911 3538 3949 nervos
3562 3906 3613 3951 et
3636 3912 3713 3951 re.

2187 3994 2281 4032 nas
2312 3980 2511 4032 incidit.
2564 3980 2694 4032 Dum
2724 3990 2863 4033 esset
2905 3982 3166 4047 formido,
3224 3999 3290 4037 ne
3336 3985 3520 4038 debilis
3568 3987 3729 4040 factus-

2182 4084 2416 4137 gressum
2451 4072 2740 4137 amitteret,
2763 4080 2854 4125 aut
2881 4084 3103 4127 mortem
3128 4076 3437 4136 incurreret.
3470 4094 3590 4130 mox
3615 4078 3710 4130 sic-

2182 4169 2301 4212 cato
2323 4162 2576 4226 sanguine
2604 4176 2661 4213 se
2683 4162 2972 4226 decubans,
2996 4164 3045 4215 in
3085 4164 3281 4217 lectulo
3312 4166 3583 4220 continere
3620 4184 3708 4219 non

2183 4248 2388 4313 potuit;
2421 4248 2511 4299 sed
2539 4250 2691 4301 solita
2716 4252 3096 4304 consuetudine
3120 4268 3177 4305 se
3202 4253 3265 4305 ad
3290 4254 3600 4309 sacrificium
3622 4257 3709 4310 Do-

2184 4335 2327 4387 mino
2358 4335 2681 4389 offerendum
2715 4338 2837 4390 licet
2864 4340 3048 4391 debilis
3082 4356 3201 4393 cum
3231 4344 3391 4397 nimio
3426 4346 3602 4400 labore
3625 4363 3705 4401 ιιεο

2184 4424 2440 4477 eessitatis
2469 4425 2694 4492 semipes
2723 4428 2965 4490 attraxit;
3020 4430 3303 4498 statimque
3324 4441 3385 4488 ut
3416 4435 3705 4487 sacrificium

2187 4528 2361 4565 Coram
2394 4514 2615 4566 Domino
2660 4515 2965 4579 immolavit,
2997 4518 3339 4591 itaegressus
3365 4532 3440 4573 est
3472 4538 3638 4586 sanus,
3660 4532 3705 4575 ut

2191 4602 2452 4655 videretur
2482 4603 2583 4656 illic
2611 4620 2708 4659 nec
2726 4603 2889 4673 spinae
2903 4607 3119 4661 aculeus
3140 4623 3259 4661 eum
3284 4611 3365 4661 vel
3392 4612 3571 4663 leviter
3598 4596 3707 4677 pun-

2189 4693 2344 4742 xisse.

2256 4778 2341 4833 :75.
2389 4780 2601 4834 Dcmum
2638 4796 2757 4835 cum
2786 4784 3044 4835 matutino
3092 4792 3331 4852 tempore
3359 4786 3703 4841 Celebrandum

2188 4868 2678 4923 adluissetofﬁcium
2707 4913 2720 4933 ,
2762 4880 2815 4924 et
2841 4873 3065 4926 claustra
3087 4883 3108 4909 ε
3143 4876 3408 4941 ingressus
3439 4874 3519 4926 ita’
3553 4882 3704 4929 essent

2186 4956 2486 5019 praepedita.
2517 4965 2573 5009 ut
2619 4972 2680 5010 ea
2720 4973 2956 5013 reserare
3009 4977 3111 5013 non
3164 4970 3379 5027 posset,
3434 4970 3704 5017 commotus

2186 5041 2621 5105 animo,veniens
2673 5048 2736 5097 ad
2782 5046 3062 5100 fenestram
3096 5050 3311 5112 altaris.
3358 5053 3596 5107 clamavit
3638 5052 3700 5105 di-

2186 5141 2309 5180 cens
2341 5145 2353 5179 :
2382 5131 2518 5182 Bene
2546 5132 2643 5184 hoc
2667 5143 2765 5195 est,
2796 5136 2991 5187 domini
3021 5140 3207 5201 sancti,
3230 5150 3285 5192 ut
3312 5145 3516 5197 veniam
3546 5142 3606 5196 ad
3628 5142 3699 5197 of-

2184 5210 2357 5263 ficium
2376 5222 2622 5280 vestrum,
2638 5228 2689 5270 et
2708 5220 2904 5285 ingredi
2930 5235 3011 5273 me
3031 5236 3133 5276 non
3150 5229 3481 5292 permittatis.
3511 5229 3621 5283 llzc
3632 5228 3697 5280 tli-

2186 5313 2306 5352 Ceus
2344 5316 2461 5354 cum
2487 5304 2548 5355 ad
2577 5306 2766 5358 ostium
2801 5308 2981 5360 fuisset
3017 5324 3276 5378 egressus,
3320 5318 3586 5373 confestim
3621 5332 3699 5371 au-

2186 5384 2287 5436 dita
2333 5397 2414 5441 est
2462 5405 2576 5442 sera
2608 5430 2619 5450 ,
2665 5406 2780 5456 quze
2850 5394 3161 5452 intrinsecus
3218 5402 3395 5455 clausa
3446 5404 3696 5462 obseraltat

2183 5475 2482 5537 obstructa,
2532 5480 2714 5543 procul
2738 5481 3054 5548 abscedere,
3109 5496 3164 5539 et
3192 5488 3480 5556 ingressum
3520 5492 3696 5564 psicho

2184 5576 2336 5617 cere:
2393 5563 2533 5627 quod
2566 5565 2797 5622 videntes
2827 5570 2937 5637 ipse
2966 5582 3018 5625 et
3046 5575 3131 5639 qui
3182 5591 3299 5630 cum
3344 5595 3408 5636 eo
3455 5563 3621 5649 erant,
3652 5580 3690 5633 in

2251 5675 2271 5705 ἰ
2321 5675 2663 5748 1ιςιιιιίὶρριιδίε
2692 5678 2961 5748 Ecelesim,
2986 5681 3051 5736 ab
3076 5698 3216 5741 anno
3248 5687 3369 5743 681.

2250 5752 2272 5804 f‘
2319 5741 2432 5803 .lls.,
2460 5742 2786 5810 ingrcssi”...

3436 5720 3865 6265 Α
