3912 6336
595 0 883 16 I——‘

194 427 290 483 εὖ
1619 445 1992 500 υιιυδευω.
3299 467 3402 522 ιῖὶι

190 539 467 608 utistnporo
520 542 668 596 versi
719 541 1042 599 admirantes
1069 586 1084 612 ,
1127 545 1515 603 benedixerunt
1561 548 1740 606 Domi-
1778 562 1824 617 Α
1853 553 2209 610 tribulationis
2240 573 2371 614 mea:
2397 560 2486 616 ille
2509 561 2848 632 supradictus
2867 568 3104 627 Joannes
3133 590 3282 631 meus
3309 582 3418 632 dis-

249 733 330 788 56.
369 737 502 791 Cum
532 749 718 795 autem
761 743 813 796 in
844 743 1030 799 eodem
1080 746 1290 801 deserto
1311 748 1639 819 aliquautula
1675 752 1749 806 le-

181 827 384 890 gumina
407 829 752 891 seminasset,
783 841 837 884 et
858 833 1002 887 dono
1029 833 1236 890 Domini
1267 840 1534 894 uberrime
1567 842 1748 896 fecun-

178 913 324 976 dans,
354 915 674 972 densissima
700 923 724 950 ⁸
746 921 1045 982 screvisset,
1069 940 1226 991 quam
1253 944 1372 980 cum
1396 939 1747 986 maturescen-
1773 941 1782 950 '

180 1013 279 1057 tem
299 1020 540 1070 cernere,
568 1024 766 1063 cavens
786 1011 1059 1083 [namque]
1084 1030 1148 1069 ne
1177 1031 1206 1068 a
1247 1017 1472 1072 diversis
1503 1033 1741 1077 vastare-

179 1103 280 1159 tur,
316 1097 601 1164 parvulum
651 1085 812 1169 super
848 1102 1094 1157 altarium
1141 1107 1408 1161 benedixit
1457 1111 1739 1177 vellelum,

173 1199 322 1250 qui-tn
351 1200 448 1252 pro
489 1187 648 1252 signo
681 1190 730 1242 iu
779 1191 967 1245 eodem
998 1198 1272 1264 suspendit
1326 1212 1472 1266 agro.
1502 1201 1740 1270 Cumque

171 1285 350 1322 omnes
377 1270 731 1329 formidarent
777 1279 1062 1347 quidquam
1150 1285 1341 1337 exinde
1387 1290 1734 1356 contingere,

169 1359 376 1427 quidam
410 1363 643 1427 stultus,
689 1367 811 1419 dum
842 1384 970 1420 au<u
1020 1373 1261 1439 improbo
1312 1375 1500 1428 ibidem
1553 1369 1737 1435 fuisset

168 1448 448 1513 ingressus,
470 1463 524 1503 et
546 1453 800 1519 caspisset
829 1459 963 1520 gula-
993 1473 1103 1511 sua:
1130 1461 1346 1526 explere
1362 1468 1730 1534 voracitatem,

167 1535 400 1602 protinus
434 1553 727 1605 percussus
750 1553 830 1598 est
855 1561 883 1597 a
914 1560 1197 1615 serpente;
1229 1561 1281 1605 et
1308 1570 1428 1606 mox
1458 1559 1644 1613 decide
1672 1577 1732 1628 us,

165 1626 338 1678 taedio
369 1626 573 1717 ibidem
597 1630 763 1697 jacnit
792 1637 1052 1692 exanimis
1080 1640 1195 1694 sine
1225 1653 1422 1710 mente,
1453 1662 1732 1717 quousque

163 1699 455 1772 invenireiit
484 1735 610 1775 eum
659 1726 775 1791 plus
805 1725 870 1780 de
909 1745 1001 1782 ore
1047 1739 1099 1782 et
1156 1737 1449 1800 posteriore
1493 1750 1729 1795 stercora

160 1805 487 1870 fundentem.
512 1827 673 1876 quam
698 1814 955 1870 habuerat
983 1820 1304 1889 discerpere,
1339 1825 1461 1878 dum
1487 1843 1578 1893 per
1602 1845 1725 1896 gra-

1859 640 2084 707 cipulus,
2115 643 2252 698 illius
2273 638 2488 717 quinque
2521 666 2539 689 σε
2573 657 2825 721 magister
2853 661 3083 727 primus,
3125 681 3155 718 a
3187 671 3418 735 quodam

1857 725 2185 794 iniquissimo
2209 736 2427 798 rustico,
2466 741 2533 792 ab
2565 741 2681 808 ipso
2717 744 2893 801 invido
2925 764 3275 820 persequente
3299 760 3409 815 dia-

1854 816 1980 870 bolo
2012 821 2309 888 pmrcipiter
2337 824 2582 892 impulso,
2620 833 2669 884 in
2689 836 2936 902 ρνιυιιίοιο
2951 854 3048 892 suo
3070 853 3414 915 monasterio,

1852 914 1978 958 ante
2009 918 2247 962 sanctum
2298 912 2543 968 altarium
2576 919 2626 971 in
2651 924 2894 977 oratione
2924 935 3277 1000 prostratum,
3333 947 3417 991 est

1851 993 2160 1060 impiissime
2185 1009 2238 1052 et
2265 1004 2548 1059 crudeliter
2573 1010 2748 1077 capite
2771 1021 3064 1071 truncatus.

1921 1085 2010 1142 60.
2051 1084 2171 1154 Ipso
2201 1105 2415 1158 quoque
2445 1104 2682 1164 tempore
2701 1098 2822 1155 licet
2852 1101 3189 1163 ProviJentia
3217 1113 3414 1181 divina,

1845 1185 1962 1238 qua:
1991 1188 2205 1244 semper
2228 1193 2324 1246 pro
2347 1196 2636 1249 pauperum
2665 1204 2881 1244 suorum
2901 1195 3110 1251 miseria
3128 1201 3412 1260 sollicitam

1844 1261 2097 1315 adhibeat
2124 1281 2328 1334 curam,
2365 1286 2430 1324 ne
2455 1287 2553 1338 ego
2577 1275 2904 1333 miserritnus
2932 1282 3000 1336 ab
3047 1289 3191 1341 omni
3219 1306 3414 1348 conso-

1843 1348 2059 1405 lationis
2087 1359 2332 1422 pra-sidio
2349 1362 2679 1431 relinquerer
2699 1368 3002 1437 destitutus,
3019 1373 3087 1429 de
3113 1386 3254 1432 terra
3275 1384 3413 1437 nati-

1842 1438 2016 1493 vitatis
2046 1458 2178 1496 meze
2206 1447 2510 1502 sollieitavit
2531 1453 2594 1505 ad
2625 1455 2866 1510 timorem
2893 1474 3044 1514 suum
3065 1463 3190 1518 mibi
3224 1473 3406 1535 proxi-

1841 1543 1984 1581 mum
2023 1530 2202 1584 fratris
2222 1537 2324 1587 mci
2384 1538 2615 1593 Montani
2645 1544 2806 1597 lilium
2829 1588 2844 1611 ,
2892 1552 3103 1604 nomine
3126 1553 3410 1624 Joannem,

1837 1619 1926 1684 qui
1962 1633 2280 1688 compunrto
2310 1629 2472 1682 corde
2501 1634 2718 1688 veniens
2761 1637 2975 1705 reliquit
3003 1644 3275 1699 servitium
3324 1664 3410 1704 re-

1835 1710 1933 1773 gis,
1971 1720 2131 1778 atque
2157 1730 2397 1781 uxorem,
2430 1728 2485 1772 et
2514 1720 2668 1784 lllios.
2695 1727 2775 1778 vel
2805 1731 2983 1784 omnia
3009 1749 3126 1801 quae
3156 1735 3403 1805 habebat,

1833 1806 1887 1851 et
1910 1815 2227 1857 convertens
2243 1821 2363 1858 cum
2395 1806 2592 1864 famulo
2638 1828 2735 1867 suo
2762 1813 2989 1885 Evagrio
3014 1838 3072 1875 se
3101 1832 3215 1877 tota
3245 1828 3408 1884 corde

159 1895 279 1948 tiam
303 1896 512 1952 Domini
539 1903 718 1954 nullus
741 1904 872 1958 alius
916 1906 1102 1962 fuisset
1152 1886 1397 1969 inventus
1447 1886 1535 1987 qui
1561 1886 1726 1975 inultis
1765 1898 1804 1953 Β
1833 1886 2102 1986 dominico
2135 1896 2456 1987 "P'lfipam
2497 1901 2846 1973 sermio'qui
2887 1923 3026 1964 nunc
3075 1927 3239 1982 usque
3286 1932 3406 1985 qua

155 1984 421 2039 montibus
449 2003 481 2040 a
512 2001 765 2058 serpente
791 1993 978 2050 fuisset
1008 1999 1333 2057 vulneratus.

223 2094 305 2149 57.
346 2099 466 2154 Alio
495 2118 713 2171 quoque
747 2116 986 2177 tempore
1029 2115 1240 2182 quidam
1265 2120 1531 2177 srrcularis
1557 2167 1569 2186 ,
1629 2144 1721 2178 no-

513 2164 528 2171 -
628 2164 638 2169 -
855 2164 870 2177 .
1037 2164 1240 2182 νιη---ωη
1266 2164 1531 2177 ,ην-.-.η
1557 2167 1569 2186 ,

155 2164 293 2238 Πῖίηε
318 2184 570 2253 Basilius.
593 2206 711 2245 ευιιι
733 2197 930 2260 ingenti
958 2205 1345 2258 necessitudine
1373 2222 1592 2264 coactus
1625 2217 1716 2265 de-

153 2270 268 2324 bilis
291 2275 357 2328 ad
379 2292 504 2331 eum
538 2281 798 2345 venisset,
831 2282 1081 2352 quoniam
1117 2293 1335 2348 dextera
1365 2314 1548 2354 manus
1580 2321 1714 2365 epis,

147 2371 198 2412 et
228 2363 503 2420 brachium
537 2407 554 2430 ,
615 2376 902 2430 contractis
957 2383 1166 2444 nervis,
1226 2389 1455 2443 arefacta
1505 2404 1718 2458 turgens

147 2449 468 2521 obriguerat,
501 2459 649 2514 illico
672 2465 1024 2521 miserationis
1055 2475 1255 2540 pietate
1276 2484 1595 2548 compulsus.
1626 2491 1712 2539 be-

1056 2529 1070 2540 _
1241 2529 1247 2530 ,
1626 2529 1688 2539 υν

147 2529 572 2612 ιιειΙὶχίιόΙευιη,
597 2558 649 2602 et
674 2550 789 2619 ejus
821 2555 1014 2612 dcbiiia
1042 2565 1276 2618 membra
1314 2583 1486 2628 orans
1518 2590 1710 2640 peruu-

151 2627 252 2689 xit;
281 2632 570 2687 confestim
601 2653 702 2705 ope
720 2640 929 2696 Domini
970 2647 1086 2714 ejus
1118 2627 1352 2716 pristina:
1381 2627 1593 2714 sanitati
1627 2680 1710 2714 re-

143 2715 321 2770 stituta
359 2731 485 2773 sunt
519 2728 782 2782 membra.
819 2730 879 2784 Et
907 2734 985 2788 sic
1011 2715 1335 2798 benedicens
1367 2745 1531 2799 Deum
1566 2750 1708 2804 inco-

140 2800 289 2857 lumis
314 2819 438 2860 cum
471 2814 620 2866 utuni
659 2819 1013 2879 exsultatione
1052 2829 1424 2900 atpropriatu
1465 2851 1708 2893 [εγω-,ηε

136 2901 213 2946 est
239 2894 476 2955 domum.

199 3004 266 3056 58
323 3011 457 3066 Cum
491 3015 651 3082 igitur
692 3019 814 3077 huic
867 3036 1051 3081 sancto
1087 3043 1213 3084 tam
1252 3050 1457 3091 summa
1483 3042 1700 3099 licentia

134 3091 420 3154 deserviriit
451 3103 668 3168 altario,
693 3117 746 3162 et
787 3112 1110 3171 infelicitatis
1164 3135 1250 3177 in
1291 3126 1606 3184 solemniter
1653 3135 1702 3187 in

1828 1977 2069 2043 utrisque
2106 1982 2311 2036 cellulis
2356 1990 2658 2041 necessaria
2703 2002 2827 2047 sunt
2853 1996 3078 2054 ﬁdeliter
3120 1977 3403 2062 elaborans

1827 2066 2105 2119 ministrat.
2136 2071 2260 2122 Nam
2285 2073 2496 2139 adjutus
2524 2091 2552 2128 a
2586 2078 2950 2152 Domino,,qui
2987 2104 3107 2143 eum
3130 2098 3299 2148 sancti
3321 2100 3402 2151 al-

1828 2158 1944 2208 tarii
1972 2159 2135 2224 ipsius
2168 2162 2324 2227 jussit
2347 2180 2464 2219 esse
2510 2167 2806 2225 ministrum
2834 2214 2848 2238 ,
2899 2177 3079 2234 vineas
3111 2184 3160 2236 in
3205 2188 3398 2243 eodem

1821 2245 2052 2308 deserto,
2084 2251 2295 2306 hortum
2318 2255 2544 2321 olerum,
2577 2267 2632 2312 et
2661 2263 2856 2317 multas
2887 2268 3168 2331 pomiferas
3199 2276 3396 2332 divi'rsi

1819 2341 2026 2401 generis
2050 2341 2306 2407 plantavit
2328 2348 2658 2415 arbusculas,
2682 2364 2841 2422 atque
2867 2358 3118 2416 domicilii
3150 2363 3389 2422 fundavit

1821 2423 2136 2489 habitacula.
2162 2439 2426 2486 itca-tera
2458 2449 2575 2503 qum
2604 2438 2690 2491 hic
2712 2442 2793 2494 vel
2819 2443 2892 2495 illi
2921 2454 3217 2506 necessaria
3248 2469 3394 2527 sunt,

1819 2518 2055 2583 quotidie
2081 2521 2262 2574 nititur
2291 2538 2394 2592 ope
2419 2525 2506 2580 Dei
2531 2531 2806 2596 perficere,
2839 2543 2894 2588 et
2943 2537 2991 2590 in
3019 2540 3098 2592 his
3123 2543 3395 2604 desiderat

1817 2620 1990 2672 usque
2014 2612 2076 2661 ad
2103 2611 2260 2665 tinem
2291 2617 2408 2668 vita:
2431 2633 2540 2671 sua:
2570 2636 2906 2688 permanere.

1885 2693 1970 2745 61.
2015 2697 2139 2750 Post
2195 2706 2432 2765 crebras,
2464 2707 2738 2772 videlicet,
2782 2713 2996 2770 inimico
3047 2719 3384 2792 impediente,

1815 2785 2050 2848 penurim
2093 2791 2462 2857 contritiones,
2505 2806 2666 2864 atque
2705 2804 3061 2860 amarissimas
3103 2821 3155 2862 et
3210 2814 3388 2870 tristes

1811 2877 1985 2941 alisper
2022 2878 2154 2930 mnis
2183 2882 2564 2948 desolationes,
2591 2888 2675 2940 illa
2701 2894 3023 2960 sempitcina
3058 2901 3385 2970 pietas,qu:e

1811 2979 1913 3015 non
1948 2968 2059 3018 vult
2082 2969 2300 3022 facturi:
2332 2990 2442 3026 sua:
2474 2978 2846 3045 perditionem,
2883 2985 3062 3039 tribuit
3088 2988 3383 3048 iufelicitati

1809 3068 1938 3106 mea:
1989 3068 2107 3121 post
2150 3048 2498 3129 quadraginta
2548 3067 2773 3124 duorum
2825 3077 3080 3130 continuo
3121 3095 3383 3139 annorum

1807 3147 2181 3200 contritionem
2211 3151 2598 3219 aliquantu'um
2631 3161 2843 3227 quietis,
2870 3167 3103 3234 cupitam
3135 3176 3383 3230 consola-

1811 3187 2181 3200 ιιι-..ιιιινιιιιιι
2211 3187 2435 3219 ullI'ualll

135 3187 228 3236 hoc
255 3191 558 3252 superioris
588 3201 900 3254 monasterii
927 3205 1255 3266 initiislraret
1302 3214 1555 3282 claustro,
1588 3233 1704 3287 post
1733 3242 1772 3301 ε
1811 3232 2005 3284 tionem
2031 3244 2084 3286 et
2114 3241 2435 3293 remedium.

135 3269 234 3301 μοι.
265 3275 451 3301 enini...
486 3295 631 3301 ----μ
661 3286 730 3301 μ-ιγ
776 3288 786 3298 ⁸
899 3291 910 3301 -

131 3269 234 3322 lucc
265 3275 454 3341 spiritu
486 3295 636 3334 vanae
656 3286 834 3350 gloria:
864 3291 1121 3358 eletatus,
1152 3313 1371 3369 sperans
1397 3318 1456 3358 se
1483 3316 1537 3358 ut
1566 3325 1593 3359 a
1617 3326 1701 3362 me

128 3374 447 3430 segregatus,
481 3386 644 3438 super
680 3391 762 3430 me
798 3376 1247 3441 honorabiliorem
1281 3392 1492 3447 laudem
1526 3402 1699 3452 nomi-

132 3451 207 3502 nis
235 3457 312 3508 sui
345 3459 396 3528 [ιι
452 3477 541 3513 me
579 3463 883 3538 derelicto],
931 3477 1351 3549 amplioremque
1399 3492 1698 3554 veneratio-

134 3556 245 3594 nem
272 3547 547 3603 oLtineret
570 3568 598 3605 a
629 3558 807 3611 saeculi
860 3562 1016 3629 vulgo
1038 3606 1052 3627 ,
1101 3567 1376 3626 discedens
1408 3577 1526 3629 hinc
1571 3595 1693 3645 t‘lgll

125 3628 287 3694 ipsum
308 3648 557 3692 sanctam
580 3646 756 3708 o,~eris
781 3648 861 3700 sui
904 3652 1153 3708 altarium
1195 3659 1247 3710 in
1277 3665 1587 3719 tenuissimo
1641 3680 1694 3721 ct

122 3731 336 3786 angusto
363 3739 428 3778 se
461 3732 694 3784 retruxit
723 3739 1010 3805 ergastulo,
1044 3743 1110 3804 de
1159 3760 1265 3813 quo
1296 3767 1390 3819 pro
1413 3756 1529 3808 solo
1579 3767 1692 3812 tan-

122 3814 228 3860 tum
255 3809 508 3868 diurnum
530 3826 692 3886 atque
721 3834 1038 3883 nocturnum
1089 3835 1462 3894 Celebraudum
1503 3860 1688 3913 proce-

119 3898 272 3954 debat
298 3902 560 3972 oll'icium,
592 3921 646 3965 et
673 3927 816 3983 saepe
861 3919 1191 3980 oﬂ’erendum
1225 3927 1448 3988 Domino
1484 3898 1687 3991 sacrifi-

1872 3321 1956 3374 (3:2.
2002 3324 2224 3390 lnsu;er
2245 3335 2558 3399 compiznxit
2602 3338 2764 3390 corda
2797 3341 3024 3396 fidelium
3066 3360 3281 3404 suorum
3312 3354 3378 3406 ad

1800 3412 2181 3467 niiser'cordia:
2206 3417 2458 3482 pii-tatem
2478 3423 2694 3489 gloriosi
2724 3429 2992 3497 principis,
3039 3440 3372 3506 pontificum,

1797 3509 2222 3571 ca-tei'orutnque
2249 3506 2689 3579 Christianorum,
2723 3520 2809 3584 qui
2855 3523 3089 3587 largiﬂua
3151 3532 3199 3580 in
3253 3549 3367 3586 mea

1725 3637 1734 3642 _
1799 3599 2035 3654 egestate
2071 3599 2276 3658 operati
2320 3609 2441 3652 sunt
2484 3607 2752 3669 mcrccdr,
2785 3622 2940 3674 quam
2967 3615 3373 3682 recipiantcen-

1804 3680 2123 3744 lttmplicller
2155 3698 2182 3734 a
2221 3686 2443 3741 Domino
2476 3692 2525 3743 in
2583 3694 2891 3752 hircdilate
2944 3705 3180 3761 cmleste.
3234 3709 3364 3767 llinc

1794 3767 1990 3818 etenim
2036 3770 2290 3838 scriptum
2333 3786 2444 3829 est:
2475 3779 2584 3831 Divi
2628 3799 2655 3833 a
2708 3801 2771 3840 ac
2821 3792 3144 3857 srmpiterna
3202 3801 3371 3867 picta;

1794 3861 1910 3916 post
1946 3861 2318 3923 tempestatem
2358 3863 2678 3921 diri~siinam
2721 3879 3060 3942 tranquillum
3112 3883 3268 3942 facit.
3308 3901 3363 3942 et

1792 3951 1911 4007 post
1936 3944 2370 4015 Iacrymationem
2403 3964 2455 4006 et
2480 3957 2657 4009 fletum
2701 3962 3085 4028 jucnnditatem
3111 3972 3218 4027 infu
3247 3979 3360 4033 .dit.

117 3988 273 4044 cium.
306 3993 438 4049 Cum
463 4009 644 4054 autem
678 4004 871 4060 ibidem
906 4019 1151 4080 tempore
1194 4021 1502 4088 quievissct,
1534 4044 1685 4096 rapa-

117 4077 354 4138 cissimus
403 4102 571 4142 vorax
638 4091 728 4147 ille
783 4095 1101 4158 insatiabilis
1146 4104 1303 4174 lupus
1362 4126 1688 4182 pnesecntnr

117 4168 301 4222 animm
348 4185 549 4230 nostra:
595 4179 794 4237 idcirco
825 4185 1095 4246 festinavit
1141 4209 1261 4250 cum
1286 4213 1317 4252 e
1357 4207 1683 4262 consortium

119 4258 479 4317 nnanimitatis
509 4283 642 4324 mea:
672 4286 976 4344 segregare,
997 4289 1056 4334 ut
1078 4285 1220 4338 velut
1243 4302 1396 4342 ovem
1413 4306 1682 4351 errantem

115 4356 170 4393 se
189 4357 306 4399 eum
357 4349 512 4407 facile
552 4368 733 4424 aptum
766 4363 960 4420 faceret
993 4385 1099 4436 pne
1121 4375 1217 4425 ’ωε
1250 4377 1402 4443 cujus
1455 4383 1683 4450 denique

993 4429 1005 4436 _
1313 4429 1356 4443 ,γ
1389 4429 1398 4432 ,
1460 4429 1682 4450 η--..,,...,

115 4429 282 4487 cordis’
309 4439 492 4493 intima
530 4444 600 4496 ita
628 4446 807 4502 furens
835 4467 1114 4520 aggressus
1143 4471 1240 4522 est,
1265 4474 1318 4516 ut
1341 4477 1422 4518 est
1446 4470 1495 4521 in
1521 4476 1682 4527 tantis

114 4525 470 4588 angustiarum
504 4533 766 4589 inolestiis
795 4538 840 4591 fa
877 4553 992 4594 crct
1012 4549 1292 4605 atrocitate
1321 4553 1600 4626 ﬂuctuare,
1621 4575 1675 4614 ut

112 4622 206 4662 nec
227 4612 327 4675 die,
358 4633 460 4671 noc
486 4631 644 4676 nocte
668 4625 806 4680 inter
830 4629 952 4683 inde
981 4633 1081 4696 hic,
1112 4645 1166 4690 et
1195 4639 1314 4694 hinc
1342 4643 1448 4696 illic
1471 4647 1674 4702 discur-

114 4710 310 4754 rentem
363 4708 700 4770 permitteret
741 4715 821 4767 vel
881 4717 1089 4776 modico
1148 4729 1324 4792 Spatio
1379 4738 1675 4802 tranquilla:

111 4786 295 4849 quietis
321 4793 636 4858 persistere.
673 4797 804 4855 llinc
829 4809 1074 4874 nequiter
1121 4812 1388 4880 devictus,
1441 4833 1495 4875 et
1520 4826 1673 4880 facile

111 4889 384 4942 superatus
411 4885 713 4951 egrediens.
748 4905 843 4958 per
873 4906 1083 4951 noctein
1113 4906 1398 4971 carrigai-it
1425 4913 1628 4967 asinum
1654 4956 1668 4979 ,

110 4977 261 5026 quem
293 4967 624 5028 habebamus
677 4981 1007 5037 evectionem
1039 5003 1260 5059 propter
1299 4997 1458 5064 hujus
1505 5017 1670 5059 eremi

109 5056 491 5118 stipendiorum
521 5068 860 5134 necessitate,
887 5074 952 5126 de
973 5075 1224 5134 libwrum
1248 5073 1516 5143 volumina
1536 5108 1672 5161 quos

1414 5139 1516 5143 μὴ
1541 5139 1668 5161 τη-

111 5139 204 5206 ipsi
231 5156 416 5201 sancto
442 5150 633 5205 altario
662 5162 1079 5230 conscripserant
1111 5208 1126 5233 ,
1182 5173 1265 5225 vel
1315 5189 1501 5232 cetera
1551 5199 1668 5250 quae

113 5229 242 5250 :LLI-
336 5237 349 5250 ι
421 5238 458 5250 τι
501 5239 512 5250 ⁸
559 5241 569 5250 ⁸

111 5229 300 5286 ibidem
319 5237 385 5290 de
419 5238 513 5292 Dei
540 5241 664 5295 dato
685 5229 1044 5318 contuleram,
1087 5229 1143 5310 et
1169 5269 1492 5326 temeranter
1544 5229 1668 5338 per-

111 5333 289 5376 suasus
317 5327 510 5384 ductus
540 5343 619 5386 est
653 5335 719 5388 ab
743 5337 958 5398 inimico
980 5352 1246 5414 captivus.

178 5409 260 5464 59.
303 5414 433 5470 Post
464 5419 575 5475 bmc
595 5424 768 5481 adhuc
795 5444 1002 5486 mecum
1042 5437 1242 5495 doloris
1291 5458 1664 5518 consuetthue

1789 4033 1848 4086 EI
1885 4036 2110 4090 iterum:
2147 4040 2348 4096 Gaudia
2377 4058 2490 4113 post
2515 4051 2702 4105 furium
2742 4057 2982 4124 veniunt;
3010 4075 3125 4129 post
3174 4073 3364 4136 gaudia

1788 4124 1967 4178 luctus.
2001 4127 2266 4185 I’loranim
2304 4139 2528 4203 sequitur
2556 4145 2688 4195 risus
2712 4181 2724 4204 ,
2773 4157 2820 4198 et
2868 4154 3066 4204 mntiri:
3104 4159 3360 4222 planctus.

1787 4211 1853 4263 Et
1884 4215 1993 4282 ipsa
2024 4217 2229 4275 Veritas
2256 4224 2382 4278 dicit
2409 4244 2421 4278 :
2457 4228 2554 4290 Qui
2577 4229 2969 4296 perrexi-(iverit
2998 4258 3153 4310 usque
3192 4249 3242 4298 in
3287 4253 3355 4315 [i—

1787 4318 1923 4363 nem,
1958 4305 2036 4358 hic
2057 4310 2228 4363 salvus
2248 4315 2362 4364 erit.

1856 4391 1940 4446 63.
1986 4394 2250 4449 lntrrdum
2300 4402 2422 4454 dum
2477 4405 2624 4471 jura
2669 4424 2970 4466 sanctoaum
2996 4423 3356 4486 apostolorum

1785 4496 1883 4548 ego
1912 4484 2158 4550 indignus
2190 4487 2500 4546 incomulsc
2541 4500 2750 4550 dt‘mnm
2774 4505 3065 4565 praesidens
3117 4511 3307 4566 altario
3335 4555 3353 4582 ,

1709 4573 1752 4628 υ
1779 4586 2005 4639 rumque
2031 4583 2296 4641 prietenso
2325 4581 2488 4637 latere
2513 4590 2705 4639 montis
2739 4590 2914 4646 nullus
2961 4599 3197 4663 planitiw
3219 4616 3320 4657 con
3339 4635 3352 4644 -

1779 4672 1939 4724 gruus
1968 4671 2173 4726 pateret
2200 4669 2368 4731 sinus,
2396 4683 2586 4726 nostra:
2615 4675 2916 4744 fragilitatis
2939 4686 3209 4754 paulisper
3232 4694 3349 4760 opi-

1778 4749 1976 4805 tulante
2004 4770 2162 4808 manu
2193 4759 2302 4822 Dei,
2334 4761 2508 4816 hrcvis
2552 4765 2658 4828 hic,
2689 4771 2782 4824 sed
2823 4784 2980 4840 aptus
3002 4813 3016 4836 ,
3063 4779 3345 4838 atriuuculi

1774 4836 1923 4891 locus
1952 4842 2200 4908 opificum
2229 4846 2414 4920 labore
2451 4865 2634 4906 versus
2665 4866 2747 4910 est
2788 4859 2840 4912 in
2883 4861 3118 4927 planum.
3173 4867 3347 4926 Cerne

1773 4944 1913 4982 nunc
1939 4944 2117 5000 septas
2147 4936 2378 5001 undique
2425 4941 2592 5008 oleas,
2627 4957 2826 5011 taxeas,
2863 4951 3091 5018 laureas,
3124 4961 3340 5026 pineas,

1772 5018 2068 5086 cipreseas,
2116 5038 2434 5092 rosceasque
2473 5035 2742 5101 myrices,
2789 5043 3008 5104 perenni
3048 5045 3232 5100 fronde
3263 5050 3342 5101 vi-

1772 5117 1969 5172 rentes,
2007 5110 2143 5163 unde
2165 5115 2268 5167 rite
2296 5114 2484 5171 horum
2515 5125 2747 5176 omnium
2784 5142 3096 5200 perpetuum
3148 5151 3338 5194 nemus

1773 5198 2035 5265 Daphines
2062 5217 2410 5272 nuncupatur
2447 5213 2883 5287 diversaruinque
2932 5225 3335 5284 arbuscularum

1770 5299 1932 5355 pra-te
1971 5293 2042 5343 sis
2073 5297 2401 5353 Surculorum
2434 5306 2692 5370 virgultis,
2740 5309 2861 5366 hinc
2909 5315 3136 5384 indeque
3168 5324 3336 5375 insur-

1769 5378 2014 5442 gentibus
2039 5381 2222 5436 vitium
2251 5399 2500 5445 contexta
2535 5396 2856 5467 palmitibus,
2884 5405 3073 5462 viroris
3096 5413 3336 5466 alumnis-

1767 5467 1900 5520 sima
1932 5481 2251 5541 protegente
2291 5484 2615 5548 uti-ibracnla,
2650 5494 2740 5542 sed
2773 5499 3037 5553 inonarcis
3067 5516 3198 5569 opac
3225 5513 3331 5561 tate

174 5588 198 5612 ι
241 5581 338 5632 Pro
360 5590 717 5646 exercrissent.

179 5647 201 5738 ξῗ
244 5650 568 5754 νςιιειιυδιεηξ
589 5659 698 5754 lucc
727 5664 972 5747 videntur
995 5670 1192 5754 locata.
1215 5675 1397 5737 Melius
1425 5695 1542 5754 post
1563 5707 1664 5743 srr-

187 5734 199 5754 .
231 5735 283 5754 ρ..
342 5738 370 5754 ,ι
423 5740 501 5754 ...ι
530 5739 760 5754 ...-.-._
979 5744 988 5754 .

108 5719 199 5768 culi
231 5723 391 5788 tutuo,
423 5740 501 5776 me
527 5727 786 5799 derelicto,
817 5719 1380 5809 ιιίέιξιιλτλξ-Ιιίηεξῖίέξ

1838 5646 1860 5673 e
1893 5636 2405 5738 lllfndequo'supra,
2434 5655 2636 5738 n..r.’iOi-t
2655 5657 2739 5724 5i,
2761 5679 2864 5716 non
2896 5667 3028 5738 alter
3048 5670 3113 5722 de
3132 5686 3238 5738 quo
3270 5695 3323 5730 ιι.

2391 5702 2405 5715 υ
2435 5702 2479 5704 ην
2511 5702 2568 5708 μγ
2621 5702 2709 5709 -ν-
2761 5702 2864 5716 ιΙυΙΙ
2896 5702 3017 5720 ul'll
3048 5702 3144 5722 υσι
3172 5702 3238 5725 ΙΙΙ,
3270 5702 3323 5730 ΙΙο

1863 5717 1915 5757 ct
1944 5708 2043 5813 fit};
2073 5702 2159 5766 ille
2199 5702 2393 5797 quippe
2425 5721 2678 5778 ἀίεις-οπως
2718 5702 2746 5781 5
2793 5736 2992 5799 pseudo
3030 5702 3323 5813 monlachis,

1785 5790 1848 5813 Ilt'
1872 5791 1989 5813 Itin:
2016 5790 2147 5813 ιισιιιιι
2169 5799 2194 5813 n
2224 5797 2416 5813 “non”...
2455 5808 2475 5813 ..
2495 5801 2524 5813 -ι
2579 5812 2582 5813 ν
2685 5812 2690 5813 ν

1766 5773 1848 5823 hic
1870 5791 1918 5843 pi
1933 5781 2147 5847 csb'ytcr
2168 5799 2195 5835 a
2216 5773 2419 5844 i‘uStico
2451 5801 2530 5845 cst
2551 5773 2786 5851 occvsus.
