3912 6334
152 473 240 524 ιξτ

1456 460 1607 515 \‘lTA
1639 461 1699 517 S.
1744 461 2149 519 FllUCTUOSl.

3288 453 3391 508 £58

146 597 264 633 ςιςιιιι
286 580 335 632 in
357 580 836 648 congregzrtionem
858 594 979 634 cum
1004 576 1338 631 multitudine
1360 574 1589 629 altorum
1611 576 1710 629 I’a-
1740 587 1785 640 Α
1817 586 2079 637 ranttam;
2124 568 2366 635 iniuriam
2400 582 2581 634 passus
2611 583 2707 635 pro
2740 567 2913 629 nobis,
2952 568 3169 637 reliquit
3208 583 3396 623 exera—
3482 616 3483 619 η

145 682 273 723 trum
316 668 475 722 solita
522 669 874 723 solemnitate
906 667 1258 737 procederet;
1289 673 1345 719 et
1382 664 1581 720 multos
1620 661 1721 717 sibi

142 768 472 812 occurrentes
523 758 579 811 in
623 758 891 811 charitate
934 756 1259 825 susciperet.
1305 755 1358 807 in
1390 762 1617 817 tantum,
1665 762 1724 806 ut

142 863 237 901 una
270 847 523 915 religiosa
554 847 753 901 nobilis
786 854 1034 899 matrona
1057 845 1175 913 ejus
1194 841 1465 897 desidrrio
1485 856 1723 895 commo-

144 949 189 991 la
219 926 469 1007 nmigans
497 936 566 991 de
590 936 785 1000 ltoma,
814 946 938 989 cum
967 948 1063 1003 per
1088 933 1450 987 lnternuntios
1472 944 1723 998 suggere-

142 1036 237 1089 ret,
285 1035 345 1079 ut
384 1040 510 1080 eum
545 1024 795 1090 videret,
835 1032 892 1076 et
938 1023 1026 1077 ille
1068 1036 1175 1077 non
1203 1020 1595 1089 acquiesceret,
1637 1020 1724 1073 illa

141 1113 335 1188 [vero]
390 1118 604 1170 conlisa
653 1114 731 1167 ait
761 1111 1025 1167 :Coniido
1055 1112 1107 1165 in
1140 1110 1326 1172 Deum,
1358 1110 1485 1179 quia
1535 1109 1726 1163 videbo

139 1221 273 1259 eum.
299 1204 363 1258 Et
384 1202 462 1259 sic
488 1211 811 1258 coushnnter
831 1216 1061 1271 pergens
1096 1200 1248 1269 jussu
1294 1198 1503 1253 Domini
1526 1198 1727 1267 reperit

140 1308 257 1346 eum
284 1302 436 1347 extra
462 1292 696 1355 cellam;
724 1301 781 1348 et
803 1290 1090 1360 procidens
1116 1288 1404 1359 prostravit
1442 1303 1499 1342 se
1540 1288 1606 1340 ait
1635 1302 1726 1355 pe-

138 1384 230 1436 des
272 1384 408 1447 ejus.
438 1392 497 1435 et
550 1381 737 1435 tandiu
782 1380 984 1448 jacuit,
1030 1393 1311 1447 quousque
1355 1376 1446 1430 ille
1490 1366 1728 1431 elevaret

140 1489 273 1534 eam,
304 1483 359 1528 et
382 1474 455 1528 ita
484 1474 695 1528 factum
728 1484 827 1536 est,
853 1482 911 1527 ut
938 1473 1029 1540 qui
1060 1480 1187 1525 ante
1217 1471 1533 1539 episcopum
1558 1470 1726 1523 susci-

141 1579 263 1632 pere
292 1563 621 1631 fastidiemt,
651 1573 838 1633 postea
868 1578 964 1633 per
994 1562 1203 1617 Domini
1234 1559 1564 1616 voluntatem
1597 1561 1727 1614 lide-

143 1652 242 1707 lem
274 1652 559 1716 feminam,
588 1654 714 1707 licet
742 1653 951 1717 nolens,
999 1652 1301 1721 susciperet
1340 1652 1391 1705 in
1438 1652 1723 1707 charitatc.

142 1744 402 1810 Quoniam
434 1746 486 1799 in
524 1745 711 1798 futuro
734 1744 936 1811 judicio
981 1759 1086 1797 non
1117 1743 1291 1797 locum
1325 1743 1609 1805 clausum,
1634 1754 1727 1794 aut

144 1845 405 1919 apertum,
443 1852 558 1889 non
590 1834 993 1893 monasterium.
1021 1849 1129 1885 non
1160 1832 1356 1894 villam,
1392 1847 1497 1885 non
1530 1831 1720 1889 vicum,

1824 665 1969 734 plum
2000 661 2155 717 nobis
2186 678 2198 711 ε
2231 675 2351 713 nam
2388 656 2576 727 palmis
2607 673 2912 727 percussus,
2943 658 3395 727 llagelliscmsus.

1820 754 1994 824 sputis
2034 752 2274 814 derisus,
2323 750 2486 805 clavis
2534 748 2809 808 conﬁxus,
2859 748 3027 815 spinis
3079 757 3401 807 coronatus,
3452 758 3460 771 '

1822 857 1984 897 cruce
2024 842 2339 907 damnatus,
2381 854 2596 907 semper
2636 838 2819 892 tacuit.
2870 837 3060 905 Magna
3103 838 3271 890 virtus
3297 848 3404 901 est,

1823 935 1867 989 si
1899 934 2213 995 nonlmdas,
2256 947 2287 986 a
2316 947 2423 1001 quo
2468 931 2626 985 Lusus
2651 945 2747 995 es;
2792 938 2847 982 et
2874 943 3064 997 magna
3110 928 3279 996 gloria
3315 929 3405 979 cui

1826 1024 2043 1095 potuisti
2082 1037 2309 1087 nocere,
2342 1037 2556 1090 parcas.
2596 1018 2935 1075 Maledicenti
2973 1017 3404 1072 benedictionem

1825 1128 2057 1182 appone.
2088 1111 2408 1166 lrascentem
2437 1110 2693 1179 patientia
2722 1108 3001 1163 declinare
3025 1115 3227 1171 satage.
3262 1101 3405 1155 Mala

1826 1204 2053 1257 aliorum
2085 1203 2227 1256 bono
2257 1213 2349 1254 tuo
2375 1212 2568 1268 supera
2604 1216 2616 1249 :
2652 1214 2759 1253 non
2789 1199 2931 1273 enim
2959 1195 3186 1251 habebis
3223 1192 3403 1246 indul-

1825 1294 2081 1362 gentiam,
2111 1292 2214 1346 nisi
2240 1290 2469 1354 dedcris,
2510 1298 2565 1343 et
2607 1288 2652 1342 si
2692 1287 2782 1341 ille
2820 1282 2927 1341 non
2958 1285 3242 1355 supplicat,
3276 1289 3329 1335 et
3358 1281 3405 1334 si

1827 1384 1915 1437 ille
1940 1383 2133 1437 dimitti
2164 1398 2269 1436 non
2300 1380 2553 1452 postulat,
2596 1386 2655 1431 tu
2693 1376 2875 1431 relaxa
2912 1391 2977 1430 ex
3020 1373 3205 1435 corde,
3239 1381 3296 1425 tn
3323 1370 3408 1423 di-

1826 1473 1977 1526 mitte
2003 1487 2070 1525 ex
2097 1471 2298 1534 animo,
2331 1478 2389 1524 ut
2418 1467 2576 1521 Pater
2604 1476 2725 1519 tuus
2753 1465 2846 1534 qui
2878 1466 2929 1518 in
2960 1463 3112 1517 caelis
3136 1469 3193 1516 et
3221 1461 3407 1516 dimit-

1829 1570 1905 1614 tat
1938 1561 2053 1625 tibi,
2101 1560 2243 1617 sicut
2285 1568 2342 1613 tu
2378 1558 2605 1613 dimittis
2649 1555 2978 1609 debitoribus
3017 1551 3273 1616 tuis,‘hoc
3300 1559 3402 1613 est,

1829 1652 1921 1704 tibi
1938 1649 2512 1720 persequentibumtilii
2538 1645 2998 1707 maledicentihus,
3016 1654 3071 1696 et
3099 1643 3191 1696 tibi
3206 1630 3407 1695 calum-

1828 1742 2115 1795 niantibns.
2170 1742 2371 1793 Aliena:
2426 1739 2677 1807 nequitia:
2742 1752 2849 1791 non
2894 1749 3074 1789 serves
3134 1733 3401 1786 dolorem.

1830 1830 2027 1883 lmidia
2082 1828 2335 1897 pestifero
2387 1828 2580 1882 ardore
2630 1826 2769 1880 bona
2811 1822 3109 1891 composita
3155 1811 3403 1878 devorat,

145 1942 246 1978 non
278 1909 544 1987 habitum,
572 1932 668 1976 aut
696 1936 907 1985 sexum,
940 1922 1178 1989 requiret
1210 1919 1489 1982 Dominus,
1518 1919 1610 1973 sal
1640 1936 1724 1971 se-
1748 1917 1800 1975 Β
1834 1922 2027 1974 invidia
2067 1922 2317 1973 animum
2347 1919 2494 1972 velut
2542 1918 2685 1971 tinea
2727 1915 2993 1970 comedit:
3041 1920 3231 1982 pectus
3278 1909 3405 1971 urit,

143 2014 369 2065 cundum
401 2014 688 2078 proprium
727 2025 862 2077 Opus
884 2010 1109 2077 singulis
1128 2008 1416 2061 retribuet.

377 2101 466 2155 DE
511 2099 721 2155 ΝΟΜ]
766 2098 946 2153 HTE
988 2097 1485 2155 INSTITUTIUNE.

209 2190 413 2244 Dilecte
449 2189 548 2253 fili,
584 2190 743 2257 dilige
766 2189 1029 2258 lacrymas
1052 2205 1066 2240 :
1101 2189 1208 2243 noli
1227 2188 1436 2243 differre
1451 2204 1564 2242 eas.
1588 2188 1619 2241 'i
1638 2206 1726 2240 an-

147 2291 251 2332 tum
293 2288 583 2348 promptus
611 2278 799 2333 adesto
841 2278 1088 2332 lamentis
1113 2286 1314 2345 quanto
1322 2277 1487 2377 .fuisti
1532 2294 1731 2346 pronus

145 2367 207 2418 ad
238 2367 478 2435 culpam.
512 2367 700 2432 Qualis
735 2374 823 2420 tua
867 2366 1027 2419 fuerit
1052 2366 1120 2419 ad
1148 2366 1427 2433 peccatum
1480 2370 1729 2435 intentio,

144 2456 264 2508 talis
292 2455 361 2508 ad
394 2456 770 2524 pmoitendum
798 2456 870 2511 sit
895 2456 1131 2511 devotio.
1157 2455 1305 2512 Sicut
1332 2458 1383 2512 in
1410 2459 1730 2528 profundum

144 2530 465 2606 recesseﬁs,
528 2546 603 2596 itu
654 2554 946 2598 revertere.
974 2544 1129 2599 Nulla
1177 2560 1262 2601 res
1315 2556 1367 2603 te
1395 2548 1461 2602 de
1511 2564 1619 2618 pec.
1641 2560 1731 2605 ato

144 2638 388 2684 securum
423 2631 614 2685 faciat.
642 2631 795 2686 Nulla
829 2642 881 2688 te
906 2633 1165 2689 securitas
1188 2637 1271 2690 vel
1302 2636 1553 2705 decepiio
1582 2638 1733 2692 blaa-

144 2717 271 2772 diat.
295 2715 640 2773 lncessanter
664 2720 715 2773 in
745 2723 909 2774 corde
940 2730 1034 2774 tuo
1070 2736 1193 2791 spes
1231 2731 1285 2776 et
1323 2722 1554 2777 formido
1602 2739 1733 2778 cou-

145 2813 316 2874 sistat,
347 2810 559 2878 pariter
590 2824 737 2878 spes,
780 2819 836 2863 et
864 2821 1061 2876 metus,
1094 2813 1275 2878 timor,
1314 2822 1370 2866 et
1400 2811 1610 2868 ﬁducia.
1641 2813 1733 2869 Sic

147 2908 198 2952 te
235 2913 359 2966 spes
394 2898 746 2966 indulgentiae
777 2900 970 2969 erigat,
1008 2909 1067 2954 ut
1105 2911 1279 2956 metus
1305 2903 1563 2970 gehennc
1584 2920 1729 2957 sem-

146 3004 239 3056 per
264 2987 491 3058 afﬂ'gat,
526 2998 584 3043 et
613 2990 773 3044 timor
793 3005 1004 3060 semper
1034 2993 1301 3047 emendet.
1338 2982 1523 3050 Timor
1553 2993 1733 3050 Domi-

147 3078 196 3131 ni
225 3079 448 3147 expellit
480 3088 786 3149 peccatum,
825 3090 882 3135 et
927 3081 1138 3150 perimit
1169 3083 1375 3137 vitium.
1429 3084 1525 3140 Ubi
1569 3086 1733 3141 timor

148 3183 258 3223 nou
286 3176 397 3232 est,
427 3170 501 3222 ibi
544 3168 826 3225 dissolutio
852 3171 991 3225 vita.
1024 3172 1214 3227 Valere
1241 3182 1295 3229 te
1323 3176 1491 3242 magis
1528 3178 1727 3240 animo,

147 3272 302 3325 quam
342 3272 582 3327 corpore
617 3268 769 3328 opto.
812 3260 1120 3316 Adversitas
1155 3264 1398 3331 corporis
1437 3266 1728 3320 remedium
1760 3246 1803 3306 (ἶ

145 3353 229 3399 est
267 3348 491 3401 anima.
533 3347 591 3401 Si
631 3349 957 3417 prosperitas
993 3351 1247 3416 erexerit,
1278 3368 1385 3406 non
1423 3354 1727 3419 extollam;

147 3434 190 3485 si
249 3433 521 3488 calumnia
571 3437 890 3505 contigerit,
935 3438 1304 3507 pusillanimus
1358 3456 1464 3495 non
1516 3453 1726 3507 exstes;

148 3524 361 3589 probari
395 3535 452 3579 te
483 3526 537 3578 in
566 3528 927 3595 prosperitate
968 3542 1253 3598 cognosce,
1287 3547 1391 3587 non
1438 3534 1645 3599 extolli,
1675 3545 1730 3588 et

148 3613 305 3675 bona,
339 3622 397 3667 et
425 3615 593 3678 mala,
625 3624 786 3683 prout
814 3618 907 3672 tibi
927 3621 1189 3684 eveniant,
1219 3631 1399 3676 mente
1423 3624 1583 3677 libera
1608 3641 1729 3678 sus-

146 3702 274 3755 tine.
332 3702 391 3757 Si
423 3713 580 3773 potes
608 3706 741 3759 iram
772 3707 962 3772 vitare,
985 3710 1068 3762 vel
1099 3712 1321 3776 sustine,
1355 3714 1437 3766 vel
1464 3723 1724 3782 tempera.

148 3792 299 3845 Disce
336 3793 482 3846 maia
516 3793 768 3859 tolerare,
799 3796 966 3862 magis
995 3812 1154 3865 quam
1204 3798 1398 3854 facere.
1435 3800 1727 3857 Detrahen-

146 3882 275 3934 tium
316 3896 536 3937 errores
578 3880 962 3942 dissimulando
1003 3888 1151 3942 calca
1176 3927 1191 3953 ,
1232 3891 1588 3945 contumelias
1632 3892 1730 3944 de-

147 3969 481 4022 trahentium
512 3970 771 4040 patientia
802 3987 993 4042 supera
1026 3992 1037 4023 :
1082 3991 1308 4044 propera
1339 3978 1502 4031 verbo
1540 3993 1730 4047 aspero

146 4056 425 4123 patientia
457 4067 671 4112 scutum
703 4074 977 4129 opponere
1009 4080 1020 4114 :
1051 4066 1294 4131 quamvis
1333 4066 1559 4133 quisque
1606 4067 1727 4119 irri-

144 4150 290 4209 deat,
321 4149 575 4215 quamvis
601 4150 829 4218 quisque
874 4162 1176 4219 exasperet,
1208 4156 1449 4220 quamtis
1491 4156 1727 4217 insultet,

145 4237 390 4299 qumvis
412 4236 663 4303 injuriam
686 4236 866 4304 faciat,
883 4241 1124 4307 quamvis
1145 4240 1339 4295 alliciat
1360 4246 1725 4298 contumeliis:

146 4334 201 4375 tu
232 4333 383 4391 tace,
425 4335 486 4379 tu
524 4326 835 4392 dissimula,
878 4338 931 4383 tu
966 4344 1072 4385 non
1124 4331 1386 4400 loquaris,
1438 4342 1490 4385 tu
1536 4348 1730 4389 exerce

146 4410 454 4475 silentium;
495 4414 704 4481 injuria:
739 4431 846 4469 non
883 4420 1237 4486 respondeas,
1274 4421 1574 4473 convicium
1622 4437 1727 4475 non

146 4506 506 4566 retorqueas;
553 4501 701 4557 disce
744 4518 776 4556 a
804 4492 1019 4558 Christo
1050 4506 1388 4575 modestiam,
1416 4509 1562 4563 disce
1592 4510 1727 4564 tole-

153 4630 1681 4662 mm

1834 2020 2064 2065 mentem
2106 2009 2288 2069 allicit,
2320 2022 2415 2061 cor
2440 2005 2693 2070 hominis,
2731 2004 2883 2071 quasi
2908 2002 3107 2070 pestis,
3132 1998 3405 2068 depascit:

1833 2108 2084 2154 utcurrat
2124 2096 2265 2151 enim
2290 2104 2476 2150 contra
2515 2096 2690 2147 zelum
2728 2092 2962 2155 bonitas,
2994 2088 3249 2143 adversus
3278 2087 3407 2139 invi-

1830 2190 1971 2242 diam
2000 2189 2235 2242 charitas
2273 2194 2625 2255 prmparetur.
2668 2182 2857 2253 Retine
2896 2193 3109 2246 semper
3136 2177 3407 2230 vinculum

1830 2278 2165 2331 (onStantizc.
2188 2274 2244 2329 lu
2270 2275 2519 2329 omnibus
2536 2272 2841 2327 actionibus
2864 2270 2965 2323 tuis
2982 2267 3194 2322 imitare
3217 2267 3406 2325 honos,

1830 2367 2377 2427 :cmulare'sanctos,
2416 2365 2612 2415 habeto
2650 2370 2775 2414 ante
2812 2360 2999 2413 oculos
3037 2354 3281 2422 exempla
3324 2369 3408 2406 sa-

1831 2458 2143 2517 cerdotum;
2182 2455 2292 2509 sint
2329 2454 2421 2507 tibi
2461 2453 2784 2506 documenta
2820 2448 2891 2502 Pa
2921 2465 3070 2511 rum,
3119 2445 3409 2514 disciplina:

1833 2551 2212 2611 incitamenta;
2238 2560 2343 2601 nec
2368 2544 2518 2599 favor
2572 2552 2624 2597 te
2652 2541 2893 2603 sedueat,
2922 2553 3022 2593 nec
3050 2538 3411 2621 vituperanda

1832 2642 2082 2707 frangat:
2111 2638 2203 2705 qui
2243 2635 2454 2690 laudem
2496 2648 2600 2687 non
2631 2630 2857 2699 appetit,
2886 2643 2987 2683 nec
3027 2626 3409 2682 contumeliam

1830 2736 2012 2788 sentit.
2056 2728 2192 2793 Quid
2224 2727 2365 2782 enim
2390 2725 2632 2795 prodest,
2661 2723 2787 2776 dum
2806 2720 2978 2775 malus
3005 2734 3084 2782 es,
3116 2719 3290 2772 bonus
3325 2718 3410 2769 di-

1831 2822 2008 2876 car;s?
2047 2820 2298 2885 Discerne
2337 2822 2391 2869 te
2427 2812 2630 2882 judicio
2681 2821 2791 2875 tuo,
2834 2824 2941 2863 non
2988 2809 3209 2872 alieno;
3238 2806 3412 2874 qualip

1832 2907 2017 2962 haberi
2060 2907 2161 2967 vis,
2215 2904 2337 2957 talis
2376 2910 2514 2956 esto.
2558 2899 2952 2954 Professionent
2995 2906 3142 2950 tuam
3190 2910 3300 2950 non
3356 2896 3411 2948 in

1832 2996 2036 3059 habitu,
2068 2994 2160 3049 sed
2192 2996 2243 3047 iu
2267 2993 2475 3046 incessu
2506 2990 2836 3045 demonstra.
2857 2987 2939 3042 Sit
2967 2987 3019 3041 in
3043 2987 3285 3054 ingressu
3314 2992 3411 3037 tuo

1831 3084 2162 3154 simplicitas,
2190 3082 2243 3137 in
2274 3078 2433 3135 modo
2465 3080 2689 3147 puritas,
2723 3078 2773 3131 in
2798 3087 2949 3145 gestu
2980 3076 3237 3144 gravitas,
3271 3075 3405 3128 etin

1834 3179 2042 3230 incessu
2073 3174 2324 3227 honestas
2369 3176 2647 3239 appareat,
2700 3167 2935 3235 nihilque
2967 3164 3219 3219 levitatis.
3246 3160 3411 3216 Gres-

1833 3280 1923 3318 sus
1964 3263 2038 3317 tui
2082 3261 2302 3337 alterius
2333 3260 2519 3313 oculos
2561 3273 2665 3310 non
2697 3255 2990 3319 offendant,
3024 3267 3124 3307 nec
3167 3252 3262 3307 des
3289 3254 3410 3305 aliis

1834 3358 2007 3412 locum
2036 3355 2102 3409 de
2132 3363 2182 3407 te
2201 3351 2533 3407 detrahendi.
2568 3348 2711 3417 Fuge
2742 3348 3019 3417 improbos
3041 3344 3314 3410 homines,
3350 3353 3410 3397 et

1832 3448 2064 3514 iniquos,
2093 3443 2324 3496 maxime
2351 3456 2445 3495 eos
2470 3440 2558 3509 qui
2590 3438 2654 3492 ad
2687 3440 2811 3491 vitia
2842 3436 2994 3506 proni
3025 3443 3170 3490 sunt.
3218 3433 3407 3488 Socios

1832 3538 2002 3589 bonos
2028 3534 2122 3588 tibi
2151 3533 2435 3600 conjunge,
2462 3530 2588 3598 quia
2624 3530 2666 3583 si
2696 3526 2857 3581 fueris
2882 3527 3061 3581 socius
3091 3527 3246 3579 bona:
3273 3538 3406 3578 con-

1831 3623 2178 3686 versationis,
2203 3623 2311 3676 eris
2335 3630 2390 3675 et
2418 3620 2648 3673 virtutis.
2684 3618 2896 3687 Respue
2923 3629 3202 3679 sermones
3226 3614 3403 3680 impu-

1830 3714 1975 3767 dicos
2000 3754 2013 3774 ,
2036 3726 2213 3766 sermo
2228 3712 2368 3764 enim
2400 3722 2566 3761 vanus
2592 3724 2738 3760 vanae
2766 3705 3107 3761 conscientia:
3146 3702 3402 3757 indicium

1830 3810 1929 3855 est.
1963 3800 2111 3854 Mens
2139 3797 2370 3853 hominis
2410 3796 2588 3863 lingua
2622 3794 2904 3863 pandi.ur;
2938 3802 2996 3847 et
3022 3792 3197 3861 qualis
3220 3805 3403 3844 sermo

1829 3888 2147 3951 ostenditur,
2175 3888 2385 3941 animus
2411 3884 2824 3952 comprobatur:
2848 3884 3069 3951 loquere
3101 3897 3205 3935 non
3230 3882 3403 3948 quod-

1832 3980 1979 4041 libet,
2010 3976 2103 4030 sed
2145 3975 2289 4044 quod
2340 3984 2571 4041 oportet.
2608 3974 2680 4026 De
2723 3973 2865 4026 malo
2894 3972 3113 4024 alterius
3142 3986 3204 4023 os
3251 3980 3399 4022 tuum

1830 4083 1937 4121 non
1994 4056 2339 4134 coinqltines:
2370 4064 2569 4132 judicia
2600 4070 2710 4127 tua,
2758 4077 2864 4117 non
2907 4062 3104 4124 aliena,
3155 4062 3397 4113 attende.

1829 4154 1980 4222 Quod
2009 4155 2075 4209 ad
2106 4164 2157 4209 te
2197 4170 2303 4208 non
2336 4155 2584 4222 pertinet,
2618 4153 2725 4207 noli
2776 4152 3068 4222 inquirere,
3099 4166 3197 4205 nec
3254 4152 3398 4219 quod

1828 4249 1970 4301 inter
1996 4262 2054 4301 se
2083 4246 2267 4301 dicunt
2320 4246 2559 4300 homines
2598 4260 2866 4312 nunquam
2904 4244 3043 4298 scire
3095 4242 3393 4298 desideres.

1828 4336 2049 4401 Quibus,
2089 4335 2500 4405 adimpletisque
2531 4335 2660 4401 legis
2695 4334 2888 4396 verbis,
2931 4337 3091 4387 vitam
3140 4341 3395 4385 aeternam

1827 4424 2147 4493 assequeris.

2457 4645 3387 4670 W

502 4739 747 4815 VITA
799 4741 1157 4823 SANGTI
1216 4745 1783 4822 FRUCTUOSI
1844 4747 2507 4824 BRACARENSIS
2563 4750 3009 4824 EPISCOPI

1160 4872 1284 4934 (Ex
1314 4875 1486 4933 Actis
1520 4876 1762 4936 ordinis
1791 4877 1989 4935 sancti
2024 4877 2397 4953 Benedicti.)

932 5011 1393 5074 MABILBONII
1428 5014 1977 5076 OBSERVATION
1989 5017 2076 5076 ES
2107 5017 2459 5077 PRAEVl/E.

221 5192 1066 5285 Fructuosi
1084 5205 1231 5285 regia
1260 5220 1325 5258 ex
1364 5208 1530 5285 stirpe
1559 5211 1705 5275 editi,
1740 5218 1789 5277 ο
1815 5210 2290 5285 Sermgnisjpsius
2330 5211 2496 5263 sancti
2527 5208 2735 5285 Valerii
2760 5210 2812 5285 in
2849 5210 3142 5285 Concordia
3187 5217 3380 5285 ReguL

147 5262 380 5342 abbatis,
404 5266 843 5342 monasteriorum
864 5262 1330 5342 ac_mon_ac_horum
1361 5262 1706 5342 plurimorum

515 5329 834 5415 delatumque
855 5336 1090 5415 episcopi
1122 5329 1481 5415 Dracarensis,
1511 5329 1707 5415 scripta

148 5407 231 5475 est
249 5399 321 5451 ab
344 5410 564 5478 auctore
581 5402 725 5467 gravi
744 5399 970 5478 quidem
1075 5408 1309 5475 subpari,
1333 5420 1388 5462 at
1414 5399 1709 5470 Latinitatis

149 5472 338 5549 δεινῇ)
371 5472 518 5549 ³,,ηεί
557 5481 858 5549 ιέιυθειωηι
904 5472 1064 5549 ﬁdeli
1090 5472 1394 5549 narratione
1436 5486 1705 5549 cognovit,

148 5534 436 5616 pauca-ate
476 5534 537 5615 S._
576 5534 851 5616 Fructuosi
902 5542 1158 5616 principio
1200 5560 1262 5599 ac
1294 5545 1397 5601 fine
1441 5534 1562 5616 vita:
1588 5534 1706 5616 per:

148 5604 371 5680 strinxit
392 5638 410 5664 ,
444 5620 463 5652 ι
495 5604 667 5680 sicuti
698 5608 749 5680 i_n
774 5604 1101 5680 Prmfatione
1140 5619 1495 5679 pro'oquitur.
1549 5604 1706 5670 istam

149 5672 586 5750 scriptionem
629 5673 831 5750 Valerio
858 5675 1028 5750 abbati
1058 5672 1347 5750 umimgerii
1379 5685 1439 5738 S.
1478 5684 1616 5738 Petri
1646 5688 1709 5739 de

156 5735 423 5822 gentibus
460 5739 697 5822 tribuunt
731 5743 1094 5822 Sand‘ovalzus
1109 5756 1163 5800 et
1191 5735 1454 5822 Tamayus
1479 5735 1705 5822 Midan.

150 5802 275 5873 095)
302 5826 333 5871 ι
356 5806 563 5860 tametsi
607 5810 744 5861 inter
786 5811 986 5869 hancce
1037 5814 1208 5870 Vitam
1254 5828 1309 5873 et
1358 5802 1708 5891 iishiiéﬁiini

443 5940 690 6002 Parnm.
733 5942 1109 6005 LXXXVII.

1816 5296 1935 5358 cap.
1969 5282 2019 5340 5,
2039 5279 2064 5358 ᾗ
2086 5280 2140 5358 7,
2160 5279 2381 5330 relatum
2411 5279 2660 5358 nonnulla
2675 5281 2900 5358 videtur
2922 5283 3041 5358 styli
3070 5279 3375 5358 diversiias,

1814 5346 2016 5423 Auctor
2044 5346 2093 5399 in
2122 5348 2223 5399 hoc
2245 5361 2405 5413 opere
2431 5354 2594 5423 testes
2625 5348 2834 5423 adducit
2862 5346 3122 5423 Fu‘gcntii
3148 5346 3391 5423 discipuf

1813 5418 1911 5478 los,
1946 5417 2265 5484 Benenatum
2288 5412 2412 5483 cap.
2440 5415 2525 5476 12,
2556 5412 2818 5467 lulianum
2862 5412 2985 5484 cap:
3023 5419 3116 5482 l5,
3161 5412 3371 5478 Cassii»

1812 5500 1934 5548 mut)
1958 5499 2073 5550 cap.
2104 5480 2193 5545 9i,
2223 5496 2253 5533 a
2281 5480 2473 5550 quibus
2501 5484 2816 5536 narrationis
2836 5499 2897 5537 su
2916 5480 2944 5538 ἑ
2976 5480 3251 5542 materiam
3278 5509 3369 5547 ac-

1808 5554 1966 5619 cepit.
2011 5553 2166 5605 Istam
2222 5552 2640 5605 licubrationem
2693 5566 2723 5603 e
2773 5556 3093 5607 membranis
3141 5565 3369 5613 crnobii

1816 5622 1985 5673 sancti
2011 5622 2146 5674 Petri
2172 5621 2237 5674 de
2261 5622 2481 5674 Arlanza
2513 5635 2651 5671 anno
2682 5621 2875 5675 Christi
2901 5620 3001 5673 912
3022 5629 3252 5679 exaratis
3282 5648 3358 5680 ιιιε.

1814 5700 2023 5761 ceptum
2064 5690 2361 5761 ediderunt
2399 5689 2713 5761 Prudentius
2763 5691 3110 5761 Sando_valius
3154 5712 3304 5761 parte
3354 5716 3364 5748 ι

1815 5755 2283 5829 Fundatamonast.
2302 5755 2902 5829 Hispatt.,etloltannes
2925 5755 3185 5829 Tamayus
3214 5766 3357 5818 Sala.

1813 5842 1905 5879 sar
1933 5829 1983 5881 in
2016 5828 2281 5897 Martyrol.
2316 5827 2531 5894 Hispan.
2561 5827 2622 5879 ad
2648 5825 2787 5881 diem
2823 5825 2880 5877 ιδ
2911 5825 3131 5895 Aprilis;
3161 5835 3252 5885 sed
3283 5850 3342 5903 te

2717 5959 2787 6015 l5
