3934 6228
461 376 566 428 ΗΞ)
1629 370 1686 423 S.
1732 365 1931 421 ELlGll
1971 366 2010 419 Ν

2157 366 2247 419 ιιι.
2294 330 2503 418 arise.
2943 346 2947 350 ’
3597 368 3710 423 tsu

457 488 574 553 ejus
620 485 859 553 exempla
913 481 1256 555 indicavimus
1302 480 1526 549 aliquot,
1573 494 1703 533 cum-
1724 480 1775 533 in
1806 494 1919 547 t-ap.
1956 475 2025 531 '52
2052 480 2096 538 Α
2125 491 2267 555 _mur.
2298 476 2357 530 lu
2387 490 2522 555 nova
2547 474 2920 555 haceditiotte
2939 476 3019 555 usi
3055 488 3239 555 sumus
3269 476 3434 555 variis
3458 477 3707 555 lectioni-

458 542 548 610 li'b.
581 572 618 619 t,
650 565 757 608 tum
780 542 939 607 etiam
968 553 1020 625 in
1061 561 1326 625 postrema
1357 542 1482 625 nota
1508 567 1522 613 ;
1552 563 1667 615 qua:
1693 542 2019 625 tamensuut
2125 546 2244 625 bus__
2266 560 2401 613 quas
2442 544 2861 625 subministravit
2885 544 2946 625 lt:
2981 542 3037 625 P_.
3075 542 3316 623 D._Edm.
3354 547 3608 625 Marteue,
3632 562 3703 599 ex

460 612 738 693 ejusmodi,
770 630 827 677 ut
846 612 1229 693 eicterisg'lidem
1255 635 1360 693 non
1381 612 1655 693 derogent,
1681 632 1797 693 qu_c
1820 616 2018 693 S._Au-
2126 612 2316 693 codice
2340 630 2444 669 ms.
2489 614 2796 668 monasterii
2827 613 2882 669 S.
2914 612 3179 677 Audoeni,
3220 628 3485 669 annorqu
3534 614 3708 668 feriae

459 686 634 748 d'oeno
674 686 933 760 scriptore
981 690 1144 744 videri
1180 689 1342 743 nobis
1379 688 1685 757 dignissima
1715 687 1859 741 ultro
1887 686 2022 740 fate-
2127 686 2567 753 quingentorum.

475 828 3709 853 —————————————-——————-———-————————————-—-

1338 932 1661 1008 BEATI
1719 930 2171 1006 AUDOENI
2223 929 2620 1006 PBOLOG
2639 929 2783 1005 US.

1714 1090 1801 1103 .—

525 1172 657 1227 Cum
683 1172 904 1241 gentiles
930 1180 1100 1241 pOelzn
1125 1171 1374 1226 studeant
1396 1186 1490 1226 sua
1524 1171 1769 1239 ﬁgmenta
1802 1170 2019 1240 prolixis
2051 1183 2307 1239 pompare
2330 1168 2503 1240 stylis,
2532 1176 2587 1222 et
2617 1182 2757 1222 steva
2782 1165 3133 1220 nefandarum
3165 1168 3431 1218 renovent
3457 1158 3712 1226 contagia

455 1280 653 1329 rerum,
681 1280 743 1318 ac
773 1265 997 1333 plurima
1024 1263 1237 1318 Niliacis
1268 1262 1476 1317 tradant
1505 1261 1781 1315 mendacia
1826 1261 2000 1325 biblis,
2034 1273 2329 1329 eorumque
2376 1273 2513 1312 vana
2554 1264 2759 1310 tantum
2788 1255 3052 1332 discurrat
3079 1253 3267 1323 gloria,
3311 1266 3417 1323 qua
3464 1258 3716 1304 veterum

453 1362 675 1407 nectunt
698 1353 972 1407 mendacia
991 1394 1006 1419 ,
1037 1367 1134 1407 cur
1159 1367 1256 1407 nos
1282 1350 1564 1405 Chiistiani
1594 1350 1854 1406 salutiferi
1901 1360 2178 1404 taceamus
2198 1347 2452 1403 miracula
2478 1346 2696 1413 Christi,
2720 1363 2841 1403 cum
2874 1346 3139 1416 possimus
3163 1357 3415 1399 sermone
3446 1341 3529 1395 vel
3561 1341 3715 1395 tenui

453 1443 815 1501 :ctlilicationis
869 1444 1144 1498 historiam
1187 1443 1420 1513 pandere
1462 1444 1646 1512 plebi?
1682 1441 1979 1496 l‘raisertim
2025 1456 2145 1495 cum
2192 1440 2554 1495 ecclesiastica
2597 1440 2882 1493 traditione
2919 1447 2972 1492 et
3002 1437 3292 1505 apostolica
3322 1434 3716 1489 admoneamur

452 1535 792 1601 auctoritate,
820 1533 887 1588 de
908 1544 1210 1589 sanctorum
1237 1512 1400 1602 gestis
1428 1551 1521 1589 seu
1546 1534 1828 1588 virtutibus
1854 1534 2111 1587 nonnulla
2137 1547 2581 1599 conunemorare,
2609 1541 2667 1585 ut
2694 1532 2949 1601 scriptum
2976 1539 3059 1585 est
3088 1550 3100 1583 :
3136 1530 3387 1583 Memoria
3411 1535 3714 1581 sanctorum

452 1641 567 1676 cum
594 1625 831 1677 laudibus
863 1624 1040 1695 (Prov.
1074 1643 1126 1693 κ,
1159 1626 1235 1695 7).
1265 1627 1331 1681 Et
1360 1626 1487 1681 illud
1521 1647 1532 1680 :
1568 1626 1857 1682 Laudemus
1888 1628 2019 1680 viros
2050 1625 2301 1694 gloriosos
2333 1625 2519 1695 (Eccli.
2545 1626 2759 1693 δυνά)
2789 1626 2872 1695 qui
2899 1629 3125 1678 virerunt
3146 1638 3304 1694 regna
3333 1621 3511 1675 mundi
3545 1616 3718 1687 (Heb.

452 1730 528 1784 χι,
558 1714 650 1780 55)
672 1734 684 1781 ;
709 1727 761 1768 ut
786 1718 853 1771 sit
890 1721 1132 1772 memoria
1164 1735 1334 1771 eorum
1377 1721 1428 1773 in
1469 1719 1838 1787 benedictione,
1867 1728 1914 1772 ct
1944 1736 2126 1775 nomen
2155 1722 2362 1773 illorum
2389 1726 2689 1787 permaneat
2712 1720 2765 1771 in
2794 1724 3039 1771 (sternam
3070 1713 3259 1783 (Ercli.
3293 1730 3438 1775 XLVI,
3476 1711 3563 1777 M,
3594 1712 3714 1781 15).

456 1807 893 1877 Quotiescunque
919 1822 1047 1877 ergo
1077 1820 1383 1865 sanctorum
1415 1812 1672 1867 solemnia
1702 1813 2064 1867 anniversario
2089 1813 2292 1867 circulo
2314 1812 2666 1872 celebramus,
2698 1810 2874 1878 aliqua
2897 1822 2963 1862 ex
2989 1821 3175 1863 eorum
3204 1806 3368 1875 gestis
3391 1805 3455 1857 ad
3478 1803 3717 1860 nidifica-

451 1896 652 1952 tionem
682 1896 994 1951 Christiana:
1020 1898 1190 1967 plebis
1215 1901 1586 1955 convenientia
1616 1902 1668 1956 iu
1696 1900 1891 1956 Christi
1921 1901 2164 1957 laudibus
2185 1902 2415 1955 recitare
2440 1901 2697 1955 debemus
2721 1920 2731 1953 :
2759 1900 3220 1968 quonianLrevera
3249 1897 3447 1953 Christi
3476 1898 3719 1951 muneris

448 1996 532 2041 cst
555 1986 811 2055 quidquid
836 1987 886 2040 in
912 1987 1111 2042 sanctis
1138 1988 1255 2057 ejus
1280 1988 1543 2044 laudabile
1572 2000 1673 2046 est.

519 2076 652 2142 Quia
684 2078 843 2145 igitur
869 2080 1103 2132 omnium
1135 2095 1269 2149 pene
1300 2081 1551 2134 tniracula
1591 2080 1976 2143 confessorem,
2005 2089 2060 2135 et
2088 2081 2409 2151 multiplices
2433 2080 2668 2135 victoria:
2697 2090 3014 2149 martyrum,
3060 2079 3362 2135 litterarum
3390 2079 3505 2147 jam
3533 2080 3717 2132 moui-

450 2167 642 2221 utentis
665 2166 929 2222 habentur
959 2169 1144 2234 indita,
1177 2171 1438 2238 multique
1467 2170 1721 2224 nobilium
1754 2188 1818 2225 cx
1850 2173 2012 2239 gestis
2034 2188 2218 2227 eorum
2250 2163 2514 2240 reliquere
2558 2171 2753 2225 molem
2786 2170 3137 2236 voluminum,
3165 2186 3263 2225 nos
3294 2172 3455 2224 modo
3486 2169 3569 2223 vel
3600 2170 3721 2222 exi-

447 2274 607 2324 guum
633 2258 785 2326 juxta
814 2259 1125 2327 qualitatem
1154 2261 1350 2328 ingenii
1377 2268 1561 2330 aptare
1589 2263 1909 2316 tetttavimus
1937 2262 2147 2324 librum,
2180 2264 2231 2315 iu
2280 2277 2388 2329 quo
2416 2262 2485 2315 de
2528 2271 2670 2325 ortu,
2722 2260 2948 2329 vitzutue
2973 2276 3153 2323 cursu,
3185 2268 3241 2316 et
3285 2261 3523 2328 glorioso
3566 2260 3719 2317 obitu

452 2347 626 2400 sancti
656 2357 709 2399 et
738 2346 1025 2402 beatissimi
1059 2349 1379 2405 confessoris
1404 2358 1460 2404 et
1481 2350 1718 2420 episcopi
1750 2352 1923 2418 Eligit,
1954 2366 2115 2420 quem
2146 2351 2209 2403 ad
2244 2350 2455 2417 plenum
2487 2352 2689 2421 experti
2718 2366 2922 2415 sumus,
2946 2350 3235 2419 adjuvante
3256 2368 3485 2422 superna
3518 2352 3719 2417 gratia,

450 2438 822 2506 explicandum
860 2440 1209 2509 suscepimus.
1240 2441 1296 2495 ld
1336 2442 1499 2516 etiam
1531 2452 1656 2495 ante
1686 2459 1783 2497 nos
1800 2444 1911 2512 jam
1936 2443 2231 2495 factitatum
2260 2444 2327 2496 ab
2352 2442 2618 2511 aliquibus
2645 2440 3018 2495 eruditissimis
3038 2442 3428 2510 comperimus,
3461 2442 3558 2496 sed
3590 2442 3720 2509 quia

448 2525 522 2583 illi
553 2532 696 2584 curis
718 2530 936 2598 obligati
967 2534 1335 2601 sceculatibus,
1366 2543 1425 2588 ut
1453 2544 1509 2589 et
1549 2535 1646 2604 ipsi
1695 2539 2033 2604 profitentur,
2062 2550 2180 2589 cum
2216 2534 2555 2588 festinatione
2583 2534 2768 2587 liuiere
2793 2548 3121 2599 sermonem,
3156 2533 3429 2600 indignum
3462 2533 3721 2588 duximus

444 2632 503 2672 ut
535 2628 639 2674 tam
669 2621 817 2690 larga
847 2622 1079 2686 bonitas,
1106 2631 1323 2690 tamque
1343 2624 1536 2678 eximia
1560 2626 1816 2679 sanctitas
1838 2634 1987 2680 arcto
2011 2638 2279 2693 parcaque
2303 2631 2669 2675 attenuaretur
2691 2620 2872 2674 affatu.
2906 2619 3163 2686 Quamvis
3190 2636 3318 2689 ergo
3345 2631 3399 2675 et
3429 2636 3529 2673 nos
3556 2629 3721 2675 tanta?

443 2710 523 2765 rei
570 2710 867 2763 narrationi
900 2710 1075 2764 minus
1105 2711 1269 2765 simus
1301 2712 1499 2774 idonei,
1533 2712 1911 2782 indignumque
1940 2714 2181 2767 videatur
2212 2721 2319 2765 tam
2364 2709 2590 2765 laudatae
2621 2710 2855 2763 historitc
2903 2713 3153 2779 exiguum
3199 2710 3568 2779 pusiliumque
3602 2711 3721 2764 tieri

442 2810 757 2867 auctorem;
791 2810 968 2857 tamen
999 2806 1249 2875 quoniam
1280 2805 1406 2858 mihi
1431 2805 1556 2859 olim
1593 2807 1701 2860 voti
1736 2816 1838 2872 est,
1868 2815 1921 2861 et
1943 2807 2165 2859 fratrum
2209 2805 2441 2858 cbaritas
2465 2804 2650 2857 cadent
2690 2803 3011 2880 freqdeuter.
3027 2804 3289 2873 exposcit,
3321 2805 3363 2857 si
3399 2804 3489 2858 Dei
3515 2803 3721 2874 juverit

446 2896 615 2955 favor,
649 2907 769 2961 qua:
796 2893 923 2946 mihi
968 2903 1241 2962 comperta
1272 2904 1416 2955 sunt,
1446 2910 1672 2962 qumque
1702 2896 1768 2948 ad
1812 2895 2126 2949 memoriam
2181 2896 2436 2949 Dominus
2480 2895 2774 2958 reduxerit,
2820 2910 3126 2962 quanquam
3179 2897 3427 2964 imperito
3473 2898 3719 2964 digeram

444 2983 607 3054 stylo,
642 3000 747 3040 non
776 2985 1013 3054 leporem
1045 2988 1307 3039 sermonis
1343 2988 1636 3055 inquirens,
1667 2988 1763 3041 sed
1792 2989 1961 3041 sancti
2004 2987 2297 3055 simplicem
2325 2986 2486 3039 vitam
2531 2986 2755 3055 δίιιῴἱεὶ
2804 3002 3070 3053 sermone,
3100 2987 3261 3054 ipsius
3291 2988 3562 3043 animatus
3595 3006 3721 3057 pre-

444 3073 614 3133 cibus.
642 3084 897 3129 enarrare
924 3077 1163 3138 tentabo,
1198 3078 1418 3146 ejusque
1460 3079 1580 3133 vitze
1611 3095 1849 3141 cursum,
1886 3083 2007 3134 licet
2046 3095 2293 3134 sermone
2325 3078 2548 3145 inculto,
2579 3080 2779 3149 ingenti
2811 3090 2988 3134 tamen
3040 3080 3241 3134 amoris
3281 3082 3529 3146 obtentu,
3576 3084 3721 3136 ferre

445 3165 682 3215 conabor
726 3150 778 3215 in
810 3163 1113 3231 publicum;
1147 3175 1202 3219 ut
1234 3168 1386 3234 cujus
1414 3177 1500 3221 est
1528 3169 1647 3221 vita:
1676 3185 1792 3223 cum
1824 3171 2038 3225 Christo
2066 3171 2345 3234 memoria,
2371 3172 2540 3237 gloria
2571 3172 2745 3224 relatu
2775 3172 3079 3226 celebretur
3103 3162 3153 3225 in
3185 3172 3406 3238 mundo,
3442 3174 3722 3241 breveque

444 3258 567 3310 vita:
594 3258 822 3326 spatium
852 3269 1052 3314 :eterna
1084 3264 1342 3315 memoria
1371 3274 1685 3333 compenset
1726 3254 1775 3318 in
1801 3267 2073 3333 sa‘culum,
2105 3276 2266 3335 atque
2294 3266 2344 3320 in
2374 3268 2650 3329 hominum
2690 3282 2804 3331 ore,
2836 3266 2980 3321 dulci
3009 3270 3530 3323 commemoratione
3573 3272 3722 3322 vivat

448 3349 504 3400 in
538 3349 717 3416 terris,
744 3351 829 3418 qui
862 3366 982 3405 cum
1012 3356 1277 3422 supremis
1303 3353 1460 3408 beate
1491 3355 1618 3408 vivit
1645 3355 1695 3408 iu
1720 3356 1887 3410 Ctrlis.

518 3461 581 3515 Et
610 3461 651 3515 si
680 3460 894 3529 quidem
925 3463 1053 3516 velit
1079 3465 1199 3532 quis
1226 3480 1439 3519 omnem
1469 3468 1584 3533 ejus
1613 3467 1853 3521 ordinem
1901 3469 2019 3521 vita:
2048 3468 2345 3523 litterarum
2377 3469 2591 3524 tradere
2636 3470 3003 3538 monimentis,
3034 3480 3238 3526 certum
3280 3480 3361 3525 est
3399 3474 3527 3541 quia
3563 3482 3717 3527 tanta

442 3558 567 3604 sunt
594 3565 713 3619 quae
743 3559 798 3604 et
832 3552 1083 3606 volumen
1110 3569 1357 3624 magnum
1384 3556 1657 3623 requirant
1687 3566 1741 3610 et
1768 3559 1954 3611 otium.
1984 3558 2047 3611 At
2075 3574 2174 3627 ego
2200 3575 2322 3613 cum
2350 3560 2469 3623 sim,
2500 3561 2636 3613 sicut
2657 3577 2774 3614 sum
2806 3562 3097 3630 prot‘ssus,
3126 3564 3403 3632 inperitus
3433 3581 3715 3627 sermone,

442 3646 500 3689 et
525 3654 645 3692 cum
675 3640 1027 3697 excellentius
1052 3643 1122 3695 sit
1154 3643 1321 3697 virum
1347 3645 1742 3699 sanctissimum
1768 3647 1947 3700 mirari
1971 3663 2129 3715 quam
2156 3649 2332 3716 loqui;
2362 3667 2481 3703 cum
2515 3651 3001 3707 etiatntluctissimi
3028 3652 3285 3723 quidquid
3314 3654 3381 3707 de
3421 3669 3488 3709 eo
3529 3656 3718 3708 dicere

442 3729 769 3796 potuissent,
798 3732 975 3784 minus
1001 3733 1183 3801 procul
1215 3733 1376 3788 dubio
1402 3736 1472 3787 sit
1496 3750 1655 3803 quam
1686 3745 1920 3789 meretur
1946 3753 1958 3799 ;
1990 3745 2165 3789 tamen
2196 3737 2388 3789 ardore
2417 3736 2717 3790 dilectionis
2749 3738 2866 3805 plus
2900 3740 2948 3792 in
2980 3739 3071 3792 illo
3097 3740 3224 3807 quid
3254 3741 3432 3805 velim,
3463 3757 3627 3809 quam
3663 3744 3715 3795 in

444 3833 533 3872 me
558 3819 685 3885 quid
727 3821 927 3887 possim
956 3821 1293 3875 considerati
1329 3841 1340 3874 :
1376 3839 1497 3877 nam
1528 3840 1649 3876 cum
1676 3825 1775 3878 sint
1806 3824 2018 3877 debitor
2043 3825 2229 3878 decem
2260 3825 2479 3880 millium
2511 3827 2857 3894 talentorum,
2887 3830 2971 3881 vel
3001 3831 3248 3897 exiguum
3279 3846 3411 3887 mete
3438 3834 3718 3887 rusticita-

446 3909 512 3963 Iis
537 3908 761 3964 reddere
788 3911 1024 3967 debitum
1049 3922 1274 3968 conatus
1296 3930 1412 3967 sum
1438 3932 1450 3977 ;
1482 3918 1693 3983 culpam
1716 3915 1920 3970 scilicet
1950 3924 2193 3969 metuens
2216 3916 2413 3970 silentii
2444 3932 2740 3984 incurrere,
2767 3918 2808 3971 si
2838 3919 3015 3988 agnita
3044 3920 3299 3975 miracula
3332 3930 3385 3975 ut
3417 3924 3570 3992 piger
3593 3942 3718 3979 ser-

446 4016 541 4053 vus
563 4001 768 4057 silendo
809 4005 1142 4069 occulerent;
1180 4022 1245 4060 ne
1274 4007 1357 4061 vel
1388 4008 1543 4061 unius
1567 4008 1750 4061 talenti
1782 4010 2039 4062 eretlitam
2076 4012 2430 4077 quantitatem
2474 4012 2600 4065 dum
2631 4013 2833 4067 niterer
2862 4014 3070 4069 cautius
3098 4017 3390 4079 cuSlodire,
3421 4018 3583 4089 culpa
3615 4020 3713 4075 de-

445 4095 601 4148 fossa:
630 4097 868 4165 pecuniae
896 4113 1001 4151 non
1033 4114 1307 4163 carerem;
1337 4098 1538 4153 idcirco
1572 4102 1829 4169 optimum
1874 4101 1986 4155 fore
2013 4102 2299 4157 arbitratus
2323 4119 2461 4168 sum,
2494 4114 2547 4158 ut
2580 4106 2817 4172 pecunia:
2847 4110 3231 4162 commercium
3258 4110 3401 4177 quod
3429 4112 3497 4166 ab
3524 4112 3717 4167 Omni-

445 4194 668 4253 potente
698 4186 901 4256 accepi,
930 4187 981 4240 in
1013 4186 1262 4242 laudibus
1290 4190 1683 4259 Omnipotcntis
1706 4192 2089 4260 expenderent,
2120 4202 2280 4261 atque
2304 4194 2354 4248 id
2375 4196 2516 4257 quod
2548 4197 2614 4250 ab
2638 4199 2826 4252 eodem
2851 4199 3074 4268 adeptus
3103 4216 3240 4266 sum,
3268 4203 3516 4272 indiguus
3539 4207 3717 4260 eidem

449 4276 753 4332 conferrem
784 4279 1056 4347 subjectus
1088 4298 1099 4332 :
1136 4279 1275 4335 unde
1303 4283 1556 4336 lectorem
1579 4283 1830 4350 obsecro,
1866 4297 1922 4337 ut
1944 4286 2201 4338 vilitatem
2235 4288 2402 4341 nostri
2431 4290 2696 4343 sermonis
2727 4306 2830 4344 non
2864 4307 3246 4361 usquequaque
3276 4294 3565 4364 despiciat,
3590 4300 3718 4367 quia

448 4371 550 4424 etsi
583 4378 856 4439 utcunque
902 4372 1221 4441 eloquenter
1250 4377 1419 4443 possit
1464 4376 1637 4429 oratio
1684 4378 1874 4445 promi,
1912 4379 1981 4430 ita
2014 4379 2208 4449 stylum
2266 4380 2439 4449 placet
2469 4384 2777 4449 corrigere,
2816 4394 2873 4436 ut
2921 4401 3021 4440 nec
3050 4386 3383 4455 simplicibus
3410 4389 3721 4459 quibusqdc

446 4461 918 4531 grammaticorum
948 4466 1208 4519 sectando
1237 4465 1410 4521 fumos
1439 4466 1739 4535 displiceat,
1773 4485 1872 4522 nec
1901 4468 2251 4523 scholasticos
2276 4471 2435 4525 etiam
2469 4471 2629 4525 nimia
2648 4480 2973 4528 "contentos
3001 4476 3301 4530 rusticitate
3330 4478 3594 4543 offendat,
3621 4480 3716 4533 sed

448 4556 736 4624 perpaucis
765 4566 973 4624 operta,
996 4557 1205 4613 cunctis
1233 4573 1449 4625 prorsus
1476 4568 1686 4615 rett'xat
1712 4567 1917 4626 aperta.
1944 4560 2072 4613 Nam
2101 4568 2154 4615 et
2179 4561 2601 4617 ecclesia~ticum
2628 4559 2843 4633 dogma,
2870 4565 3080 4619 etiamsi
3106 4566 3301 4620 habeat
3330 4538 3530 4636 eloquii
3558 4584 3718 4625 venu-

449 4656 666 4713 statem,
694 4646 762 4699 ita
792 4662 909 4701 eam
939 4648 1277 4703 dissimulare
1306 4648 1461 4703 debet
1488 4665 1549 4704 ac
1580 4650 1788 4720 fugere,
1814 4660 1871 4704 ut
1898 4666 2004 4705 non
2034 4652 2220 4707 otiosis
2250 4654 2691 4722 philosophorum
2720 4657 3098 4718 sectatoribus,
3121 4656 3213 4711 sed
3248 4658 3500 4712 universo
3529 4658 3718 4727 loqua-

452 4747 539 4791 tur
568 4739 841 4793 hominum
873 4740 1092 4806 generi;
1122 4756 1222 4794 ttec
1265 4740 1406 4792 enim
1437 4756 1571 4808 opus
1597 4751 1679 4795 est
1715 4741 1909 4797 divina:
1938 4743 2193 4798 doctrina:
2223 4744 2513 4812 sophistice
2557 4754 2646 4797 aut
2674 4747 2991 4814 eloquenter
3018 4748 3232 4814 signare
3261 4764 3564 4815 sermones,
3599 4768 3722 4806 eum

450 4830 705 4897 scriptum
735 4830 805 4883 sit
837 4849 849 4883 :
884 4828 985 4892 Qui
1012 4830 1284 4895 sophistica
1313 4832 1534 4899 loquitur
1573 4833 1779 4887 adibitis
1802 4842 1877 4886 est
1908 4850 1925 4887 :
1957 4850 2057 4887 non
2081 4834 2212 4887 enim
2240 4842 2313 4887 cst
2341 4834 2466 4885 data
2492 4834 2568 4888 illi
2609 4852 2641 4887 a
2675 4834 2891 4889 Domino
2941 4840 3112 4905 gratia
3142 4838 3328 4904 (Ecrli.
3365 4856 3571 4909 xxxvtt,
3604 4847 3719 4913 2'5).

452 4922 587 4992 Quid
618 4916 759 4976 enim
792 4922 1087 4989 legentibus
1114 4921 1268 4973 nobis
1298 4920 1503 4977 diversa
1534 4926 2006 4990 grammaticorum
2036 4933 2347 4993 argumenta
2384 4924 2690 4994 proliciuut,
2724 4940 2843 4979 cum
2876 4926 3157 4981 videantur
3178 4930 3355 4996 potius
3375 4932 3718 4997 subvertere,

457 5034 617 5086 quam
642 5014 944 5070 tedillcare?
974 5012 1130 5079 Quid,
1163 5015 1395 5081 inquam,
1432 5016 1777 5087 Pythagoras,
1812 5019 2083 5081 Socrates,
2118 5018 2291 5085 Plato,
2324 5028 2378 5073 et
2404 5020 2720 5073 Aristoteles
2751 5022 2905 5075 nobis
2932 5023 3356 5093 pbilosophando
3386 5030 3721 5085 consulunt!

453 5110 589 5177 Quid
618 5110 1003 5165 sceleratorum
1036 5108 1220 5162 ιιιυιιὶίιε
1266 5120 1568 5179 poetarum,
1616 5112 1827 5166 llomeri
1879 5112 2143 5173 videlicet,
2198 5111 2400 5180 Virgilii
2439 5121 2494 5164 et
2538 5112 2827 5176 Menandri,
2862 5112 3157 5179 legentibus
3200 5117 3526 5173 conferunt?
3560 5122 3722 5187 Quid,

456 5212 692 5267 inquam,
720 5199 1021 5261 Sallustius,
1053 5197 1356 5253 Herodotus
1394 5210 1447 5254 ct
1498 5202 1704 5266 Livius,
1735 5204 2011 5269 gentilium
2064 5204 2295 5256 texendo
2344 5203 2614 5264 historias,
2662 5202 2979 5257 Christiana:
3026 5215 3249 5273 prosunt
3298 5209 3553 5265 familia?
3588 5213 3721 5279 Quid

453 5291 661 5362 Lysias,
694 5289 982 5353 Gracchus,
1020 5291 1496 5359 Demosthenes,et
1522 5293 1727 5349 Tullius
1744 5293 1843 5345 arti
1866 5292 2660 5358 oraturizciusisteudo,t)hristi
2689 5293 2833 5361 puris
2848 5304 3011 5363 atque
3034 5297 3300 5363 praeclaris
3326 5312 3551 5368 possunt
3569 5319 3713 5359 coms

456 5385 630 5454 parari
662 5385 953 5438 doctrinis?
992 5384 1126 5449 Qu‘tl
1154 5385 1351 5449 Fl..cci,
1396 5385 1587 5451 Suliui,
1633 5384 1906 5445 Varronis,
1940 5385 2249 5449 Democriti,
2282 5384 2450 5437 Plauti
2500 5393 2555 5437 et
2599 5384 2896 5450 Ciceronis,
2946 5386 3285 5457 aliorumque
3315 5390 3555 5458 solertia,
3589 5408 3720 5464 quos

455 5494 775 5533 enumerare
801 5493 1253 5547 supervacaneum
1288 5487 1436 5547 puto,
1480 5486 1695 5531 nostras
1718 5476 1869 5543 juvat
1902 5476 2193 5530 utilitates?

528 5572 619 5628 llis
652 5574 831 5641 itaque
859 5574 1107 5627 omnibus
1135 5590 1253 5627 cum
1284 5574 1395 5628 suis
1437 5573 1585 5626 vanis
1614 5572 1801 5626 studiis
1832 5573 2066 5638 omissis,
2097 5572 2162 5625 ad
2206 5572 2503 5641 simplicem
2536 5570 2823 5642 proposita:
2856 5586 3208 5641 properemus
3234 5571 3468 5629 lllSlOritD
3500 5589 3715 5628 seriem.

462 5665 621 5719 Adest
652 5666 739 5717 ille
771 5663 1067 5719 Plasmator
1094 5666 1182 5733 qui
1216 5665 1421 5732 linguas
1454 5664 1733 5720 infantium
1770 5664 1889 5719 fecit
1930 5667 2179 5728 disci-tas,
2202 5680 2358 5732 cujus
2389 5673 2614 5732 gratiam
2650 5663 2803 5717 nobis
2845 5663 3035 5719 adesse
3067 5664 3328 5738 supplices
3360 5673 3636 5735 optamus,
3668 5672 3719 5717 ut

534 5808 556 5834 “
592 5794 766 5852 Nimia
797 5811 1077 5855 contentos.
1124 5800 1280 5855 l'orlc
1312 5810 1594 5867 cottlcnuts,
1640 5798 1711 5854 ait
1744 5800 2033 5867 At’ltc;tus;
2065 5801 2155 5857 sed
2188 5802 2312 5856 mihi
2345 5803 2509 5871 magis
2543 5801 2713 5870 placet
2742 5809 3021 5853 contextus.
