3912 6338
193 374 281 427 481
1720 387 1777 439 \‘l

1888 427 1899 441 .
3338 405 3445 461 ωε

191 484 297 551 ipso
321 496 587 539 annuente
617 487 949 543 confessoris
972 488 1051 542 sui
1086 487 1315 557 palmam
1345 492 1610 558 gradatim
1642 511 1863 550 narrare
1892 500 2173 565 possimus.
2209 506 2547 571 Quapropter
2575 506 2803 562 lectores
2846 511 3214 577 obsecramus,
3251 527 3303 569 et
3344 534 3437 586 per

189 576 461 639 gloriosum
494 576 698 630 Christi
726 578 1013 632 adventum
1040 579 1411 643 obtestamur;
1444 591 1501 635 ut
1528 583 1572 635 si
1602 585 1723 651 quis
1750 587 1863 637 haec
1895 586 2078 653 legens
2102 603 2285 642 sumre
2314 602 2502 659 captus
2523 596 2827 663 exemplare
2850 600 3096 661 voluerit,
3125 576 3447 673 syllabarum

190 663 493 718 detrimenta
523 680 879 735 summopere
902 668 1175 731 observet,
1208 678 1262 723 et
1288 670 1491 723 dudum
1532 672 1837 739 conscripta
1867 676 2270 745 exemplaribus
2298 694 2482 759 rursus
2510 682 2753 737 conferat
2780 686 3114 753 corrigenda,
3144 663 3200 743 ut
3222 706 3452 762 qumque

190 765 301 803 eum
326 751 504 806 studio
533 762 591 807 et
619 755 986 809 sollicitudine
1014 757 1219 826 scripta
1247 766 1395 823 sunt,
1424 774 1545 813 cum
1572 774 1700 814 cura
1726 770 1781 815 et
1803 763 2076 833 diligentia
2108 751 2551 825 transcribantur.
2580 770 2706 827 llzec
2736 751 2956 840 idcirco,
2979 780 3101 844 quia
3134 751 3449 852 plerumque

192 842 419 895 videmus
446 844 714 898 nonnulla
748 844 1035 908 volumina,
1067 856 1122 900 et
1148 847 1417 917 prmeipue
1446 858 1757 904 sanctorum
1784 862 1953 920 gesta.
1994 855 2067 909 ita
2106 858 2427 927 scriptorum
2455 862 2586 916 vitio
2628 864 2935 933 depravata,
2970 842 3025 923 ut
3053 842 3305 928 studiosis
3331 842 3452 944 q'ui-

190 930 384 1001 busque
409 950 515 989 non
546 936 728 990 solum
784 936 1042 1001 lectitare,
1074 952 1257 993 verum
1289 941 1452 994 etiam
1481 944 1728 997 manibus
1759 946 1829 999 sit
1855 948 2167 1017 contingere
2191 949 2457 1006 fastidium
2491 972 2501 1004 :
2532 963 2585 1008 at
2611 930 2791 1011 nostra
2964 964 3008 1017 si
3049 965 3223 1033 placet
3253 930 3449 1035 ora-tio,

189 1041 279 1092 per
313 1027 638 1083 incolumem
670 1037 871 1084 statum
912 1030 1193 1085 catholica
1218 1042 1468 1088 servetur
1499 1033 1781 1100 Ecclesia;
1818 1053 1939 1092 nam
1966 1042 2240 1107 premium
2267 1042 2467 1097 laboris
2494 1049 2662 1100 nostri
2698 1050 2907 1116 ultima,
2935 1027 3171 1120 conlido,
3201 1027 3451 1127 pensabit

191 1116 314 1170 dies.
338 1117 439 1172 Sed
467 1134 537 1173 ne
559 1120 774 1188 prolixa
804 1120 1047 1189 prmfatio
1076 1122 1222 1190 prius
1249 1123 1521 1178 fastidium
1551 1134 1794 1193 generet,
1826 1144 1987 1197 quam
2031 1130 2201 1185 lector
2227 1136 2571 1201 supercilium
2603 1137 2838 1193 historiae
2881 1142 3120 1211 inclinet,
3159 1116 3287 1202 licet
3326 1166 3447 1205 cum

190 1206 497 1259 verecundia
526 1205 792 1261 fratribus
817 1209 1034 1278 quidem
1062 1210 1423 1265 obedientiam
1455 1220 1511 1266 et
1553 1212 1626 1267 illi
1661 1214 1933 1284 impendo,
1974 1218 2041 1272 de
2084 1236 2191 1288 quo
2232 1238 2336 1276 non
2362 1223 2520 1291 digne
2568 1226 2777 1294 loquor,
2810 1230 3057 1299 injuriam
3080 1205 3213 1301 {sed
3248 1242 3445 1295 tribuat

193 1297 389 1349 veniam
436 1316 449 1348 :
493 1298 715 1354 conlido
770 1300 912 1354 enim
958 1300 1102 1369 quod
1149 1301 1442 1356 devotione
1496 1317 1603 1355 non
1655 1305 1897 1362 ollendo.
1955 1308 2101 1364 Nunc
2154 1326 2282 1366 vero
2335 1314 2451 1369 lucc
2506 1318 2673 1385 prima
2724 1321 2777 1374 in
2820 1297 2993 1379 fronte
3040 1297 3107 1380 ex
3160 1330 3281 1397 ejus
3332 1332 3450 1389 Vita

128 1440 129 1443 η
192 1404 447 1457 propono.

201 1517 2121 1545 W-

2133 1528 3446 1571 .__.________________

1268 1624 1846 1751 INCIPIT
1919 1630 2351 1756 VITA.

1433 1828 1728 1904 LIBER
1794 1828 2209 1907 PRIMUS.

1794 2009 1847 2067 Α
1873 2004 2097 2071 electus,
2122 2010 2505 2081 vocabiturque
2533 2027 2756 2085 magnus
2786 2015 2837 2069 in
2867 2012 3100 2071 Ecclesia
3129 2016 3325 2075 Christi
3364 2036 3449 2076 sa-

1874 2094 2085 2150 cerdos.

1864 1949 2212 1962 ____.

695 1995 922 2051 CAPUT
961 1995 1249 2053 PRIMUM.

318 2086 390 2140 De
412 2086 661 2156 prosapia
691 2085 749 2140 S.
787 2084 947 2157 Eligit'
969 2096 1017 2140 et
1045 2088 1157 2141 loco
1186 2088 1473 2143 nativitatis
1500 2092 1635 2161 ejus.
1736 2137 1741 2143 .

263 2179 419 2247 Igitur
448 2175 653 2244 Eligius
690 2175 1006 2231 Lemovieas
1032 2175 1325 2233 Galliarum
1370 2181 1523 2247 urbe,
1553 2195 1673 2249 qua:
1700 2181 1769 2235 ab

192 2283 389 2324 oceano
430 2267 749 2322 Britannico
797 2266 908 2322 fere
952 2268 1301 2324 ducentorum
1326 2271 1569 2326 “millium
1597 2273 1768 2342 spatio

2480 2172 2705 2227 CAPUT
2743 2174 2827 2229 ιη.

2098 2254 2174 2309 1)·
2210 2256 2432 2313 moribus
2460 2259 2635 2329 quibus
2662 2265 2866 2330 optimis
2895 2266 3235 2322 πενθεῖσθαι.

190 2360 502 2428 sejungitur,
536 2358 590 2411 in
620 2358 745 2410 villa
774 2354 1131 2412 Catalanense
1160 2374 1275 2428 qute
1301 2374 1331 2413 a
1362 2362 1614 2429 prtedicta
1643 2363 1773 2416 urbe

190 2464 276 2501 sex
319 2448 534 2500 circiter
594 2446 707 2500 tnill
732 2447 829 2500 bus
891 2445 958 2499 ad
1019 2449 1492 2517 septentrionalem
1556 2450 1769 2520 plagam

192 2536 372 2601 vergit,
400 2533 663 2587 oriundus
692 2532 809 2587 fuit.
843 2531 938 2589 Est
964 2535 1146 2606 itaque
1175 2536 1396 2607 prmfata
1432 2539 1622 2594 civitas
1651 2555 1774 2608 par-

192 2623 325 2677 tibus
348 2623 450 2677 sita
481 2623 852 2677 Armmicanis
889 2624 939 2677 in
980 2614 1235 2679 ulteriore
1261 2625 1456 2693 Gallia,
1487 2628 1773 2697 primaque

191 2712 494 2780 Aquitania,
526 2727 652 2781 qua:
678 2710 745 2764 ad
776 2711 981 2780 plagam
1009 2713 1228 2781 respicit
1253 2715 1664 2779 occidentalem,
1688 2717 1770 2769 cui

190 2804 435 2869 contigua
465 2810 550 2857 est
581 2800 651 2855 ab
688 2803 895 2857 oriente
924 2802 1196 2872 provincia
1228 2803 1614 2874 Lugdunensis,
1648 2804 1773 2859 Gal-

194 2890 367 2958 liaque
413 2889 676 2959 Belgica;
729 2890 894 2945 habet
938 2892 1102 2946 etiam
1146 2892 1216 2947 ab
1247 2902 1271 2927 ι
1301 2908 1432 2948 curo
1472 2902 1527 2948 et
1555 2894 1776 2949 meridie

191 2981 521 3047 provinciam
569 2981 974 3038 Narbonensem
1006 2999 1019 3035 :
1049 2998 1079 3036 a
1124 2984 1291 3039 circio
1332 2992 1511 3038 autem
1543 2984 1776 3039 ambitur

191 3068 440 3126 Oceano:
473 3087 642 3141 porro
678 3074 747 3126 ab
793 3086 990 3128 occasu
1034 3072 1195 3127 habet
1240 3072 1541 3143 Hispanias.
1588 3073 1644 3127 ln
1674 3074 1776 3129 hac

191 3174 315 3227 ergo
334 3161 559 3231 regione
580 3163 894 3232 parentibus
921 3163 1185 3232 ingenuis,
1206 3172 1365 3234 atque
1383 3179 1450 3218 ex
1478 3164 1633 3233 longa
1656 3179 1777 3233 pro-

191 3250 336 3318 sapia
365 3251 710 3321 Christianis,
745 3251 943 3319 Eligius
972 3260 1129 3305 natus
1166 3261 1328 3320 atque
1365 3254 1505 3311 altus
1532 3260 1651 3308 est:
1683 3267 1777 3306 cu-

1946 2344 2107 2412 lgitur
2133 2345 2333 2415 Eligius
2360 2351 2589 2404 nutritus
2614 2360 2693 2405 est
2723 2352 2775 2405 in
2808 2352 2910 2408 Iide
2938 2363 3105 2421 recta,
3154 2366 3314 2425 atque
3353 2358 3453 2414 im-

1876 2433 2033 2487 butus
2057 2450 2087 2489 a
2125 2438 2433 2505 parentibus
2474 2439 2793 2497 Christianis
2843 2442 3100 2511 religione
3146 2447 3450 2511 catholica;

1876 2524 2069 2579 exinde
2099 2524 2258 2593 igitur
2289 2528 2526 2593 pueritia:
2570 2542 2740 2584 annos
2790 2535 3078 2597 excedens,
3110 2547 3280 2588 avum
3319 2538 3450 2590 ado-

1880 2613 2143 2666 lescentia:
2178 2628 2298 2667 cum
2347 2615 2604 2671 industria
2632 2618 2872 2687 gerebat,
2900 2626 2953 2673 et
2981 2620 3235 2689 quidquid
3276 2628 3453 2693 aperis

1878 2713 1986 2753 suae
2012 2702 2154 2754 :etati
2184 2717 2479 2773 congruum
2506 2706 2841 2775 arripuisset,
2872 2710 3004 2763 mira
3029 2712 3268 2779 agilitate
3289 2710 3449 2782 perli-

1878 2787 2072 2841 ciebat.
2100 2792 2230 2844 Cum
2275 2806 2403 2860 ergo
2432 2793 2635 2849 videret
2664 2806 2817 2866 pater
2842 2800 2955 2865 ejus
2985 2810 3192 2854 tantum
3236 2804 3325 2857 lilii
3372 2805 3454 2860 in-

1879 2879 2113 2945 geninm,
2148 2881 2365 2937 tradidit
2385 2898 2507 2938 eum
2534 2886 2600 2938 ad
2623 2886 2966 2942 imbuendum
2989 2889 3286 2947 honorabili
3314 2896 3449 2958 viro,

1880 2970 2087 3025 Abboni
2117 2974 2401 3039 vocabulo,
2436 2976 2587 3030 fabro
2608 2978 2810 3035 aurilici
2840 2982 3238 3051 probatissimo,
3261 2989 3351 3055 qui
3379 3004 3446 3043 eo

1880 3069 2125 3132 tempore
2167 3066 2219 3119 in
2250 3065 2771 3127 urbe,Lemovi'cina
2816 3074 3080 3142 publicam
3121 3075 3313 3133 ﬁscalis
3337 3096 3454 3133 mo-

1882 3165 2017 3208 neue
2046 3154 2314 3210 oflicinam
2352 3160 2572 3227 gerebat
2604 3176 2617 3212 :
2649 3174 2679 3214 a
2707 3176 2812 3229 quo
2853 3163 2903 3215 in
2930 3160 3076 3218 brevi
3109 3166 3264 3235 hujus
3292 3167 3454 3227 oﬂieii

1881 3260 1980 3298 usu
2009 3246 2312 3314 plenissime
2338 3248 2544 3313 doctus,
2574 3251 2734 3319 coepit
2761 3250 2898 3307 inter
2924 3254 3129 3309 vicinos
3157 3265 3211 3311 et
3237 3260 3450 3326 propin-

190 3342 273 3405 jus
304 3350 455 3409 pater
504 3339 828 3407 Eucherius,
878 3350 1049 3397 mater
1088 3357 1215 3397 vero
1262 3341 1500 3412 Terrigia
1549 3344 1777 3398 vocitata

1888 3346 2015 3401 quos
2044 3334 2096 3387 in
2129 3334 2351 3391 Domino
2384 3338 2721 3394 laudabiliter
2748 3339 3000 3395 honorari
3026 3359 3040 3407 ;
3070 3346 3288 3413 gerebat
3311 3347 3453 3404 enim

194 3439 290 3482 est.
324 3427 441 3498 Ipse
468 3439 654 3484 autem
672 3469 687 3495 ,
713 3430 891 3485 divina
915 3431 1084 3502 gratia
1115 3432 1459 3501 prmsciente,
1483 3448 1778 3502 congruum

195 3519 291 3572 sibi
336 3533 400 3573 ac
449 3520 621 3583 veluti
669 3520 945 3588 speculum
985 3526 1183 3577 mentis
1217 3538 1329 3576 smn
1358 3522 1557 3592 Eligius
1588 3539 1779 3579 nomen

194 3610 416 3675 accepit.
449 3608 593 3681 Ergo
639 3626 762 3666 cum
788 3612 1120 3681 propositum
1146 3612 1219 3667 sit
1243 3613 1311 3667 de
1337 3613 1423 3668 bis
1448 3628 1567 3681 qua:
1594 3614 1777 3683 gessit,

197 3702 300 3757 imo
324 3718 387 3758 ea
422 3718 549 3773 quae
580 3704 839 3758 Dominus
865 3719 961 3774 per
1006 3720 1127 3759 eum
1156 3702 1371 3774 operari
1397 3703 1646 3772 dignatus
1672 3712 1777 3769 est,

194 3789 327 3843 sicut
356 3802 508 3859 gesta
533 3799 807 3857 constant,
838 3807 1100 3848 narrare:
1130 3800 1309 3847 tamen
1341 3789 1395 3845 id
1420 3792 1566 3860 quod
1604 3792 1778 3862 prius-

194 3894 347 3948 quam
397 3891 722 3938 nasceretur
750 3882 817 3937 ad
846 3882 1095 3939 indicium
1125 3884 1424 3939 sanctitatis
1450 3883 1572 3954 ejus
1599 3893 1781 3940 osten-

196 3987 308 4025 sum
345 3981 461 4039 est,
516 3972 775 4042 quodque
819 3987 1138 4042 magnorum
1187 3974 1422 4030 virorum
1474 3975 1779 4031 testimonio

196 4060 371 4128 didici,
407 4064 671 4118 omittere
699 4078 806 4118 non
835 4062 1026 4118 debeo.

821 4170 1050 4229 CAPUT
1088 4172 1151 4227 Il.

388 4260 467 4317 De
494 4262 755 4332 prasagio
788 4260 923 4330 quod
946 4263 1105 4316 sensit
1133 4271 1296 4315 mater
1323 4261 1385 4315 de
1412 4278 1588 4330 puero.
1668 4328 1673 4331 _

265 4349 398 4403 Cum
427 4350 611 4403 adhuc
653 4349 735 4404 vir
774 4350 965 4404 beatus
1002 4349 1185 4405 matris
1234 4358 1385 4404 esset
1408 4350 1528 4402 alvo
1558 4350 1774 4413 inditus.

200 4440 327 4493 vidit
358 4439 599 4507 genitrix
628 4441 744 4505 ejus
771 4439 1051 4503 visionem,
1098 4455 1218 4509 quae
1262 4438 1566 4507 hujusmodi
1621 4440 1783 4494 habet

199 4530 461 4585 ordinem.
522 4527 757 4582 Videbat
802 4529 958 4598 quasi
1011 4529 1244 4595 aquilam
1296 4528 1450 4584 valde
1505 4528 1779 4597 pulchram

202 4635 357 4690 supra
416 4633 584 4675 suum
626 4618 942 4685 volitantem
990 4627 1238 4687 stratum,
1276 4634 1341 4674 ac
1389 4634 1449 4674 se
1506 4620 1664 4674 tertio
1702 4620 1780 4673 in-

1879 3425 2272 3495 simplicitatem
2324 3429 2606 3495 columb-x,
2647 3445 2714 3485 ne
2762 3433 3009 3501 cuiquam
3057 3436 3455 3495 machinaretur

1880 3515 2062 3583 dolos;
2106 3517 2337 3573 habebat
2382 3528 2439 3574 et
2479 3526 2743 3589 serpentis
2792 3524 3063 3589 astutiam,
3112 3539 3180 3581 ne
3225 3542 3452 3584 auorum

1879 3606 2309 3675 supplantaretur
2357 3609 2596 3675 insidiis;
2643 3609 2861 3679 dignum
2910 3626 3126 3683 quoque
3168 3617 3220 3669 in
3249 3621 3455 3673 cunctis

1881 3694 2083 3749 habens
2119 3696 2406 3765 ingenium,
2436 3709 2491 3754 et
2517 3698 2672 3754 facile
2716 3701 3037 3770 loquebatur
3064 3712 3121 3758 et
3161 3718 3313 3775 pure.
3349 3706 3453 3761 Ec-

1880 3785 2163 3840 clesiarutr:
2192 3789 2353 3843 etiam
2400 3791 2787 3846 conventiculis
2833 3792 3139 3859 frequenter
3177 3795 3452 3862 intererat,

1880 3888 2211 3945 quaecunque
2254 3876 2325 3931 ibi
2371 3891 2438 3932 ex
2485 3877 2677 3933 divinis
2724 3877 3014 3948 Scripturis
3068 3882 3451 3951 recitabantur,

1881 3979 2063 4018 aurem
2093 3964 2319 4021 libenter
2356 3967 2788 4035 accommodans,
2822 3968 3126 4026 avidissime
3154 3972 3451 4039 hauriebat,

1880 4062 2042 4121 atque
2079 4054 2154 4108 ita
2201 4055 2254 4110 in
2298 4057 2477 4113 cordis
2520 4058 2601 4112 sui
2649 4060 2962 4114 memoriam
3008 4062 3351 4127 recondebat,
3397 4074 3454 4118 ut

1880 4142 2041 4196 etiam
2068 4158 2188 4199 cum
2217 4145 2413 4201 absens
2450 4158 2612 4211 esset,
2644 4162 2709 4203 ea
2750 4162 2869 4218 qua:
2922 4149 3180 4206 didicerat
3226 4154 3453 4208 medita-

1881 4233 2025 4287 tione
2055 4233 2407 4291 intentissima
2437 4236 2756 4291 ruminaret.

2484 4346 2707 4404 CAPUT
2742 4346 2829 4402 IV.

2200 4434 2395 4490 Relicta
2422 4440 2610 4506 patrie,
2645 4435 2925 4491 Franciam
2955 4442 3118 4507 petiit.

1950 4523 2154 4579 Interea
2184 4535 2307 4593 post
2331 4527 2535 4595 aliquot
2563 4542 2733 4581 annos
2761 4529 2967 4585 exstitit
2990 4530 3231 4597 quadam
3269 4546 3451 4597 causa,

1880 4613 2078 4679 divina,
2102 4615 2282 4679 credo,
2314 4617 2641 4683 gubernante
2664 4618 3017 4687 providentia,
3047 4630 3126 4687 ut,
3148 4623 3330 4679 relicta
3357 4640 3455 4693 pa-

202 4710 550 4772 clamantem,
591 4707 801 4776 sibique
847 4708 974 4777 quid
1007 4708 1190 4764 nescio
1233 4709 1601 4778 pollicentem,
1639 4724 1781 4764 cum-
1804 4691 1851 4751 Ο
1885 4707 2005 4768 tria,
2030 4715 2082 4759 et
2102 4706 2428 4775 parentibus,
2454 4708 2775 4761 Francorum
2798 4709 2969 4764 adiret
2989 4710 3181 4777 solum,
3208 4714 3294 4768 ubi
3323 4691 3451 4783 pau-

203 4814 306 4867 que
359 4815 428 4855 ex
466 4800 749 4868 reciproca
808 4813 944 4854 voce
996 4800 1324 4870 evigilasset,
1367 4801 1652 4870 perterrita
1703 4800 1783 4854 ni-

206 4892 303 4946 mis
348 4891 517 4961 cmpit
558 4890 739 4944 mirari
778 4904 1019 4958 quamam
1069 4900 1213 4946 esset
1260 4892 1372 4947 haec
1413 4892 1569 4947 visio.
1618 4891 1785 4945 Inter-

207 4995 269 5034 ea
318 4983 470 5037 venit
523 4990 740 5051 tempus
800 4979 1083 5051 pariendi,
1157 4990 1214 5035 et
1257 4997 1367 5050 pra:
1418 4982 1781 5049 magnitudine

208 5070 406 5125 doloris
452 5072 623 5139 erepit
662 5080 833 5126 mater
853 5069 1178 5140 periclitari;
1230 5079 1553 5126 vocaverunt
1606 5079 1784 5124 autem

208 5162 496 5227 quemdam
559 5161 867 5229 religiosum
934 5161 1303 5231 presbyterum
1368 5163 1491 5217 boni
1547 5163 1785 5215 testimo-

211 5251 282 5304 nii
327 5253 529 5318 virum,
581 5260 641 5305 ut
683 5267 781 5319 pro
826 5254 1014 5307 eadem
1053 5267 1209 5307 orare
1251 5252 1509 5319 deberet;
1543 5255 1783 5323 quicum

211 5343 446 5395 venisset
487 5340 559 5396 ad
601 5355 745 5400 eam.
792 5341 946 5408 quasi
998 5342 1315 5411 prophetica
1355 5358 1480 5397 mox
1528 5359 1787 5413 usurpans

216 5426 392 5490 verba,
423 5429 502 5481 ait
531 5429 599 5482 ad
642 5428 787 5482 illam
821 5445 833 5481 :
863 5425 1013 5495 Noli,
1045 5430 1310 5498 inquiens,
1350 5443 1541 5515 mater,
1576 5434 1783 5498 timere,

214 5516 466 5583 quoniam
508 5516 1100 5601 benedictumpsrtum
1136 5521 1231 5575 tibi
1258 5519 1516 5577 Dominus
1540 5523 1779 5591 dignabi-

218 5616 301 5661 tur
326 5607 543 5677 largiri;
582 5608 690 5662 erit
725 5610 869 5664 enim
915 5611 994 5666 vir
1019 5621 1234 5667 sanctus
1275 5628 1338 5669 ac
1386 5615 1453 5670 de
1493 5622 1653 5685 gente
1690 5630 1783 5668 sua

1884 4796 1960 4849 cis
1987 4796 2183 4865 degens
2211 4796 2400 4851 diebus
2437 4795 2610 4850 factus
2638 4805 2722 4851 est
2746 4807 2908 4854 notus
2927 4800 3141 4855 cuidam
3170 4804 3308 4869 regis
3336 4803 3454 4858 tlte-

1883 4886 2146 4949 saurario,
2177 4884 2416 4939 Bobboni
2448 4886 2732 4953 vocabulo,
2779 4888 2894 4942 viro
2929 4890 3154 4943 honesto
3196 4900 3253 4944 et
3301 4908 3451 4947 mau-

1884 4985 2058 5037 sueto.
2112 4977 2266 5045 cujus
2310 4991 2369 5030 se
2421 4978 2718 5046 patrocinio
2767 4980 3134 5044 committens,
3187 4982 3287 5035 sub
3335 4983 3452 5051 ejus

1887 5065 2087 5120 ditione
2113 5065 2366 5133 degebat,
2394 5076 2611 5122 strenue
2640 5069 2781 5121 enim
2811 5068 2877 5120 ad
2911 5083 3069 5124 omne
3094 5085 3231 5140 opus
3256 5088 3315 5125 se
3349 5088 3448 5140 ap-

1892 5161 2058 5225 tabat,
2102 5170 2156 5215 et
2196 5177 2380 5216 omnes
2407 5178 2526 5216 cum
2567 5162 2759 5229 quibus
2811 5162 3043 5232 colloqui
3088 5166 3341 5235 potuisset
3395 5166 3451 5220 in

1889 5263 1988 5304 suo
2017 5266 2200 5305 amore
2224 5252 2562 5307 annectebat.

2487 5344 2712 5401 CAPUT
2752 5346 2813 5399 V.

2114 5434 2222 5497 Quo
2252 5435 2432 5489 ordine
2462 5437 2530 5489 ad
2556 5440 2788 5492 notitiam
2817 5435 2953 5502 regis
2980 5438 3226 5501 pervenit.

1961 5521 2086 5578 Post
2110 5526 2323 5592 aliquod
2362 5535 2537 5580 autem
2585 5524 2837 5593 temporis
2883 5524 3233 5577 intervallum
3271 5540 3451 5591 perve~

1890 5615 1966 5667 nit
1995 5615 2059 5669 ad
2105 5616 2345 5671 notitiam
2374 5616 2592 5671 Clotarii
2632 5614 2953 5669 Francorum
2987 5616 3124 5683 regis
3152 5614 3450 5682 hujusmodi

286 5748 310 5771 ἰ
339 5740 412 5790 Ab
436 5751 581 5795 euro.
611 5738 705 5793 Sic
749 5738 916 5793 codex
948 5740 1004 5794 S.
1035 5742 1273 5797 Audoeni
1304 5760 1317 5794 :
1346 5744 1495 5814 prior
1534 5741 1697 5801 editio
1726 5746 1778 5801 in
1807 5744 1967 5799 Euro.
