3912 6382
464 426 565 479 485

461 620 782 689 gemmisque
827 619 1105 681 fabricare,
1134 618 1229 671 sed
1277 615 1393 669 non'
1412 616 1777 670 inveniebatur
1818 614 1869 666 in
1902 611 2018 679 ejus

460 708 655 774 palatio
682 706 768 773 qui
796 706 1095 773 huiusmodi
1124 720 1281 774 opus,
1306 708 1443 759 sicut
1473 712 1650 759 mente
1672 709 2014 771 conceperat,

460 804 637 864 posset
680 809 842 863 opere
887 795 1160 862 perlicere.
1205 792 1337 846 Cum
1384 793 1543 847 sciret
1582 804 1711 857 ergo
1766 791 2018 859 praefatus

458 885 595 951 regis
625 884 984 937 thes-aerarius
1023 882 1171 949 Eligii
1218 881 1547 940 industriam.
1579 880 1743 947 erepit
1768 892 1890 932 eum
1921 893 2015 931 ex-

456 975 663 1043 plorare
690 984 713 1009 η
743 975 786 1026 si
808 974 1095 1041 quominus
1112 987 1244 1040 opus
1270 978 1510 1039 aptatum
1533 978 1711 1037 posset
1736 968 2011 1035 perlicere,

453 1074 507 1117 et
537 1081 655 1117 cum
688 1063 839 1116 facile
869 1063 920 1114 id
949 1062 1085 1129 apud
1113 1076 1232 1115 eum
1266 1061 1378 1113 fieri
1408 1060 1771 1120 intellexisset,
1805 1059 2013 1125 ingres-

453 1166 543 1203 sus
569 1149 634 1200 ad
662 1150 955 1216 principem
997 1148 1250 1201 indicavit
1277 1149 1325 1201 ei
1368 1149 1630 1201 invenisse
1672 1161 1729 1201 se
1756 1145 2011 1199 artificem

452 1239 785 1302 industrium,
814 1242 900 1305 qui
924 1239 1235 1305 dispositum
1261 1240 1376 1292 siue
1396 1239 1730 1291 cunctamine
1754 1235 2013 1303 aggrede-

452 1339 600 1381 retur
624 1328 735 1392 ejus
776 1329 953 1395 operis
985 1327 1286 1380 artilicium.
1321 1328 1470 1379 Tunc
1498 1341 1587 1379 rex
1621 1334 1797 1378 mente
1824 1324 2013 1389 gratis-

452 1418 582 1470 sima
612 1417 823 1469 tradidit
844 1418 891 1469 ei
920 1417 1188 1483 copiosam
1213 1417 1323 1467 auri
1356 1410 1666 1483 impensam,
1698 1414 1787 1466 sed
1819 1422 1871 1466 et
1901 1413 2013 1478 ipse

450 1506 790 1560 nihilominus
835 1506 1053 1559 tradidit
1096 1504 1265 1572 Eligio
1300 1523 1313 1555 :
1345 1512 1401 1557 at
1430 1507 1517 1557 ille
1554 1511 1828 1571 acceptum
1875 1515 2011 1568 opus

449 1614 567 1650 cum
592 1599 865 1651 celeritate
894 1597 1181 1657 inchoavit,
1227 1606 1385 1661 atque
1415 1611 1532 1648 cum
1562 1594 1830 1653 diligentia
1859 1593 2011 1647 cele-

447 1688 575 1740 riter
606 1686 1009 1741 consummavit.
1056 1687 1288 1751 Denique
1317 1684 1458 1753 quod
1500 1684 1564 1736 ad
1611 1686 1762 1737 unius
1810 1682 2007 1751 opificii

449 1783 727 1841 acceperat
759 1788 930 1837 usum,
964 1774 1031 1825 ita
1059 1788 1121 1825 ex
1156 1788 1220 1826 eo
1247 1774 1351 1826 duo
1394 1774 1712 1839 composuit,
1745 1782 1800 1824 ut
1830 1774 2003 1825 incre-

1690 413 1744 467 S.
1788 411 1995 466 ELlGll
2032 409 2313 465 NOVIOM.
2352 409 2561 465 EPISC.

2976 8 3868 386 εει-η

3576 408 3673 460 Hi

460 549 531 587 ex
551 546 730 586 causa.
762 530 977 584 Volebat
998 531 1140 584 enim
1168 529 1305 583 idem
1332 541 1423 581 rex
1453 527 1635 581 sellam
1665 526 1865 581 urbane
1883 539 2015 578 auro
2048 527 2095 583 Α
2122 524 2299 591 itaque
2342 539 2435 577 rex
2475 525 2589 592 ejus
2625 525 2889 586 timorem,
2930 524 3191 591 simulque
3234 523 3433 575 mirans
3480 530 3673 574 tantam

2120 614 2216 666 viri
2246 614 2601 679 devotionem,
2634 616 2793 668 desiit
2834 629 2954 667 eum
2985 614 3117 667 ultra
3145 628 3359 682 cogere,
3391 612 3486 666 sed
3515 613 3677 678 magis

2118 704 2308 757 blande
2352 704 2647 773 leniterque
2690 704 3000 758 demulcens
3044 704 3314 757 latissimo
3358 718 3481 756 eum
3533 704 3673 756 vultu

2117 788 2337 854 dimisit,
2368 792 2626 860 pollicens
2655 808 2713 845 se
2740 793 2857 861 plus
2893 807 3014 845 eum
3053 806 3121 845 ex
3165 793 3265 845 huc
3301 791 3408 859 jam
3447 792 3678 847 creditu-

2117 896 2253 947 rum,
2287 898 2445 951 quam
2474 883 2517 936 si
2550 882 2855 936 multimoda
2887 890 3011 936 tunc
3040 881 3273 935 dedisset
3297 881 3623 949 iuramenta.

2311 957 2327 971 ‘
2704 971 2927 1027 CAPUT
2972 971 3073 1023 vu.

2413 1060 2525 1124 Quo
2554 1064 2730 1115 ordine
2757 1062 3105 1129 paenitentiam
3133 1060 3367 1128 gesserit.

2186 1152 2301 1205 Non
2331 1165 2448 1220 post
2471 1155 2682 1223 longum
2712 1154 2941 1221 spatium
2968 1168 3085 1207 cum
3110 1151 3217 1227 jam
3248 1150 3449 1218 Eligius
3474 1150 3674 1204 virilem

2118 1251 2293 1309 ageret
2338 1251 2567 1307 aetatem,
2601 1243 2819 1310 cupiens
2848 1257 2904 1295 se
2932 1256 3026 1295 vas
3062 1241 3171 1294 Deo
3200 1242 3455 1294 exhibere
3485 1240 3675 1293 sancti-

2116 1333 2350 1397 ficatum,
2379 1347 2440 1385 ac
2462 1345 2703 1386 metuens
2733 1346 2797 1385 ne
2825 1331 2999 1398 aliqua
3027 1347 3179 1385 suum
3208 1330 3402 1383 delicta
3436 1335 3463 1367 δ
3494 1339 3677 1398 pertus

2112 1418 2449 1481 frustzareut,
2481 1435 2657 1473 omnia
2705 1419 3073 1472 adulescentiae
3120 1406 3226 1471 sua:
3276 1435 3455 1473 coram
3506 1431 3676 1472 sacer-

2111 1507 2236 1560 dote
2276 1508 2546 1560 confessus
2572 1520 2653 1563 est
2682 1516 2833 1571 acta;
2867 1510 3053 1575 sicque
3081 1509 3178 1561 sibi
3211 1519 3480 1561 austeram
3512 1508 3676 1573 impo-

2113 1609 2244 1647 nens
2267 1595 2657 1657 pmnitcntiam,
2683 1595 2843 1661 coepit
2870 1594 3079 1648 fortiter
3098 1595 3458 1648 colluctationi
3486 1594 3673 1657 carnis,

2112 1683 2331 1750 Spiritus
2375 1684 2585 1743 fervore
2632 1686 2902 1749 resistere,
2934 1684 2986 1737 in
3038 1685 3307 1738 laboribus
3342 1685 3551 1737 scilicet
3595 1696 3673 1735 sc-

2113 1772 2341 1825 cundum
2374 1774 2709 1840 Apostolum,
2755 1774 2806 1825 in
2836 1773 3058 1839 _vigiliis,
3088 1773 3139 1824 iu
3166 1772 3405 1839 jejuniis,
3438 1772 3491 1823 in
3521 1760 3687 1823 casti;

448 1862 609 1914 dibile
654 1861 780 1914 foret
814 1861 985 1913 omnia
1015 1877 1079 1915 ex
1110 1863 1295 1916 eodem
1326 1863 1561 1929 pondere
1588 1861 2002 1927 lieri'potuisse;
2039 1858 2081 1916 Β
2112 1869 2238 1921 tate,
2270 1866 2321 1913 in
2344 1862 2598 1929 patientia
2624 1861 2808 1921 multa,
2838 1869 2995 1927 atque
3021 1860 3069 1911 in
3092 1861 3354 1912 cbaritate
3378 1875 3483 1912 non
3514 1858 3672 1910 ﬁcta:

448 1963 570 2000 nam
601 1950 799 2014 absque
829 1948 929 1999 ulla
962 1946 1161 2009 fraude,
1197 1949 1277 2000 vel
1309 1949 1461 1999 unius
1489 1948 1645 1999 etiam
1677 1947 1878 2015 siliqua:
1909 1946 2007 1997 im-

442 2035 736 2086 minutione
760 2034 1098 2087 commissum
1128 2035 1226 2088 sibi
1272 2036 1500 2102 patravit
1530 2050 1682 2101 opus,
1715 2049 1819 2087 non
1849 2043 2004 2087 crete-

446 2141 626 2177 rorum
679 2125 1080 2177 fraudulentiam
1123 2134 1356 2186 sectans,
1412 2142 1515 2177 non
1563 2125 1825 2178 mordacis
1867 2124 2005 2177 lima:

448 2212 701 2280 fragmina
734 2214 973 2280 culpans,
1021 2229 1123 2267 non
1176 2213 1277 2267 foci
1309 2214 1525 2267 edacem
1566 2213 1829 2265 flammam
1857 2213 2004 2264 incu-

441 2316 584 2360 sans.
618 2302 707 2354 sed
732 2303 909 2355 omnia
936 2302 1158 2356 tidcliter
1178 2303 1469 2371 complens,
1498 2301 1758 2369 geminam
1780 2299 2005 2367 feliciter

443 2390 638 2442 meruit
665 2388 788 2441 felix
818 2391 1321 2443 remunerationem.
1354 2388 1497 2457 Opus
1538 2404 1665 2457 ergo
1712 2388 2000 2458 perfectum

440 2477 610 2530 defert
638 2478 880 2543 protinus
908 2478 972 2530 ad
999 2478 1268 2546 palatium,
1303 2479 1566 2548 traditque
1595 2480 1887 2551 regiquam
1906 2480 2005 2532 do-

440 2567 876 2631 naveratsellam,
895 2568 1060 2621 altera
1080 2584 1241 2637 penes
1263 2585 1319 2622 se
1346 2584 1504 2636 quam
1528 2571 1760 2633 κτειιυῖιο
1782 2567 1998 2628 fecerat,

438 2666 731 2710 reservata.
754 2656 925 2724 Capit
950 2664 1075 2713 tunc
1092 2660 1340 2726 princeps
1363 2659 1539 2713 mirari
1562 2657 1718 2711 simul
1740 2665 1793 2712 et
1815 2656 2003 2709 efferre

440 2727 641 2794 tantam
671 2741 847 2811 operis
890 2742 1227 2810 elegantiam,
1256 2742 1518 2813 iussitque
1561 2743 1700 2797 illico
1728 2741 1875 2797 fabro
1904 2744 1997 2797 tri-

439 2830 604 2883 buere
631 2830 929 2884 mercedem
961 2831 1155 2886 laboris
1181 2831 1413 2899 dignam.
1446 2831 1592 2887 Tunc
1616 2830 1810 2899 Eligius
1836 2833 2000 2885 altera

437 2934 503 2971 ex
534 2917 742 2972 occulto
766 2920 818 2971 in
848 2921 1025 2974 medio
1054 2922 1261 2990 prolata
1288 2940 1300 2973 :
1325 2922 1476 2987 Quod
1504 2922 1785 2992 superfuit,
1807 2923 1996 2991 inquit,

438 3023 504 3060 ex
550 3022 685 3060 auro
734 3022 801 3061 ne
841 3009 1107 3077 negligens
1137 3010 1435 3076 perderem,
1468 3012 1591 3064 huic
1620 3011 1767 3079 operi
1798 3012 1995 3078 aptavi.

438 3097 729 3150 Confestim
771 3097 1093 3167 stupefactus
1138 3098 1421 3160 Clotarius,
1457 3109 1511 3152 et
1546 3102 1731 3166 majori
1763 3100 1995 3152 admira-

2110 1950 2442 2016 proponehat
2494 1964 2722 2016 namque
2771 1948 2871 2001 sibi
2902 1949 3154 2002 adversus
3187 1957 3479 2017 przcsentes
3505 1948 3674 2000 carnis

2106 2037 2323 2089 ardores
2354 2037 2513 2089 futuri
2558 2035 2800 2104 supplicii
2848 2036 3013 2102 ignes,
3063 2049 3125 2087 ac
3172 2035 3425 2087 memoria
3472 2033 3672 2085 ardoris

2104 2126 2357 2192 gebemite
2398 2125 2641 2177 ardorem
2693 2125 3010 2177 excludebat
3042 2124 3280 2176 luxuriae.
3314 2122 3517 2176 Orabat
3542 2122 3671 2188 jugi-

2108 2222 2189 2265 ter
2218 2212 2512 2281 pro-donis
2560 2214 2885 2276 cmlestibus,
2927 2213 3238 2277 precabatur
3278 2210 3442 2263 Deum
3489 2211 3671 2264 diebus

2107 2314 2170 2353 ac
2201 2300 2463 2361 noctibus,
2498 2288 2624 2353 illud
2671 2316 2731 2352 ex
2780 2299 2915 2352 libro
2944 2297 3041 2351 Job
3080 2299 3318 2351 crebrius
3348 2298 3625 2351 revolvens
3655 2314 3665 2349 :

2108 2386 2237 2455 Ego,
2267 2389 2457 2454 inquit,
2484 2389 2790 2455 deprecabor
2822 2387 3110 2449 Dominum,
3134 2396 3181 2439 et
3206 2386 3273 2436 ad
3304 2384 3464 2438 Deum
3487 2403 3669 2450 ponam

2104 2480 2356 2545 eloquium
2386 2494 2545 2529 meum
2577 2493 2595 2532 :
2629 2475 2725 2539 Qui
2757 2479 2880 2544 facit
2908 2494 3095 2544 magna
3142 2485 3190 2529 et
3230 2477 3586 2529 inscrutabitiu
3624 2486 3670 2527 et

2104 2565 2361 2617 miraina
2389 2567 2573 2632 absque
2606 2582 2830 2618 numero.
2867 2562 2965 2625 Qui
2993 2566 3134 2632 ponit
3176 2565 3390 2625 humiles
3435 2566 3489 2615 in
3518 2564 3667 2615 subli-

2104 2669 2200 2714 me,
2233 2662 2281 2705 et
2306 2664 2567 2707 atterentes
2596 2656 2743 2723 erigit
2771 2654 3013 2722 sospitate
3037 2650 3156 2720 (Job
3198 2667 3251 2717 ν,
3278 2653 3330 2713 8,
3360 2652 3518 2717 elcv).
3550 2651 3668 2702 Adi-

2103 2742 2280 2795 mebat
2326 2742 2425 2796 sibi
2471 2744 2802 2796 saturitatem
2858 2741 3025 2809 panis,
3060 2748 3118 2793 ut
3171 2739 3450 2793 caelestem
3497 2746 3668 2806 posset

2103 2832 2403 2899 promereri
2430 2847 2641 2900 panem.
2687 2832 2789 2884 Ora
2822 2830 3035 2899 quidem
3082 2828 3198 2897 ejus
3240 2827 3459 2895 jejuniis
3508 2827 3666 2895 palle-

2102 2919 2252 2986 bant,
2284 2935 2477 2989 corpus
2516 2922 2720 2974 aridum
2767 2921 3162 2986 marcescebat,
3195 2920 3288 2973 sed
3320 2934 3473 2972 mens
3500 2917 3668 2971 acrius

2103 3022 2315 3076 semper
2335 3021 2545 3063 πρίει-ηαξ
2575 3012 2759 3078 patria:
2786 3022 2970 3063 amore
2995 3011 3282 3073 mstuabat;
3311 3014 3363 3060 et
3386 3006 3530 3060 unde
3553 3020 3666 3073 gra-

2102 3099 2253 3151 viora
2278 3100 2676 3161 recordabatur,
2702 3100 2823 3153 inde
2853 3099 3141 3167 patientius
3168 3099 3363 3152 leviora
3390 3100 3666 3164 portabat;

440 3184 588 3239 tione
614 3185 875 3250 detentus,
908 3188 1280 3241 sciscitabatur
1327 3188 1569 3258 Opificetn
1609 3188 1651 3241 si
1696 3198 1886 3242 cuncta
1932 3203 1998 3242 ex
2027 3193 2076 3257 α
2105 3204 2317 3257 semper
2346 3191 2486 3243 enim
2526 3190 2800 3257 przesentis
2832 3190 2950 3242 vitze
3001 3189 3280 3241 terminum
3329 3188 3562 3251 intuens,
3593 3185 3667 3238 fu-

439 3273 623 3326 eodem
655 3288 816 3342 penso
854 3276 1032 3331 facere
1070 3278 1349 3345 potuisset,
1380 3291 1433 3333 et
1461 3295 1581 3333 cum
1612 3289 1999 3348 consequenter

436 3362 585 3429 iuxta
610 3363 659 3415 id
680 3364 821 3431 quod
846 3364 1017 3419 fuerat
1036 3367 1333 3421 sciscitatus
1353 3384 1662 3437 responsum
1686 3373 1998 3439 accepisset,

440 3450 702 3519 ingenium
735 3452 850 3519 ejus
874 3454 1084 3508 sublimi
1114 3455 1291 3510 favore
1320 3457 1568 3510 attollens
1604 3473 1617 3509 :
1648 3472 1711 3510 ex
1735 3458 1838 3512 boc
1862 3458 1997 3528 jam,

438 3541 624 3607 inquit,
658 3542 816 3595 etiam
861 3543 912 3596 in
955 3546 1199 3600 maximis
1249 3547 1393 3600 credi
1448 3548 1667 3616 poteris.
1700 3546 1864 3603 Porro
1895 3550 1999 3603 hoc

438 3628 535 3686 fuit
554 3632 787 3696 initium,
821 3649 1025 3689 necnon
1053 3646 1107 3688 et
1136 3638 1490 3692 testimonium
1518 3640 1568 3692 in
1610 3638 1809 3707 palatio
1838 3640 1996 3706 regis,

438 3718 732 3797 honorandi
776 3721 1131 3789 credendique
1168 3724 1389 3791 Eligiqu
1424 3744 1437 3775 :
1471 3741 1532 3779 ex
1567 3727 1667 3778 hoc
1714 3742 1906 3796 nempe
1932 3728 1998 3780 ad

438 3808 592 3862 altius
642 3824 967 3877 consurgens
1018 3809 1188 3873 factus
1239 3821 1320 3866 est
1372 3813 1575 3868 aurifex
1627 3815 1997 3884 peritissimus,

440 3905 598 3962 atque
625 3897 676 3950 in
699 3901 839 3952 omni
864 3898 1150 3953 fabricandi
1174 3911 1285 3955 arte
1310 3903 1666 3966 doctissimus,
1692 3905 2000 3967 invenitque

441 3988 663 4057 gratiam
696 3987 746 4039 iu
775 3988 941 4040 oculis
968 3990 1128 4055 regis,
1152 4000 1205 4043 et
1225 4006 1399 4043 coram
1427 3993 1630 4045 cunctis
1656 3994 2000 4047 nntimatibus

441 4076 577 4140 ejus,
612 4077 935 4133 Dominoque
988 4078 1200 4137 iuvante
1242 4079 1590 4134 roborahatur
1623 4082 1673 4135 in
1724 4080 1855 4147 fide,
1886 4092 1939 4136 et
1966 4098 1996 4136 a

442 4187 565 4239 rege
597 4183 908 4241 provocatus
938 4176 1213 4229 crescebat
1241 4176 1477 4231 quotidie
1501 4176 1551 4229 in
1577 4176 1783 4231 melius.

1029 4280 1251 4341 CAPUT
1290 4283 1379 4337 Vl.

580 4391 764 4443 Eidem
781 4407 873 4443 rex
895 4391 1241 4458 jurameutum
1271 4404 1565 4457 extorquere
1590 4394 1731 4449 uitus
1760 4404 1849 4446 est.

2101 3285 2273 3331 turam
2308 3278 2396 3332 Dei
2443 3280 2758 3333 sententiam
2790 3295 2851 3333 ac
2883 3280 3164 3333 metuenda
3190 3278 3391 3346 judicia
3424 3278 3665 3333 formida-

2101 3367 2208 3426 bat,
2251 3369 2423 3419 sciens
2460 3369 2714 3435 scriptum
2746 3385 2758 3418 :
2794 3366 2977 3419 Beatus
3026 3368 3171 3420 homo
3218 3368 3303 3435 qui
3350 3383 3550 3431 semper
3596 3376 3666 3420 est

2100 3456 2313 3519 pavidus
2344 3453 2531 3521 (Prov.
2564 3470 2746 3515 xxvui,
2783 3455 2898 3523 lii).
2943 3454 3005 3506 Et
3050 3456 3178 3509 illud
3223 3458 3466 3523 Apostoli
3504 3475 3517 3509 :
3547 3456 3663 3510 Cum

2102 3544 2280 3593 timore
2304 3552 2351 3593 et
2381 3551 2596 3595 tremore
2622 3553 2839 3594 restram
2864 3543 3077 3594 salutem
3106 3545 3384 3609 operemini
3416 3546 3432 3609 (
3457 3542 3515 3596 11
3547 3543 3660 3597 Cor.
3736 3606 3739 3609 _

2099 3642 2189 3690 vu,
2228 3628 2339 3693 15).
2373 3629 2589 3683 Necnon
2634 3638 2687 3683 et
2735 3630 2862 3683 illud
2893 3632 2991 3684 Job
3019 3631 3216 3684 dctum
3250 3650 3259 3681 :
3294 3630 3510 3698 Sentper
3534 3635 3662 3685 enim

2099 3716 2242 3786 quasi
2290 3727 2533 3771 tumentes
2581 3734 2732 3786 super
2776 3736 2857 3773 me
2898 3721 3100 3787 ﬂuctus,
3151 3721 3291 3771 timui
3342 3718 3504 3773 Deum
3533 3719 3662 3788 (Job

2100 3808 2374 3875 xxxr,‘25).
2394 3809 2470 3861 Ad
2504 3810 2706 3863 Domini
2734 3812 2814 3861 sui
2846 3811 3008 3871 pedes
3029 3810 3269 3864 noctibus
3294 3808 3533 3877 jacebat,
3556 3826 3661 3864 ma-

2099 3895 2255 3948 nibus
2282 3906 2464 3964 pectus
2488 3897 2732 3959 tondens,
2753 3910 2914 3963 genas
2934 3898 3182 3967 laciymis
3212 3900 3458 3968 irrigans,
3485 3901 3661 3955 mode-

2104 3990 2328 4049 ratoque
2356 3984 2583 4050 suspirio
2612 3988 2780 4037 oculis
2800 3984 2865 4036 ad
2887 3988 3077 4037 curtum
3106 3985 3315 4047 levatis.
3347 3988 3499 4041 illum
3527 4002 3661 4042 sem-

2086 4076 2200 4140 ‘per
2245 4074 2579 4140 respiciebat,
2632 4088 2785 4140 quem
2841 4072 3065 4127 fortasse
3110 4072 3471 4142 delinquendo
3499 4076 3661 4130 offeno

2099 4159 2243 4211 disse
2283 4161 2535 4221 timebat;
2589 4175 2649 4214 ac
2698 4160 3019 4229 lacrymabili
3073 4175 3207 4214 voce
3261 4163 3375 4214 haec
3427 4164 3660 4217 crebrius

2100 4250 2258 4299 verba
2307 4250 2607 4313 geminabat
2641 4267 2651 4299 :
2687 4248 2798 4300 Tibi
2847 4251 2943 4301 soli
2990 4251 3187 4315 peccari
3224 4266 3239 4299 :
3285 4251 3524 4302 miserere
3569 4253 3658 4313 mei

2097 4334 2370 4386 secundum
2416 4350 2655 4404 magnam
2688 4336 3098 4387 ‘miaericordiam
3133 4345 3269 4387 tuam
3300 4335 3473 4405 (Psat.
3507 4354 3559 4402 ι,
3586 4336 3656 4407 5).

2104 4425 2166 4476 Et
2214 4425 2341 4477 illud
2390 4426 2530 4479 beati
2560 4426 2661 4479 Job
2688 4444 2700 4475 :
2733 4424 3016 4484 Memento,
3043 4426 3307 4492 inquiens,
3339 4429 3462 4494 quia
3488 4440 3658 4482 ventus

506 4482 590 4553 He
620 4502 776 4567 335M
817 4510 1098 4569 omne.
1122 4504 1302 4554 "0500
1350 4521 1505 4570 quam
1535 4508 1604 4559 οἱ)
1632 4523 1865 4572 elusam.
1898 4509 1993 4562 hist
2019 4510 2072 4568 D
2096 4525 2169 4566 est
2196 4516 2296 4566 vita
2325 4531 2435 4567 mea
2459 4513 2584 4582 (Job
2625 4530 2714 4580 vti,
2746 4514 2834 4581 7).
2870 4512 2931 4565 Et
2963 4531 2974 4564 :
3007 4482 3176 4567 'Par’re
3203 4482 3504 4575 “limini!
3528 4516 3654 4568 cuius

440 4589 581 4656 quod
627 4590 780 4644 facile
824 4591 981 4642 datur
1026 4591 1244 4656 intelligi
1298 4592 1564 4647 ﬁdelitatis
1604 4597 1821 4650 obtentu
1869 4598 1992 4651 dum

440 4680 576 4746 apud
608 4692 783 4744 regem
813 4681 1059 4743 puerulus
1085 4680 1396 4743 habitarem,
1422 4682 1647 4748 quadam
1676 4686 1760 4739 die
1784 4687 1994 4741 Botoilo

440 4770 491 4821 in
528 4780 656 4834 agro
699 4769 872 4820 accito
896 4784 991 4819 rex
1034 4770 1199 4835 Eligis
1226 4785 1406 4823 coram
1424 4770 1665 4837 reiiquiis
1694 4782 1994 4828 sanctorum

440 4856 781 4923 praeipiebat
808 4856 858 4908 ei
888 4864 944 4908 ut
974 4855 1307 4923 impositioue
1340 4873 1589 4911 manuum
1619 4860 1783 4911 sacris
1812 4861 1997 4927 pigno-

445 4947 587 4999 ribus
614 4947 839 4999 donaret
874 4956 1297 5007 sacramentum;
1325 4948 1417 4999 sed
1446 4948 1537 5000 ille
1576 4942 1806 5000 divinum
1836 4948 2007 5025 intui-O

444 5044 553 5087 tum
598 5046 805 5093 verens,
834 5048 1082 5087 recusare
1108 5034 1374 5086 humiliter
1403 5037 1545 5088 «uel
1576 5038 1691 5089 nisu
1723 5036 1991 5087 tentabat:

443 5136 669 5189 cumque
718 5121 996 5179 instantius
1041 5122 1092 5175 id
1135 5122 1308 5182 facem
1348 5124 1776 5190 compelleretur,
1811 5125 1997 5177 anxius

445 5211 592 5263 valde
630 5210 791 5277 cmpit
832 5224 953 5263 mox
996 5212 1220 5263 ubertim
1246 5214 1500 5283 lacrymas
1526 5214 1863 5282 protundere,
1886 5229 1997 5267 me,

447 5308 616 5359 tuens,
648 5300 863 5359 scilicet,
910 5312 1085 5365 regem
1130 5298 1413 5361 olendere,
1460 5303 1862 5371 septuplumque
1906 5318 1998 5371 pa-

444 5401 571 5440 vens
618 5388 815 5440 sancis
866 5388 1171 5455 pignoribus
1223 5402 1410 5443 manus
1453 5392 1744 5459 imponere.
1786 5390 1997 5447 intuens

516 5566 539 5593 ⁸
570 5558 629 5611 Si
660 5559 943 5624 quamius.
975 5558 1134 5623 Iulo,
1174 5561 1217 5611 ai
1247 5576 1343 5623 quo
1372 5562 1539 5613 modo.
1570 5561 1707 5616 Infra
1739 5561 1996 5617 edidimus

446 5641 506 5675 ex
542 5624 732 5697 Codice
776 5628 939 5697 sancti
986 5627 1121 5678 Aud.
1178 5630 1340 5691 operis
1377 5629 1670 5693 arti/icium,
1723 5630 1827 5691 ubi,
1869 5648 1997 5697 opus

450 5702 649 5815 itantum
682 5694 967 5760 legebatUr,
998 5704 1050 5748 et
1072 5700 1346 5762 fragmina,
1376 5713 1479 5764 quo
1510 5698 1628 5751 loco
1657 5700 1855 5753 editqu
1880 5694 1994 5753 erat

477 5775 696 5815 raqmett.

477 5775 696 5823 ragmeu.

2097 4613 2215 4655 sunt
2261 4604 2365 4653 dies
2415 4602 2866 4669 uiei(lbid.,16).
2925 4599 2990 4651 Et
3041 4616 3109 4654 ex
3158 4615 3217 4653 se
3265 4601 3655 4669 quodammodo

2096 4690 2392 4755 egrediens,
2426 4689 2554 4741 iﬂud
2592 4698 2713 4740 ante
2742 4703 2889 4740 suam
2921 4687 3433 4756 pingebatmentem
3466 4705 3483 4741 :
3513 4685 3653 4750 Quod

2097 4797 2185 4831 nec
2228 4779 2400 4831 oculus
2427 4779 2569 4838 vidit,
2598 4792 2687 4827 nec
2715 4779 2857 4829 aria
2885 4776 3094 4838 audiuit,
3137 4793 3227 4827 nec
3254 4778 3306 4831 in
3328 4790 3421 4828 cur
3442 4776 3653 4829 lumiuis

2098 4870 2341 4929 uacemlit,
2374 4882 2482 4935 qua
2511 4868 2815 4935 preparavit
2858 4864 2992 4919 Data
3019 4863 3347 4933 diligentibus
3378 4879 3435 4917 se
3463 4863 3517 4933 (1
3539 4864 3649 4919 Cor.

2099 4970 2155 5016 ll,
2188 4953 2276 5018 9).
2312 4954 2509 5008 Idcirco
2555 4955 2653 5007 ista
2700 4954 2898 5021 jugiter
2942 4952 3249 5011 meditando
3292 4964 3500 5020 quanto
3544 4956 3650 5024 plin

2096 5043 2429 5110 pmﬁeiebut,
2460 5052 2617 5095 tanto
2638 5043 2756 5110 plus
2782 5041 3193 5105 humiliabutur;
3225 5052 3281 5094 ut
3310 5052 3515 5109 quanto
3540 5044 3650 5114 piae

2096 5133 2402 5185 humiliatus
2448 5132 2649 5191 fuisset,
2698 5142 2850 5185 tanto
2891 5131 3118 5198 amplius
3162 5133 3466 5199 proﬁceret.
3496 5133 3650 5201 Cujus

2096 5229 2292 5286 quanta
2325 5218 2413 5272 fuit
2439 5222 2711 5283 mastitia,
2735 5228 2883 5271 tanta
2913 5218 3009 5272 fuit
3026 5231 3083 5273 et
3107 5222 3291 5285 venis;
3320 5230 3377 5275 et
3399 5229 3646 5288 quntum

2094 5324 2153 5363 se
2198 5309 2469 5363 humiliter
2510 5310 3032 5371 alﬂiaeratvtantu-
3058 5309 3361 5364 clamatur
3379 5310 3646 5366 sublimed

2098 5414 2127 5451 a
2158 5398 2381 5451 Domino
2411 5398 2626 5451 munit.
2650 5396 2692 5449 0
2719 5392 2974 5465 profunda
2998 5396 3294 5463 benignitas
3326 5396 3452 5451 [hil
3482 5395 3637 5451 ntro

2166 5570 2192 5607 δ
2226 5569 2407 5621 Pactus
2431 5571 2749 5636 frustrarem.
2782 5568 2879 5636 Hic
2904 5565 3074 5619 sancti
3104 5566 3236 5621 And.
3260 5530 3443 5636 Codex

2096 5650 2263 5706 pectus
2313 5634 2585 5704 fuscarem.
2639 5653 2702 5689 ex
2753 5635 2956 5706 eodem
2978 5636 3155 5706 statim
3186 5634 3447 5688 edidimus
3472 5634 3639 5689 edatu-

2098 5703 2301 5758 iceutic
2329 5722 2457 5772 sua,
2490 5706 2577 5763 ubi
2606 5706 2879 5770 legebatur
2905 5703 2967 5755 ab
2992 5703 3337 5755 adolescentia
3364 5717 3492 5760 sua.

3370 5802 3848 6296 ΔΙ
