3934 6228
511 400 610 453 487

1680 390 1734 439 S.
1780 387 1974 440 ELlCIl
2019 386 2297 442 NOVIO“.
2342 383 2551 439 EPISC.

3642 379 3740 433 63$

511 525 618 567 tetu
649 520 858 575 quoque
888 503 1134 572 patientia
1166 499 1470 562 tleliuiehat,
1500 507 1553 550 et
1581 496 1937 548 blandimento
1960 495 2066 547 ira-
2095 501 2142 557 Α
2174 516 2298 567 “um
2330 514 2540 568 salubre
2568 518 2892 578 qurerean
2925 507 3366 575 counu,,j,a;.lque
3396 507 3462 559 ,δ
3491 521 3615 560 eum
3645 524 3740 558 ηπ,

507 603 754 658 cundiam
802 599 1018 651 furentis
1049 595 1398 663 temperabat,
1433 608 1494 646 ae
1521 592 1596 646 sic
1642 590 1866 643 alienam
1906 590 2066 641 mise-

507 694 641 746 riam
669 698 914 754 tanquam
945 701 1092 737 suam
1122 684 1363 749 lugebat;
1392 687 1614 746 eratque
1655 678 1702 730 ei
1747 680 1797 730 in
1830 678 2069 742 ingressu

507 779 837 848 simplicitas,
867 777 917 827 in
959 783 1104 826 motu
1149 771 1372 838 paritas,
1424 769 1475 820 in
1518 776 1669 834 gestu
1716 766 1968 833 gravitas,
2018 766 2069 817 in

511 869 717 920 incessu
751 867 1033 924 honestas,
1067 861 1118 911 in
1146 858 1346 926 jejunio
1377 856 1649 918 hilaritas;
1679 854 1886 906 animus
1927 853 2070 905 enim

508 957 625 1024 ejus
677 955 729 1008 in
779 949 1169 1007 modestissimo
1215 945 1455 1014 corporis
1498 944 1680 997 habitu
1732 941 2065 1010 apparebat:

506 1053 624 1099 erat
652 1044 813 1096 etiam
846 1054 1036 1107 parcus
1078 1038 1128 1089 in
1167 1050 1434 1099 sermone,
1484 1033 1812 1101 blandusque
1856 1033 1906 1085 in
1954 1032 2070 1085 elo-

506 1134 654 1201 quio,
688 1130 890 1182 tristem
944 1129 1149 1192 imoque
1195 1125 1462 1178 dolentem
1512 1122 1649 1176 dulei
1701 1121 2074 1175 consolabatur

508 1220 692 1272 affatu.
724 1216 840 1271 Hoc
870 1215 1172 1284 proierebat
1199 1229 1264 1266 ex
1295 1213 1447 1266 labiis
1471 1213 1614 1280 quod
1647 1221 1877 1265 mentem
1905 1209 2071 1264 aedifi-

509 1317 659 1363 caret
702 1307 995 1369 audientis;
1026 1304 1289 1373 fiebatque
1317 1303 1435 1371 ejus
1463 1317 1639 1357 sermo
1683 1302 2072 1370 exspectationi

512 1398 759 1452 Ecclesiae
809 1395 981 1458 utilis;
1014 1393 1143 1446 nihil
1173 1393 1312 1445 enim
1363 1407 1427 1444 ex
1458 1391 1702 1444 omnibus
1731 1407 1848 1460 qua:
1874 1391 2073 1456 egisset

510 1489 663 1542 bonis
691 1487 893 1540 meritis
922 1484 1032 1537 suis
1065 1482 1359 1542 tribuebat,
1391 1481 1624 1546 nihilque
1660 1479 1710 1532 in
1741 1480 1937 1532 viribus
1967 1480 2074 1532 suis

513 1591 741 1644 unquam
765 1573 1135 1642 pnesumebat,
1165 1570 1257 1623 sed
1285 1585 1442 1622 oume
1470 1585 1603 1636 opus
1629 1585 1781 1622 suum
1811 1569 1874 1622 ad
1907 1568 2071 1621 Deum

509 1684 722 1736 semper
749 1668 1052 1728 conferens,
1093 1667 1144 1719 in
1175 1666 1381 1718 eunetis
1426 1665 1630 1718 actibus
1677 1664 1791 1732 ejus
1821 1665 2072 1717 auxilium

513 1761 849 1829 implorabat.
902 1759 1106 1811 Bonum
1146 1756 1284 1822 quod
1315 1755 1576 1810 didicerat
1621 1756 1870 1819 docebat,
1916 1755 2073 1808 verba

2170 603 2330 669 dique
2362 604 2455 655 viri
2486 602 2735 668 religiosi,
2757 601 2974 652 advenae
2999 614 3211 667 quoque
3257 609 3312 651 et
3361 598 3610 650 monachi
3639 637 3653 658 ,
3687 607 3740 649 et

2170 694 2424 760 quidquid
2455 695 2681 746 militare
2725 700 2934 761 poterat
2981 700 3071 744 aut
3098 691 3176 742 eis
3233 690 3283 742 in
3339 691 3738 759 eleemosynam

2172 782 2368 842 dabat,
2410 792 2500 834 aut
2531 791 2674 835 certe
2699 782 3026 848 captivorum
3079 780 3128 831 in
3178 779 3348 846 pretia
3378 777 3741 840 distrahebat,

2175 871 2400 924 habebat
2427 873 2567 926 enim
2586 873 2872 924 maximum
2897 872 2946 922 in
2964 869 3262 937 hujusmodi
3294 884 3458 937 opere
3485 869 3741 922 studium.

2173 960 2316 1014 Sane
2341 961 2639 1027 ubicunque
2677 961 3084 1013 venundandam
3141 959 3496 1012 intellexisset
3539 959 3746 1011 manci-

2174 1053 2338 1119 pium,
2360 1064 2547 1116 magna
2569 1066 2687 1103 cum
2716 1051 3075 1104 misericordia
3104 1058 3157 1103 et
3181 1049 3520 1102 festinatione
3551 1064 3745 1102 occur-

2176 1157 2318 1206 rens,
2339 1157 2458 1193 mox
2481 1140 2605 1194 dato
2631 1142 2799 1208 pretio
2828 1140 3084 1192 liberabat
3111 1139 3379 1206 captivum
3409 1155 3422 1202 ;
3477 1137 3747 1190 interdum

2177 1232 2334 1284 etiam
2365 1246 2530 1298 usque
2546 1231 2609 1284 ad
2633 1231 2811 1297 viginti
2835 1238 2887 1284 et
2915 1229 3147 1295 triginta,
3162 1243 3256 1282 seu
3272 1237 3326 1282 et
3355 1226 3748 1296 quinquaginta

2177 1337 2396 1375 numero
2442 1319 2597 1373 simul
2627 1335 2657 1372 a
2683 1320 2990 1388 captivitate
3011 1319 3332 1379 redimebat;
3356 1329 3748 1388 nonnunquam

2175 1424 2302 1462 vero
2331 1424 2518 1475 agmen
2553 1409 2832 1475 integrum,
2856 1416 2910 1458 et
2932 1421 3097 1475 usque
3148 1407 3212 1457 ad
3239 1384 3452 1459 cemitur
3507 1404 3748 1464 animas,

2174 1511 2293 1550 eum
2318 1498 2438 1549 navi
2469 1497 2866 1565 egrederentur,
2898 1497 3175 1562 utriusque
3200 1510 3380 1558 sexus,
3408 1510 3475 1547 ex
3520 1494 3750 1546 diversis

2174 1587 2418 1654 gentibus
2474 1587 2750 1640 venientes
2796 1586 2993 1652 pariter
3027 1585 3286 1638 liberabat
3314 1626 3326 1644 ,
3378 1585 3747 1636 Romanorum

2175 1679 2401 1742 scilicet,
2434 1677 2705 1732 Gallorum
2729 1717 2744 1740 ,
2793 1686 2952 1745 atque
2985 1676 3358 1728 Britannorum
3385 1714 3398 1734 ,
3455 1689 3665 1725 necnon
3697 1681 3752 1723 ct

2180 1771 2502 1832 Maurorum,
2535 1769 2625 1823 sed
2659 1769 2921 1836 principue
2941 1782 3004 1820 ex
3043 1781 3236 1834 genere
3263 1765 3624 1825 Saxonorum,
3656 1764 3748 1829 qui

513 1859 690 1901 “me”
721 1849 969 1917 operibus
997 1845 1344 1914 Prw-cedebat:
1376 1845 1549 1897 “iens
1581 1844 1831 1912 quoniam
1862 1859 1967 1897 "0“
1993 1851 2076 1897 εει
2105 1837 2150 1893 Β
2181 1861 2389 1913 abunde
2418 1875 2484 1914 eo
2515 1871 2751 1930 tempore
2773 1858 2935 1910 veluti
2985 1872 3168 1924 greges
3200 1871 3227 1907 a
3251 1856 3464 1908 sedibus
3518 1853 3752 1916 propriis

514 1939 667 1992 laude
696 1937 904 2004 dignum
934 1935 1076 2002 quod
1107 1933 1263 1986 docet
1288 1934 1424 2001 quis,
1455 1933 1551 1986 nisi
1579 1932 1736 1985 dictis
1763 1933 1902 1984 facta
1942 1947 2075 1985 con-

510 2027 782 2094 junxerit,
813 2023 905 2077 sed
946 2024 1122 2091 potius
1149 2023 1193 2074 si
1241 2021 1387 2089 quod
1441 2022 1600 2074 docet
1650 2028 1704 2074 et
1754 2019 1903 2084 facit,
1956 2029 2078 2073 tunc

515 2116 779 2182 gloriosus
822 2113 1144 2174 habebitur;
1192 2111 1332 2163 unde
1383 2119 1435 2163 et
1480 2109 1763 2178 Apostolus
1796 2128 1808 2161 :
1839 2108 1922 2163 Ne
1968 2127 2078 2162 cum

516 2206 633 2257 aliis
664 2203 1046 2271 prrcdicaverim
1067 2241 1080 2264 ,
1114 2203 1220 2268 ipse
1262 2202 1504 2268 reprobus
1533 2201 1731 2269 efﬁciar
1758 2200 1776 2267 (
1802 2199 1825 2251 1
1855 2198 1970 2252 Cor.
2005 2217 2075 2261 ιχ,

517 2294 629 2357 27).
663 2291 877 2344 Hostem
908 2299 1164 2358 prteterea
1189 2288 1500 2341 invisibilem
1525 2287 1853 2341 orationibus
1880 2295 1934 2340 et
1958 2301 2078 2354 pre-

516 2385 664 2436 cibus
712 2381 971 2449 repvllere
1013 2378 1208 2446 jugiter
1255 2377 1628 2439 contendebat,
1679 2389 1921 2446 pugnans
1963 2391 2077 2440 ore,

519 2489 623 2526 non
670 2472 882 2538 gladio;
943 2469 1291 2532 orationibus,
1325 2484 1427 2521 non
1457 2467 1603 2529 telo;
1656 2468 1924 2535 precibus,
1976 2481 2080 2519 non

519 2563 678 2612 l‘crro.
707 2559 926 2611 Cunctis
953 2566 1129 2610 autem
1161 2556 1368 2619 diebus,
1410 2557 1615 2608 cunctis
1653 2555 1824 2618 boris,
1855 2555 1946 2607 Dei
1988 2555 2082 2606 fla-

518 2649 719 2714 gitabat
748 2629 1096 2713 praesidium,in
1103 2654 1161 2698 ut
1192 2645 1384 2713 dignus
1411 2652 1532 2711 post
1562 2642 1738 2695 mundi
1769 2643 1908 2696 luem
1957 2657 2082 2711 pos-

519 2743 601 2788 set
625 2734 901 2802 pervenire
927 2733 994 2785 ad
1025 2733 1286 2786 bravium.
1335 2731 1438 2786 Res
1469 2734 1788 2801 temporales
1819 2733 2082 2787 tribuebat

519 2827 722 2894 egenis,
754 2833 809 2876 ut
840 2839 937 2892 pro
966 2822 1164 2879 eisdem
1207 2834 1535 2877 mercaretur
1565 2824 1793 2891 paradisi
1838 2825 2079 2880 delicias.

527 2917 802 2968 lievitabat
831 2914 1040 2982 quidem
1070 2915 1393 2982 superbiam,
1422 2917 1842 2983 amplectebatur
1866 2917 2081 2972 humili-

527 3014 688 3056 tatem
718 3019 730 3054 :
765 3003 855 3055 Dei
884 3017 1096 3068 semper
1141 3002 1393 3054 auxilium
1425 3017 1636 3070 rogans,
1686 3002 1844 3057 tinem
1887 3003 2084 3070 jugiter

528 3095 732 3146 felicem
764 3092 1058 3160 postulans.
1088 3090 1217 3155 Quis
1246 3091 1389 3144 enim
1432 3091 1521 3145 illo
1549 3099 1788 3159 tempore
1818 3092 2085 3145 humilita-

526 3194 631 3238 tem
662 3184 775 3251 ejus
797 3197 1040 3247 cernens,
1066 3194 1168 3234 non
1198 3182 1438 3250 protinus
1466 3183 1954 3249 compungeretur?
1981 3181 2084 3236 Aut
2110 3174 2158 3237 C

523 3287 642 3338 quis
690 3280 897 3323 amator
942 3269 1198 3337 pecuniae,
1241 3269 1356 3336 ejus
1404 3269 1785 3323 humanitatem
1834 3280 1887 3324 et
1916 3272 2088 3340 parci-

528 3361 779 3417 moniam,
810 3359 1147 3411 devotionem
1185 3372 1397 3426 quoque
1435 3367 1489 3411 et
1529 3358 1756 3412 studium
1799 3361 2084 3428 aspiciens,

531 3467 636 3505 non
663 3451 940 3505 confestim
969 3449 1279 3503 admirando
1305 3451 1738 3516 obstupesceret?
1779 3450 1907 3502 Nam
1937 3451 2089 3518 quid-

532 3542 655 3612 quid
700 3543 962 3595 bonorum
992 3540 1043 3593 in
1073 3539 1330 3608 principio
1359 3540 1598 3607 arripuit,
1633 3555 1798 3608 usque
1827 3541 1892 3593 ad
1929 3540 2084 3593 finem

531 3634 650 3684 vita:
679 3632 834 3684 nullis
859 3629 1084 3697 negotiis
1103 3644 1286 3698 passus
1307 3637 1388 3683 est
1408 3629 1686 3698 implicari,
1709 3629 1801 3685 sed
1824 3631 2084 3698 integrum

530 3735 584 3775 et
612 3730 853 3774 sanetum
884 3720 1212 3788 propositum
1235 3733 1471 3781 servans,
1500 3721 1550 3772 in
1583 3719 1728 3773 nullo
1753 3729 1980 3788 emptam
2006 3733 2091 3771 re-

533 3810 706 3874 gulam
737 3807 1079 3860 commutavit
1109 3823 1122 3869 ;
1164 3806 1260 3860 sub
1290 3806 1469 3858 habitu
1515 3807 1655 3859 enim
1701 3805 1921 3860 alterius
1949 3820 2089 3858 sem-

536 3913 629 3964 per
673 3897 826 3949 alteri
881 3895 1145 3958 militavit,
1191 3906 1242 3948 et
1285 3895 1538 3962 quidquid
1587 3895 1782 3949 habere
1829 3895 2001 3963 potuit
2037 3895 2089 3946 in

536 3985 752 4049 mundo,
781 3983 992 4037 Christo
1023 3983 1238 4036 tradidit
1266 3999 1332 4036 ex
1363 3993 1496 4036 toto.

1152 4072 1374 4126 CAPUT
1405 4071 1471 4126 Χ.

612 4163 813 4226 Quanto
838 4165 1003 4218 studia
1031 4165 1084 4216 in
1127 4163 1216 4216 Dei
1259 4166 1432 4216 timore
1463 4173 1509 4216 et
1535 4165 1893 4219 misericordiw
1928 4167 2091 4233 aperio

1121 4233 1208 4286 bus
1234 4235 1523 4303 profecerit.

597 4326 833 4378 Pellebat
876 4327 1050 4392 itaque
1081 4327 1244 4392 magis
1284 4343 1344 4379 ac
1389 4327 1553 4394 magis
1583 4327 1644 4389 lin
1672 4325 1880 4392 vigiliis,
1909 4327 1959 4378 in
2014 4326 2092 4392 je-

539 4418 737 4482 juniis,
807 4425 966 4482 atque
1015 4417 1066 4467 in
1118 4415 1424 4467 charitate:
1476 4415 1767 4469 fabricabat
1825 4415 1875 4466 in
1941 4429 2091 4466 usum

2175 1949 2342 2002 evulsi
2375 1949 2423 2000 in
2443 1947 2648 2001 diversa
2673 1946 3102 2000 distrahebantur
3129 1963 3138 1994 :
3173 1943 3315 2012 quod
3365 1943 3408 1994 si
3436 1945 3754 2010 contigisset

2179 2047 2233 2090 ut
2263 2040 2510 2106 eopiOsus
2565 2037 2897 2090 venditorum
2948 2050 3198 2089 numerus
3237 2048 3540 2086 mensuram
3589 2035 3753 2100 pretii

2177 2130 2482 2192 excederet,
2507 2129 2713 2182 cunctis
2755 2136 2951 2195 praeter
2988 2141 3182 2194 corpus
3208 2127 3478 2193 proprium
3504 2140 3624 2193 qum
3658 2123 3753 2174 ha-

2178 2218 2306 2273 bere
2336 2225 2566 2285 poterat,
2602 2231 2766 2283 usque
2798 2217 2862 2268 ad
2919 2215 3182 2284 cingulum
3233 2223 3287 2266 et
3343 2212 3691 2280 amphihalur
3740 2251 3753 2270 ,

2181 2323 2391 2362 necnon
2419 2317 2468 2359 et
2501 2309 2695 2359 victum
2730 2306 3106 2366 necessarium,
3140 2305 3232 2357 sed
3261 2311 3315 2355 et
3350 2315 3516 2368 usque
3547 2299 3611 2352 ad
3643 2300 3755 2352 cal-

2180 2407 2457 2454 eeamcnta
2495 2413 2553 2451 se
2582 2397 2915 2466 exspoliabat
2949 2438 2961 2457 ,
3025 2391 3390 2447 tantummodo
3424 2400 3482 2444 ut
3526 2389 3757 2457 captivis

2180 2487 2486 2542 subveniret

2254 2595 2304 2648 Id
2330 2595 2487 2649 etiam
2515 2604 2568 2648 et
2597 2595 2648 2647 in
2677 2595 2986 2663 peregrinos
3017 2591 3210 2646 Christi
3239 2589 3533 2658 stepissime
3580 2588 3753 2640 facie-

2183 2688 2290 2740 bat.
2346 2687 2389 2739 Ο
2444 2687 2655 2755 quoties
2710 2686 2918 2739 debitor
2962 2701 3082 2739 esse
3139 2684 3335 2747 voluit,
3387 2692 3444 2734 ut
3493 2681 3756 2734 debitori-

2185 2779 2279 2829 bus
2309 2778 2650 2831 subveniret?
2692 2777 2910 2842 Quoties
2958 2776 3190 2830 brachile
3240 2787 3481 2833 aureum,
3512 2784 3754 2840 pungam

2182 2885 2394 2937 quoque
2445 2884 2576 2924 auro
2619 2870 2945 2937 gemmisque
2991 2876 3254 2934 emnptam
3305 2864 3405 2918 sibi
3452 2862 3757 2931 surripuit,

2185 2967 2391 3012 tantum
2442 2967 2500 3010 ut
2543 2958 2749 3012 miseris
2769 2958 3140 3011 succurreret?
3188 2955 3254 3008 Ut
3299 2964 3475 3006 autem
3521 2951 3760 3005 breviter

2185 3047 2668 3114 comprehendam,
2717 3055 2918 3099 tantam
2972 3044 3306 3113 captivorum
3358 3040 3758 3095 multitudinem

2188 3154 2283 3208 per
2313 3138 2648 3193 suceedentia
2684 3147 2979 3206 temporum
2999 3135 3169 3206 spatia
3201 3151 3227 3187 a
3257 3134 3393 3188 duro
3411 3133 3758 3187 dominorum

2192 3227 2418 3281 absolvit
2442 3227 2592 3298 jugo,
2619 3237 2897 3295 tantasque
2948 3226 3313 3296 eleemosynas
3338 3224 3547 3278 diverso
3578 3225 3759 3278 homi-

2190 3333 2314 3372 num
2363 3319 2546 3386 generi
2575 3318 2848 3386 utriusque
2876 3331 3074 3382 sexus,
3129 3314 3353 3367 diversis
3403 3312 3652 3367 ecclesiis
3697 3327 3761 3366 ac

2189 3409 2526 3462 monasteriis
2555 3407 2840 3470 distribuit,
2874 3415 2932 3459 ut
2960 3406 3134 3458 nullus
3181 3420 3242 3458 ea
3285 3414 3467 3457 orator
3508 3406 3760 3471 quamvis

2188 3499 2443 3566 eloquens
2502 3498 2566 3551 ad
2628 3496 2840 3565 plenum
2891 3509 3110 3548 narrare
3153 3494 3759 3560 sumeiatzredemptos

2187 3590 2328 3644 enim
2350 3589 2588 3656 captivos
2616 3587 2856 3657 protinus
2885 3600 3065 3640 coram
3096 3599 3220 3652 rege
3249 3592 3506 3646 statuens,
3535 3582 3758 3650 jactatis

2188 3687 2313 3732 ante
2349 3693 2467 3730 eum
2517 3676 2746 3731 denariis
2785 3676 2994 3730 chartas
3024 3675 3100 3728 eis
3144 3674 3401 3727 libertatis
3443 3671 3756 3732 tribuebat;

2189 3767 2379 3821 deinde
2405 3767 2592 3820 trinam
2616 3766 2744 3834 ipsis
2763 3765 2994 3833 optionis
3023 3764 3356 3831 preponebat
3382 3761 3709 3814 electionem
3739 3821 3754 3840 ο

2191 3857 2240 3908 id
2271 3864 2373 3920 est,
2405 3865 2461 3907 ut
2485 3857 2526 3907 si
2549 3856 2638 3921 qui
2664 3855 2825 3907 velint
2863 3856 2971 3919 jam
3029 3853 3180 3905 liberi
3235 3851 3296 3903 ad
3351 3851 3625 3919 pr0priam
3669 3865 3754 3902 re-

2189 3959 2368 3997 meare
2391 3945 2635 4011 patriam,
2653 3945 2763 4011 ipse
2786 3943 2880 4004 eis,
2898 3942 2948 3994 in
2969 3950 3225 4010 quantum
3250 3939 3589 4007 suppetebat,
3621 3953 3754 4005 prae-

2191 4033 2340 4087 beret
2367 4033 2653 4087 subsidium
2680 4049 2693 4096 ;
2726 4033 2768 4086 si
2813 4032 2904 4100 qui
2933 4041 3108 4084 autem
3145 4045 3266 4083 cum
3290 4029 3403 4097 ipso
3441 4029 3610 4082 velint
3639 4045 3754 4097 per-

2193 4139 2429 4185 manere,
2461 4124 2629 4178 libens
2651 4123 2804 4176 valde
2836 4120 3271 4175 accommodabat
3318 4134 3597 4174 assensum
3618 4158 3633 4180 ,
3684 4120 3756 4170 ita

2193 4214 2450 4266 duntaxat
2480 4227 2583 4264 non
2608 4213 2715 4279 jam
2745 4219 2802 4263 ut
2831 4212 2991 4274 servi,
3015 4210 3107 4263 sed
3131 4213 3306 4278 potius
3332 4217 3389 4260 ut
3418 4207 3611 4260 fratres
3633 4222 3757 4260 cum

2192 4304 2378 4357 eodem
2423 4302 2707 4370 degerent;
2754 4316 2914 4371 porro
2955 4303 2998 4354 si
3041 4301 3229 4368 quibus
3272 4297 3432 4366 [ϐοᾱ.
3485 4295 3547 4349 S.
3591 4297 3755 4355 Αυά..

2197 4390 2373 4459 quos),
2415 4394 2636 4445 suadere
2667 4400 2872 4460 poterat
2899 4400 2955 4444 ut
2985 4387 3340 4443 venerabilem
3366 4387 3756 4440 monachorum

544 4507 683 4571 regis
740 4504 981 4557 utensilia
1021 4503 1402 4571 quamplurima
1453 4519 1515 4555 ex
1560 4519 1688 4556 auro
1730 4513 1785 4557 et
1833 4504 2087 4569 gemmis:
2119 4494 2165 4550 D
2195 4482 2353 4534 "nam
2383 4483 2695 4550 εττίμιεηίθε
2721 4481 2952 4535 εικυειΐθ
2998 4477 3228 4571 mind)“
3267 4487 3617 4571 eXPe‘el'e‘l‘v
3658 4478 3756 4530 ho“

546 4594 764 4649 sedebat
795 4594 1052 4645 fabricatis
1073 4586 1354 4653 indefessd’,
1372 4599 1425 4643 et
1437 4599 1617 4644 contra
1645 4607 1762 4644 cum
1785 4591 1954 4644 Thille
1973 4606 2094 4642 ver-

550 4682 768 4735 naculus
794 4681 927 4746 ejus,
958 4696 1020 4731 ex
1059 4694 1252 4744 genere
1280 4679 1565 4742 Saxonico,
1595 4679 1707 4745 qui,
1731 4679 1962 4745 magistri
2009 4693 2095 4732 se-

547 4785 716 4836 quens
745 4765 988 4832 vestigia,
1011 4775 1063 4817 et
1106 4767 1214 4831 ipse
1262 4766 1597 4833 postmodum
1640 4765 1994 4817 venerabilem
2024 4765 2097 4815 vi-

555 4869 658 4908 tam
682 4857 848 4908 duxit.
875 4854 1077 4907 Sedens
1107 4868 1232 4920 ergo
1262 4852 1457 4922 Eligius
1480 4854 1544 4906 ad
1588 4867 1719 4920 opus
1745 4851 2058 4920 pradictum
2082 4890 2097 4912 ,

551 4945 799 4997 Codicem
829 4945 1036 4996 sibimet
1057 4958 1162 5010 pra:
1189 4942 1353 4996 oculis
1385 4943 1712 5009 pmpuabat
1737 4951 1972 5008 apertum
2000 4978 2014 5002 ,
2046 4949 2101 4991 ut

553 5047 766 5101 quoquo
788 5045 980 5098 genere
1021 5033 1266 5086 laborans
1294 5031 1526 5084 divinum
1558 5034 1854 5100 perciperet
1882 5031 2096 5083 manda-

557 5135 701 5187 tum;
734 5123 808 5173 sic
843 5120 996 5185 igitur
1023 5123 1233 5185 duplum
1283 5135 1471 5189 gerens
1491 5121 1746 5185 officium,
1770 5136 1957 5175 manus
1998 5122 2101 5172 usi-

558 5208 653 5258 bus
679 5207 965 5262 hominum.
992 5214 1216 5255 mentem
1239 5207 1353 5257 usui
1381 5206 1712 5272 mancipabat
1738 5206 1936 5258 divino.
1971 5203 2101 5256 Fra-

557 5295 738 5358 grabat
759 5294 868 5358 ejus
897 5293 1091 5358 ubique
1120 5291 1277 5356 fama,
1309 5292 1360 5343 in
1391 5302 1612 5356 tantum,
1641 5303 1696 5347 ut
1719 5295 1762 5347 si
1788 5294 1878 5360 qui
1905 5308 1968 5346 ex
1993 5291 2100 5345 Ro-

559 5396 734 5439 mana,
765 5381 844 5431 vel
865 5380 1057 5443 Italica,
1083 5389 1173 5433 aut
1200 5378 1446 5441 Gothica,
1475 5382 1554 5433 vel
1600 5383 1951 5448 qualiemque
1978 5396 2098 5447 pro—

560 5470 728 5520 vincia
745 5468 1018 5534 legationis
1040 5470 1252 5533 findere,
1283 5479 1372 5522 aut
1391 5469 1491 5520 alia
1515 5483 1829 5536 quacunque
1859 5486 1921 5522 ex
1941 5484 2097 5523 causa

561 5556 810 5620 palatium
841 5553 975 5618 regis
1005 5553 1320 5608 Francorum
1352 5555 1496 5610 adire
1536 5566 1798 5624 pararent,
1825 5572 1929 5609 non
1960 5558 2105 5623 prius

565 5644 669 5703 regi
693 5650 1032 5695 occurrerent
1070 5656 1224 5706 quam
1276 5643 1496 5709 Eligium
1519 5642 1962 5710 aggrederentur,
2020 5647 2103 5699 vel

564 5726 803 5789 juvnuen
832 5731 1091 5783 alimonia:
1121 5730 1183 5782 ab
1209 5745 1272 5784 eo
1303 5741 1598 5800 poscentes,
1633 5731 1713 5787 vel
1767 5740 1908 5785 certe
1931 5734 2105 5788 consi-

2199 4579 2464 4637 tamquam
2493 4572 2737 4624 dominos
2767 4571 3043 4636 insigniter
3072 4569 3339 4621 honorans
3361 4604 3379 4629 ,
3435 4568 3756 4621 vestimenta

2198 4661 2354 4714 etiam
2380 4669 2434 4712 et
2461 4673 2681 4726 quaeque
2707 4666 2860 4710 erant
2889 4655 3182 4710 necessaria
3212 4658 3469 4718 tribuens,
3495 4655 3639 4707 illico
3661 4669 3753 4706 ar-

2199 4751 2460 4805 cbisteriis
2491 4763 2610 4801 eum
2632 4747 2985 4801 exsultatione
3009 4746 3297 4810 destinans,
3313 4761 3431 4800 cum
3447 4745 3635 4814 grandi
3655 4745 3752 4799 de-

2200 4855 2343 4893 mum
2394 4837 2746 4892 sollicitudine
2789 4852 2971 4891 eorum
3012 4837 3231 4907 gerebat
3278 4850 3481 4890 curam.
3513 4833 3758 4891 Habebat

2201 4938 2453 4995 praeterea
2479 4941 2657 4980 serum
2705 4927 2881 4995 plures
2918 4926 3231 4980 vernaculos
3259 4925 3311 4978 in
3337 4938 3432 4978 suo
3460 4929 3759 4981 contuber-

2204 5019 2289 5070 nio
2337 5018 2607 5083 degentes,
2640 5015 2841 5082 sibique
2886 5013 3188 5069 necessario
3231 5010 3422 5078 iugiter
3476 5014 3756 5082 obtempe-

2202 5119 2419 5168 rantes,
2468 5107 2535 5159 de
2581 5106 2769 5173 quibus
2819 5116 2933 5160 erat
2969 5106 3290 5166 Baudcrieus
3336 5105 3574 5174 eju’lem
3623 5111 3758 5164 liber

2202 5199 2677 5266 comprovincialis,
2710 5203 2796 5268 qui
2827 5203 2878 5254 in
2912 5201 3155 5254 omnibus
3204 5202 3428 5259 honeste
3456 5205 3612 5258 valde
3638 5207 3756 5273 ejus

2203 5303 2382 5342 curam
2411 5290 2645 5355 gerebat.
2676 5289 2800 5343 Erat
2827 5292 2984 5342 etiam
3007 5289 3260 5346 Tituenus
3280 5307 3478 5359 genere
3506 5292 3713 5348 Suevos
3738 5336 3752 5357 ,

2207 5376 2373 5430 fidelis
2402 5378 2754 5432 cubicularius
2801 5378 2993 5444 laicus,
3051 5382 3139 5447 qui
3171 5391 3354 5448 postea
3383 5382 3448 5431 ad
3497 5383 3758 5435 mercedis

2204 5464 2470 5518 cumulnrn
2502 5467 2741 5533 pervenit
2769 5466 3146 5536 interemptus;
3181 5481 3383 5519 necnon
3412 5478 3466 5520 et
3491 5469 3756 5521 Bucbinus

2205 5571 2271 5608 ex
2305 5557 2484 5621 gentili
2512 5570 2815 5614 conversus.
2839 5557 2927 5624 qui
2951 5567 3005 5610 et
3049 5558 3161 5624 ipse
3210 5567 3393 5625 postea
3433 5558 3754 5612 venerabilis

2206 5645 2422 5704 exstitit,
2479 5660 2540 5698 ac
2597 5646 2914 5698 Ferrariensi
2954 5644 3195 5698 emnobio
3241 5647 3466 5715 prmfuit.
3519 5648 3757 5701 Andreas

2207 5745 2418 5800 quoque
2441 5744 2491 5787 et
2520 5733 2774 5788 Martinus
2798 5744 2953 5803 atque
2978 5731 3224 5800 Joannes,
3254 5735 3342 5802 qui
3372 5747 3437 5788 eo
3458 5733 3620 5786 etiam
3642 5750 3761 5803 pro-
