3912 6392
156 470 244 525 ιεθ

1668 441 1846 504 νιτΑ.

3247 436 3350 504 no

155 587 345 637 curante
362 577 425 633 ad
452 578 762 633 clericatum
796 575 1070 645 pervenire
1124 576 1432 624 meruerunt
1457 608 1472 631 ,
1501 563 1594 619 sed
1624 572 1680 615 et
1709 569 1756 621 Λ
1783 559 1876 612 sed
1905 572 2026 613 cum
2054 557 2269 626 quidam
2303 570 2368 609 ex
2399 551 2606 608 famulis
2629 555 3097 610 clrcumstantibus
3124 556 3233 612 htec
3257 564 3352 611 sa:-

153 672 226 722 alii
244 668 565 736 quamplures
592 680 731 734 quos
754 675 1067 719 enumerare
1090 658 1402 728 perlongum
1433 665 1515 708 est
1539 695 1552 715 ,
1593 648 1688 718 qui

150 759 222 811 die
241 766 493 824 noctuque
520 757 572 807 in
599 755 718 821 ejus
747 767 960 807 camera
982 763 1101 803 cum
1129 743 1466 802 omnistudio
1491 742 1688 796 solem-

153 854 271 905 aiter
289 851 592 905 canonicum
620 845 918 912 adimplere
945 841 1228 897 studebant
1257 850 1488 892 cursum.

726 931 951 988 CAPUT
989 929 1078 983 XI.

209 1031 448 1095 Quantam
481 1027 789 1098 pauperibus
838 1036 891 1104 et
930 1022 1212 1092 peregrinis
1257 1012 1689 1089 prcbueritobse-

807 1110 998 1164 quium.

208 1187 465 1242 Multitudo
520 1194 780 1255 praeterea
835 1194 1126 1253 pauperum
1159 1219 1175 1244 ,
1248 1179 1385 1231 sicut
1445 1187 1572 1241 apes
1622 1172 1690 1226 ad

149 1277 433 1340 alvearium,
463 1275 700 1342 undique
728 1271 970 1340 Quotidie
999 1271 1066 1323 ad
1093 1283 1215 1322 eum
1251 1265 1611 1325 confluebant,
1637 1263 1689 1315 in

147 1376 330 1417 tantum
359 1374 412 1418 ut
435 1365 477 1418 si
507 1365 630 1432 quis
663 1363 872 1430 ignotus
894 1368 985 1413 aut
1006 1358 1320 1427 peregrinus
1342 1353 1494 1423 Eligii
1515 1353 1691 1420 inqui-

148 1470 252 1506 rens
302 1455 642 1518 domicilium,
665 1468 784 1507 cum
810 1466 877 1504 ex
903 1465 969 1504 eo
990 1449 1347 1512 interrogaret
1363 1444 1689 1512 quempiam,

147 1542 189 1595 id
216 1543 275 1595 ab
302 1557 362 1596 eo
386 1543 648 1610 reciperet
672 1552 986 1608 responsum
1011 1553 1026 1588 :
1054 1534 1224 1601 Vade,
1249 1531 1514 1602 inquiens,
1546 1528 1692 1584 illam

147 1635 190 1686 in
213 1633 426 1702 plagam.
450 1642 504 1685 et
533 1631 623 1685 ubi
643 1643 938 1700 pauperum
961 1636 1133 1683 coetus
1162 1624 1508 1693 conspexeris
1533 1663 1548 1687 ,
1588 1621 1694 1676 illic

147 1725 308 1793 utique
332 1733 386 1779 et
411 1723 636 1792 Eligium
665 1721 902 1790 reperies
931 1739 944 1773 :
973 1720 1113 1774 sicut
1152 1718 1294 1772 enim
1323 1753 1338 1780 ,
1394 1724 1451 1768 ut
1495 1715 1694 1768 dictum

145 1824 234 1879 est,
261 1829 383 1884 apes
401 1813 738 1869 circumdant
767 1813 942 1864 favum
963 1851 978 1875 ,
1028 1810 1100 1862 ita
1130 1807 1342 1862 assidue
1365 1805 1534 1860 turbis
1564 1820 1696 1873 pau-

1790 649 1908 718 pius
1923 647 2164 700 videntes
2182 646 2487 707 irriderent,
2510 645 2749 699 nonnulli
2767 645 2926 698 etiam
2949 645 3220 699 humiliter
3243 648 3355 700 inn-

1789 735 1931 805 piam
1959 742 2411 803 compaterentur,
2427 734 2703 787 universos
2725 733 2881 787 simul
2905 733 2984 786 vir
2998 733 3188 790 beatus
3206 749 3357 791 coer-

1790 841 1938 890 cens,
1971 834 2131 893 atque
2175 824 2458 887 refovens,
2507 827 2684 880 aiebat
2711 842 2722 876 :
2749 824 2882 891 Quid
2934 825 3141 879 molesti
3189 827 3358 890 estis,

1790 917 2012 972 modica:
2034 916 2192 970 ﬁdei?
2220 915 2453 983 nunquid
2482 915 2572 984 qui
2606 915 2808 970 Heliam
2836 923 2889 968 et
2914 914 3168 969 Joannem
3198 915 3250 968 in
3267 914 3362 969 de-

1787 1016 1936 1062 serto
1967 1008 2127 1078 pavit,
2158 1007 2309 1062 nobis
2331 1006 2489 1061 modo
2511 1006 2562 1062 in
2595 1006 2770 1061 medio
2798 1011 2939 1060 cmtu
2967 1020 3119 1059 suum
3147 1005 3362 1059 frauda-

1789 1096 1866 1150 bit
1889 1096 2204 1152 beneficium
2226 1097 2250 1149 τ
2271 1094 2467 1160 Credo,
2498 1095 2688 1162 inquit,
2723 1096 2776 1149 in
2805 1094 3115 1150 Creatorem
3160 1110 3361 1159 meum,

1791 1187 2044 1255 quoniam
2079 1194 2136 1240 et
2161 1186 2208 1240 si
2238 1201 2335 1240 nos
2357 1201 2461 1240 non
2506 1200 2791 1250 meremur,
2817 1186 2868 1239 bi
2899 1194 3073 1240 tamen
3103 1177 3374 1258 pauperes

1791 1276 1990 1330 Christi
2015 1275 2300 1330 refocillati
2330 1276 2486 1330 hodie
2513 1277 2675 1344 ipsius
2715 1276 2858 1331 dono
2887 1276 2954 1329 ab
2984 1277 3086 1330 hoc
3115 1276 3370 1332 recedent

1795 1368 2159 1422 tabernaculo.
2190 1367 2298 1422 Nec
2349 1383 2518 1430 mora,
2552 1367 2838 1436 aliquando
2866 1369 3174 1437 priusquam
3203 1369 3363 1423 verba

1794 1461 2090 1527 compleret
2116 1459 2395 1528 pulsabant
2418 1459 2512 1513 viri
2538 1459 2853 1514 vestibulum
2876 1463 3064 1514 domus
3087 1499 3102 1525 ,
3157 1474 3322 1526 panes
3350 1501 3366 1522 ,

1791 1557 2091 1616 artemque
2121 1550 2421 1604 necessaria
2446 1548 2728 1603 affluenter
2757 1547 3058 1604 deferentes
3102 1564 3238 1618 quos
3278 1552 3374 1603 aut

1794 1655 1912 1702 rex,
1934 1647 1990 1690 ut
2015 1653 2158 1706 smpe
2186 1625 2554 1702 consueverat,
2589 1647 2682 1692 aut
2703 1638 2852 1693 dives
2891 1639 3130 1708 quidam,
3159 1647 3248 1692 aut
3272 1637 3370 1692 de-

1797 1738 1920 1780 vota
1953 1729 2198 1781 mittebat
2227 1744 2489 1796 persona;
2518 1744 2704 1784 oumes
2741 1729 2880 1783 enim
2906 1730 3016 1797 jam
3043 1737 3371 1798 compertqu

1799 1819 2068 1872 habebant
2096 1828 2152 1872 et
2173 1819 2365 1886 quibus
2396 1816 2592 1884 Eligius
2639 1820 2936 1886 indigeret,
2978 1827 3032 1874 et
3073 1819 3266 1887 quibus
3293 1813 3372 1872 διῑί

145 1923 309 1974 perum
331 1908 665 1974 constipatus
693 1903 972 1958 incedebat
1001 1899 1221 1968 Eligius,
1245 1899 1438 1967 quibus
1466 1907 1559 1950 aut
1604 1912 1700 1965 per

1816 1907 1934 1964 turis
1955 1908 2300 1960 substantiam
2318 1906 2672 1974 dispergeret;
2707 1908 3060 1974 undecunque
3077 1919 3205 1974 ergo
3225 1908 3373 1959 veni-

143 2014 210 2063 se,
223 2010 404 2066 autper
423 1996 679 2050 famulum
693 1993 996 2048 alimoniam
1019 1991 1217 2060 pariter
1227 1997 1282 2044 et
1302 1989 1696 2057 eleemosynam

148 2090 385 2149 tribuens,
418 2086 797 2154 benignissime
844 2081 1086 2151 quotidie
1138 2079 1444 2140 refovebat;
1478 2076 1702 2135 habebat

143 2178 268 2232 enim
295 2187 349 2232 et
378 2176 583 2230 loculos
595 2176 684 2229 ubi
706 2188 892 2226 aurum
909 2168 1335 2225 distribuendum
1357 2182 1538 2220 secum
1565 2165 1702 2232 jugi.

142 2273 216 2320 ter
241 2276 444 2334 portare
459 2269 836 2326 consueverat,
860 2275 925 2314 ne
953 2257 1124 2314 sicubi
1154 2271 1444 2326 pauperem
1469 2255 1689 2308 fortuitu

140 2356 413 2420 obviasset,
435 2353 621 2407 dilatio
654 2353 731 2405 vel
755 2366 915 2421 parva
965 2348 1271 2418 porrigendi
1298 2346 1655 2400 intercederet
1685 2361 1698 2395 :

138 2445 217 2498 cui
238 2453 364 2512 quot
384 2459 653 2514 pauperes
675 2444 912 2506 oliviant,
939 2450 1017 2494 tot
1065 2439 1323 2509 sportella
1350 2437 1557 2492 vicibus
1588 2452 1706 2505 per-

141 2536 274 2590 Vulsa
303 2536 382 2604 (ut
424 2534 746 2602 simpliciter
787 2531 1036 2597 dixerim)
1067 2531 1228 2589 trita,
1283 2529 1498 2594 imoque
1542 2527 1705 2594 polita

139 2628 199 2680 de
219 2626 368 2679 beato
387 2625 553 2693 digito
586 2624 883 2675 videbatur.
915 2619 1264 2686 Quid'plura?
1311 2615 1581 2683 Quidquid
1614 2615 1706 2666 ba-
1775 2661 1780 2665 .

141 2715 259 2775 buit.
289 2723 512 2780 excepto
534 2721 844 2778 legumento
891 2719 946 2764 et
973 2709 1112 2764 victu
1139 2750 1154 2774 ,
1199 2715 1370 2760 totum
1427 2704 1612 2773 egenis
1651 2713 1707 2757 et

138 2804 462 2860 monasteriis
489 2802 776 2871 dispersit;
825 2801 1000 2855 sciens
1035 2797 1276 2868 Apostoli
1305 2811 1424 2850 esse
1464 2807 1704 2864 praecep-

139 2906 272 2948 tutn:
303 2893 558 2947 Habentes
587 2894 773 2945 victum
819 2901 870 2943 et
913 2890 1298 2950 vestimentum,
1358 2886 1439 2938 his
1483 2884 1706 2937 contenti

136 2988 286 3040 simus
314 2984 365 3052 (1
391 2985 526 3040 Tim.
557 3001 629 3047 γι,
672 2983 763 3051 8);
794 2981 896 3037 Et:
949 2982 1050 3046 Qui
1097 2979 1269 3035 volunt
1303 2979 1480 3032 divites
1519 2979 1629 3043 ﬁeri
1655 2979 1706 3029 in

139 3075 224 3128 hoc
244 3075 430 3129 mundo
458 3075 697 3128 incidunt
723 3076 774 3126 in
799 3073 1148 3132 tentationei»,
1161 3078 1209 3124 et
1231 3071 1466 3139 laqueum
1496 3067 1705 3127 diaboli,

136 3173 179 3216 et
202 3163 453 3218 desideria
484 3165 648 3216 multa
671 3172 718 3214 et
739 3162 975 3224 inutilia,
1005 3169 1056 3213 et
1100 3161 1300 3224 nociva,
1323 3173 1438 3227 quae
1476 3164 1709 3225 mergunt

1806 2005 1905 2056 ret,
1933 1996 2080 2063 Eligii
2108 2005 2282 2048 tamen
2306 2011 2426 2049 eum
2451 1995 2578 2049 fides
2593 2009 2860 2062 nunquam
2891 1995 3094 2058 fefellit,
3122 1996 3373 2063 quoniam

1805 2087 2066 2140 veraciter
2091 2087 2225 2138 dicit
2249 2087 2519 2153 Scriptum
2549 2105 2560 2138 :
2594 2086 2726 2149 Quia
2753 2086 2969 2138 hilarent
2996 2085 3225 2138 datorem
3255 2085 3376 2137 dili-

1804 2179 1877 2246 git
1905 2175 2039 2228 Deus
2072 2173 2156 2234 (11
2182 2173 2300 2228 Cor.
2330 2189 2401 2236 ut,
2425 2175 2497 2241 7).
2535 2175 2602 2227 Et
2623 2176 2727 2228 hoc
2755 2189 2885 2228 sane
2909 2189 3014 2227 non
3045 2172 3373 2235 transitoria,

1805 2274 1895 2316 aut
1915 2264 1978 2316 ad
2010 2271 2334 2317 momentum
2355 2263 2494 2324 fecit,
2518 2261 2610 2316 sed
2630 2263 2776 2316 omni
2805 2276 2940 2330 pene
2963 2263 3082 2316 vitze
3109 2271 3373 2326 sumtem-

1806 2371 1935 2424 pore
1966 2354 2015 2406 id
2037 2367 2236 2419 agens,
2270 2354 2372 2406 tale
2419 2351 2601 2406 Galliae
2645 2352 2949 2420 exemplum
2994 2351 3228 2420 reliquit.
3276 2352 3380 2408 Sed

1807 2445 1932 2498 dum
1962 2442 2064 2496 vidi
2096 2442 2387 2508 hominem,
2418 2457 2511 2495 cur
2543 2443 2705 2498 etiam
2736 2457 2843 2496 nou
2864 2449 2918 2496 et
2939 2441 3222 2496 formulam
3264 2443 3383 2511 ejus

1806 2534 2127 2603 depingam?

2415 2622 2640 2678 CAPUT
2683 2621 2792 2676 XII.

1808 2714 2095 2782 Descriptio
2122 2712 2322 2766 habitus
2358 2723 2405 2766 et
2429 2715 2609 2780 forma:
2638 2715 2751 2781 ejus
2776 2729 2792 2775 ,'
2816 2722 2865 2765 et
2877 2713 3075 2781 jugitas
3103 2713 3372 2765 orationis.

1876 2804 2005 2857 Erat
2033 2805 2172 2858 enim
2203 2809 2404 2856 statura
2436 2802 2702 2869 prolixus,
2735 2809 2790 2854 et
2830 2798 2969 2855 facie
3007 2799 3372 2859 rubicundus;

1808 2897 2027 2964 gerebat
2073 2893 2343 2949 ansariem
2401 2894 2686 2945 formosam
2713 2930 2730 2956 ,
2791 2897 2846 2944 et
2913 2890 3114 2943 crinem
3166 2904 3381 2959 quoque

1809 2985 2144 3044 circillatum.
2168 2996 2358 3037 manus
2386 2981 2616 3035 habebat
2666 2980 2916 3034 honestas
2943 2985 2996 3033 et
3015 2977 3208 3048 digitos
3260 2978 3379 3032 lon-

1808 3083 1933 3141 gos,
1989 3073 2297 3138 Angelicum
2343 3071 2575 3136 vultum,
2619 3069 2916 3137 simplicem
2968 3076 3024 3122 et
3060 3068 3376 3137 prudentem

1809 3163 1981 3216 visum
2007 3179 2020 3214 :
2049 3162 2297 3214 utebatur
2325 3159 2536 3229 quidem
2568 3159 2619 3212 in
2648 3157 2941 3226 primordio
2970 3172 3102 3212 auro
3144 3167 3197 3212 et
3224 3171 3373 3226 gem-

138 3255 380 3308 frominem
409 3255 464 3306 in
508 3254 774 3305 interitum
801 3261 850 3304 et
885 3250 1222 3316 perditionem
1252 3246 1436 3318 (fbid.,
1461 3246 1538 3314 9).
1573 3244 1702 3297 Nam
1732 3248 1776 3309 C
1805 3254 1904 3308 mis
1934 3255 1986 3308 ξη
2017 3253 2222 3318 habitu,
2250 3252 2479 3306 habebat
2505 3265 2719 3320 quoque
2741 3263 2903 3305 zonas
2929 3263 2993 3302 ex
3023 3264 3154 3304 auro
3171 3258 3224 3303 et
3241 3263 3385 3319 gem.

136 3357 250 3396 cum
275 3341 601 3410 vespertinis
629 3341 776 3394 horis
823 3352 961 3409 saepe
1010 3347 1129 3408 post
1177 3337 1429 3401 biduum,
1472 3349 1709 3389 nonnuno

136 3445 289 3499 quam
310 3445 443 3486 vero
473 3439 600 3499 post
625 3429 879 3492 triduum,
913 3437 1157 3498 paratum
1190 3426 1472 3481 accederet
1496 3438 1711 3479 sumere

137 3520 325 3585 cibum,
357 3519 650 3576 destinatis
679 3520 732 3574 in
759 3519 968 3572 diversa
992 3517 1222 3582 famulis,
1247 3530 1436 3570 omnes
1465 3529 1598 3584 quos
1626 3515 1710 3568 in-'-

137 3609 317 3664 venire
340 3595 650 3678 potuissent
678 3621 898 3678 egenos,
930 3614 987 3661 et
1007 3606 1340 3674 peregrinos,
1375 3619 1471 3658 seu
1499 3601 1710 3657 mendi-

137 3716 246 3770 cos,
272 3717 334 3756 ac
359 3691 670 3768 languidos,
701 3700 915 3754 sibimet
939 3723 948 3730 ι
968 3697 1035 3752 ad
1056 3697 1159 3753 luci
1189 3696 1533 3766 praecipiebat
1558 3713 1571 3749 :
1613 3697 1716 3750 hoc

139 3794 294 3846 etiam
319 3790 535 3848 cunctis
565 3790 754 3845 diebus
780 3789 1041 3859 (exceptis
1070 3787 1154 3841 bis
1177 3786 1369 3856 quibus
1392 3795 1447 3841 et
1465 3786 1580 3855 ipse
1628 3800 1716 3839 re-

141 3880 436 3950 ficiebatur)
481 3879 743 3942 faciebat;
779 3893 904 3933 raro
951 3878 1095 3932 enim
1124 3887 1218 3930 aut
1243 3884 1393 3932 certe
1443 3889 1714 3944 nunquam

139 3971 486 4039 contingebat
518 3979 578 4023 ut
605 3985 727 4023 eum
757 3982 824 4023 eo
876 3981 1140 4036 pauperes
1193 3967 1412 4019 minime
1467 3954 1718 4018 conviva-

140 4070 352 4125 rentur,
383 4060 586 4128 quibus
613 4057 860 4112 adductis
879 4057 994 4125 ipse
1022 4055 1242 4125 proprie
1291 4055 1608 4108 famulorum
1637 4053 1718 4105 in-

139 4151 426 4220 tercipiens
450 4147 689 4205 oflicium
718 4190 735 4214 ,
786 4161 974 4202 eorum
1017 4147 1427 4201 necessitatibus
1475 4143 1721 4199 alacriter

142 4241 292 4296 valde
318 4241 652 4294 inserviebat
676 4279 692 4304 ,
743 4237 980 4292 avellens
1008 4237 1074 4290 ab
1108 4237 1344 4291 humeris
1398 4235 1659 4297 sarcinas,
1696 4239 1723 4266 ⁸

141 4332 351 4386 detersa
381 4329 697 4385 mantibulis
718 4328 977 4397 levigans.
999 4342 1188 4396 aquam
1207 4325 1449 4380 manibus
1475 4323 1721 4388 fundens,

145 4434 461 4488 merumque
488 4419 695 4488 scypho
736 4416 1042 4482 refundens,
1074 4417 1187 4485 ipse
1216 4417 1398 4469 bibere
1427 4415 1723 4482 porrigens,

145 4512 441 4568 buccellam
488 4509 604 4580 ipse
635 4509 896 4577 praebens.
926 4521 1112 4560 omnes
1145 4514 1413 4574 postremo
1441 4505 1493 4558 in
1540 4504 1727 4558 ordine

1811 3350 1910 3400 mis
1931 3353 2193 3413 comptas,
2216 3356 2422 3398 necnon
2451 3351 2505 3396 et
2533 3342 2724 3395 bursas
2766 3341 3039 3409 eleganter
3066 3349 3384 3408 gemmatas;

1811 3435 1979 3488 lineas
2007 3445 2134 3486 vero
2165 3432 2381 3485 metallo
2421 3431 2606 3484 rutilas
2628 3470 2643 3495 ,
2696 3443 2928 3497 orasque
2953 3443 3224 3483 sarearum
3255 3444 3386 3483 auro

1811 3533 2050 3591 Opertae,
2082 3533 2270 3577 cuncta
2325 3521 2539 3590 quidem
2588 3520 2907 3575 vestimenta
2961 3520 3384 3591 pretiosissima,

1815 3613 2069 3668 nonnulla
2123 3614 2284 3668 etiam
2353 3612 2690 3676 boloserica;
2748 3611 2840 3665 sed
2887 3611 2970 3666 bis
3022 3611 3270 3667 omnibus
3319 3615 3386 3664 ad

1815 3706 2230 3760 ostentationem
2263 3703 2563 3771 fugiendam
2590 3703 2762 3771 primo
2790 3711 3033 3770 tempore
3062 3705 3310 3757 utebatur
3338 3705 3391 3756 in

1819 3796 2011 3864 palam,
2046 3795 2367 3847 intrinsecus
2397 3807 2524 3846 vero
2547 3793 2613 3845 ad
2644 3807 2860 3846 carnem
2890 3779 3120 3846 cilicium
3150 3794 3396 3859 gestabat

1817 3901 1882 3941 ex
1914 3884 2331 3949 consuetudine;
2363 3892 2549 3953 postea
2573 3897 2724 3950 vero,
2756 3897 2875 3937 cum
2902 3882 2970 3936 ad
3016 3881 3176 3935 altius
3220 3885 3398 3951 profe-

1818 3977 1929 4042 cit,
1980 3985 2174 4031 cuncta
2224 3984 2536 4029 ornamenta
2576 3974 2629 4027 in
2672 3974 2940 4042 egentium
2993 3974 3399 4028 necessitatibus

1821 4065 2167 4133 consumpsit.
2194 4063 2415 4118 Videres
2439 4063 2749 4131 plerumque
2777 4064 2853 4116 ire
2883 4063 3116 4116 funiculo
3139 4065 3393 4127 cinctum,

1821 4155 2013 4209 vilibus
2040 4154 2278 4208 vestibus
2303 4161 2536 4217 tectum,
2588 4167 2747 4220 quem
2790 4151 3010 4204 videbas
3059 4151 3258 4204 dudum
3305 4168 3394 4204 ra-

1823 4246 2018 4301 diantis
2043 4244 2156 4299 auri
2182 4252 2236 4299 et
2255 4258 2587 4312 gemmarum
2617 4244 2758 4295 mole
2811 4249 3095 4310 opertum;
3155 4257 3401 4295 nonnun-

1826 4351 1984 4405 quam
2017 4350 2143 4389 vero
2173 4349 2293 4388 cum
2325 4330 2528 4386 videret
2556 4346 2677 4384 eum
2706 4345 2798 4385 rex
2812 4330 2881 4385 ob
2899 4329 3239 4385 devotionem
3258 4345 3404 4383 amo-

1828 4440 2049 4495 remque
2073 4423 2268 4477 Cbristi
2302 4421 2680 4488 exspoliatum,
2713 4421 3005 4490 surripiens
3052 4421 3152 4473 sibi
3178 4421 3276 4490 ipsi
3303 4420 3399 4473 da-

1831 4517 1921 4569 bat
1942 4516 1989 4570 ei
2021 4515 2292 4584 prolirium
2323 4522 2376 4565 et
2403 4513 2766 4566 indumentum
2790 4519 2843 4564 et
2860 4508 3128 4578 cingulum
3151 4526 3166 4576 ;
3192 4509 3399 4580 dicebat

146 4605 341 4661 ﬁdem
371 4615 575 4656 mensa?
607 4599 958 4663 discumbere.
986 4598 1098 4668 i950
1124 4612 1317 4668 Panem
1347 4596 1618 4664 frangens,
1643 4597 1722 4649 εί·
1753 4603 1803 4661 D
1831 4607 1972 4660 enim
2003 4620 2106 4660 non
2134 4619 2252 4658 esse
2273 4603 2486 4669 dignum
2517 4605 2615 4656 hos
2637 4601 2726 4668 qui
2762 4599 2960 4654 saeculo
2985 4598 3278 4651 militarent
3320 4597 3403 4649 in-

147 4693 268 4748 bum
294 4693 601 4760 iisdemque
639 4688 903 4752 inferens;
937 4697 1204 4758 postremo
1245 4686 1326 4757 his
1355 4689 1586 4755 peractis
1611 4698 1730 4739 orn-

149 4783 293 4836 uium
315 4781 464 4834 fame
493 4759 718 4841 refecta,
746 4780 824 4832 sic
866 4778 979 4846 ipse
1007 4786 1098 4832 aut
1119 4787 1244 4831 ante
1272 4792 1366 4831 eos
1411 4771 1585 4839 stans,
1644 4759 1758 4828 aut‘

149 4879 296 4924 certe
322 4871 393 4924 ad
420 4884 593 4923 cornu
623 4867 896 4924 cartibula:
920 4868 1010 4921 vili
1039 4868 1223 4922 sellula
1241 4878 1417 4932 utens,
1441 4867 1593 4944 valde
1618 4867 1730 4920 exi.

148 4975 334 5027 gnum,
358 4968 529 5028 atque
559 4975 624 5014 ex
651 4958 1045 5014 comedentium
1091 4959 1334 5012 sumebat
1365 4957 1623 5024 fragmine
1662 4957 1737 5008 ci-

149 5053 316 5117 bum;
348 5052 674 5122 plerumque
703 5052 842 5105 enim
871 5051 1052 5120 egenis
1071 5051 1137 5106 ad
1166 5065 1403 5105 mensam
1431 5049 1584 5118 juxta
1621 5065 1736 5102 mo-

149 5158 266 5198 rem
287 5141 527 5204 vocatis,
557 5141 678 5195 cdm
710 5151 764 5196 et
807 5141 902 5211 ipsi
931 5149 1073 5196 esset
1116 5155 1351 5208 congrua
1403 5141 1533 5195 hora
1553 5139 1739 5193 Cibum

153 5247 392 5298 sumere,
419 5245 608 5286 mensa
635 5231 797 5283 allata
846 5244 1056 5283 necnon
1107 5229 1402 5298 composita
1429 5269 1446 5294 ,
1499 5225 1743 5281 manibus

151 5321 318 5376 etiam
355 5320 508 5386 lotis,
535 5334 603 5372 ne
626 5333 761 5372 unus
787 5317 1003 5388 quidem
1024 5319 1411 5391 supereratqui
1439 5317 1580 5370 illico
1603 5317 1740 5370 iuvi-

157 5409 285 5464 tatis
305 5409 514 5480 apponi
535 5407 803 5462 debuisset
833 5408 1003 5477 panis,
1035 5409 1300 5470 omnibus,
1334 5416 1393 5460 ut
1422 5420 1564 5475 saepe
1611 5423 1744 5462 cun-

156 5499 430 5568 tingebat,
461 5498 650 5551 eadem
679 5498 763 5551 die
783 5513 952 5568 usque
982 5498 1048 5552 ad
1078 5497 1297 5564 victum,
1326 5506 1417 5549 aut
1441 5495 1492 5549 in
1522 5496 1749 5551 eleemo-

158 5606 328 5663 synas
351 5589 612 5656 redactis,
639 5599 731 5644 aut
757 5591 810 5645 in
841 5592 1012 5661 pretia
1063 5591 1395 5661 captivorum
1421 5590 1746 5658 absumptis;

233 5748 262 5777 ⁸
309 5738 550 5794 Deterret.
599 5739 856 5794 Acberius
902 5740 1120 5809 coniicit
1149 5739 1303 5793 dorsa
1334 5737 1630 5793 mantilibus
1679 5739 1752 5793 le-

165 5813 339 5880 rians,
369 5811 650 5880 Quodnon
678 5810 940 5880 displicet.

242 5880 270 5918 δ
308 5878 622 5935 lnaarntos.
660 5878 1059 5935 Sic’emendavi
1102 5893 1172 5935 ex
1226 5879 1569 5950 conjectura,
1620 5893 1746 5934 nam

504 5974 750 6036 Parnm.
814 5973 1192 6034 LXXXV“.

1830 4696 2022 4751 cedere
2049 4693 2076 4731 δ
2111 4695 2403 4756 inauratos,
2429 4699 2482 4746 et
2511 4691 2610 4745 hos
2638 4689 2730 4758 qui
2759 4691 2828 4743 ob
2874 4687 3147 4742 Christum
3207 4693 3407 4738 cuncta

1832 4787 1931 4842 sibi
1977 4782 2248 4837 auferrent
2271 4796 2390 4836 esse
2419 4765 2696 4846 iuglorids.

1904 4874 2154 4941 Idemque
2174 4871 2316 4941 apud
2343 4883 2517 4934 regem
2544 4869 2789 4922 habitans
2819 4864 3047 4919 habebat
3073 4863 3406 4918 mansionem

1837 4963 2044 5017 assidue
2071 4960 2404 5029 subjunctam
2427 4972 2542 5012 cum
2560 4957 2776 5010 Dadone
2797 4972 2812 5018 ;
2837 4955 2976 5009 sicut
2996 4955 3137 5008 enim
3169 4954 3406 5006 animam

1837 5066 2009 5114 suam,
2043 5050 2113 5102 ita
2138 5047 2388 5115 diligebat
2410 5046 2577 5102 illum.
2608 5045 2677 5100 de
2720 5044 2871 5112 cujus
2897 5043 3112 5112 quidem
3151 5042 3413 5110 exemplis

1840 5141 2004 5194 multa
2031 5139 2373 5207 sumpsimus,
2403 5150 2521 5203 quae
2569 5148 2669 5189 nec
2695 5148 2725 5186 a
2779 5133 2938 5202 longe
2966 5133 3147 5201 utique
3189 5147 3412 5189 narrare

1841 5230 2149 5285 suffit-imus.
2179 5228 2421 5281 Habebat
2475 5227 2654 5294 itaque
2707 5224 2759 5278 in
2811 5225 3054 5280 cubiculo
3093 5237 3191 5278 suo
3245 5223 3410 5278 multa

1843 5327 2147 5376 sanctorum
2174 5317 2526 5386 dependentia
2556 5317 2798 5386 pignora,
2829 5331 3034 5371 necnon
3065 5323 3122 5370 et
3149 5330 3331 5370 sacros
3353 5314 3414 5366 li-

1845 5413 1970 5466 bros
1983 5411 2033 5463 in
2050 5424 2179 5480 gyro
2197 5425 2291 5479 per
2308 5424 2461 5462 axem
2481 5407 2756 5477 plurimos,
2771 5423 2907 5475 quos
2927 5415 3048 5477 post
3061 5405 3414 5476 psalmodiam

1847 5511 1902 5556 et
1914 5501 2206 5554 orationem
2225 5499 2525 5563 revolvens,
2541 5506 2596 5552 et
2613 5496 2762 5566 quasi
2781 5497 2894 5565 apis
2906 5493 3315 5567 prudentissima
3332 5492 3414 5545 di-

1850 5606 2030 5645 versos
2059 5606 2124 5644 ex
2155 5589 2376 5644 diversis
2405 5587 2562 5642 flores
2588 5587 2789 5656 legens,
2821 5588 2873 5641 in
2898 5584 3187 5640 alvearium
3211 5581 3291 5637 sui
3317 5597 3414 5651 pe-

1851 5735 2047 5788 editum
2080 5743 2193 5787 erat
2217 5734 2509 5796 inornatos,
2546 5743 2599 5785 et
2630 5732 2886 5787 Aeherius
2908 5768 2922 5790 .
2975 5728 3061 5783 cui
3092 5727 3205 5782 ha-c
3257 5726 3424 5780 lectio‘

1851 5805 2166 5874 displicebat
2194 5819 2297 5855 non
2349 5804 2614 5858 immerito
2643 5843 2656 5867 ,
2709 5800 2986 5855 addiderat
3016 5802 3067 5854 in
3097 5813 3192 5854 ora
3247 5795 3372 5851 libri
3396 5803 3417 5846 ἡ

1854 5875 1947 5930 F0;
1963 5885 2031 5941 te,
2064 5881 2290 5930 ornatos.

2922 5959 3001 6019 16
