  <div class='ocr_page' id='page_1' title='image "/cluster/home/n/w/nwhite01/storage/ocr_20150623/87-88/uva.x000827073/253.png"; bbox 0 0 3912 6378; ppageno 0'>
   <div class='ocr_carea' id='block_1_1' title="bbox 527 424 626 479">
    <p class='ocr_par' dir='ltr' id='par_1_1' title="bbox 527 424 626 479">
     <span class='ocr_line' id='line_1_1' title="bbox 527 424 626 479; baseline 0.04 -4"><span class='ocrx_word' id='word_1_1' title='bbox 527 424 626 479; x_wconf 56' lang='grc' dir='ltr'><strong>ἐπὶ</strong></span> 
     </span>
    </p>
   </div>
   <div class='ocr_carea' id='block_1_2' title="bbox 1723 421 2580 483">
    <p class='ocr_par' dir='ltr' id='par_1_2' title="bbox 1723 421 2580 483">
     <span class='ocr_line' id='line_1_2' title="bbox 1723 421 2580 483; baseline 0.005 -6"><span class='ocrx_word' id='word_1_2' title='bbox 1723 422 1782 478; x_wconf 92' lang='lat' dir='ltr'><strong>S.</strong></span> <span class='ocrx_word' id='word_1_3' title='bbox 1823 421 2023 478; x_wconf 82' lang='lat' dir='ltr'><strong>ELlGll</strong></span> <span class='ocrx_word' id='word_1_4' title='bbox 2057 424 2333 482; x_wconf 71' lang='lat' dir='ltr'><strong>NOVKJM.</strong></span> <span class='ocrx_word' id='word_1_5' title='bbox 2376 426 2580 483; x_wconf 79' lang='lat' dir='ltr'><strong>EPISC.</strong></span> 
     </span>
    </p>
   </div>
   <div class='ocr_carea' id='block_1_3' title="bbox 3660 429 3745 486">
    <p class='ocr_par' dir='ltr' id='par_1_3' title="bbox 3660 429 3745 486">
     <span class='ocr_line' id='line_1_3' title="bbox 3660 429 3745 486; baseline -0.012 0"><span class='ocrx_word' id='word_1_6' title='bbox 3660 429 3745 486; x_wconf 63' lang='grc' dir='ltr'><strong>υἱ</strong></span> 
     </span>
    </p>
   </div>
   <div class='ocr_carea' id='block_1_4' title="bbox 520 531 3744 611">
    <p class='ocr_par' dir='ltr' id='par_1_4' title="bbox 520 531 3744 611">
     <span class='ocr_line' id='line_1_4' title="bbox 520 531 3744 611; baseline 0.004 -24"><span class='ocrx_word' id='word_1_7' title='bbox 520 533 689 597; x_wconf 82' lang='lat' dir='ltr'><strong>cteris</strong></span> <span class='ocrx_word' id='word_1_8' title='bbox 710 533 909 603; x_wconf 83' lang='lat' dir='ltr'><strong>optima</strong></span> <span class='ocrx_word' id='word_1_9' title='bbox 936 547 1160 605; x_wconf 62' lang='lat' dir='ltr'><strong>qumque</strong></span> <span class='ocrx_word' id='word_1_10' title='bbox 1187 533 1526 591; x_wconf 83' lang='lat' dir='ltr'><strong>recondebat.</strong></span> <span class='ocrx_word' id='word_1_11' title='bbox 1560 531 1747 588; x_wconf 82' lang='lat' dir='ltr'><strong>Eratei</strong></span> <span class='ocrx_word' id='word_1_12' title='bbox 1774 536 2104 589; x_wconf 73' lang='lat' dir='ltr'><strong>consuetudo</strong></span> <span class='ocrx_word' id='word_1_13' title='bbox 2133 541 2180 598; x_wconf 77' lang='grc' dir='ltr'>Α</span> <span class='ocrx_word' id='word_1_14' title='bbox 2205 545 2433 604; x_wconf 87' lang='lat' dir='ltr'><strong>quantas</strong></span> <span class='ocrx_word' id='word_1_15' title='bbox 2459 538 2515 590; x_wconf 82' lang='lat' dir='ltr'><strong>in</strong></span> <span class='ocrx_word' id='word_1_16' title='bbox 2541 537 2733 592; x_wconf 88' lang='lat' dir='ltr'><strong>eodem</strong></span> <span class='ocrx_word' id='word_1_17' title='bbox 2786 537 2977 605; x_wconf 79' lang='lat' dir='ltr'><strong>itinere</strong></span> <span class='ocrx_word' id='word_1_18' title='bbox 3003 538 3379 611; x_wconf 75' lang='lat' dir='ltr'><strong>eleemosynrs</strong></span> <span class='ocrx_word' id='word_1_19' title='bbox 3406 537 3602 611; x_wconf 61' lang='lat' dir='ltr'><strong>Eligis</strong></span> <span class='ocrx_word' id='word_1_20' title='bbox 3625 542 3744 599; x_wconf 73' lang='lat' dir='ltr'><strong>iece-</strong></span> 
     </span>
    </p>
   </div>
   <div class='ocr_carea' id='block_1_5' title="bbox 526 625 2093 695">
    <p class='ocr_par' dir='ltr' id='par_1_5' title="bbox 526 625 2093 695">
     <span class='ocr_line' id='line_1_5' title="bbox 526 625 2093 695; baseline 0 -16"><span class='ocrx_word' id='word_1_21' title='bbox 526 626 580 680; x_wconf 90' lang='lat' dir='ltr'><strong>in</strong></span> <span class='ocrx_word' id='word_1_22' title='bbox 609 625 850 681; x_wconf 84' lang='lat' dir='ltr'><strong>noctibus</strong></span> <span class='ocrx_word' id='word_1_23' title='bbox 864 627 1092 682; x_wconf 92' lang='lat' dir='ltr'><strong>cilicium</strong></span> <span class='ocrx_word' id='word_1_24' title='bbox 1114 636 1240 681; x_wconf 83' lang='lat' dir='ltr'><strong>ante</strong></span> <span class='ocrx_word' id='word_1_25' title='bbox 1262 626 1511 681; x_wconf 76' lang='lat' dir='ltr'><strong>lectulum</strong></span> <span class='ocrx_word' id='word_1_26' title='bbox 1533 634 1795 689; x_wconf 86' lang='lat' dir='ltr'><strong>sternere,</strong></span> <span class='ocrx_word' id='word_1_27' title='bbox 1817 640 1985 695; x_wconf 81' lang='lat' dir='ltr'><strong>seque</strong></span> <span class='ocrx_word' id='word_1_28' title='bbox 2000 634 2093 679; x_wconf 90' lang='lat' dir='ltr'><strong>aut</strong></span> 
     </span>
    </p>
   </div>
   <div class='ocr_carea' id='block_1_6' title="bbox 520 703 2093 786">
    <p class='ocr_par' dir='ltr' id='par_1_6' title="bbox 520 703 2093 786">
     <span class='ocr_line' id='line_1_6' title="bbox 520 703 2093 786; baseline 0 -17"><span class='ocrx_word' id='word_1_29' title='bbox 520 734 553 769; x_wconf 86' lang='lat' dir='ltr'><strong>a</strong></span> <span class='ocrx_word' id='word_1_30' title='bbox 578 719 749 786; x_wconf 85' lang='lat' dir='ltr'><strong>primo</strong></span> <span class='ocrx_word' id='word_1_31' title='bbox 769 719 1107 785; x_wconf 81' lang='lat' dir='ltr'><strong>crepusculo,</strong></span> <span class='ocrx_word' id='word_1_32' title='bbox 1130 728 1222 770; x_wconf 84' lang='lat' dir='ltr'><strong>aut</strong></span> <span class='ocrx_word' id='word_1_33' title='bbox 1260 726 1384 786; x_wconf 90' lang='lat' dir='ltr'><strong>post</strong></span> <span class='ocrx_word' id='word_1_34' title='bbox 1411 703 1689 785; x_wconf 27' lang='lat' dir='ltr'><strong>paululum.</strong></span> <span class='ocrx_word' id='word_1_35' title='bbox 1724 716 1918 783; x_wconf 77' lang='lat' dir='ltr'><strong>quietis</strong></span> <span class='ocrx_word' id='word_1_36' title='bbox 1943 715 2093 775; x_wconf 86' lang='lat' dir='ltr'><strong>citis-</strong></span> 
     </span>
    </p>
   </div>
   <div class='ocr_carea' id='block_1_7' title="bbox 520 804 2095 875">
    <p class='ocr_par' dir='ltr' id='par_1_7' title="bbox 520 804 2095 875">
     <span class='ocr_line' id='line_1_7' title="bbox 520 804 2095 875; baseline -0.002 -14"><span class='ocrx_word' id='word_1_37' title='bbox 520 809 657 861; x_wconf 81' lang='lat' dir='ltr'><strong>sime</strong></span> <span class='ocrx_word' id='word_1_38' title='bbox 686 806 880 861; x_wconf 86' lang='lat' dir='ltr'><strong>lectulo</strong></span> <span class='ocrx_word' id='word_1_39' title='bbox 910 806 1208 869; x_wconf 73' lang='lat' dir='ltr'><strong>excutiens,</strong></span> <span class='ocrx_word' id='word_1_40' title='bbox 1235 820 1397 875; x_wconf 81' lang='lat' dir='ltr'><strong>super</strong></span> <span class='ocrx_word' id='word_1_41' title='bbox 1425 805 1554 859; x_wconf 92' lang='lat' dir='ltr'><strong>illud</strong></span> <span class='ocrx_word' id='word_1_42' title='bbox 1604 804 1873 861; x_wconf 87' lang='lat' dir='ltr'><strong>submisso</strong></span> <span class='ocrx_word' id='word_1_43' title='bbox 1918 804 2095 866; x_wconf 82' lang='lat' dir='ltr'><strong>capite</strong></span> 
     </span>
    </p>
   </div>
   <div class='ocr_carea' id='block_1_8' title="bbox 522 896 2091 965">
    <p class='ocr_par' dir='ltr' id='par_1_8' title="bbox 522 896 2091 965">
     <span class='ocr_line' id='line_1_8' title="bbox 522 896 2091 965; baseline -0.001 -16"><span class='ocrx_word' id='word_1_44' title='bbox 522 905 842 965; x_wconf 87' lang='lat' dir='ltr'><strong>prostratum</strong></span> <span class='ocrx_word' id='word_1_45' title='bbox 872 910 1048 961; x_wconf 87' lang='lat' dir='ltr'><strong>orare,</strong></span> <span class='ocrx_word' id='word_1_46' title='bbox 1082 896 1267 965; x_wconf 80' lang='lat' dir='ltr'><strong>sicque</strong></span> <span class='ocrx_word' id='word_1_47' title='bbox 1298 896 1612 965; x_wconf 88' lang='lat' dir='ltr'><strong>plerumque</strong></span> <span class='ocrx_word' id='word_1_48' title='bbox 1658 900 1872 947; x_wconf 91' lang='lat' dir='ltr'><strong>noctem</strong></span> <span class='ocrx_word' id='word_1_49' title='bbox 1924 901 2091 947; x_wconf 83' lang='lat' dir='ltr'><strong>totam</strong></span> 
     </span>
    </p>
   </div>
   <div class='ocr_carea' id='block_1_9' title="bbox 510 979 2093 1052">
    <p class='ocr_par' dir='ltr' id='par_1_9' title="bbox 510 979 2093 1052">
     <span class='ocr_line' id='line_1_9' title="bbox 510 979 2093 1052; baseline -0.002 -13"><span class='ocrx_word' id='word_1_50' title='bbox 510 986 760 1040; x_wconf 73' lang='lat' dir='ltr'><strong>excubiis</strong></span> <span class='ocrx_word' id='word_1_51' title='bbox 798 984 1092 1039; x_wconf 90' lang='lat' dir='ltr'><strong>insistendo</strong></span> <span class='ocrx_word' id='word_1_52' title='bbox 1125 999 1245 1038; x_wconf 91' lang='lat' dir='ltr'><strong>cum</strong></span> <span class='ocrx_word' id='word_1_53' title='bbox 1297 982 1544 1052; x_wconf 83' lang='lat' dir='ltr'><strong>lacrymis</strong></span> <span class='ocrx_word' id='word_1_54' title='bbox 1590 980 1819 1043; x_wconf 87' lang='lat' dir='ltr'><strong>ducere.</strong></span> <span class='ocrx_word' id='word_1_55' title='bbox 1877 979 2093 1047; x_wconf 75' lang='lat' dir='ltr'><strong>grandis</strong></span> 
     </span>
    </p>
   </div>
   <div class='ocr_carea' id='block_1_10' title="bbox 516 1071 2089 1144">
    <p class='ocr_par' dir='ltr' id='par_1_10' title="bbox 516 1071 2089 1144">
     <span class='ocr_line' id='line_1_10' title="bbox 516 1071 2089 1144; baseline -0.003 -15"><span class='ocrx_word' id='word_1_56' title='bbox 516 1076 660 1129; x_wconf 86' lang='lat' dir='ltr'><strong>enim</strong></span> <span class='ocrx_word' id='word_1_57' title='bbox 687 1076 738 1130; x_wconf 89' lang='lat' dir='ltr'><strong>ei</strong></span> <span class='ocrx_word' id='word_1_58' title='bbox 767 1075 1019 1129; x_wconf 78' lang='lat' dir='ltr'><strong>attributa</strong></span> <span class='ocrx_word' id='word_1_59' title='bbox 1047 1083 1162 1129; x_wconf 88' lang='lat' dir='ltr'><strong>erat</strong></span> <span class='ocrx_word' id='word_1_60' title='bbox 1200 1074 1372 1144; x_wconf 87' lang='lat' dir='ltr'><strong>gratia</strong></span> <span class='ocrx_word' id='word_1_61' title='bbox 1419 1072 1803 1143; x_wconf 82' lang='lat' dir='ltr'><strong>lacrymarum;</strong></span> <span class='ocrx_word' id='word_1_62' title='bbox 1850 1086 1970 1125; x_wconf 88' lang='lat' dir='ltr'><strong>nam</strong></span> <span class='ocrx_word' id='word_1_63' title='bbox 2010 1071 2089 1125; x_wconf 87' lang='lat' dir='ltr'><strong>di-</strong></span> 
     </span>
    </p>
   </div>
   <div class='ocr_carea' id='block_1_11' title="bbox 492 1162 2091 1233">
    <p class='ocr_par' dir='ltr' id='par_1_11' title="bbox 492 1162 2091 1233">
     <span class='ocr_line' id='line_1_11' title="bbox 492 1162 2091 1233; baseline -0.003 -14"><span class='ocrx_word' id='word_1_64' title='bbox 492 1166 685 1219; x_wconf 60' lang='lat' dir='ltr'><strong>aersis</strong></span> <span class='ocrx_word' id='word_1_65' title='bbox 710 1164 899 1229; x_wconf 82' lang='lat' dir='ltr'><strong>modis,</strong></span> <span class='ocrx_word' id='word_1_66' title='bbox 931 1164 981 1217; x_wconf 89' lang='lat' dir='ltr'><strong>in</strong></span> <span class='ocrx_word' id='word_1_67' title='bbox 1001 1172 1257 1233; x_wconf 91' lang='lat' dir='ltr'><strong>quantum</strong></span> <span class='ocrx_word' id='word_1_68' title='bbox 1281 1163 1513 1217; x_wconf 86' lang='lat' dir='ltr'><strong>humana</strong></span> <span class='ocrx_word' id='word_1_69' title='bbox 1539 1162 1851 1231; x_wconf 80' lang='lat' dir='ltr'><strong>permittere</strong></span> <span class='ocrx_word' id='word_1_70' title='bbox 1878 1170 2091 1229; x_wconf 77' lang='lat' dir='ltr'><strong>poterat</strong></span> 
     </span>
    </p>
   </div>
   <div class='ocr_carea' id='block_1_12' title="bbox 519 1250 2087 1327">
    <p class='ocr_par' dir='ltr' id='par_1_12' title="bbox 519 1250 2087 1327">
     <span class='ocr_line' id='line_1_12' title="bbox 519 1250 2087 1327; baseline 0 -23"><span class='ocrx_word' id='word_1_71' title='bbox 519 1262 727 1318; x_wconf 88' lang='lat' dir='ltr'><strong>natura,</strong></span> <span class='ocrx_word' id='word_1_72' title='bbox 752 1252 948 1323; x_wconf 86' lang='lat' dir='ltr'><strong>jugiter</strong></span> <span class='ocrx_word' id='word_1_73' title='bbox 969 1254 1270 1318; x_wconf 81' lang='lat' dir='ltr'><strong>insistebat,</strong></span> <span class='ocrx_word' id='word_1_74' title='bbox 1296 1262 1355 1307; x_wconf 87' lang='lat' dir='ltr'><strong>ut</strong></span> <span class='ocrx_word' id='word_1_75' title='bbox 1375 1267 1535 1306; x_wconf 89' lang='lat' dir='ltr'><strong>omne</strong></span> <span class='ocrx_word' id='word_1_76' title='bbox 1574 1250 1744 1306; x_wconf 87' lang='lat' dir='ltr'><strong>noctis</strong></span> <span class='ocrx_word' id='word_1_77' title='bbox 1774 1251 2005 1327; x_wconf 82' lang='lat' dir='ltr'><strong>spatium</strong></span> <span class='ocrx_word' id='word_1_78' title='bbox 2035 1250 2087 1304; x_wconf 91' lang='lat' dir='ltr'><strong>in</strong></span> 
     </span>
    </p>
   </div>
   <div class='ocr_carea' id='block_1_13' title="bbox 515 1339 2087 1410">
    <p class='ocr_par' dir='ltr' id='par_1_13' title="bbox 515 1339 2087 1410">
     <span class='ocr_line' id='line_1_13' title="bbox 515 1339 2087 1410; baseline -0.003 -15"><span class='ocrx_word' id='word_1_79' title='bbox 515 1341 613 1395; x_wconf 88' lang='lat' dir='ltr'><strong>Dei</strong></span> <span class='ocrx_word' id='word_1_80' title='bbox 643 1352 984 1397; x_wconf 87' lang='lat' dir='ltr'><strong>consumeret</strong></span> <span class='ocrx_word' id='word_1_81' title='bbox 1008 1343 1321 1408; x_wconf 87' lang='lat' dir='ltr'><strong>servitium;</strong></span> <span class='ocrx_word' id='word_1_82' title='bbox 1344 1356 1465 1395; x_wconf 89' lang='lat' dir='ltr'><strong>cum</strong></span> <span class='ocrx_word' id='word_1_83' title='bbox 1494 1341 1633 1395; x_wconf 90' lang='lat' dir='ltr'><strong>enim</strong></span> <span class='ocrx_word' id='word_1_84' title='bbox 1659 1339 1867 1410; x_wconf 81' lang='lat' dir='ltr'><strong>prolixe</strong></span> <span class='ocrx_word' id='word_1_85' title='bbox 1887 1350 2087 1404; x_wconf 82' lang='lat' dir='ltr'><strong>oraret,</strong></span> 
     </span>
    </p>
   </div>
   <div class='ocr_carea' id='block_1_14' title="bbox 516 1429 2088 1501">
    <p class='ocr_par' dir='ltr' id='par_1_14' title="bbox 516 1429 2088 1501">
     <span class='ocr_line' id='line_1_14' title="bbox 516 1429 2088 1501; baseline -0.002 -17"><span class='ocrx_word' id='word_1_86' title='bbox 516 1447 615 1501; x_wconf 90' lang='lat' dir='ltr'><strong>pro</strong></span> <span class='ocrx_word' id='word_1_87' title='bbox 642 1434 870 1501; x_wconf 74' lang='lat' dir='ltr'><strong>Quodam</strong></span> <span class='ocrx_word' id='word_1_88' title='bbox 894 1432 1158 1488; x_wconf 91' lang='lat' dir='ltr'><strong>levamine</strong></span> <span class='ocrx_word' id='word_1_89' title='bbox 1198 1432 1555 1487; x_wconf 88' lang='lat' dir='ltr'><strong>intermittens</strong></span> <span class='ocrx_word' id='word_1_90' title='bbox 1599 1431 1896 1486; x_wconf 83' lang='lat' dir='ltr'><strong>orationem</strong></span> <span class='ocrx_word' id='word_1_91' title='bbox 1950 1429 2088 1497; x_wconf 88' lang='lat' dir='ltr'><strong>psal-</strong></span> 
     </span>
    </p>
   </div>
   <div class='ocr_carea' id='block_1_15' title="bbox 514 1518 2088 1590">
    <p class='ocr_par' dir='ltr' id='par_1_15' title="bbox 514 1518 2088 1590">
     <span class='ocr_line' id='line_1_15' title="bbox 514 1518 2088 1590; baseline -0.003 -14"><span class='ocrx_word' id='word_1_92' title='bbox 514 1538 631 1579; x_wconf 87' lang='lat' dir='ltr'><strong>mos</strong></span> <span class='ocrx_word' id='word_1_93' title='bbox 653 1524 970 1578; x_wconf 87' lang='lat' dir='ltr'><strong>concinebat</strong></span> <span class='ocrx_word' id='word_1_94' title='bbox 991 1539 1059 1578; x_wconf 78' lang='lat' dir='ltr'><strong>ex</strong></span> <span class='ocrx_word' id='word_1_95' title='bbox 1108 1523 1312 1588; x_wconf 87' lang='lat' dir='ltr'><strong>ordine,</strong></span> <span class='ocrx_word' id='word_1_96' title='bbox 1336 1523 1530 1590; x_wconf 82' lang='lat' dir='ltr'><strong>quibus</strong></span> <span class='ocrx_word' id='word_1_97' title='bbox 1555 1520 1714 1588; x_wconf 80' lang='lat' dir='ltr'><strong>longe</strong></span> <span class='ocrx_word' id='word_1_98' title='bbox 1736 1520 1963 1574; x_wconf 88' lang='lat' dir='ltr'><strong>cantatis</strong></span> <span class='ocrx_word' id='word_1_99' title='bbox 2018 1518 2088 1572; x_wconf 88' lang='lat' dir='ltr'><strong>ad</strong></span> 
     </span>
    </p>
   </div>
   <div class='ocr_carea' id='block_1_16' title="bbox 512 1606 2086 1677">
    <p class='ocr_par' dir='ltr' id='par_1_16' title="bbox 512 1606 2086 1677">
     <span class='ocr_line' id='line_1_16' title="bbox 512 1606 2086 1677; baseline -0.003 -13"><span class='ocrx_word' id='word_1_100' title='bbox 512 1610 796 1669; x_wconf 89' lang='lat' dir='ltr'><strong>lectionem</strong></span> <span class='ocrx_word' id='word_1_101' title='bbox 819 1610 963 1665; x_wconf 87' lang='lat' dir='ltr'><strong>illico</strong></span> <span class='ocrx_word' id='word_1_102' title='bbox 988 1610 1313 1675; x_wconf 81' lang='lat' dir='ltr'><strong>accedebat;</strong></span> <span class='ocrx_word' id='word_1_103' title='bbox 1344 1610 1576 1677; x_wconf 89' lang='lat' dir='ltr'><strong>dumque</strong></span> <span class='ocrx_word' id='word_1_104' title='bbox 1608 1621 1759 1662; x_wconf 86' lang='lat' dir='ltr'><strong>sacra</strong></span> <span class='ocrx_word' id='word_1_105' title='bbox 1782 1609 1939 1661; x_wconf 91' lang='lat' dir='ltr'><strong>verba</strong></span> <span class='ocrx_word' id='word_1_106' title='bbox 1968 1606 2086 1675; x_wconf 85' lang='lat' dir='ltr'><strong>per-</strong></span> 
     </span>
    </p>
   </div>
   <div class='ocr_carea' id='block_1_17' title="bbox 510 1695 2084 1767">
    <p class='ocr_par' dir='ltr' id='par_1_17' title="bbox 510 1695 2084 1767">
     <span class='ocr_line' id='line_1_17' title="bbox 510 1695 2084 1767; baseline -0.003 -15"><span class='ocrx_word' id='word_1_107' title='bbox 510 1710 771 1762; x_wconf 82' lang='lat' dir='ltr'><strong>curreret,</strong></span> <span class='ocrx_word' id='word_1_108' title='bbox 790 1699 998 1753; x_wconf 83' lang='lat' dir='ltr'><strong>videres</strong></span> <span class='ocrx_word' id='word_1_109' title='bbox 1023 1707 1245 1767; x_wconf 87' lang='lat' dir='ltr'><strong>repente</strong></span> <span class='ocrx_word' id='word_1_110' title='bbox 1262 1697 1571 1766; x_wconf 90' lang='lat' dir='ltr'><strong>suppliciter</strong></span> <span class='ocrx_word' id='word_1_111' title='bbox 1593 1696 1779 1751; x_wconf 89' lang='lat' dir='ltr'><strong>oculos</strong></span> <span class='ocrx_word' id='word_1_112' title='bbox 1807 1695 1873 1749; x_wconf 91' lang='lat' dir='ltr'><strong>ad</strong></span> <span class='ocrx_word' id='word_1_113' title='bbox 1893 1696 2084 1749; x_wconf 74' lang='lat' dir='ltr'><strong>cmlum</strong></span> 
     </span>
    </p>
   </div>
   <div class='ocr_carea' id='block_1_18' title="bbox 508 1783 2085 1861">
    <p class='ocr_par' dir='ltr' id='par_1_18' title="bbox 508 1783 2085 1861">
     <span class='ocr_line' id='line_1_18' title="bbox 508 1783 2085 1861; baseline -0.003 -22"><span class='ocrx_word' id='word_1_114' title='bbox 508 1786 710 1853; x_wconf 88' lang='lat' dir='ltr'><strong>levare,</strong></span> <span class='ocrx_word' id='word_1_115' title='bbox 737 1788 958 1855; x_wconf 79' lang='lat' dir='ltr'><strong>suspiria</strong></span> <span class='ocrx_word' id='word_1_116' title='bbox 988 1786 1229 1861; x_wconf 84' lang='lat' dir='ltr'><strong>suspiriis</strong></span> <span class='ocrx_word' id='word_1_117' title='bbox 1272 1786 1708 1854; x_wconf 80' lang='lat' dir='ltr'><strong>jungere,lletum</strong></span> <span class='ocrx_word' id='word_1_118' title='bbox 1741 1784 1957 1855; x_wconf 84' lang='lat' dir='ltr'><strong>lectioni</strong></span> <span class='ocrx_word' id='word_1_119' title='bbox 1986 1783 2085 1835; x_wconf 92' lang='lat' dir='ltr'><strong>mi-</strong></span> 
     </span>
    </p>
   </div>
   <div class='ocr_carea' id='block_1_19' title="bbox 2197 623 3745 699">
    <p class='ocr_par' dir='ltr' id='par_1_19' title="bbox 2197 623 3745 699">
     <span class='ocr_line' id='line_1_19' title="bbox 2197 623 3745 699; baseline 0.007 -23"><span class='ocrx_word' id='word_1_120' title='bbox 2197 623 2309 676; x_wconf 89' lang='lat' dir='ltr'><strong>rit?</strong></span> <span class='ocrx_word' id='word_1_121' title='bbox 2342 638 2464 676; x_wconf 88' lang='lat' dir='ltr'><strong>nam</strong></span> <span class='ocrx_word' id='word_1_122' title='bbox 2491 632 2684 692; x_wconf 68' lang='lat' dir='ltr'><strong>praeter</strong></span> <span class='ocrx_word' id='word_1_123' title='bbox 2708 639 2902 680; x_wconf 81' lang='lat' dir='ltr'><strong>aurum</strong></span> <span class='ocrx_word' id='word_1_124' title='bbox 2924 633 3249 696; x_wconf 63' lang='lat' dir='ltr'><strong>ceterasque</strong></span> <span class='ocrx_word' id='word_1_125' title='bbox 3270 643 3408 699; x_wconf 83' lang='lat' dir='ltr'><strong>opes</strong></span> <span class='ocrx_word' id='word_1_126' title='bbox 3439 644 3574 696; x_wconf 84' lang='lat' dir='ltr'><strong>quas</strong></span> <span class='ocrx_word' id='word_1_127' title='bbox 3598 632 3745 687; x_wconf 81' lang='lat' dir='ltr'><strong>distri-</strong></span> 
     </span>
    </p>
   </div>
   <div class='ocr_carea' id='block_1_20' title="bbox 2194 714 3745 788">
    <p class='ocr_par' dir='ltr' id='par_1_20' title="bbox 2194 714 3745 788">
     <span class='ocr_line' id='line_1_20' title="bbox 2194 714 3745 788; baseline 0.006 -20"><span class='ocrx_word' id='word_1_128' title='bbox 2194 714 2332 779; x_wconf 90' lang='lat' dir='ltr'><strong>buit,</strong></span> <span class='ocrx_word' id='word_1_129' title='bbox 2355 715 2515 769; x_wconf 88' lang='lat' dir='ltr'><strong>etiam</strong></span> <span class='ocrx_word' id='word_1_130' title='bbox 2571 730 2726 771; x_wconf 89' lang='lat' dir='ltr'><strong>suum</strong></span> <span class='ocrx_word' id='word_1_131' title='bbox 2780 717 3048 785; x_wconf 78' lang='lat' dir='ltr'><strong>cingulum</strong></span> <span class='ocrx_word' id='word_1_132' title='bbox 3100 733 3324 773; x_wconf 82' lang='lat' dir='ltr'><strong>aureum</strong></span> <span class='ocrx_word' id='word_1_133' title='bbox 3378 720 3745 788; x_wconf 65' lang='lat' dir='ltr'><strong>elegantissime</strong></span> 
     </span>
    </p>
   </div>
   <div class='ocr_carea' id='block_1_21' title="bbox 2195 792 3745 879">
    <p class='ocr_par' dir='ltr' id='par_1_21' title="bbox 2195 792 3745 879">
     <span class='ocr_line' id='line_1_21' title="bbox 2195 792 3745 879; baseline 0.007 -24"><span class='ocrx_word' id='word_1_134' title='bbox 2195 811 2433 871; x_wconf 88' lang='lat' dir='ltr'><strong>aptatum</strong></span> <span class='ocrx_word' id='word_1_135' title='bbox 2463 806 2788 873; x_wconf 80' lang='lat' dir='ltr'><strong>pauperibus</strong></span> <span class='ocrx_word' id='word_1_136' title='bbox 2815 820 2879 861; x_wconf 85' lang='lat' dir='ltr'><strong>ac</strong></span> <span class='ocrx_word' id='word_1_137' title='bbox 2906 792 3282 862; x_wconf 65' lang='lat' dir='ltr'><strong>necessitatem</strong></span> <span class='ocrx_word' id='word_1_138' title='bbox 3311 810 3636 879; x_wconf 62' lang='lat' dir='ltr'><strong>[sitientibus</strong></span> <span class='ocrx_word' id='word_1_139' title='bbox 3658 810 3745 867; x_wconf 66' lang='lat' dir='ltr'><strong>dis»</strong></span> 
     </span>
    </p>
   </div>
   <div class='ocr_carea' id='block_1_22' title="bbox 2192 890 3741 966">
    <p class='ocr_par' dir='ltr' id='par_1_22' title="bbox 2192 890 3741 966">
     <span class='ocr_line' id='line_1_22' title="bbox 2192 890 3741 966; baseline 0.006 -25"><span class='ocrx_word' id='word_1_140' title='bbox 2192 890 2378 956; x_wconf 90' lang='lat' dir='ltr'><strong>persit,</strong></span> <span class='ocrx_word' id='word_1_141' title='bbox 2410 898 2469 945; x_wconf 92' lang='lat' dir='ltr'><strong>ut</strong></span> <span class='ocrx_word' id='word_1_142' title='bbox 2498 899 2625 959; x_wconf 84' lang='lat' dir='ltr'><strong>apte</strong></span> <span class='ocrx_word' id='word_1_143' title='bbox 2652 893 2701 946; x_wconf 90' lang='lat' dir='ltr'><strong>ei</strong></span> <span class='ocrx_word' id='word_1_144' title='bbox 2751 892 3044 949; x_wconf 77' lang='lat' dir='ltr'><strong>Psalmista:</strong></span> <span class='ocrx_word' id='word_1_145' title='bbox 3068 910 3170 950; x_wconf 79' lang='lat' dir='ltr'><strong>vox</strong></span> <span class='ocrx_word' id='word_1_146' title='bbox 3200 905 3388 964; x_wconf 87' lang='lat' dir='ltr'><strong>posset</strong></span> <span class='ocrx_word' id='word_1_147' title='bbox 3434 912 3741 966; x_wconf 81' lang='lat' dir='ltr'><strong>congruere:</strong></span> 
     </span>
    </p>
   </div>
   <div class='ocr_carea' id='block_1_23' title="bbox 2192 979 3742 1057">
    <p class='ocr_par' dir='ltr' id='par_1_23' title="bbox 2192 979 3742 1057">
     <span class='ocr_line' id='line_1_23' title="bbox 2192 979 3742 1057; baseline 0.005 -22"><span class='ocrx_word' id='word_1_148' title='bbox 2192 979 2469 1049; x_wconf 79' lang='lat' dir='ltr'><strong>Dispersit,</strong></span> <span class='ocrx_word' id='word_1_149' title='bbox 2499 982 2639 1036; x_wconf 81' lang='lat' dir='ltr'><strong>dedit</strong></span> <span class='ocrx_word' id='word_1_150' title='bbox 2666 983 3006 1053; x_wconf 69' lang='lat' dir='ltr'><strong>pauperibus;</strong></span> <span class='ocrx_word' id='word_1_151' title='bbox 3025 985 3229 1056; x_wconf 77' lang='lat' dir='ltr'><strong>justitia</strong></span> <span class='ocrx_word' id='word_1_152' title='bbox 3249 988 3367 1057; x_wconf 79' lang='lat' dir='ltr'><strong>ejus</strong></span> <span class='ocrx_word' id='word_1_153' title='bbox 3398 991 3643 1042; x_wconf 68' lang='lat' dir='ltr'><strong>metis</strong></span> <span class='ocrx_word' id='word_1_154' title='bbox 3662 1005 3742 1043; x_wconf 66' lang='lat' dir='ltr'><strong>st-</strong></span> 
     </span>
    </p>
   </div>
   <div class='ocr_carea' id='block_1_24' title="bbox 2191 1070 3743 1146">
    <p class='ocr_par' dir='ltr' id='par_1_24' title="bbox 2191 1070 3743 1146">
     <span class='ocr_line' id='line_1_24' title="bbox 2191 1070 3743 1146; baseline 0.006 -24"><span class='ocrx_word' id='word_1_155' title='bbox 2191 1072 2359 1123; x_wconf 85' lang='lat' dir='ltr'><strong>culum</strong></span> <span class='ocrx_word' id='word_1_156' title='bbox 2388 1071 2560 1125; x_wconf 65' lang='lat' dir='ltr'><strong>siccati</strong></span> <span class='ocrx_word' id='word_1_157' title='bbox 2591 1070 2761 1141; x_wconf 80' lang='lat' dir='ltr'><strong>(Psat.</strong></span> <span class='ocrx_word' id='word_1_158' title='bbox 2788 1088 2867 1137; x_wconf 86' lang='grc' dir='ltr'><strong>ιιι,</strong></span> <span class='ocrx_word' id='word_1_159' title='bbox 2897 1072 2977 1133; x_wconf 82' lang='lat'><strong>8).</strong></span> <span class='ocrx_word' id='word_1_160' title='bbox 3018 1078 3243 1143; x_wconf 74' lang='lat' dir='ltr'><strong>Semper</strong></span> <span class='ocrx_word' id='word_1_161' title='bbox 3272 1077 3415 1130; x_wconf 87' lang='lat' dir='ltr'><strong>enim</strong></span> <span class='ocrx_word' id='word_1_162' title='bbox 3468 1078 3743 1146; x_wconf 81' lang='lat' dir='ltr'><strong>ubicunque</strong></span> 
     </span>
    </p>
   </div>
   <div class='ocr_carea' id='block_1_25' title="bbox 2192 1161 3740 1234">
    <p class='ocr_par' dir='ltr' id='par_1_25' title="bbox 2192 1161 3740 1234">
     <span class='ocr_line' id='line_1_25' title="bbox 2192 1161 3740 1234; baseline 0.005 -21"><span class='ocrx_word' id='word_1_163' title='bbox 2192 1170 2454 1228; x_wconf 76' lang='lat' dir='ltr'><strong>pergeret,</strong></span> <span class='ocrx_word' id='word_1_164' title='bbox 2476 1163 2793 1216; x_wconf 85' lang='lat' dir='ltr'><strong>sententiam</strong></span> <span class='ocrx_word' id='word_1_165' title='bbox 2822 1161 3067 1233; x_wconf 82' lang='lat' dir='ltr'><strong>Apostoli</strong></span> <span class='ocrx_word' id='word_1_166' title='bbox 3084 1164 3467 1234; x_wconf 77' lang='lat' dir='ltr'><strong>meditabatur,</strong></span> <span class='ocrx_word' id='word_1_167' title='bbox 3498 1168 3740 1224; x_wconf 83' lang='lat' dir='ltr'><strong>dicentis:</strong></span> 
     </span>
    </p>
   </div>
   <div class='ocr_carea' id='block_1_26' title="bbox 2193 1248 3743 1331">
    <p class='ocr_par' dir='ltr' id='par_1_26' title="bbox 2193 1248 3743 1331">
     <span class='ocr_line' id='line_1_26' title="bbox 2193 1248 3743 1331; baseline 0.008 -31"><span class='ocrx_word' id='word_1_168' title='bbox 2193 1248 2451 1303; x_wconf 73' lang='lat' dir='ltr'><strong>Habentes</strong></span> <span class='ocrx_word' id='word_1_169' title='bbox 2470 1251 2655 1305; x_wconf 76' lang='lat' dir='ltr'><strong>rictum</strong></span> <span class='ocrx_word' id='word_1_170' title='bbox 2681 1254 3001 1331; x_wconf 56' lang='lat' dir='ltr'><strong>etpeditum,</strong></span> <span class='ocrx_word' id='word_1_171' title='bbox 3027 1254 3104 1308; x_wconf 77' lang='lat' dir='ltr'><strong>his</strong></span> <span class='ocrx_word' id='word_1_172' title='bbox 3152 1259 3379 1310; x_wconf 75' lang='lat' dir='ltr'><strong>conterui</strong></span> <span class='ocrx_word' id='word_1_173' title='bbox 3418 1261 3614 1323; x_wconf 69' lang='lat' dir='ltr'><strong>sim;</strong></span> <span class='ocrx_word' id='word_1_174' title='bbox 3644 1276 3743 1311; x_wconf 65' lang='lat' dir='ltr'><strong>nam</strong></span> 
     </span>
    </p>
   </div>
   <div class='ocr_carea' id='block_1_27' title="bbox 2188 1340 3744 1408">
    <p class='ocr_par' dir='ltr' id='par_1_27' title="bbox 2188 1340 3744 1408">
     <span class='ocr_line' id='line_1_27' title="bbox 2188 1340 3744 1408; baseline 0.008 -18"><span class='ocrx_word' id='word_1_175' title='bbox 2188 1340 2271 1405; x_wconf 85' lang='lat' dir='ltr'><strong>qui</strong></span> <span class='ocrx_word' id='word_1_176' title='bbox 2288 1342 2465 1393; x_wconf 69' lang='lat' dir='ltr'><strong>uolunt</strong></span> <span class='ocrx_word' id='word_1_177' title='bbox 2494 1341 2676 1394; x_wconf 77' lang='lat' dir='ltr'><strong>divites</strong></span> <span class='ocrx_word' id='word_1_178' title='bbox 2717 1343 2830 1408; x_wconf 82' lang='lat' dir='ltr'><strong>ﬁeri</strong></span> <span class='ocrx_word' id='word_1_179' title='bbox 2848 1383 2863 1407; x_wconf 93' lang='lat'><strong>,</strong></span> <span class='ocrx_word' id='word_1_180' title='bbox 2904 1345 3141 1398; x_wconf 68' lang='lat' dir='ltr'><strong>insidunt</strong></span> <span class='ocrx_word' id='word_1_181' title='bbox 3178 1347 3231 1398; x_wconf 81' lang='lat' dir='ltr'><strong>in</strong></span> <span class='ocrx_word' id='word_1_182' title='bbox 3253 1349 3588 1403; x_wconf 66' lang='lat' dir='ltr'><strong>(irritationem</strong></span> <span class='ocrx_word' id='word_1_183' title='bbox 3610 1360 3655 1402; x_wconf 79' lang='lat' dir='ltr'><strong>et</strong></span> <span class='ocrx_word' id='word_1_184' title='bbox 3677 1351 3744 1402; x_wconf 57' lang='lat' dir='ltr'><strong>fa.</strong></span> 
     </span>
    </p>
   </div>
   <div class='ocr_carea' id='block_1_28' title="bbox 2186 1418 3740 1503">
    <p class='ocr_par' dir='ltr' id='par_1_28' title="bbox 2186 1418 3740 1503">
     <span class='ocr_line' id='line_1_28' title="bbox 2186 1418 3740 1503; baseline 0.008 -25"><span class='ocrx_word' id='word_1_185' title='bbox 2186 1444 2365 1496; x_wconf 73' lang='lat' dir='ltr'><strong>qucum</strong></span> <span class='ocrx_word' id='word_1_186' title='bbox 2384 1427 2574 1484; x_wconf 81' lang='lat' dir='ltr'><strong>diaboli</strong></span> <span class='ocrx_word' id='word_1_187' title='bbox 2602 1429 2653 1498; x_wconf 87' lang='grc' dir='ltr'><strong>(ι</strong></span> <span class='ocrx_word' id='word_1_188' title='bbox 2684 1429 2816 1485; x_wconf 83' lang='lat' dir='ltr'><strong>Tim.</strong></span> <span class='ocrx_word' id='word_1_189' title='bbox 2838 1418 2914 1497; x_wconf 78' lang='lat' dir='ltr'><strong>&#39;n,</strong></span> <span class='ocrx_word' id='word_1_190' title='bbox 2945 1431 3024 1503; x_wconf 83' lang='lat'><strong>3).</strong></span> <span class='ocrx_word' id='word_1_191' title='bbox 3055 1434 3121 1488; x_wconf 80' lang='lat' dir='ltr'><strong>Et</strong></span> <span class='ocrx_word' id='word_1_192' title='bbox 3147 1433 3263 1488; x_wconf 72' lang='lat' dir='ltr'><strong>haec</strong></span> <span class='ocrx_word' id='word_1_193' title='bbox 3283 1435 3489 1503; x_wconf 79' lang='lat' dir='ltr'><strong>jugiter</strong></span> <span class='ocrx_word' id='word_1_194' title='bbox 3520 1440 3740 1493; x_wconf 68' lang='grc' dir='ltr'><strong>εοωῑάοε.</strong></span> 
     </span>
    </p>
   </div>
   <div class='ocr_carea' id='block_1_29' title="bbox 2187 1520 3743 1600">
    <p class='ocr_par' dir='ltr' id='par_1_29' title="bbox 2187 1520 3743 1600">
     <span class='ocr_line' id='line_1_29' title="bbox 2187 1520 3743 1600; baseline 0.006 -27"><span class='ocrx_word' id='word_1_195' title='bbox 2187 1534 2311 1573; x_wconf 89' lang='lat' dir='ltr'><strong>rans</strong></span> <span class='ocrx_word' id='word_1_196' title='bbox 2336 1520 2563 1575; x_wconf 67' lang='lat' dir='ltr'><strong>faciebat</strong></span> <span class='ocrx_word' id='word_1_197' title='bbox 2578 1522 2679 1576; x_wconf 84' lang='lat' dir='ltr'><strong>sibi</strong></span> <span class='ocrx_word' id='word_1_198' title='bbox 2696 1524 2896 1579; x_wconf 87' lang='lat' dir='ltr'><strong>amicos</strong></span> <span class='ocrx_word' id='word_1_199' title='bbox 2915 1524 2984 1579; x_wconf 89' lang='lat' dir='ltr'><strong>de</strong></span> <span class='ocrx_word' id='word_1_200' title='bbox 3008 1539 3313 1580; x_wconf 78' lang='lat' dir='ltr'><strong>mammona</strong></span> <span class='ocrx_word' id='word_1_201' title='bbox 3331 1527 3647 1597; x_wconf 73' lang='lat' dir='ltr'><strong>iniquitatis,</strong></span> <span class='ocrx_word' id='word_1_202' title='bbox 3669 1530 3743 1600; x_wconf 85' lang='lat' dir='ltr'><strong>qui</strong></span> 
     </span>
    </p>
   </div>
   <div class='ocr_carea' id='block_1_30' title="bbox 2184 1610 3745 1688">
    <p class='ocr_par' dir='ltr' id='par_1_30' title="bbox 2184 1610 3745 1688">
     <span class='ocr_line' id='line_1_30' title="bbox 2184 1610 3745 1688; baseline 0.007 -25"><span class='ocrx_word' id='word_1_203' title='bbox 2184 1624 2243 1663; x_wconf 89' lang='lat' dir='ltr'><strong>se</strong></span> <span class='ocrx_word' id='word_1_204' title='bbox 2258 1610 2558 1679; x_wconf 87' lang='lat' dir='ltr'><strong>reciperent</strong></span> <span class='ocrx_word' id='word_1_205' title='bbox 2576 1620 2776 1668; x_wconf 73' lang='lat' dir='ltr'><strong>aeterna</strong></span> <span class='ocrx_word' id='word_1_206' title='bbox 2799 1614 2851 1667; x_wconf 90' lang='lat' dir='ltr'><strong>in</strong></span> <span class='ocrx_word' id='word_1_207' title='bbox 2869 1616 3210 1670; x_wconf 81' lang='lat' dir='ltr'><strong>tabernacula</strong></span> <span class='ocrx_word' id='word_1_208' title='bbox 3235 1633 3252 1672; x_wconf 87' lang='lat'><strong>:</strong></span> <span class='ocrx_word' id='word_1_209' title='bbox 3269 1626 3436 1686; x_wconf 88' lang='lat' dir='ltr'><strong>atque</strong></span> <span class='ocrx_word' id='word_1_210' title='bbox 3463 1618 3539 1672; x_wconf 85' lang='lat' dir='ltr'><strong>ita</strong></span> <span class='ocrx_word' id='word_1_211' title='bbox 3560 1631 3745 1688; x_wconf 81' lang='lat' dir='ltr'><strong>satage-</strong></span> 
     </span>
    </p>
   </div>
   <div class='ocr_carea' id='block_1_31' title="bbox 2184 1698 3744 1775">
    <p class='ocr_par' dir='ltr' id='par_1_31' title="bbox 2184 1698 3744 1775">
     <span class='ocr_line' id='line_1_31' title="bbox 2184 1698 3744 1775; baseline 0.006 -24"><span class='ocrx_word' id='word_1_212' title='bbox 2184 1698 2298 1765; x_wconf 91' lang='lat' dir='ltr'><strong>bat,</strong></span> <span class='ocrx_word' id='word_1_213' title='bbox 2324 1710 2379 1753; x_wconf 90' lang='lat' dir='ltr'><strong>ut</strong></span> <span class='ocrx_word' id='word_1_214' title='bbox 2405 1715 2529 1773; x_wconf 87' lang='lat' dir='ltr'><strong>cum</strong></span> <span class='ocrx_word' id='word_1_215' title='bbox 2560 1701 2677 1755; x_wconf 69' lang='lat' dir='ltr'><strong>haec</strong></span> <span class='ocrx_word' id='word_1_216' title='bbox 2703 1703 2882 1760; x_wconf 88' lang='lat' dir='ltr'><strong>omnia</strong></span> <span class='ocrx_word' id='word_1_217' title='bbox 2910 1702 3133 1769; x_wconf 75' lang='lat' dir='ltr'><strong>faceret,</strong></span> <span class='ocrx_word' id='word_1_218' title='bbox 3164 1706 3587 1760; x_wconf 83' lang='lat' dir='ltr'><strong>ostentationem</strong></span> <span class='ocrx_word' id='word_1_219' title='bbox 3614 1708 3744 1775; x_wconf 51' lang='lat' dir='ltr'><strong>peni-</strong></span> 
     </span>
    </p>
   </div>
   <div class='ocr_carea' id='block_1_32' title="bbox 2186 1791 3747 1866">
    <p class='ocr_par' dir='ltr' id='par_1_32' title="bbox 2186 1791 3747 1866">
     <span class='ocr_line' id='line_1_32' title="bbox 2186 1791 3747 1866; baseline 0.004 -23"><span class='ocrx_word' id='word_1_220' title='bbox 2186 1798 2273 1845; x_wconf 89' lang='lat' dir='ltr'><strong>tus</strong></span> <span class='ocrx_word' id='word_1_221' title='bbox 2297 1791 2520 1858; x_wconf 84' lang='lat' dir='ltr'><strong>fugeret,</strong></span> <span class='ocrx_word' id='word_1_222' title='bbox 2543 1807 2611 1847; x_wconf 90' lang='lat' dir='ltr'><strong>ne</strong></span> <span class='ocrx_word' id='word_1_223' title='bbox 2641 1794 2693 1847; x_wconf 93' lang='lat' dir='ltr'><strong>in</strong></span> <span class='ocrx_word' id='word_1_224' title='bbox 2713 1793 2815 1849; x_wconf 87' lang='lat' dir='ltr'><strong>hoc</strong></span> <span class='ocrx_word' id='word_1_225' title='bbox 2842 1795 3038 1850; x_wconf 68' lang='lat' dir='ltr'><strong>saeculo</strong></span> <span class='ocrx_word' id='word_1_226' title='bbox 3055 1795 3238 1851; x_wconf 84' lang='lat' dir='ltr'><strong>laudes</strong></span> <span class='ocrx_word' id='word_1_227' title='bbox 3263 1796 3531 1851; x_wconf 82' lang='lat' dir='ltr'><strong>humanas</strong></span> <span class='ocrx_word' id='word_1_228' title='bbox 3546 1812 3640 1853; x_wconf 80' lang='lat' dir='ltr'><strong>suo</strong></span> <span class='ocrx_word' id='word_1_229' title='bbox 3664 1814 3747 1866; x_wconf 72' lang='lat' dir='ltr'><strong>pro</strong></span> 
     </span>
    </p>
   </div>
   <div class='ocr_carea' id='block_1_33' title="bbox 503 1870 3745 1955">
    <p class='ocr_par' dir='ltr' id='par_1_33' title="bbox 503 1870 3745 1955">
     <span class='ocr_line' id='line_1_33' title="bbox 503 1870 3745 1955; baseline 0.004 -27"><span class='ocrx_word' id='word_1_230' title='bbox 503 1889 681 1941; x_wconf 87' lang='lat' dir='ltr'><strong>scere,</strong></span> <span class='ocrx_word' id='word_1_231' title='bbox 723 1876 1035 1944; x_wconf 76' lang='lat' dir='ltr'><strong>singultibus</strong></span> <span class='ocrx_word' id='word_1_232' title='bbox 1060 1884 1244 1946; x_wconf 88' lang='lat' dir='ltr'><strong>pectus</strong></span> <span class='ocrx_word' id='word_1_233' title='bbox 1270 1884 1514 1945; x_wconf 87' lang='lat' dir='ltr'><strong>quatere,</strong></span> <span class='ocrx_word' id='word_1_234' title='bbox 1529 1883 1699 1942; x_wconf 77' lang='lat' dir='ltr'><strong>atque</strong></span> <span class='ocrx_word' id='word_1_235' title='bbox 1715 1888 1805 1927; x_wconf 90' lang='lat' dir='ltr'><strong>ora</strong></span> <span class='ocrx_word' id='word_1_236' title='bbox 1832 1871 2082 1942; x_wconf 85' lang='lat' dir='ltr'><strong>lacrymis</strong></span> <span class='ocrx_word' id='word_1_237' title='bbox 2116 1870 2157 1928; x_wconf 84' lang='grc' dir='ltr'><strong><em>Β</em></strong></span> <span class='ocrx_word' id='word_1_238' title='bbox 2185 1894 2349 1947; x_wconf 87' lang='lat' dir='ltr'><strong>opere</strong></span> <span class='ocrx_word' id='word_1_239' title='bbox 2368 1882 2673 1950; x_wconf 83' lang='lat' dir='ltr'><strong>reciperet;</strong></span> <span class='ocrx_word' id='word_1_240' title='bbox 2706 1898 2827 1937; x_wconf 88' lang='lat' dir='ltr'><strong>nam</strong></span> <span class='ocrx_word' id='word_1_241' title='bbox 2857 1899 3132 1954; x_wconf 86' lang='lat' dir='ltr'><strong>nunquam</strong></span> <span class='ocrx_word' id='word_1_242' title='bbox 3173 1901 3272 1955; x_wconf 90' lang='lat' dir='ltr'><strong>pro</strong></span> <span class='ocrx_word' id='word_1_243' title='bbox 3323 1886 3645 1941; x_wconf 79' lang='lat' dir='ltr'><strong>excellentia</strong></span> <span class='ocrx_word' id='word_1_244' title='bbox 3667 1902 3745 1940; x_wconf 77' lang='lat' dir='ltr'><strong>sua</strong></span> 
     </span>
    </p>
   </div>
   <div class='ocr_carea' id='block_1_34' title="bbox 508 1964 2085 2034">
    <p class='ocr_par' dir='ltr' id='par_1_34' title="bbox 508 1964 2085 2034">
     <span class='ocr_line' id='line_1_34' title="bbox 508 1964 2085 2034; baseline -0.001 -15"><span class='ocrx_word' id='word_1_245' title='bbox 508 1966 781 2019; x_wconf 82' lang='lat' dir='ltr'><strong>uberrime</strong></span> <span class='ocrx_word' id='word_1_246' title='bbox 827 1965 1183 2034; x_wconf 86' lang='lat' dir='ltr'><strong>perfundere;</strong></span> <span class='ocrx_word' id='word_1_247' title='bbox 1230 1976 1285 2021; x_wconf 90' lang='lat' dir='ltr'><strong>et</strong></span> <span class='ocrx_word' id='word_1_248' title='bbox 1316 1981 1439 2021; x_wconf 89' lang='lat' dir='ltr'><strong>cum</strong></span> <span class='ocrx_word' id='word_1_249' title='bbox 1469 1966 1781 2034; x_wconf 85' lang='lat' dir='ltr'><strong>plerumque</strong></span> <span class='ocrx_word' id='word_1_250' title='bbox 1808 1964 1948 2019; x_wconf 87' lang='lat' dir='ltr'><strong>inter</strong></span> <span class='ocrx_word' id='word_1_251' title='bbox 1972 1965 2085 2031; x_wconf 88' lang='lat' dir='ltr'><strong>ipsa</strong></span> 
     </span>
    </p>
   </div>
   <div class='ocr_carea' id='block_1_35' title="bbox 507 2052 2089 2121">
    <p class='ocr_par' dir='ltr' id='par_1_35' title="bbox 507 2052 2089 2121">
     <span class='ocr_line' id='line_1_35' title="bbox 507 2052 2089 2121; baseline 0.001 -19"><span class='ocrx_word' id='word_1_252' title='bbox 507 2052 684 2105; x_wconf 89' lang='lat' dir='ltr'><strong>divina</strong></span> <span class='ocrx_word' id='word_1_253' title='bbox 705 2056 859 2106; x_wconf 87' lang='lat' dir='ltr'><strong>verba</strong></span> <span class='ocrx_word' id='word_1_254' title='bbox 888 2068 1077 2108; x_wconf 90' lang='lat' dir='ltr'><strong>somno</strong></span> <span class='ocrx_word' id='word_1_255' title='bbox 1088 2054 1437 2108; x_wconf 79' lang='lat' dir='ltr'><strong>vehementer</strong></span> <span class='ocrx_word' id='word_1_256' title='bbox 1462 2052 1739 2121; x_wconf 71' lang='lat' dir='ltr'><strong>ingruente</strong></span> <span class='ocrx_word' id='word_1_257' title='bbox 1756 2061 2089 2121; x_wconf 76' lang='lat' dir='ltr'><strong>gravaretur,</strong></span> 
     </span>
    </p>
   </div>
   <div class='ocr_carea' id='block_1_36' title="bbox 506 2142 2090 2211">
    <p class='ocr_par' dir='ltr' id='par_1_36' title="bbox 506 2142 2090 2211">
     <span class='ocr_line' id='line_1_36' title="bbox 506 2142 2090 2211; baseline 0 -16"><span class='ocrx_word' id='word_1_258' title='bbox 506 2156 571 2196; x_wconf 76' lang='lat' dir='ltr'><strong>ex</strong></span> <span class='ocrx_word' id='word_1_259' title='bbox 603 2142 729 2211; x_wconf 86' lang='lat' dir='ltr'><strong>ipsis</strong></span> <span class='ocrx_word' id='word_1_260' title='bbox 750 2142 1147 2211; x_wconf 87' lang='lat' dir='ltr'><strong>quodammodo</strong></span> <span class='ocrx_word' id='word_1_261' title='bbox 1169 2142 1413 2198; x_wconf 88' lang='lat' dir='ltr'><strong>lectionis</strong></span> <span class='ocrx_word' id='word_1_262' title='bbox 1436 2143 1610 2197; x_wconf 79' lang='lat' dir='ltr'><strong>verbis</strong></span> <span class='ocrx_word' id='word_1_263' title='bbox 1635 2143 1795 2195; x_wconf 65' lang='lat' dir='ltr'><strong>etiam</strong></span> <span class='ocrx_word' id='word_1_264' title='bbox 1817 2157 1910 2208; x_wconf 84' lang='lat' dir='ltr'><strong>per</strong></span> <span class='ocrx_word' id='word_1_265' title='bbox 1937 2157 2090 2195; x_wconf 88' lang='lat' dir='ltr'><strong>som-</strong></span> 
     </span>
    </p>
   </div>
   <div class='ocr_carea' id='block_1_37' title="bbox 507 2230 2089 2306">
    <p class='ocr_par' dir='ltr' id='par_1_37' title="bbox 507 2230 2089 2306">
     <span class='ocr_line' id='line_1_37' title="bbox 507 2230 2089 2306; baseline -0.003 -20"><span class='ocrx_word' id='word_1_266' title='bbox 507 2249 632 2286; x_wconf 89' lang='lat' dir='ltr'><strong>num</strong></span> <span class='ocrx_word' id='word_1_267' title='bbox 682 2231 1075 2295; x_wconf 85' lang='lat' dir='ltr'><strong>meditabatur;</strong></span> <span class='ocrx_word' id='word_1_268' title='bbox 1108 2244 1343 2306; x_wconf 87' lang='lat' dir='ltr'><strong>cumque</strong></span> <span class='ocrx_word' id='word_1_269' title='bbox 1363 2230 1541 2285; x_wconf 86' lang='lat' dir='ltr'><strong>subito</strong></span> <span class='ocrx_word' id='word_1_270' title='bbox 1566 2230 1774 2284; x_wconf 77' lang='lat' dir='ltr'><strong>excitus</strong></span> <span class='ocrx_word' id='word_1_271' title='bbox 1802 2230 2089 2284; x_wconf 86' lang='lat' dir='ltr'><strong>lectionem</strong></span> 
     </span>
    </p>
   </div>
   <div class='ocr_carea' id='block_1_38' title="bbox 505 2319 2088 2393">
    <p class='ocr_par' dir='ltr' id='par_1_38' title="bbox 505 2319 2088 2393">
     <span class='ocr_line' id='line_1_38' title="bbox 505 2319 2088 2393; baseline -0.003 -17"><span class='ocrx_word' id='word_1_272' title='bbox 505 2323 765 2393; x_wconf 56' lang='lat' dir='ltr'><strong>expleret,</strong></span> <span class='ocrx_word' id='word_1_273' title='bbox 790 2337 971 2377; x_wconf 89' lang='lat' dir='ltr'><strong>rursus</strong></span> <span class='ocrx_word' id='word_1_274' title='bbox 998 2336 1058 2375; x_wconf 88' lang='lat' dir='ltr'><strong>se</strong></span> <span class='ocrx_word' id='word_1_275' title='bbox 1079 2320 1369 2376; x_wconf 86' lang='lat' dir='ltr'><strong>secundum</strong></span> <span class='ocrx_word' id='word_1_276' title='bbox 1423 2335 1628 2374; x_wconf 87' lang='lat' dir='ltr'><strong>morem</strong></span> <span class='ocrx_word' id='word_1_277' title='bbox 1658 2319 1971 2375; x_wconf 86' lang='lat' dir='ltr'><strong>conlerebat</strong></span> <span class='ocrx_word' id='word_1_278' title='bbox 2020 2319 2088 2372; x_wconf 88' lang='lat' dir='ltr'><strong>ad</strong></span> 
     </span>
    </p>
   </div>
   <div class='ocr_carea' id='block_1_39' title="bbox 507 2412 2083 2482">
    <p class='ocr_par' dir='ltr' id='par_1_39' title="bbox 507 2412 2083 2482">
     <span class='ocr_line' id='line_1_39' title="bbox 507 2412 2083 2482; baseline -0.003 -15"><span class='ocrx_word' id='word_1_279' title='bbox 507 2414 805 2468; x_wconf 88' lang='lat' dir='ltr'><strong>orationem</strong></span> <span class='ocrx_word' id='word_1_280' title='bbox 841 2454 856 2480; x_wconf 93' lang='lat'><strong>,</strong></span> <span class='ocrx_word' id='word_1_281' title='bbox 914 2414 968 2467; x_wconf 95' lang='lat' dir='ltr'><strong>in</strong></span> <span class='ocrx_word' id='word_1_282' title='bbox 997 2426 1105 2481; x_wconf 92' lang='lat' dir='ltr'><strong>quo</strong></span> <span class='ocrx_word' id='word_1_283' title='bbox 1134 2426 1297 2482; x_wconf 88' lang='lat' dir='ltr'><strong>opere</strong></span> <span class='ocrx_word' id='word_1_284' title='bbox 1327 2419 1532 2466; x_wconf 90' lang='lat' dir='ltr'><strong>tantum</strong></span> <span class='ocrx_word' id='word_1_285' title='bbox 1562 2412 1776 2466; x_wconf 87' lang='lat' dir='ltr'><strong>silentio</strong></span> <span class='ocrx_word' id='word_1_286' title='bbox 1798 2412 2083 2474; x_wconf 88' lang='lat' dir='ltr'><strong>studebat,</strong></span> 
     </span>
    </p>
   </div>
   <div class='ocr_carea' id='block_1_40' title="bbox 506 2504 2080 2576">
    <p class='ocr_par' dir='ltr' id='par_1_40' title="bbox 506 2504 2080 2576">
     <span class='ocr_line' id='line_1_40' title="bbox 506 2504 2080 2576; baseline -0.001 -17"><span class='ocrx_word' id='word_1_287' title='bbox 506 2521 762 2575; x_wconf 86' lang='lat' dir='ltr'><strong>nusquam</strong></span> <span class='ocrx_word' id='word_1_288' title='bbox 787 2514 946 2576; x_wconf 88' lang='lat' dir='ltr'><strong>caput</strong></span> <span class='ocrx_word' id='word_1_289' title='bbox 972 2504 1279 2571; x_wconf 83' lang='lat' dir='ltr'><strong>reﬂectens,</strong></span> <span class='ocrx_word' id='word_1_290' title='bbox 1334 2506 1572 2572; x_wconf 89' lang='lat' dir='ltr'><strong>nihilque</strong></span> <span class='ocrx_word' id='word_1_291' title='bbox 1601 2504 1744 2558; x_wconf 89' lang='lat' dir='ltr'><strong>aliud</strong></span> <span class='ocrx_word' id='word_1_292' title='bbox 1776 2504 2080 2569; x_wconf 75' lang='lat' dir='ltr'><strong>intendens,</strong></span> 
     </span>
    </p>
   </div>
   <div class='ocr_carea' id='block_1_41' title="bbox 506 2593 2084 2662">
    <p class='ocr_par' dir='ltr' id='par_1_41' title="bbox 506 2593 2084 2662">
     <span class='ocr_line' id='line_1_41' title="bbox 506 2593 2084 2662; baseline -0.003 -11"><span class='ocrx_word' id='word_1_293' title='bbox 506 2606 563 2651; x_wconf 92' lang='lat' dir='ltr'><strong>ut</strong></span> <span class='ocrx_word' id='word_1_294' title='bbox 589 2598 677 2649; x_wconf 78' lang='lat' dir='ltr'><strong>vix</strong></span> <span class='ocrx_word' id='word_1_295' title='bbox 698 2597 921 2649; x_wconf 87' lang='lat' dir='ltr'><strong>halitum</strong></span> <span class='ocrx_word' id='word_1_296' title='bbox 944 2594 1248 2662; x_wconf 81' lang='lat' dir='ltr'><strong>spiraminis</strong></span> <span class='ocrx_word' id='word_1_297' title='bbox 1275 2593 1392 2662; x_wconf 80' lang='lat' dir='ltr'><strong>ejus</strong></span> <span class='ocrx_word' id='word_1_298' title='bbox 1434 2597 1719 2661; x_wconf 82' lang='lat' dir='ltr'><strong>quisquam</strong></span> <span class='ocrx_word' id='word_1_299' title='bbox 1741 2594 1928 2647; x_wconf 87' lang='lat' dir='ltr'><strong>audire</strong></span> <span class='ocrx_word' id='word_1_300' title='bbox 1959 2608 2084 2662; x_wconf 89' lang='lat' dir='ltr'><strong>pos-</strong></span> 
     </span>
    </p>
   </div>
   <div class='ocr_carea' id='block_1_42' title="bbox 501 2666 2107 2755">
    <p class='ocr_par' dir='ltr' id='par_1_42' title="bbox 501 2666 2107 2755">
     <span class='ocr_line' id='line_1_42' title="bbox 501 2666 2107 2755; baseline -0.002 -13"><span class='ocrx_word' id='word_1_301' title='bbox 501 2698 603 2742; x_wconf 90' lang='lat' dir='ltr'><strong>set.</strong></span> <span class='ocrx_word' id='word_1_302' title='bbox 636 2687 779 2741; x_wconf 82' lang='lat' dir='ltr'><strong>Sane</strong></span> <span class='ocrx_word' id='word_1_303' title='bbox 827 2688 1134 2755; x_wconf 87' lang='lat' dir='ltr'><strong>frequenter</strong></span> <span class='ocrx_word' id='word_1_304' title='bbox 1161 2685 1385 2740; x_wconf 89' lang='lat' dir='ltr'><strong>diversis</strong></span> <span class='ocrx_word' id='word_1_305' title='bbox 1428 2700 1495 2739; x_wconf 82' lang='lat' dir='ltr'><strong>ex</strong></span> <span class='ocrx_word' id='word_1_306' title='bbox 1541 2685 1714 2739; x_wconf 83' lang='lat' dir='ltr'><strong>causis</strong></span> <span class='ocrx_word' id='word_1_307' title='bbox 1744 2674 1799 2739; x_wconf 83' lang='lat' dir='ltr'><strong>ét</strong></span> <span class='ocrx_word' id='word_1_308' title='bbox 1828 2694 1989 2739; x_wconf 89' lang='lat' dir='ltr'><strong>noctu</strong></span> <span class='ocrx_word' id='word_1_309' title='bbox 2028 2666 2107 2739; x_wconf 63' lang='lat' dir='ltr'><strong>et~</strong></span> 
     </span>
    </p>
   </div>
   <div class='ocr_carea' id='block_1_43' title="bbox 506 2775 2080 2845">
    <p class='ocr_par' dir='ltr' id='par_1_43' title="bbox 506 2775 2080 2845">
     <span class='ocr_line' id='line_1_43' title="bbox 506 2775 2080 2845; baseline 0 -15"><span class='ocrx_word' id='word_1_310' title='bbox 506 2778 765 2830; x_wconf 88' lang='lat' dir='ltr'><strong>maturius</strong></span> <span class='ocrx_word' id='word_1_311' title='bbox 795 2776 847 2829; x_wconf 90' lang='lat' dir='ltr'><strong>in</strong></span> <span class='ocrx_word' id='word_1_312' title='bbox 871 2776 1007 2845; x_wconf 87' lang='lat' dir='ltr'><strong>regis</strong></span> <span class='ocrx_word' id='word_1_313' title='bbox 1027 2790 1293 2831; x_wconf 85' lang='lat' dir='ltr'><strong>cameram</strong></span> <span class='ocrx_word' id='word_1_314' title='bbox 1321 2783 1546 2830; x_wconf 88' lang='lat' dir='ltr'><strong>vocatus</strong></span> <span class='ocrx_word' id='word_1_315' title='bbox 1577 2775 1879 2831; x_wconf 72' lang='lat' dir='ltr'><strong>nullatenus</strong></span> <span class='ocrx_word' id='word_1_316' title='bbox 1900 2789 2080 2843; x_wconf 84' lang='lat' dir='ltr'><strong>perge-</strong></span> 
     </span>
    </p>
   </div>
   <div class='ocr_carea' id='block_1_44' title="bbox 509 2866 2077 2934">
    <p class='ocr_par' dir='ltr' id='par_1_44' title="bbox 509 2866 2077 2934">
     <span class='ocr_line' id='line_1_44' title="bbox 509 2866 2077 2934; baseline -0.002 -12"><span class='ocrx_word' id='word_1_317' title='bbox 509 2870 621 2932; x_wconf 87' lang='lat' dir='ltr'><strong>bat,</strong></span> <span class='ocrx_word' id='word_1_318' title='bbox 646 2869 855 2921; x_wconf 87' lang='lat' dir='ltr'><strong>etiamsi</strong></span> <span class='ocrx_word' id='word_1_319' title='bbox 887 2868 1039 2929; x_wconf 87' lang='lat' dir='ltr'><strong>missi</strong></span> <span class='ocrx_word' id='word_1_320' title='bbox 1064 2876 1478 2934; x_wconf 87' lang='lat' dir='ltr'><strong>assequerentur</strong></span> <span class='ocrx_word' id='word_1_321' title='bbox 1531 2866 1738 2930; x_wconf 87' lang='lat' dir='ltr'><strong>missus,</strong></span> <span class='ocrx_word' id='word_1_322' title='bbox 1774 2866 2077 2934; x_wconf 85' lang='lat' dir='ltr'><strong>priusquam</strong></span> 
     </span>
    </p>
   </div>
   <div class='ocr_carea' id='block_1_45' title="bbox 503 2954 2077 3027">
    <p class='ocr_par' dir='ltr' id='par_1_45' title="bbox 503 2954 2077 3027">
     <span class='ocr_line' id='line_1_45' title="bbox 503 2954 2077 3027; baseline -0.001 -16"><span class='ocrx_word' id='word_1_323' title='bbox 503 2972 656 3012; x_wconf 88' lang='lat' dir='ltr'><strong>suum</strong></span> <span class='ocrx_word' id='word_1_324' title='bbox 688 2958 1023 3027; x_wconf 86' lang='lat' dir='ltr'><strong>propositum</strong></span> <span class='ocrx_word' id='word_1_325' title='bbox 1054 2958 1110 3010; x_wconf 91' lang='lat' dir='ltr'><strong>in</strong></span> <span class='ocrx_word' id='word_1_326' title='bbox 1138 2955 1334 3010; x_wconf 87' lang='lat' dir='ltr'><strong>Christi</strong></span> <span class='ocrx_word' id='word_1_327' title='bbox 1385 2954 1683 3023; x_wconf 85' lang='lat' dir='ltr'><strong>compleret</strong></span> <span class='ocrx_word' id='word_1_328' title='bbox 1726 2955 2077 3023; x_wconf 85' lang='lat' dir='ltr'><strong>obsequium;</strong></span> 
     </span>
    </p>
   </div>
   <div class='ocr_carea' id='block_1_46' title="bbox 502 3044 2077 3118">
    <p class='ocr_par' dir='ltr' id='par_1_46' title="bbox 502 3044 2077 3118">
     <span class='ocr_line' id='line_1_46' title="bbox 502 3044 2077 3118; baseline -0.004 -14"><span class='ocrx_word' id='word_1_329' title='bbox 502 3049 785 3118; x_wconf 83' lang='lat' dir='ltr'><strong>egrediens</strong></span> <span class='ocrx_word' id='word_1_330' title='bbox 811 3046 951 3100; x_wconf 88' lang='lat' dir='ltr'><strong>enim</strong></span> <span class='ocrx_word' id='word_1_331' title='bbox 982 3048 1143 3100; x_wconf 90' lang='lat' dir='ltr'><strong>domo</strong></span> <span class='ocrx_word' id='word_1_332' title='bbox 1163 3086 1179 3112; x_wconf 94' lang='lat'><strong>,</strong></span> <span class='ocrx_word' id='word_1_333' title='bbox 1206 3044 1465 3100; x_wconf 88' lang='lat' dir='ltr'><strong>orationis</strong></span> <span class='ocrx_word' id='word_1_334' title='bbox 1509 3054 1565 3099; x_wconf 89' lang='lat' dir='ltr'><strong>et</strong></span> <span class='ocrx_word' id='word_1_335' title='bbox 1595 3044 1772 3099; x_wconf 89' lang='lat' dir='ltr'><strong>crucis</strong></span> <span class='ocrx_word' id='word_1_336' title='bbox 1800 3046 2077 3101; x_wconf 86' lang='lat' dir='ltr'><strong>munieba-</strong></span> 
     </span>
    </p>
   </div>
   <div class='ocr_carea' id='block_1_47' title="bbox 503 3134 2071 3206">
    <p class='ocr_par' dir='ltr' id='par_1_47' title="bbox 503 3134 2071 3206">
     <span class='ocr_line' id='line_1_47' title="bbox 503 3134 2071 3206; baseline -0.002 -13"><span class='ocrx_word' id='word_1_337' title='bbox 503 3148 589 3194; x_wconf 91' lang='lat' dir='ltr'><strong>tur</strong></span> <span class='ocrx_word' id='word_1_338' title='bbox 614 3139 791 3206; x_wconf 88' lang='lat' dir='ltr'><strong>signo,</strong></span> <span class='ocrx_word' id='word_1_339' title='bbox 821 3135 1128 3205; x_wconf 77' lang='lat' dir='ltr'><strong>regrediens</strong></span> <span class='ocrx_word' id='word_1_340' title='bbox 1156 3150 1286 3189; x_wconf 88' lang='lat' dir='ltr'><strong>vero</strong></span> <span class='ocrx_word' id='word_1_341' title='bbox 1342 3134 1586 3201; x_wconf 91' lang='lat' dir='ltr'><strong>domum,</strong></span> <span class='ocrx_word' id='word_1_342' title='bbox 1614 3135 1789 3188; x_wconf 89' lang='lat' dir='ltr'><strong>oratio</strong></span> <span class='ocrx_word' id='word_1_343' title='bbox 1818 3150 2071 3190; x_wconf 84' lang='lat' dir='ltr'><strong>occurre-</strong></span> 
     </span>
    </p>
   </div>
   <div class='ocr_carea' id='block_1_48' title="bbox 502 3213 2149 3295">
    <p class='ocr_par' dir='ltr' id='par_1_48' title="bbox 502 3213 2149 3295">
     <span class='ocr_line' id='line_1_48' title="bbox 502 3213 2149 3295; baseline -0.004 -14"><span class='ocrx_word' id='word_1_344' title='bbox 502 3229 596 3281; x_wconf 85' lang='lat' dir='ltr'><strong>bat</strong></span> <span class='ocrx_word' id='word_1_345' title='bbox 615 3226 663 3281; x_wconf 89' lang='lat' dir='ltr'><strong>ei</strong></span> <span class='ocrx_word' id='word_1_346' title='bbox 694 3227 997 3295; x_wconf 86' lang='lat' dir='ltr'><strong>priusquam</strong></span> <span class='ocrx_word' id='word_1_347' title='bbox 1022 3225 1210 3280; x_wconf 79' lang='lat' dir='ltr'><strong>sessio.</strong></span> <span class='ocrx_word' id='word_1_348' title='bbox 1244 3222 1443 3277; x_wconf 85' lang='lat' dir='ltr'><strong>Taliter</strong></span> <span class='ocrx_word' id='word_1_349' title='bbox 1473 3237 1667 3291; x_wconf 87' lang='lat' dir='ltr'><strong>nempe</strong></span> <span class='ocrx_word' id='word_1_350' title='bbox 1713 3224 1907 3291; x_wconf 84' lang='lat' dir='ltr'><strong>agebat</strong></span> <span class='ocrx_word' id='word_1_351' title='bbox 1946 3240 2076 3277; x_wconf 90' lang='lat' dir='ltr'><strong>cun-</strong></span> <span class='ocrx_word' id='word_1_352' title='bbox 2104 3213 2149 3275; x_wconf 93' lang='lat' dir='ltr'><strong><em>C</em></strong></span> 
     </span>
    </p>
   </div>
   <div class='ocr_carea' id='block_1_49' title="bbox 502 3313 2074 3380">
    <p class='ocr_par' dir='ltr' id='par_1_49' title="bbox 502 3313 2074 3380">
     <span class='ocr_line' id='line_1_49' title="bbox 502 3313 2074 3380; baseline -0.004 -7"><span class='ocrx_word' id='word_1_353' title='bbox 502 3318 605 3373; x_wconf 88' lang='lat' dir='ltr'><strong>clis</strong></span> <span class='ocrx_word' id='word_1_354' title='bbox 629 3317 815 3372; x_wconf 90' lang='lat' dir='ltr'><strong>diebus</strong></span> <span class='ocrx_word' id='word_1_355' title='bbox 839 3318 960 3369; x_wconf 68' lang='lat' dir='ltr'><strong>vita:</strong></span> <span class='ocrx_word' id='word_1_356' title='bbox 986 3329 1131 3380; x_wconf 73' lang='lat' dir='ltr'><strong>sum,</strong></span> <span class='ocrx_word' id='word_1_357' title='bbox 1181 3322 1235 3367; x_wconf 92' lang='lat' dir='ltr'><strong>et</strong></span> <span class='ocrx_word' id='word_1_358' title='bbox 1279 3313 1360 3367; x_wconf 89' lang='lat' dir='ltr'><strong>his</strong></span> <span class='ocrx_word' id='word_1_359' title='bbox 1400 3314 1668 3367; x_wconf 76' lang='lat' dir='ltr'><strong>exemitiis</strong></span> <span class='ocrx_word' id='word_1_360' title='bbox 1709 3314 1776 3366; x_wconf 89' lang='lat' dir='ltr'><strong>ad</strong></span> <span class='ocrx_word' id='word_1_361' title='bbox 1821 3321 2074 3366; x_wconf 81' lang='lat' dir='ltr'><strong>aeternam</strong></span> 
     </span>
    </p>
   </div>
   <div class='ocr_carea' id='block_1_50' title="bbox 500 3400 2073 3478">
    <p class='ocr_par' dir='ltr' id='par_1_50' title="bbox 500 3400 2073 3478">
     <span class='ocr_line' id='line_1_50' title="bbox 500 3400 2073 3478; baseline -0.003 -19"><span class='ocrx_word' id='word_1_362' title='bbox 500 3410 728 3478; x_wconf 70' lang='lat' dir='ltr'><strong>patriam</strong></span> <span class='ocrx_word' id='word_1_363' title='bbox 752 3406 952 3475; x_wconf 75' lang='lat' dir='ltr'><strong>jngiter</strong></span> <span class='ocrx_word' id='word_1_364' title='bbox 974 3402 1279 3462; x_wconf 84' lang='lat' dir='ltr'><strong>anhelabat.</strong></span> <span class='ocrx_word' id='word_1_365' title='bbox 1325 3402 1454 3455; x_wconf 86' lang='lat' dir='ltr'><strong>Erat</strong></span> <span class='ocrx_word' id='word_1_366' title='bbox 1482 3404 1663 3471; x_wconf 88' lang='lat' dir='ltr'><strong>itaque</strong></span> <span class='ocrx_word' id='word_1_367' title='bbox 1696 3403 1915 3457; x_wconf 82' lang='lat' dir='ltr'><strong>omnino</strong></span> <span class='ocrx_word' id='word_1_368' title='bbox 1942 3400 2073 3454; x_wconf 51' lang='lat' dir='ltr'><strong>alii»</strong></span> 
     </span>
    </p>
   </div>
   <div class='ocr_carea' id='block_1_51' title="bbox 503 3480 2076 3565">
    <p class='ocr_par' dir='ltr' id='par_1_51' title="bbox 503 3480 2076 3565">
     <span class='ocr_line' id='line_1_51' title="bbox 503 3480 2076 3565; baseline -0.006 -13"><span class='ocrx_word' id='word_1_369' title='bbox 503 3498 623 3552; x_wconf 86' lang='lat' dir='ltr'><strong>bilis</strong></span> <span class='ocrx_word' id='word_1_370' title='bbox 650 3505 812 3565; x_wconf 88' lang='lat' dir='ltr'><strong>atque</strong></span> <span class='ocrx_word' id='word_1_371' title='bbox 859 3495 1088 3559; x_wconf 86' lang='lat' dir='ltr'><strong>subtilis,</strong></span> <span class='ocrx_word' id='word_1_372' title='bbox 1110 3480 1273 3548; x_wconf 79' lang='lat' dir='ltr'><strong>corde</strong></span> <span class='ocrx_word' id='word_1_373' title='bbox 1323 3494 1473 3561; x_wconf 86' lang='lat' dir='ltr'><strong>pius.</strong></span> <span class='ocrx_word' id='word_1_374' title='bbox 1498 3504 1551 3546; x_wconf 86' lang='lat' dir='ltr'><strong>et</strong></span> <span class='ocrx_word' id='word_1_375' title='bbox 1581 3493 1760 3546; x_wconf 89' lang='lat' dir='ltr'><strong>animo</strong></span> <span class='ocrx_word' id='word_1_376' title='bbox 1812 3492 1971 3545; x_wconf 89' lang='lat' dir='ltr'><strong>etiam</strong></span> <span class='ocrx_word' id='word_1_377' title='bbox 2008 3490 2076 3544; x_wconf 89' lang='lat' dir='ltr'><strong>ad</strong></span> 
     </span>
    </p>
   </div>
   <div class='ocr_carea' id='block_1_52' title="bbox 504 3582 1373 3655">
    <p class='ocr_par' dir='ltr' id='par_1_52' title="bbox 504 3582 1373 3655">
     <span class='ocr_line' id='line_1_52' title="bbox 504 3582 1373 3655; baseline -0.007 -15"><span class='ocrx_word' id='word_1_378' title='bbox 504 3584 920 3655; x_wconf 78' lang='lat' dir='ltr'><strong>belligerandum</strong></span> <span class='ocrx_word' id='word_1_379' title='bbox 946 3582 1117 3638; x_wconf 84' lang='lat' dir='ltr'><strong>fortis.</strong></span> <span class='ocrx_word' id='word_1_380' title='bbox 1370 3648 1373 3653; x_wconf 18' lang='grc' dir='ltr'><em>Α</em></span> 
     </span>
    </p>
   </div>
   <div class='ocr_carea' id='block_1_53' title="bbox 1100 3672 1497 3731">
    <p class='ocr_par' dir='ltr' id='par_1_53' title="bbox 1100 3672 1497 3731">
     <span class='ocr_line' id='line_1_53' title="bbox 1100 3672 1497 3731; baseline -0.003 -2"><span class='ocrx_word' id='word_1_381' title='bbox 1100 3674 1326 3731; x_wconf 82' lang='lat' dir='ltr'><strong>CAI‘UT</strong></span> <span class='ocrx_word' id='word_1_382' title='bbox 1367 3672 1497 3728; x_wconf 79' lang='lat' dir='ltr'><strong>Xlll.</strong></span> 
     </span>
    </p>
   </div>
   <div class='ocr_carea' id='block_1_54' title="bbox 644 3761 1963 3835">
    <p class='ocr_par' dir='ltr' id='par_1_54' title="bbox 644 3761 1963 3835">
     <span class='ocr_line' id='line_1_54' title="bbox 644 3761 1963 3835; baseline -0.008 -12"><span class='ocrx_word' id='word_1_383' title='bbox 644 3769 971 3824; x_wconf 78' lang='lat' dir='ltr'><strong>Britanniam</strong></span> <span class='ocrx_word' id='word_1_384' title='bbox 1000 3767 1201 3831; x_wconf 80' lang='lat' dir='ltr'><strong>adiens,</strong></span> <span class='ocrx_word' id='word_1_385' title='bbox 1235 3781 1412 3835; x_wconf 79' lang='lat' dir='ltr'><strong>pacem</strong></span> <span class='ocrx_word' id='word_1_386' title='bbox 1433 3780 1545 3817; x_wconf 82' lang='lat' dir='ltr'><strong>cum</strong></span> <span class='ocrx_word' id='word_1_387' title='bbox 1567 3763 1800 3831; x_wconf 81' lang='lat' dir='ltr'><strong>principe</strong></span> <span class='ocrx_word' id='word_1_388' title='bbox 1824 3761 1963 3829; x_wconf 74' lang='lat' dir='ltr'><strong>fecit.</strong></span> 
     </span>
    </p>
   </div>
   <div class='ocr_carea' id='block_1_55' title="bbox 574 3851 2072 3928">
    <p class='ocr_par' dir='ltr' id='par_1_55' title="bbox 574 3851 2072 3928">
     <span class='ocr_line' id='line_1_55' title="bbox 574 3851 2072 3928; baseline -0.007 -14"><span class='ocrx_word' id='word_1_389' title='bbox 574 3861 813 3928; x_wconf 81' lang='lat' dir='ltr'><strong>Denique</strong></span> <span class='ocrx_word' id='word_1_390' title='bbox 837 3856 1123 3926; x_wconf 89' lang='lat' dir='ltr'><strong>aliquando</strong></span> <span class='ocrx_word' id='word_1_391' title='bbox 1173 3863 1395 3922; x_wconf 78' lang='lat' dir='ltr'><strong>rogatus</strong></span> <span class='ocrx_word' id='word_1_392' title='bbox 1424 3869 1453 3907; x_wconf 89' lang='lat' dir='ltr'><strong>a</strong></span> <span class='ocrx_word' id='word_1_393' title='bbox 1485 3867 1611 3921; x_wconf 90' lang='lat' dir='ltr'><strong>rege</strong></span> <span class='ocrx_word' id='word_1_394' title='bbox 1633 3853 1899 3920; x_wconf 87' lang='lat' dir='ltr'><strong>legatione</strong></span> <span class='ocrx_word' id='word_1_395' title='bbox 1929 3851 2072 3919; x_wconf 85' lang='lat' dir='ltr'><strong>fungi</strong></span> 
     </span>
    </p>
   </div>
   <div class='ocr_carea' id='block_1_56' title="bbox 510 3941 2068 4021">
    <p class='ocr_par' dir='ltr' id='par_1_56' title="bbox 510 3941 2068 4021">
     <span class='ocr_line' id='line_1_56' title="bbox 510 3941 2068 4021; baseline -0.007 -17"><span class='ocrx_word' id='word_1_396' title='bbox 510 3949 751 4021; x_wconf 85' lang='lat' dir='ltr'><strong>partibus</strong></span> <span class='ocrx_word' id='word_1_397' title='bbox 773 3945 1087 4011; x_wconf 58' lang='lat' dir='ltr'><strong>Britannias,</strong></span> <span class='ocrx_word' id='word_1_398' title='bbox 1115 3943 1248 3998; x_wconf 83' lang='lat' dir='ltr'><strong>nihil</strong></span> <span class='ocrx_word' id='word_1_399' title='bbox 1275 3944 1362 3998; x_wconf 89' lang='lat' dir='ltr'><strong>ille</strong></span> <span class='ocrx_word' id='word_1_400' title='bbox 1381 3950 1661 3997; x_wconf 87' lang='lat' dir='ltr'><strong>cunctatus</strong></span> <span class='ocrx_word' id='word_1_401' title='bbox 1702 3941 1937 4009; x_wconf 81' lang='lat' dir='ltr'><strong>perrexit</strong></span> <span class='ocrx_word' id='word_1_402' title='bbox 1964 3948 2068 3993; x_wconf 84' lang='lat' dir='ltr'><strong>tam</strong></span> 
     </span>
    </p>
   </div>
   <div class='ocr_carea' id='block_1_57' title="bbox 502 4029 2074 4105">
    <p class='ocr_par' dir='ltr' id='par_1_57' title="bbox 502 4029 2074 4105">
     <span class='ocr_line' id='line_1_57' title="bbox 502 4029 2074 4105; baseline -0.006 -12"><span class='ocrx_word' id='word_1_403' title='bbox 502 4039 674 4101; x_wconf 77' lang='lat' dir='ltr'><strong>ocius,</strong></span> <span class='ocrx_word' id='word_1_404' title='bbox 706 4050 868 4105; x_wconf 91' lang='lat' dir='ltr'><strong>quam</strong></span> <span class='ocrx_word' id='word_1_405' title='bbox 898 4032 1093 4088; x_wconf 84' lang='lat' dir='ltr'><strong>Christi</strong></span> <span class='ocrx_word' id='word_1_406' title='bbox 1124 4032 1385 4087; x_wconf 80' lang='lat' dir='ltr'><strong>cliaritate</strong></span> <span class='ocrx_word' id='word_1_407' title='bbox 1409 4029 1780 4095; x_wconf 82' lang='lat' dir='ltr'><strong>securus.Quo</strong></span> <span class='ocrx_word' id='word_1_408' title='bbox 1803 4045 1923 4084; x_wconf 89' lang='lat' dir='ltr'><strong>cum</strong></span> <span class='ocrx_word' id='word_1_409' title='bbox 1953 4046 2074 4099; x_wconf 78' lang='lat' dir='ltr'><strong>per-</strong></span> 
     </span>
    </p>
   </div>
   <div class='ocr_carea' id='block_1_58' title="bbox 501 4121 2070 4192">
    <p class='ocr_par' dir='ltr' id='par_1_58' title="bbox 501 4121 2070 4192">
     <span class='ocr_line' id='line_1_58' title="bbox 501 4121 2070 4192; baseline -0.006 -9"><span class='ocrx_word' id='word_1_410' title='bbox 501 4129 750 4192; x_wconf 86' lang='lat' dir='ltr'><strong>venisset,</strong></span> <span class='ocrx_word' id='word_1_411' title='bbox 777 4126 1149 4179; x_wconf 87' lang='lat' dir='ltr'><strong>Britannorum</strong></span> <span class='ocrx_word' id='word_1_412' title='bbox 1206 4122 1496 4191; x_wconf 78' lang='lat' dir='ltr'><strong>principem</strong></span> <span class='ocrx_word' id='word_1_413' title='bbox 1527 4121 1681 4187; x_wconf 89' lang='lat' dir='ltr'><strong>adiit,</strong></span> <span class='ocrx_word' id='word_1_414' title='bbox 1710 4134 1905 4176; x_wconf 89' lang='lat' dir='ltr'><strong>causas</strong></span> <span class='ocrx_word' id='word_1_415' title='bbox 1929 4121 2070 4188; x_wconf 87' lang='lat' dir='ltr'><strong>pacti</strong></span> 
     </span>
    </p>
   </div>
   <div class='ocr_carea' id='block_1_59' title="bbox 501 4210 2072 4284">
    <p class='ocr_par' dir='ltr' id='par_1_59' title="bbox 501 4210 2072 4284">
     <span class='ocr_line' id='line_1_59' title="bbox 501 4210 2072 4284; baseline -0.006 -12"><span class='ocrx_word' id='word_1_416' title='bbox 501 4218 777 4280; x_wconf 87' lang='lat' dir='ltr'><strong>indicavit,</strong></span> <span class='ocrx_word' id='word_1_417' title='bbox 804 4214 949 4284; x_wconf 88' lang='lat' dir='ltr'><strong>pacis</strong></span> <span class='ocrx_word' id='word_1_418' title='bbox 1001 4212 1243 4268; x_wconf 85' lang='lat' dir='ltr'><strong>obsidem</strong></span> <span class='ocrx_word' id='word_1_419' title='bbox 1274 4210 1511 4279; x_wconf 87' lang='lat' dir='ltr'><strong>recepit;</strong></span> <span class='ocrx_word' id='word_1_420' title='bbox 1564 4221 1620 4264; x_wconf 91' lang='lat' dir='ltr'><strong>et</strong></span> <span class='ocrx_word' id='word_1_421' title='bbox 1658 4225 1779 4263; x_wconf 91' lang='lat' dir='ltr'><strong>cum</strong></span> <span class='ocrx_word' id='word_1_422' title='bbox 1828 4210 2072 4263; x_wconf 84' lang='lat' dir='ltr'><strong>nonnulli</strong></span> 
     </span>
    </p>
   </div>
   <div class='ocr_carea' id='block_1_60' title="bbox 503 4298 2068 4378">
    <p class='ocr_par' dir='ltr' id='par_1_60' title="bbox 503 4298 2068 4378">
     <span class='ocr_line' id='line_1_60' title="bbox 503 4298 2068 4378; baseline -0.007 -14"><span class='ocrx_word' id='word_1_423' title='bbox 503 4310 671 4378; x_wconf 85' lang='lat' dir='ltr'><strong>iurgia</strong></span> <span class='ocrx_word' id='word_1_424' title='bbox 700 4323 793 4363; x_wconf 84' lang='lat' dir='ltr'><strong>eos</strong></span> <span class='ocrx_word' id='word_1_425' title='bbox 820 4308 902 4361; x_wconf 86' lang='lat' dir='ltr'><strong>vel</strong></span> <span class='ocrx_word' id='word_1_426' title='bbox 932 4306 1069 4361; x_wconf 83' lang='lat' dir='ltr'><strong>bella</strong></span> <span class='ocrx_word' id='word_1_427' title='bbox 1094 4314 1283 4360; x_wconf 87' lang='lat' dir='ltr'><strong>mutuo</strong></span> <span class='ocrx_word' id='word_1_428' title='bbox 1310 4302 1413 4357; x_wconf 90' lang='lat' dir='ltr'><strong>sibi</strong></span> <span class='ocrx_word' id='word_1_429' title='bbox 1458 4298 1697 4357; x_wconf 87' lang='lat' dir='ltr'><strong>indicere</strong></span> <span class='ocrx_word' id='word_1_430' title='bbox 1720 4301 2068 4366; x_wconf 63' lang='lat' dir='ltr'><strong>aestimarent,</strong></span> 
     </span>
    </p>
   </div>
   <div class='ocr_carea' id='block_1_61' title="bbox 501 4394 2067 4468">
    <p class='ocr_par' dir='ltr' id='par_1_61' title="bbox 501 4394 2067 4468">
     <span class='ocr_line' id='line_1_61' title="bbox 501 4394 2067 4468; baseline -0.006 -15"><span class='ocrx_word' id='word_1_431' title='bbox 501 4410 648 4455; x_wconf 90' lang='lat' dir='ltr'><strong>tanta</strong></span> <span class='ocrx_word' id='word_1_432' title='bbox 678 4397 950 4468; x_wconf 61' lang='lat' dir='ltr'><strong>praefatum</strong></span> <span class='ocrx_word' id='word_1_433' title='bbox 982 4394 1276 4466; x_wconf 89' lang='lat' dir='ltr'><strong>principem</strong></span> <span class='ocrx_word' id='word_1_434' title='bbox 1306 4394 1635 4461; x_wconf 84' lang='lat' dir='ltr'><strong>benignitate</strong></span> <span class='ocrx_word' id='word_1_435' title='bbox 1664 4401 1719 4446; x_wconf 90' lang='lat' dir='ltr'><strong>et</strong></span> <span class='ocrx_word' id='word_1_436' title='bbox 1754 4398 2067 4447; x_wconf 59' lang='lat' dir='ltr'><strong>mansueto,</strong></span> 
     </span>
    </p>
   </div>
   <div class='ocr_carea' id='block_1_62' title="bbox 500 4483 2067 4551">
    <p class='ocr_par' dir='ltr' id='par_1_62' title="bbox 500 4483 2067 4551">
     <span class='ocr_line' id='line_1_62' title="bbox 500 4483 2067 4551; baseline -0.006 -6"><span class='ocrx_word' id='word_1_437' title='bbox 500 4494 625 4547; x_wconf 87' lang='lat' dir='ltr'><strong>dine</strong></span> <span class='ocrx_word' id='word_1_438' title='bbox 658 4506 721 4545; x_wconf 89' lang='lat' dir='ltr'><strong>ac</strong></span> <span class='ocrx_word' id='word_1_439' title='bbox 749 4490 971 4544; x_wconf 88' lang='lat' dir='ltr'><strong>lenitate</strong></span> <span class='ocrx_word' id='word_1_440' title='bbox 996 4487 1241 4551; x_wconf 82' lang='lat' dir='ltr'><strong>attraxit,</strong></span> <span class='ocrx_word' id='word_1_441' title='bbox 1274 4494 1330 4540; x_wconf 91' lang='lat' dir='ltr'><strong>ut</strong></span> <span class='ocrx_word' id='word_1_442' title='bbox 1354 4486 1513 4547; x_wconf 85' lang='lat' dir='ltr'><strong>etiam</strong></span> <span class='ocrx_word' id='word_1_443' title='bbox 1542 4500 1721 4539; x_wconf 89' lang='lat' dir='ltr'><strong>secum</strong></span> <span class='ocrx_word' id='word_1_444' title='bbox 1748 4499 1870 4539; x_wconf 89' lang='lat' dir='ltr'><strong>cum</strong></span> <span class='ocrx_word' id='word_1_445' title='bbox 1900 4483 2067 4537; x_wconf 84' lang='lat' dir='ltr'><strong>addu-</strong></span> 
     </span>
    </p>
   </div>
   <div class='ocr_carea' id='block_1_63' title="bbox 2194 1968 3747 2042">
    <p class='ocr_par' dir='ltr' id='par_1_63' title="bbox 2194 1968 3747 2042">
     <span class='ocr_line' id='line_1_63' title="bbox 2194 1968 3747 2042; baseline 0.008 -23"><span class='ocrx_word' id='word_1_446' title='bbox 2194 1976 2277 2020; x_wconf 88' lang='lat' dir='ltr'><strong>est</strong></span> <span class='ocrx_word' id='word_1_447' title='bbox 2302 1970 2329 1997; x_wconf 78' lang='grc'><strong>⁸</strong></span> <span class='ocrx_word' id='word_1_448' title='bbox 2353 1968 2523 2023; x_wconf 88' lang='lat' dir='ltr'><strong>elatus</strong></span> <span class='ocrx_word' id='word_1_449' title='bbox 2545 1970 2599 2023; x_wconf 91' lang='lat' dir='ltr'><strong>in</strong></span> <span class='ocrx_word' id='word_1_450' title='bbox 2644 1970 2969 2039; x_wconf 84' lang='lat' dir='ltr'><strong>superbiam,</strong></span> <span class='ocrx_word' id='word_1_451' title='bbox 2997 1988 3272 2042; x_wconf 81' lang='lat' dir='ltr'><strong>nunquam</strong></span> <span class='ocrx_word' id='word_1_452' title='bbox 3292 1989 3488 2029; x_wconf 84' lang='lat' dir='ltr'><strong>servos</strong></span> <span class='ocrx_word' id='word_1_453' title='bbox 3508 1990 3634 2032; x_wconf 85' lang='lat' dir='ltr'><strong>suos</strong></span> <span class='ocrx_word' id='word_1_454' title='bbox 3666 1978 3747 2031; x_wconf 82' lang='lat' dir='ltr'><strong>0b-</strong></span> 
     </span>
    </p>
   </div>
   <div class='ocr_carea' id='block_1_64' title="bbox 2191 2056 3746 2131">
    <p class='ocr_par' dir='ltr' id='par_1_64' title="bbox 2191 2056 3746 2131">
     <span class='ocr_line' id='line_1_64' title="bbox 2191 2056 3746 2131; baseline 0.006 -22"><span class='ocrx_word' id='word_1_455' title='bbox 2191 2058 2349 2110; x_wconf 86' lang='lat' dir='ltr'><strong>ducta</strong></span> <span class='ocrx_word' id='word_1_456' title='bbox 2375 2056 2550 2111; x_wconf 83' lang='lat' dir='ltr'><strong>fronte</strong></span> <span class='ocrx_word' id='word_1_457' title='bbox 2570 2062 2930 2130; x_wconf 84' lang='lat' dir='ltr'><strong>contempsit;</strong></span> <span class='ocrx_word' id='word_1_458' title='bbox 2974 2062 3070 2116; x_wconf 87' lang='lat' dir='ltr'><strong>sed</strong></span> <span class='ocrx_word' id='word_1_459' title='bbox 3105 2064 3314 2117; x_wconf 85' lang='lat' dir='ltr'><strong>eunetis</strong></span> <span class='ocrx_word' id='word_1_460' title='bbox 3356 2064 3476 2131; x_wconf 86' lang='lat' dir='ltr'><strong>ipse</strong></span> <span class='ocrx_word' id='word_1_461' title='bbox 3506 2066 3746 2127; x_wconf 83' lang='lat' dir='ltr'><strong>amabilis,</strong></span> 
     </span>
    </p>
   </div>
   <div class='ocr_carea' id='block_1_65' title="bbox 2188 2148 3747 2219">
    <p class='ocr_par' dir='ltr' id='par_1_65' title="bbox 2188 2148 3747 2219">
     <span class='ocr_line' id='line_1_65' title="bbox 2188 2148 3747 2219; baseline 0.006 -20"><span class='ocrx_word' id='word_1_462' title='bbox 2188 2148 2460 2215; x_wconf 87' lang='lat' dir='ltr'><strong>principes</strong></span> <span class='ocrx_word' id='word_1_463' title='bbox 2480 2150 2734 2219; x_wconf 89' lang='lat' dir='ltr'><strong>diligebat</strong></span> <span class='ocrx_word' id='word_1_464' title='bbox 2761 2161 2823 2206; x_wconf 90' lang='lat' dir='ltr'><strong>ut</strong></span> <span class='ocrx_word' id='word_1_465' title='bbox 2870 2155 3081 2219; x_wconf 79' lang='lat' dir='ltr'><strong>fratres,</strong></span> <span class='ocrx_word' id='word_1_466' title='bbox 3111 2155 3471 2210; x_wconf 84' lang='lat' dir='ltr'><strong>venerabatur</strong></span> <span class='ocrx_word' id='word_1_467' title='bbox 3515 2163 3573 2209; x_wconf 88' lang='lat' dir='ltr'><strong>ut</strong></span> <span class='ocrx_word' id='word_1_468' title='bbox 3598 2156 3747 2209; x_wconf 44' lang='lat' dir='ltr'><strong>domi.</strong></span> 
     </span>
    </p>
   </div>
   <div class='ocr_carea' id='block_1_66' title="bbox 2188 2239 3749 2308">
    <p class='ocr_par' dir='ltr' id='par_1_66' title="bbox 2188 2239 3749 2308">
     <span class='ocr_line' id='line_1_66' title="bbox 2188 2239 3749 2308; baseline 0.006 -18"><span class='ocrx_word' id='word_1_469' title='bbox 2188 2251 2307 2301; x_wconf 89' lang='lat' dir='ltr'><strong>nos,</strong></span> <span class='ocrx_word' id='word_1_470' title='bbox 2334 2252 2519 2293; x_wconf 85' lang='lat' dir='ltr'><strong>eorum</strong></span> <span class='ocrx_word' id='word_1_471' title='bbox 2540 2239 2702 2292; x_wconf 87' lang='lat' dir='ltr'><strong>etiam</strong></span> <span class='ocrx_word' id='word_1_472' title='bbox 2735 2241 3027 2308; x_wconf 86' lang='lat' dir='ltr'><strong>ministros,</strong></span> <span class='ocrx_word' id='word_1_473' title='bbox 3051 2257 3116 2298; x_wconf 89' lang='lat' dir='ltr'><strong>ac</strong></span> <span class='ocrx_word' id='word_1_474' title='bbox 3135 2244 3443 2299; x_wconf 84' lang='lat' dir='ltr'><strong>universum</strong></span> <span class='ocrx_word' id='word_1_475' title='bbox 3474 2244 3658 2302; x_wconf 79' lang='lat' dir='ltr'><strong>Palatii</strong></span> <span class='ocrx_word' id='word_1_476' title='bbox 3677 2264 3749 2301; x_wconf 88' lang='lat' dir='ltr'><strong>or-</strong></span> 
     </span>
    </p>
   </div>
   <div class='ocr_carea' id='block_1_67' title="bbox 2187 2328 3749 2399">
    <p class='ocr_par' dir='ltr' id='par_1_67' title="bbox 2187 2328 3749 2399">
     <span class='ocr_line' id='line_1_67' title="bbox 2187 2328 3749 2399; baseline 0.006 -18"><span class='ocrx_word' id='word_1_477' title='bbox 2187 2328 2386 2392; x_wconf 86' lang='lat' dir='ltr'><strong>dinem,</strong></span> <span class='ocrx_word' id='word_1_478' title='bbox 2410 2343 2547 2397; x_wconf 90' lang='lat' dir='ltr'><strong>quos</strong></span> <span class='ocrx_word' id='word_1_479' title='bbox 2574 2330 2768 2398; x_wconf 84' lang='lat' dir='ltr'><strong>regalis</strong></span> <span class='ocrx_word' id='word_1_480' title='bbox 2788 2329 3158 2399; x_wconf 81' lang='lat' dir='ltr'><strong>frequentatur</strong></span> <span class='ocrx_word' id='word_1_481' title='bbox 3177 2334 3420 2399; x_wconf 86' lang='lat' dir='ltr'><strong>ambitio,</strong></span> <span class='ocrx_word' id='word_1_482' title='bbox 3461 2337 3749 2391; x_wconf 81' lang='lat' dir='ltr'><strong>concordis-</strong></span> 
     </span>
    </p>
   </div>
   <div class='ocr_carea' id='block_1_68' title="bbox 2186 2415 3513 2493">
    <p class='ocr_par' dir='ltr' id='par_1_68' title="bbox 2186 2415 3513 2493">
     <span class='ocr_line' id='line_1_68' title="bbox 2186 2415 3513 2493; baseline 0.006 -25"><span class='ocrx_word' id='word_1_483' title='bbox 2186 2416 2323 2469; x_wconf 89' lang='lat' dir='ltr'><strong>simo</strong></span> <span class='ocrx_word' id='word_1_484' title='bbox 2348 2415 2448 2469; x_wconf 88' lang='lat' dir='ltr'><strong>sibi</strong></span> <span class='ocrx_word' id='word_1_485' title='bbox 2477 2417 2755 2493; x_wconf 74' lang='lat' dir='ltr'><strong>cliaritatis</strong></span> <span class='ocrx_word' id='word_1_486' title='bbox 2779 2418 3243 2485; x_wconf 85' lang='lat' dir='ltr'><strong>conglutinaverat</strong></span> <span class='ocrx_word' id='word_1_487' title='bbox 3274 2419 3513 2476; x_wconf 69' lang='lat' dir='ltr'><strong>\iilCUlO.</strong></span> 
     </span>
    </p>
   </div>
   <div class='ocr_carea' id='block_1_69' title="bbox 2699 2524 3176 2583">
    <p class='ocr_par' dir='ltr' id='par_1_69' title="bbox 2699 2524 3176 2583">
     <span class='ocr_line' id='line_1_69' title="bbox 2699 2524 3176 2583; baseline -0.004 0"><span class='ocrx_word' id='word_1_488' title='bbox 2699 2525 2703 2531; x_wconf 82' lang='grc'><em>’</em></span> <span class='ocrx_word' id='word_1_489' title='bbox 2783 2524 3012 2583; x_wconf 83' lang='lat' dir='ltr'><strong>CAPUT</strong></span> <span class='ocrx_word' id='word_1_490' title='bbox 3042 2527 3176 2582; x_wconf 84' lang='lat' dir='ltr'><strong>XIV.</strong></span> 
     </span>
    </p>
   </div>
   <div class='ocr_carea' id='block_1_70' title="bbox 2184 2627 3747 2761">
    <p class='ocr_par' dir='ltr' id='par_1_70' title="bbox 2184 2627 3747 2761">
     <span class='ocr_line' id='line_1_70' title="bbox 2184 2627 3747 2761; baseline 0.002 -71"><span class='ocrx_word' id='word_1_491' title='bbox 2184 2638 2330 2707; x_wconf 80' lang='lat' dir='ltr'><strong>Apud</strong></span> <span class='ocrx_word' id='word_1_492' title='bbox 2357 2655 2523 2709; x_wconf 82' lang='lat' dir='ltr'><strong>regem</strong></span> <span class='ocrx_word' id='word_1_493' title='bbox 2552 2627 2896 2710; x_wconf 73' lang='lat' dir='ltr'><strong>Dagobertnm</strong></span> <span class='ocrx_word' id='word_1_494' title='bbox 2934 2639 3179 2761; x_wconf 49' lang='lat' dir='ltr'><strong>qbuifqtts&#39;d</strong></span> <span class='ocrx_word' id='word_1_495' title='bbox 3228 2644 3581 2710; x_wconf 75' lang='lat' dir='ltr'><strong>poposcisset,</strong></span> <span class='ocrx_word' id='word_1_496' title='bbox 3634 2644 3747 2697; x_wconf 71' lang='lat' dir='ltr'><strong>olli-</strong></span> 
     </span>
     <span class='ocr_line' id='line_1_71' title="bbox 2888 2725 3060 2761; baseline 0 0"><span class='ocrx_word' id='word_1_497' title='bbox 2888 2725 2952 2761; x_wconf 85' lang='lat' dir='ltr'><strong>ne</strong></span> <span class='ocrx_word' id='word_1_498' title='bbox 2985 2726 3017 2761; x_wconf 91' lang='lat' dir='ltr'><strong>a</strong></span> <span class='ocrx_word' id='word_1_499' title='bbox 3045 2746 3060 2761; x_wconf 96' lang='lat'><strong>.</strong></span> 
     </span>
    </p>
   </div>
   <div class='ocr_carea' id='block_1_71' title="bbox 2888 2718 3060 2763">
    <p class='ocr_par' dir='ltr' id='par_1_71' title="bbox 2888 2718 3060 2763">
     <span class='ocr_line' id='line_1_72' title="bbox 2888 2718 3060 2763; baseline 0.012 -2"><span class='ocrx_word' id='word_1_500' title='bbox 2888 2718 3060 2763; x_wconf 83' lang='lat' dir='ltr'><strong>nebat.</strong></span> 
     </span>
    </p>
   </div>
   <div class='ocr_carea' id='block_1_72' title="bbox 2250 2817 3751 2892">
    <p class='ocr_par' dir='ltr' id='par_1_72' title="bbox 2250 2817 3751 2892">
     <span class='ocr_line' id='line_1_73' title="bbox 2250 2817 3751 2892; baseline 0.001 -21"><span class='ocrx_word' id='word_1_501' title='bbox 2250 2817 2420 2873; x_wconf 86' lang='lat' dir='ltr'><strong>Porro</strong></span> <span class='ocrx_word' id='word_1_502' title='bbox 2464 2834 2559 2874; x_wconf 79' lang='lat' dir='ltr'><strong>rex</strong></span> <span class='ocrx_word' id='word_1_503' title='bbox 2608 2818 2938 2887; x_wconf 87' lang='lat' dir='ltr'><strong>Dagobertus</strong></span> <span class='ocrx_word' id='word_1_504' title='bbox 2966 2826 3199 2888; x_wconf 85' lang='lat' dir='ltr'><strong>torrens,</strong></span> <span class='ocrx_word' id='word_1_505' title='bbox 3227 2819 3473 2888; x_wconf 76' lang='lat' dir='ltr'><strong>pulcher,</strong></span> <span class='ocrx_word' id='word_1_506' title='bbox 3509 2832 3566 2875; x_wconf 86' lang='lat' dir='ltr'><strong>et</strong></span> <span class='ocrx_word' id='word_1_507' title='bbox 3601 2822 3751 2892; x_wconf 76' lang='lat' dir='ltr'><strong>incly-</strong></span> 
     </span>
    </p>
   </div>
   <div class='ocr_carea' id='block_1_73' title="bbox 2182 2908 3749 2976">
    <p class='ocr_par' dir='ltr' id='par_1_73' title="bbox 2182 2908 3749 2976">
     <span class='ocr_line' id='line_1_74' title="bbox 2182 2908 3749 2976; baseline 0 -13"><span class='ocrx_word' id='word_1_508' title='bbox 2182 2917 2286 2976; x_wconf 90' lang='lat' dir='ltr'><strong>tus,</strong></span> <span class='ocrx_word' id='word_1_509' title='bbox 2317 2911 2391 2963; x_wconf 89' lang='lat' dir='ltr'><strong>ita</strong></span> <span class='ocrx_word' id='word_1_510' title='bbox 2434 2918 2491 2963; x_wconf 92' lang='lat' dir='ltr'><strong>ut</strong></span> <span class='ocrx_word' id='word_1_511' title='bbox 2519 2910 2697 2963; x_wconf 87' lang='lat' dir='ltr'><strong>nullus</strong></span> <span class='ocrx_word' id='word_1_512' title='bbox 2738 2909 2787 2964; x_wconf 89' lang='lat' dir='ltr'><strong>ei</strong></span> <span class='ocrx_word' id='word_1_513' title='bbox 2828 2909 3016 2964; x_wconf 85' lang='lat' dir='ltr'><strong>smilis</strong></span> <span class='ocrx_word' id='word_1_514' title='bbox 3065 2908 3224 2965; x_wconf 84' lang='lat' dir='ltr'><strong>fuerit</strong></span> <span class='ocrx_word' id='word_1_515' title='bbox 3265 2912 3317 2964; x_wconf 86' lang='lat' dir='ltr'><strong>in</strong></span> <span class='ocrx_word' id='word_1_516' title='bbox 3366 2912 3577 2966; x_wconf 83' lang='lat' dir='ltr'><strong>cunctis</strong></span> <span class='ocrx_word' id='word_1_517' title='bbox 3622 2922 3749 2966; x_wconf 81' lang='lat' dir='ltr'><strong>retro</strong></span> 
     </span>
    </p>
   </div>
   <div class='ocr_carea' id='block_1_74' title="bbox 2180 2996 3749 3066">
    <p class='ocr_par' dir='ltr' id='par_1_74' title="bbox 2180 2996 3749 3066">
     <span class='ocr_line' id='line_1_75' title="bbox 2180 2996 3749 3066; baseline 0.001 -16"><span class='ocrx_word' id='word_1_518' title='bbox 2180 2996 2507 3051; x_wconf 86' lang='lat' dir='ltr'><strong>Francorum</strong></span> <span class='ocrx_word' id='word_1_519' title='bbox 2562 2997 2809 3063; x_wconf 85' lang='lat' dir='ltr'><strong>regibus,</strong></span> <span class='ocrx_word' id='word_1_520' title='bbox 2860 2998 2913 3049; x_wconf 92' lang='lat' dir='ltr'><strong>in</strong></span> <span class='ocrx_word' id='word_1_521' title='bbox 2966 3006 3172 3051; x_wconf 88' lang='lat' dir='ltr'><strong>tantum</strong></span> <span class='ocrx_word' id='word_1_522' title='bbox 3218 2999 3475 3066; x_wconf 84' lang='lat' dir='ltr'><strong>diligebat</strong></span> <span class='ocrx_word' id='word_1_523' title='bbox 3523 3014 3662 3063; x_wconf 88' lang='lat' dir='ltr'><strong>eum,</strong></span> <span class='ocrx_word' id='word_1_524' title='bbox 3702 3012 3749 3052; x_wconf 86' lang='lat' dir='ltr'><strong>ut</strong></span> 
     </span>
    </p>
   </div>
   <div class='ocr_carea' id='block_1_75' title="bbox 2178 3070 3746 3158">
    <p class='ocr_par' dir='ltr' id='par_1_75' title="bbox 2178 3070 3746 3158">
     <span class='ocr_line' id='line_1_76' title="bbox 2178 3070 3746 3158; baseline 0.004 -22"><span class='ocrx_word' id='word_1_525' title='bbox 2178 3086 2481 3154; x_wconf 83' lang='lat' dir='ltr'><strong>frequenter</strong></span> <span class='ocrx_word' id='word_1_526' title='bbox 2526 3085 2755 3139; x_wconf 86' lang='lat' dir='ltr'><strong>catervis</strong></span> <span class='ocrx_word' id='word_1_527' title='bbox 2790 3085 3113 3155; x_wconf 87' lang='lat' dir='ltr'><strong>principum,</strong></span> <span class='ocrx_word' id='word_1_528' title='bbox 3162 3097 3480 3157; x_wconf 86' lang='lat' dir='ltr'><strong>apumatnm</strong></span> <span class='ocrx_word' id='word_1_529' title='bbox 3529 3070 3746 3158; x_wconf 80' lang='lat' dir='ltr'><strong>quoque.</strong></span> 
     </span>
    </p>
   </div>
   <div class='ocr_carea' id='block_1_76' title="bbox 2180 3159 3749 3244">
    <p class='ocr_par' dir='ltr' id='par_1_76' title="bbox 2180 3159 3749 3244">
     <span class='ocr_line' id='line_1_77' title="bbox 2180 3159 3749 3244; baseline 0.003 -17"><span class='ocrx_word' id='word_1_530' title='bbox 2180 3183 2232 3227; x_wconf 88' lang='lat' dir='ltr'><strong>ct</strong></span> <span class='ocrx_word' id='word_1_531' title='bbox 2261 3159 2449 3228; x_wconf 75' lang='lat' dir='ltr'><strong>ducum</strong></span> <span class='ocrx_word' id='word_1_532' title='bbox 2494 3184 2652 3242; x_wconf 88' lang='lat' dir='ltr'><strong>atque</strong></span> <span class='ocrx_word' id='word_1_533' title='bbox 2698 3175 3069 3244; x_wconf 82' lang='lat' dir='ltr'><strong>episcoporum</strong></span> <span class='ocrx_word' id='word_1_534' title='bbox 3116 3192 3176 3231; x_wconf 83' lang='lat' dir='ltr'><strong>se</strong></span> <span class='ocrx_word' id='word_1_535' title='bbox 3219 3177 3569 3244; x_wconf 76' lang='lat' dir='ltr'><strong>subtrahens,</strong></span> <span class='ocrx_word' id='word_1_536' title='bbox 3618 3178 3749 3244; x_wconf 84' lang='lat' dir='ltr'><strong>Eligii</strong></span> 
     </span>
    </p>
   </div>
   <div class='ocr_carea' id='block_1_77' title="bbox 2179 3252 3749 3337">
    <p class='ocr_par' dir='ltr' id='par_1_77' title="bbox 2179 3252 3749 3337">
     <span class='ocr_line' id='line_1_78' title="bbox 2179 3252 3749 3337; baseline 0.004 -21"><span class='ocrx_word' id='word_1_537' title='bbox 2179 3272 2386 3317; x_wconf 86' lang='lat' dir='ltr'><strong>secreta</strong></span> <span class='ocrx_word' id='word_1_538' title='bbox 2434 3274 2639 3330; x_wconf 86' lang='lat' dir='ltr'><strong>peteret</strong></span> <span class='ocrx_word' id='word_1_539' title='bbox 2690 3252 3077 3337; x_wconf 81' lang='lat' dir='ltr'><strong>conciliabula;</strong></span> <span class='ocrx_word' id='word_1_540' title='bbox 3123 3281 3246 3319; x_wconf 89' lang='lat' dir='ltr'><strong>nam</strong></span> <span class='ocrx_word' id='word_1_541' title='bbox 3293 3269 3555 3337; x_wconf 82' lang='lat' dir='ltr'><strong>quidquid</strong></span> <span class='ocrx_word' id='word_1_542' title='bbox 3597 3270 3749 3323; x_wconf 82' lang='lat' dir='ltr'><strong>eidem</strong></span> 
     </span>
    </p>
   </div>
   <div class='ocr_carea' id='block_1_78' title="bbox 2178 3349 3750 3426">
    <p class='ocr_par' dir='ltr' id='par_1_78' title="bbox 2178 3349 3750 3426">
     <span class='ocr_line' id='line_1_79' title="bbox 2178 3349 3750 3426; baseline 0.005 -24"><span class='ocrx_word' id='word_1_543' title='bbox 2178 3349 2378 3417; x_wconf 85' lang='lat' dir='ltr'><strong>Eligius</strong></span> <span class='ocrx_word' id='word_1_544' title='bbox 2408 3352 2746 3419; x_wconf 84' lang='lat' dir='ltr'><strong>postulasset,</strong></span> <span class='ocrx_word' id='word_1_545' title='bbox 2779 3354 2979 3422; x_wconf 87' lang='lat' dir='ltr'><strong>absque</strong></span> <span class='ocrx_word' id='word_1_546' title='bbox 3008 3353 3113 3407; x_wconf 80' lang='lat' dir='ltr'><strong>ulla</strong></span> <span class='ocrx_word' id='word_1_547' title='bbox 3136 3354 3265 3407; x_wconf 85' lang='lat' dir='ltr'><strong>dilat</strong></span> <span class='ocrx_word' id='word_1_548' title='bbox 3287 3371 3393 3410; x_wconf 89' lang='lat' dir='ltr'><strong>oue</strong></span> <span class='ocrx_word' id='word_1_549' title='bbox 3422 3359 3750 3426; x_wconf 65' lang='lat' dir='ltr'><strong>impetrabat,</strong></span> 
     </span>
    </p>
   </div>
   <div class='ocr_carea' id='block_1_79' title="bbox 2176 3441 3751 3517">
    <p class='ocr_par' dir='ltr' id='par_1_79' title="bbox 2176 3441 3751 3517">
     <span class='ocr_line' id='line_1_80' title="bbox 2176 3441 3751 3517; baseline 0.004 -24"><span class='ocrx_word' id='word_1_550' title='bbox 2176 3441 2431 3510; x_wconf 86' lang='lat' dir='ltr'><strong>quidquid</strong></span> <span class='ocrx_word' id='word_1_551' title='bbox 2484 3456 2609 3495; x_wconf 80' lang='lat' dir='ltr'><strong>vero</strong></span> <span class='ocrx_word' id='word_1_552' title='bbox 2652 3443 2878 3510; x_wconf 82' lang='lat' dir='ltr'><strong>adipisci</strong></span> <span class='ocrx_word' id='word_1_553' title='bbox 2927 3444 3227 3513; x_wconf 88' lang='lat' dir='ltr'><strong>potuisset,</strong></span> <span class='ocrx_word' id='word_1_554' title='bbox 3287 3447 3338 3498; x_wconf 86' lang='lat' dir='ltr'><strong>in</strong></span> <span class='ocrx_word' id='word_1_555' title='bbox 3395 3447 3751 3517; x_wconf 71' lang='lat' dir='ltr'><strong>eleemosynas</strong></span> 
     </span>
    </p>
   </div>
   <div class='ocr_carea' id='block_1_80' title="bbox 2175 3535 3749 3603">
    <p class='ocr_par' dir='ltr' id='par_1_80' title="bbox 2175 3535 3749 3603">
     <span class='ocr_line' id='line_1_81' title="bbox 2175 3535 3749 3603; baseline 0.001 -15"><span class='ocrx_word' id='word_1_556' title='bbox 2175 3535 2466 3603; x_wconf 83' lang='lat' dir='ltr'><strong>egentium,</strong></span> <span class='ocrx_word' id='word_1_557' title='bbox 2497 3535 2549 3587; x_wconf 90' lang='lat' dir='ltr'><strong>in</strong></span> <span class='ocrx_word' id='word_1_558' title='bbox 2582 3535 2752 3603; x_wconf 87' lang='lat' dir='ltr'><strong>pretia</strong></span> <span class='ocrx_word' id='word_1_559' title='bbox 2778 3536 3129 3603; x_wconf 84' lang='lat' dir='ltr'><strong>captivorum,</strong></span> <span class='ocrx_word' id='word_1_560' title='bbox 3164 3538 3215 3589; x_wconf 90' lang='lat' dir='ltr'><strong>in</strong></span> <span class='ocrx_word' id='word_1_561' title='bbox 3241 3536 3484 3592; x_wconf 88' lang='lat' dir='ltr'><strong>remedia</strong></span> <span class='ocrx_word' id='word_1_562' title='bbox 3512 3538 3749 3592; x_wconf 83' lang='lat' dir='ltr'><strong>debilium</strong></span> 
     </span>
    </p>
   </div>
   <div class='ocr_carea' id='block_1_81' title="bbox 2176 3624 3749 3701">
    <p class='ocr_par' dir='ltr' id='par_1_81' title="bbox 2176 3624 3749 3701">
     <span class='ocr_line' id='line_1_82' title="bbox 2176 3624 3749 3701; baseline 0.003 -24"><span class='ocrx_word' id='word_1_563' title='bbox 2176 3624 2525 3693; x_wconf 71' lang='lat' dir='ltr'><strong>espendebat,</strong></span> <span class='ocrx_word' id='word_1_564' title='bbox 2560 3626 2699 3679; x_wconf 73' lang='lat' dir='ltr'><strong>unde</strong></span> <span class='ocrx_word' id='word_1_565' title='bbox 2723 3633 2777 3679; x_wconf 88' lang='lat' dir='ltr'><strong>et</strong></span> <span class='ocrx_word' id='word_1_566' title='bbox 2806 3624 2919 3695; x_wconf 89' lang='lat' dir='ltr'><strong>ipse</strong></span> <span class='ocrx_word' id='word_1_567' title='bbox 2953 3626 3199 3701; x_wconf 80' lang='lat' dir='ltr'><strong>princeps</strong></span> <span class='ocrx_word' id='word_1_568' title='bbox 3238 3626 3601 3683; x_wconf 82' lang='lat' dir='ltr'><strong>libentissime</strong></span> <span class='ocrx_word' id='word_1_569' title='bbox 3626 3644 3749 3697; x_wconf 71' lang='lat' dir='ltr'><strong>pra:-</strong></span> 
     </span>
    </p>
   </div>
   <div class='ocr_carea' id='block_1_82' title="bbox 2174 3717 3746 3790">
    <p class='ocr_par' dir='ltr' id='par_1_82' title="bbox 2174 3717 3746 3790">
     <span class='ocr_line' id='line_1_83' title="bbox 2174 3717 3746 3790; baseline 0.004 -21"><span class='ocrx_word' id='word_1_570' title='bbox 2174 3718 2353 3770; x_wconf 85' lang='lat' dir='ltr'><strong>stabat</strong></span> <span class='ocrx_word' id='word_1_571' title='bbox 2377 3717 2521 3785; x_wconf 90' lang='lat' dir='ltr'><strong>quod</strong></span> <span class='ocrx_word' id='word_1_572' title='bbox 2548 3718 2754 3772; x_wconf 88' lang='lat' dir='ltr'><strong>sciebat</strong></span> <span class='ocrx_word' id='word_1_573' title='bbox 2783 3732 2889 3771; x_wconf 91' lang='lat' dir='ltr'><strong>non</strong></span> <span class='ocrx_word' id='word_1_574' title='bbox 2928 3719 3019 3772; x_wconf 84' lang='lat' dir='ltr'><strong>uni</strong></span> <span class='ocrx_word' id='word_1_575' title='bbox 3038 3758 3053 3781; x_wconf 91' lang='lat'><strong>,</strong></span> <span class='ocrx_word' id='word_1_576' title='bbox 3086 3720 3182 3772; x_wconf 85' lang='lat' dir='ltr'><strong>sed</strong></span> <span class='ocrx_word' id='word_1_577' title='bbox 3211 3718 3455 3787; x_wconf 83' lang='lat' dir='ltr'><strong>pluribus</strong></span> <span class='ocrx_word' id='word_1_578' title='bbox 3483 3719 3746 3790; x_wconf 73' lang='lat' dir='ltr'><strong>prodesse.</strong></span> 
     </span>
    </p>
   </div>
   <div class='ocr_carea' id='block_1_83' title="bbox 2775 3827 3139 3883">
    <p class='ocr_par' dir='ltr' id='par_1_83' title="bbox 2775 3827 3139 3883">
     <span class='ocr_line' id='line_1_84' title="bbox 2775 3827 3139 3883; baseline 0 -1"><span class='ocrx_word' id='word_1_579' title='bbox 2775 3828 2999 3883; x_wconf 83' lang='lat' dir='ltr'><strong>CAPUT</strong></span> <span class='ocrx_word' id='word_1_580' title='bbox 3027 3827 3139 3882; x_wconf 86' lang='lat' dir='ltr'><strong>XV.</strong></span> 
     </span>
    </p>
   </div>
   <div class='ocr_carea' id='block_1_84' title="bbox 2249 3920 3745 3993">
    <p class='ocr_par' dir='ltr' id='par_1_84' title="bbox 2249 3920 3745 3993">
     <span class='ocr_line' id='line_1_85' title="bbox 2249 3920 3745 3993; baseline -0.001 -17"><span class='ocrx_word' id='word_1_581' title='bbox 2249 3922 2359 3989; x_wconf 78' lang='lat' dir='ltr'><strong>Quo</strong></span> <span class='ocrx_word' id='word_1_582' title='bbox 2396 3922 2574 3976; x_wconf 75' lang='lat' dir='ltr'><strong>ordine</strong></span> <span class='ocrx_word' id='word_1_583' title='bbox 2614 3923 2981 3976; x_wconf 77' lang='lat' dir='ltr'><strong>monasterium</strong></span> <span class='ocrx_word' id='word_1_584' title='bbox 3022 3920 3441 3976; x_wconf 78' lang='lat' dir='ltr'><strong>Solemniacesue</strong></span> <span class='ocrx_word' id='word_1_585' title='bbox 3463 3924 3745 3993; x_wconf 63' lang='lat' dir='ltr'><strong>adiﬁrasit.</strong></span> 
     </span>
    </p>
   </div>
   <div class='ocr_carea' id='block_1_85' title="bbox 2176 4034 3748 4104">
    <p class='ocr_par' dir='ltr' id='par_1_85' title="bbox 2176 4034 3748 4104">
     <span class='ocr_line' id='line_1_86' title="bbox 2176 4034 3748 4104; baseline -0.001 -16"><span class='ocrx_word' id='word_1_586' title='bbox 2176 4034 2413 4102; x_wconf 87' lang='lat' dir='ltr'><strong>Denique</strong></span> <span class='ocrx_word' id='word_1_587' title='bbox 2440 4034 2579 4089; x_wconf 88' lang='lat' dir='ltr'><strong>inter</strong></span> <span class='ocrx_word' id='word_1_588' title='bbox 2606 4042 2803 4089; x_wconf 63' lang='lat' dir='ltr'><strong>cetera</strong></span> <span class='ocrx_word' id='word_1_589' title='bbox 2849 4034 3108 4104; x_wconf 75' lang='lat' dir='ltr'><strong>expetivit</strong></span> <span class='ocrx_word' id='word_1_590' title='bbox 3134 4035 3206 4099; x_wconf 82' lang='lat' dir='ltr'><strong>ab</strong></span> <span class='ocrx_word' id='word_1_591' title='bbox 3226 4049 3319 4100; x_wconf 41' lang='lat' dir='ltr'><strong>.eo</strong></span> <span class='ocrx_word' id='word_1_592' title='bbox 3356 4034 3544 4089; x_wconf 86' lang='lat' dir='ltr'><strong>villam</strong></span> <span class='ocrx_word' id='word_1_593' title='bbox 3572 4048 3748 4103; x_wconf 82' lang='lat' dir='ltr'><strong>quam-</strong></span> 
     </span>
    </p>
   </div>
   <div class='ocr_carea' id='block_1_86' title="bbox 2173 4121 3749 4195">
    <p class='ocr_par' dir='ltr' id='par_1_86' title="bbox 2173 4121 3749 4195">
     <span class='ocr_line' id='line_1_87' title="bbox 2173 4121 3749 4195; baseline 0.003 -18"><span class='ocrx_word' id='word_1_594' title='bbox 2173 4124 2293 4177; x_wconf 92' lang='lat' dir='ltr'><strong>dam</strong></span> <span class='ocrx_word' id='word_1_595' title='bbox 2324 4124 2377 4177; x_wconf 88' lang='lat' dir='ltr'><strong>in</strong></span> <span class='ocrx_word' id='word_1_596' title='bbox 2414 4138 2536 4178; x_wconf 89' lang='lat' dir='ltr'><strong>rure</strong></span> <span class='ocrx_word' id='word_1_597' title='bbox 2579 4121 2923 4179; x_wconf 86' lang='lat' dir='ltr'><strong>Lemovicino</strong></span> <span class='ocrx_word' id='word_1_598' title='bbox 2948 4126 3363 4195; x_wconf 87' lang='lat' dir='ltr'><strong>cognominante</strong></span> <span class='ocrx_word' id='word_1_599' title='bbox 3388 4126 3749 4181; x_wconf 79' lang='lat' dir='ltr'><strong>Solemuiaeo-</strong></span> 
     </span>
    </p>
   </div>
   <div class='ocr_carea' id='block_1_87' title="bbox 2172 4213 3748 4285">
    <p class='ocr_par' dir='ltr' id='par_1_87' title="bbox 2172 4213 3748 4285">
     <span class='ocr_line' id='line_1_88' title="bbox 2172 4213 3748 4285; baseline 0 -17"><span class='ocrx_word' id='word_1_600' title='bbox 2172 4214 2397 4285; x_wconf 83' lang='lat' dir='ltr'><strong>dicens:</strong></span> <span class='ocrx_word' id='word_1_601' title='bbox 2447 4215 2594 4268; x_wconf 85' lang='lat' dir='ltr'><strong>Hauc</strong></span> <span class='ocrx_word' id='word_1_602' title='bbox 2638 4215 2787 4279; x_wconf 86' lang='lat' dir='ltr'><strong>mihi,</strong></span> <span class='ocrx_word' id='word_1_603' title='bbox 2838 4213 3061 4269; x_wconf 85' lang='lat' dir='ltr'><strong>Domine</strong></span> <span class='ocrx_word' id='word_1_604' title='bbox 3108 4215 3179 4268; x_wconf 86' lang='lat' dir='ltr'><strong>mi</strong></span> <span class='ocrx_word' id='word_1_605' title='bbox 3224 4230 3338 4279; x_wconf 78' lang='lat' dir='ltr'><strong>rex,</strong></span> <span class='ocrx_word' id='word_1_606' title='bbox 3372 4226 3639 4271; x_wconf 67' lang='lat' dir='ltr'><strong>serenitas</strong></span> <span class='ocrx_word' id='word_1_607' title='bbox 3675 4222 3748 4268; x_wconf 84' lang='lat' dir='ltr'><strong>tua</strong></span> 
     </span>
    </p>
   </div>
   <div class='ocr_carea' id='block_1_88' title="bbox 2173 4306 3748 4377">
    <p class='ocr_par' dir='ltr' id='par_1_88' title="bbox 2173 4306 3748 4377">
     <span class='ocr_line' id='line_1_89' title="bbox 2173 4306 3748 4377; baseline 0 -16"><span class='ocrx_word' id='word_1_608' title='bbox 2173 4306 2452 4372; x_wconf 71' lang='lat' dir='ltr'><strong>concedat,</strong></span> <span class='ocrx_word' id='word_1_609' title='bbox 2480 4321 2587 4375; x_wconf 90' lang='lat' dir='ltr'><strong>quo</strong></span> <span class='ocrx_word' id='word_1_610' title='bbox 2614 4307 2813 4377; x_wconf 89' lang='lat' dir='ltr'><strong>possim</strong></span> <span class='ocrx_word' id='word_1_611' title='bbox 2848 4307 2918 4361; x_wconf 91' lang='lat' dir='ltr'><strong>ibi</strong></span> <span class='ocrx_word' id='word_1_612' title='bbox 2946 4316 2999 4362; x_wconf 85' lang='lat' dir='ltr'><strong>et</strong></span> <span class='ocrx_word' id='word_1_613' title='bbox 3030 4306 3156 4360; x_wconf 84' lang='lat' dir='ltr'><strong>mihi</strong></span> <span class='ocrx_word' id='word_1_614' title='bbox 3184 4316 3239 4361; x_wconf 89' lang='lat' dir='ltr'><strong>et</strong></span> <span class='ocrx_word' id='word_1_615' title='bbox 3280 4306 3377 4360; x_wconf 86' lang='lat' dir='ltr'><strong>tibi</strong></span> <span class='ocrx_word' id='word_1_616' title='bbox 3402 4308 3610 4363; x_wconf 84' lang='lat' dir='ltr'><strong>scalam</strong></span> <span class='ocrx_word' id='word_1_617' title='bbox 3632 4321 3748 4361; x_wconf 79' lang='lat' dir='ltr'><strong>cou-</strong></span> 
     </span>
    </p>
   </div>
   <div class='ocr_carea' id='block_1_89' title="bbox 2173 4398 3751 4469">
    <p class='ocr_par' dir='ltr' id='par_1_89' title="bbox 2173 4398 3751 4469">
     <span class='ocr_line' id='line_1_90' title="bbox 2173 4398 3751 4469; baseline -0.003 -16"><span class='ocrx_word' id='word_1_618' title='bbox 2173 4406 2402 4466; x_wconf 87' lang='lat' dir='ltr'><strong>struere,</strong></span> <span class='ocrx_word' id='word_1_619' title='bbox 2430 4414 2525 4469; x_wconf 87' lang='lat' dir='ltr'><strong>per</strong></span> <span class='ocrx_word' id='word_1_620' title='bbox 2550 4414 2708 4468; x_wconf 90' lang='lat' dir='ltr'><strong>quam</strong></span> <span class='ocrx_word' id='word_1_621' title='bbox 2738 4413 3043 4454; x_wconf 89' lang='lat' dir='ltr'><strong>mereamur</strong></span> <span class='ocrx_word' id='word_1_622' title='bbox 3063 4398 3129 4453; x_wconf 93' lang='lat' dir='ltr'><strong>ad</strong></span> <span class='ocrx_word' id='word_1_623' title='bbox 3157 4398 3395 4454; x_wconf 70' lang='lat' dir='ltr'><strong>ccclestia</strong></span> <span class='ocrx_word' id='word_1_624' title='bbox 3425 4412 3599 4467; x_wconf 80' lang='lat' dir='ltr'><strong>regna</strong></span> <span class='ocrx_word' id='word_1_625' title='bbox 3626 4404 3751 4451; x_wconf 82' lang='lat' dir='ltr'><strong>ster-</strong></span> 
     </span>
    </p>
   </div>
   <div class='ocr_carea' id='block_1_90' title="bbox 2174 4489 3749 4564">
    <p class='ocr_par' dir='ltr' id='par_1_90' title="bbox 2174 4489 3749 4564">
     <span class='ocr_line' id='line_1_91' title="bbox 2174 4489 3749 4564; baseline -0.004 -16"><span class='ocrx_word' id='word_1_626' title='bbox 2174 4509 2277 4564; x_wconf 88' lang='lat' dir='ltr'><strong>que</strong></span> <span class='ocrx_word' id='word_1_627' title='bbox 2305 4494 2687 4548; x_wconf 87' lang='lat' dir='ltr'><strong>conscendere.</strong></span> <span class='ocrx_word' id='word_1_628' title='bbox 2711 4492 2883 4557; x_wconf 83' lang='lat' dir='ltr'><strong>Quam</strong></span> <span class='ocrx_word' id='word_1_629' title='bbox 2905 4493 3028 4559; x_wconf 75' lang='lat' dir='ltr'><strong>ejus</strong></span> <span class='ocrx_word' id='word_1_630' title='bbox 3056 4490 3367 4560; x_wconf 85' lang='lat' dir='ltr'><strong>petitionem</strong></span> <span class='ocrx_word' id='word_1_631' title='bbox 3414 4489 3650 4544; x_wconf 82' lang='lat' dir='ltr'><strong>libenter</strong></span> <span class='ocrx_word' id='word_1_632' title='bbox 3669 4502 3749 4541; x_wconf 77' lang='lat' dir='ltr'><strong>rex</strong></span> 
     </span>
    </p>
   </div>
   <div class='ocr_carea' id='block_1_91' title="bbox 504 4574 3751 4648">
    <p class='ocr_par' dir='ltr' id='par_1_91' title="bbox 504 4574 3751 4648">
     <span class='ocr_line' id='line_1_92' title="bbox 504 4574 3751 4648; baseline -0.004 -9"><span class='ocrx_word' id='word_1_633' title='bbox 504 4599 629 4639; x_wconf 85' lang='lat' dir='ltr'><strong>cere</strong></span> <span class='ocrx_word' id='word_1_634' title='bbox 659 4581 817 4637; x_wconf 91' lang='lat' dir='ltr'><strong>facile</strong></span> <span class='ocrx_word' id='word_1_635' title='bbox 842 4581 1113 4636; x_wconf 84' lang='lat' dir='ltr'><strong>suaderet.</strong></span> <span class='ocrx_word' id='word_1_636' title='bbox 1142 4578 1520 4633; x_wconf 83' lang='lat' dir='ltr'><strong>Commoratus</strong></span> <span class='ocrx_word' id='word_1_637' title='bbox 1549 4592 1677 4646; x_wconf 88' lang='lat' dir='ltr'><strong>ergo</strong></span> <span class='ocrx_word' id='word_1_638' title='bbox 1720 4577 1916 4632; x_wconf 86' lang='lat' dir='ltr'><strong>ibidem</strong></span> <span class='ocrx_word' id='word_1_639' title='bbox 1961 4577 2070 4629; x_wconf 88' lang='lat' dir='ltr'><strong>ali-</strong></span> <span class='ocrx_word' id='word_1_640' title='bbox 2104 4574 2151 4634; x_wconf 80' lang='grc' dir='ltr'><strong>Ι)</strong></span> <span class='ocrx_word' id='word_1_641' title='bbox 2174 4588 2313 4639; x_wconf 87' lang='lat' dir='ltr'><strong>sicut</strong></span> <span class='ocrx_word' id='word_1_642' title='bbox 2339 4582 2544 4637; x_wconf 77' lang='lat' dir='ltr'><strong>solebat</strong></span> <span class='ocrx_word' id='word_1_643' title='bbox 2582 4582 2794 4647; x_wconf 87' lang='lat' dir='ltr'><strong>annuit,</strong></span> <span class='ocrx_word' id='word_1_644' title='bbox 2845 4588 2901 4635; x_wconf 89' lang='lat' dir='ltr'><strong>et</strong></span> <span class='ocrx_word' id='word_1_645' title='bbox 2930 4580 3071 4648; x_wconf 86' lang='lat' dir='ltr'><strong>quod</strong></span> <span class='ocrx_word' id='word_1_646' title='bbox 3100 4586 3426 4648; x_wconf 79' lang='lat' dir='ltr'><strong>poposcerat</strong></span> <span class='ocrx_word' id='word_1_647' title='bbox 3468 4579 3592 4633; x_wconf 72' lang='lat' dir='ltr'><strong>sine</strong></span> <span class='ocrx_word' id='word_1_648' title='bbox 3618 4590 3751 4631; x_wconf 77' lang='lat' dir='ltr'><strong>mura</strong></span> 
     </span>
    </p>
   </div>
   <div class='ocr_carea' id='block_1_92' title="bbox 499 4671 2073 4745">
    <p class='ocr_par' dir='ltr' id='par_1_92' title="bbox 499 4671 2073 4745">
     <span class='ocr_line' id='line_1_93' title="bbox 499 4671 2073 4745; baseline -0.005 -15"><span class='ocrx_word' id='word_1_649' title='bbox 499 4676 757 4745; x_wconf 88' lang='lat' dir='ltr'><strong>quandiu,</strong></span> <span class='ocrx_word' id='word_1_650' title='bbox 789 4674 1004 4730; x_wconf 88' lang='lat' dir='ltr'><strong>rediens</strong></span> <span class='ocrx_word' id='word_1_651' title='bbox 1032 4674 1250 4726; x_wconf 86' lang='lat' dir='ltr'><strong>demum</strong></span> <span class='ocrx_word' id='word_1_652' title='bbox 1275 4671 1714 4740; x_wconf 84' lang='lat' dir='ltr'><strong>perduxitsecum</strong></span> <span class='ocrx_word' id='word_1_653' title='bbox 1744 4684 1922 4736; x_wconf 82' lang='lat' dir='ltr'><strong>regem</strong></span> <span class='ocrx_word' id='word_1_654' title='bbox 1953 4683 2073 4723; x_wconf 91' lang='lat' dir='ltr'><strong>cum</strong></span> 
     </span>
    </p>
   </div>
   <div class='ocr_carea' id='block_1_93' title="bbox 501 4758 2075 4831">
    <p class='ocr_par' dir='ltr' id='par_1_93' title="bbox 501 4758 2075 4831">
     <span class='ocr_line' id='line_1_94' title="bbox 501 4758 2075 4831; baseline -0.006 -11"><span class='ocrx_word' id='word_1_655' title='bbox 501 4765 668 4820; x_wconf 90' lang='lat' dir='ltr'><strong>multo</strong></span> <span class='ocrx_word' id='word_1_656' title='bbox 698 4765 937 4819; x_wconf 80' lang='lat' dir='ltr'><strong>exercitu</strong></span> <span class='ocrx_word' id='word_1_657' title='bbox 967 4762 1180 4831; x_wconf 86' lang='lat' dir='ltr'><strong>generis</strong></span> <span class='ocrx_word' id='word_1_658' title='bbox 1228 4762 1309 4814; x_wconf 87' lang='lat' dir='ltr'><strong>sui</strong></span> <span class='ocrx_word' id='word_1_659' title='bbox 1336 4798 1351 4825; x_wconf 88' lang='lat'><strong>,</strong></span> <span class='ocrx_word' id='word_1_660' title='bbox 1383 4774 1613 4829; x_wconf 89' lang='lat' dir='ltr'><strong>eumque</strong></span> <span class='ocrx_word' id='word_1_661' title='bbox 1637 4758 1837 4812; x_wconf 88' lang='lat' dir='ltr'><strong>Crioilo</strong></span> <span class='ocrx_word' id='word_1_662' title='bbox 1865 4760 1918 4813; x_wconf 90' lang='lat' dir='ltr'><strong>in</strong></span> <span class='ocrx_word' id='word_1_663' title='bbox 1949 4758 2075 4812; x_wconf 85' lang='lat' dir='ltr'><strong>villa</strong></span> 
     </span>
    </p>
   </div>
   <div class='ocr_carea' id='block_1_94' title="bbox 499 4853 2071 4931">
    <p class='ocr_par' dir='ltr' id='par_1_94' title="bbox 499 4853 2071 4931">
     <span class='ocr_line' id='line_1_95' title="bbox 499 4853 2071 4931; baseline -0.008 -14"><span class='ocrx_word' id='word_1_664' title='bbox 499 4862 614 4931; x_wconf 86' lang='lat' dir='ltr'><strong>regi</strong></span> <span class='ocrx_word' id='word_1_665' title='bbox 645 4861 971 4915; x_wconf 81' lang='lat' dir='ltr'><strong>Francorum</strong></span> <span class='ocrx_word' id='word_1_666' title='bbox 1000 4864 1349 4927; x_wconf 66' lang='lat' dir='ltr'><strong>praesentalis,</strong></span> <span class='ocrx_word' id='word_1_667' title='bbox 1382 4856 1604 4925; x_wconf 82' lang='lat' dir='ltr'><strong>paciﬁce</strong></span> <span class='ocrx_word' id='word_1_668' title='bbox 1647 4853 2071 4917; x_wconf 68' lang='lat' dir='ltr'><strong>confinderavit;</strong></span> 
     </span>
    </p>
   </div>
   <div class='ocr_carea' id='block_1_95' title="bbox 500 4946 2078 5024">
    <p class='ocr_par' dir='ltr' id='par_1_95' title="bbox 500 4946 2078 5024">
     <span class='ocr_line' id='line_1_96' title="bbox 500 4946 2078 5024; baseline -0.008 -14"><span class='ocrx_word' id='word_1_669' title='bbox 500 4957 591 5024; x_wconf 86' lang='lat' dir='ltr'><strong>qui</strong></span> <span class='ocrx_word' id='word_1_670' title='bbox 620 4954 838 5022; x_wconf 82' lang='lat' dir='ltr'><strong>copiosa</strong></span> <span class='ocrx_word' id='word_1_671' title='bbox 868 4964 1089 5004; x_wconf 86' lang='lat' dir='ltr'><strong>munera</strong></span> <span class='ocrx_word' id='word_1_672' title='bbox 1138 4948 1334 5012; x_wconf 87' lang='lat' dir='ltr'><strong>intulit,</strong></span> <span class='ocrx_word' id='word_1_673' title='bbox 1368 4947 1461 5001; x_wconf 85' lang='lat' dir='ltr'><strong>sed</strong></span> <span class='ocrx_word' id='word_1_674' title='bbox 1499 4946 1714 5000; x_wconf 75' lang='lat' dir='ltr'><strong>uberius</strong></span> <span class='ocrx_word' id='word_1_675' title='bbox 1769 4954 2078 4999; x_wconf 87' lang='lat' dir='ltr'><strong>muneratus</strong></span> 
     </span>
    </p>
   </div>
   <div class='ocr_carea' id='block_1_96' title="bbox 502 5037 2077 5118">
    <p class='ocr_par' dir='ltr' id='par_1_96' title="bbox 502 5037 2077 5118">
     <span class='ocr_line' id='line_1_97' title="bbox 502 5037 2077 5118; baseline -0.008 -16"><span class='ocrx_word' id='word_1_676' title='bbox 502 5048 567 5102; x_wconf 88' lang='lat' dir='ltr'><strong>ad</strong></span> <span class='ocrx_word' id='word_1_677' title='bbox 591 5046 806 5118; x_wconf 90' lang='lat' dir='ltr'><strong>propria</strong></span> <span class='ocrx_word' id='word_1_678' title='bbox 826 5044 1003 5098; x_wconf 81' lang='lat' dir='ltr'><strong>rediit.</strong></span> <span class='ocrx_word' id='word_1_679' title='bbox 1028 5042 1134 5095; x_wconf 86' lang='lat' dir='ltr'><strong>Sed</strong></span> <span class='ocrx_word' id='word_1_680' title='bbox 1160 5040 1279 5109; x_wconf 92' lang='lat' dir='ltr'><strong>quis</strong></span> <span class='ocrx_word' id='word_1_681' title='bbox 1324 5040 1481 5108; x_wconf 88' lang='lat' dir='ltr'><strong>plene</strong></span> <span class='ocrx_word' id='word_1_682' title='bbox 1534 5037 1768 5091; x_wconf 87' lang='lat' dir='ltr'><strong>sufliciat</strong></span> <span class='ocrx_word' id='word_1_683' title='bbox 1820 5049 2077 5091; x_wconf 75' lang='lat' dir='ltr'><strong>enarrare</strong></span> 
     </span>
    </p>
   </div>
   <div class='ocr_carea' id='block_1_97' title="bbox 574 5144 2079 5220">
    <p class='ocr_par' dir='ltr' id='par_1_97' title="bbox 574 5144 2079 5220">
     <span class='ocr_line' id='line_1_98' title="bbox 574 5144 2079 5220; baseline -0.006 -11"><span class='ocrx_word' id='word_1_684' title='bbox 574 5152 927 5209; x_wconf 71' lang='lat' dir='ltr'><strong>alElatutha</strong></span> <span class='ocrx_word' id='word_1_685' title='bbox 961 5151 1151 5220; x_wconf 83' lang='lat' dir='ltr'><strong>legitur</strong></span> <span class='ocrx_word' id='word_1_686' title='bbox 1203 5150 1257 5205; x_wconf 90' lang='lat' dir='ltr'><strong>in</strong></span> <span class='ocrx_word' id='word_1_687' title='bbox 1302 5148 1500 5203; x_wconf 89' lang='lat' dir='ltr'><strong>Codice</strong></span> <span class='ocrx_word' id='word_1_688' title='bbox 1527 5148 1697 5202; x_wconf 89' lang='lat' dir='ltr'><strong>sancti</strong></span> <span class='ocrx_word' id='word_1_689' title='bbox 1747 5146 1884 5201; x_wconf 85' lang='lat' dir='ltr'><strong>And.</strong></span> <span class='ocrx_word' id='word_1_690' title='bbox 1926 5144 2079 5200; x_wconf 85' lang='lat' dir='ltr'><strong>Prior</strong></span> 
     </span>
    </p>
   </div>
   <div class='ocr_carea' id='block_1_98' title="bbox 504 5227 953 5293">
    <p class='ocr_par' dir='ltr' id='par_1_98' title="bbox 504 5227 953 5293">
     <span class='ocr_line' id='line_1_99' title="bbox 504 5227 953 5293; baseline -0.02 -9"><span class='ocrx_word' id='word_1_691' title='bbox 504 5227 690 5291; x_wconf 83' lang='lat' dir='ltr'><strong>editio,</strong></span> <span class='ocrx_word' id='word_1_692' title='bbox 720 5227 953 5293; x_wconf 79' lang='lat' dir='ltr'><strong>inﬂatus.</strong></span> 
     </span>
    </p>
   </div>
   <div class='ocr_carea' id='block_1_99' title="bbox 574 5288 2080 5357">
    <p class='ocr_par' dir='ltr' id='par_1_99' title="bbox 574 5288 2080 5357">
     <span class='ocr_line' id='line_1_100' title="bbox 574 5288 2080 5357; baseline -0.005 -8"><span class='ocrx_word' id='word_1_693' title='bbox 574 5296 601 5335; x_wconf 73' lang='grc' dir='ltr'>δ</span> <span class='ocrx_word' id='word_1_694' title='bbox 634 5288 972 5351; x_wconf 76' lang='lat' dir='ltr'><strong>Doméstiats.</strong></span> <span class='ocrx_word' id='word_1_695' title='bbox 1013 5290 1111 5355; x_wconf 86' lang='lat' dir='ltr'><strong>Qui</strong></span> <span class='ocrx_word' id='word_1_696' title='bbox 1162 5290 1334 5357; x_wconf 87' lang='lat' dir='ltr'><strong>regias</strong></span> <span class='ocrx_word' id='word_1_697' title='bbox 1382 5290 1633 5357; x_wconf 87' lang='lat' dir='ltr'><strong>pecunias</strong></span> <span class='ocrx_word' id='word_1_698' title='bbox 1661 5288 1713 5342; x_wconf 90' lang='lat' dir='ltr'><strong>in</strong></span> <span class='ocrx_word' id='word_1_699' title='bbox 1762 5300 2080 5355; x_wconf 79' lang='lat' dir='ltr'><strong>unaquaque</strong></span> 
     </span>
    </p>
   </div>
   <div class='ocr_carea' id='block_1_100' title="bbox 505 5357 2080 5435">
    <p class='ocr_par' dir='ltr' id='par_1_100' title="bbox 505 5357 2080 5435">
     <span class='ocr_line' id='line_1_101' title="bbox 505 5357 2080 5435; baseline -0.008 -14"><span class='ocrx_word' id='word_1_700' title='bbox 505 5368 663 5435; x_wconf 83' lang='lat' dir='ltr'><strong>hujus</strong></span> <span class='ocrx_word' id='word_1_701' title='bbox 686 5365 837 5435; x_wconf 83' lang='lat' dir='ltr'><strong>regni</strong></span> <span class='ocrx_word' id='word_1_702' title='bbox 861 5362 1131 5435; x_wconf 80' lang='lat' dir='ltr'><strong>provincia</strong></span> <span class='ocrx_word' id='word_1_703' title='bbox 1180 5357 1587 5435; x_wconf 68' lang='lat' dir='ltr'><strong>colligebat,_et</strong></span> <span class='ocrx_word' id='word_1_704' title='bbox 1634 5359 1686 5412; x_wconf 88' lang='lat' dir='ltr'><strong>in</strong></span> <span class='ocrx_word' id='word_1_705' title='bbox 1727 5357 2080 5435; x_wconf 73' lang='lat' dir='ltr'><strong>regiumtlte-</strong></span> 
     </span>
    </p>
   </div>
   <div class='ocr_carea' id='block_1_101' title="bbox 504 5427 2077 5495">
    <p class='ocr_par' dir='ltr' id='par_1_101' title="bbox 504 5427 2077 5495">
     <span class='ocr_line' id='line_1_102' title="bbox 504 5427 2077 5495; baseline -0.01 -4"><span class='ocrx_word' id='word_1_706' title='bbox 504 5427 721 5491; x_wconf 76' lang='lat' dir='ltr'><strong>saurum</strong></span> <span class='ocrx_word' id='word_1_707' title='bbox 747 5427 941 5488; x_wconf 73' lang='lat' dir='ltr'><strong>deferri</strong></span> <span class='ocrx_word' id='word_1_708' title='bbox 964 5431 1202 5495; x_wconf 88' lang='lat' dir='ltr'><strong>curabat,</strong></span> <span class='ocrx_word' id='word_1_709' title='bbox 1234 5428 1519 5495; x_wconf 81' lang='lat' dir='ltr'><strong>Dagoberti</strong></span> <span class='ocrx_word' id='word_1_710' title='bbox 1546 5435 1703 5481; x_wconf 79' lang='lat' dir='ltr'><strong>:etate</strong></span> <span class='ocrx_word' id='word_1_711' title='bbox 1723 5427 2077 5483; x_wconf 84' lang='lat' dir='ltr'><strong>domesticum</strong></span> 
     </span>
    </p>
   </div>
   <div class='ocr_carea' id='block_1_102' title="bbox 503 5494 2077 5565">
    <p class='ocr_par' dir='ltr' id='par_1_102' title="bbox 503 5494 2077 5565">
     <span class='ocr_line' id='line_1_103' title="bbox 503 5494 2077 5565; baseline -0.008 -5"><span class='ocrx_word' id='word_1_712' title='bbox 503 5523 625 5562; x_wconf 84' lang='lat' dir='ltr'><strong>esse</strong></span> <span class='ocrx_word' id='word_1_713' title='bbox 644 5508 844 5559; x_wconf 86' lang='lat' dir='ltr'><strong>dictum</strong></span> <span class='ocrx_word' id='word_1_714' title='bbox 868 5519 933 5557; x_wconf 78' lang='lat' dir='ltr'><strong>ex</strong></span> <span class='ocrx_word' id='word_1_715' title='bbox 958 5502 1057 5555; x_wconf 88' lang='lat' dir='ltr'><strong>hoc</strong></span> <span class='ocrx_word' id='word_1_716' title='bbox 1080 5499 1204 5554; x_wconf 84' lang='lat' dir='ltr'><strong>loco</strong></span> <span class='ocrx_word' id='word_1_717' title='bbox 1227 5494 1466 5565; x_wconf 79' lang='lat' dir='ltr'><strong>apparet.</strong></span> <span class='ocrx_word' id='word_1_718' title='bbox 1492 5496 1644 5562; x_wconf 84' lang='lat' dir='ltr'><strong>Quod</strong></span> <span class='ocrx_word' id='word_1_719' title='bbox 1667 5510 1868 5550; x_wconf 84' lang='lat' dir='ltr'><strong>nomen</strong></span> <span class='ocrx_word' id='word_1_720' title='bbox 1887 5495 2077 5550; x_wconf 84' lang='lat' dir='ltr'><strong>Franci</strong></span> 
     </span>
    </p>
   </div>
   <div class='ocr_carea' id='block_1_103' title="bbox 480 5565 2081 5642">
    <p class='ocr_par' dir='ltr' id='par_1_103' title="bbox 480 5565 2081 5642">
     <span class='ocr_line' id='line_1_104' title="bbox 480 5565 2081 5642; baseline -0.004 -14"><span class='ocrx_word' id='word_1_721' title='bbox 480 5582 533 5628; x_wconf 76' lang='lat' dir='ltr'><strong>‘a</strong></span> <span class='ocrx_word' id='word_1_722' title='bbox 565 5570 1169 5642; x_wconf 67' lang='lat' dir='ltr'><strong>Uonstantinopolitanis</strong></span> <span class='ocrx_word' id='word_1_723' title='bbox 1209 5571 1434 5642; x_wconf 78' lang='lat' dir='ltr'><strong>mutuati</strong></span> <span class='ocrx_word' id='word_1_724' title='bbox 1476 5576 1647 5642; x_wconf 75' lang='lat' dir='ltr'><strong>erant,</strong></span> <span class='ocrx_word' id='word_1_725' title='bbox 1691 5574 1747 5619; x_wconf 91' lang='lat' dir='ltr'><strong>ut</strong></span> <span class='ocrx_word' id='word_1_726' title='bbox 1774 5582 1839 5620; x_wconf 80' lang='lat' dir='ltr'><strong>ex</strong></span> <span class='ocrx_word' id='word_1_727' title='bbox 1872 5565 2081 5642; x_wconf 53' lang='grc' dir='ltr'><strong>Δᾇτεθυίε</strong></span> 
     </span>
    </p>
   </div>
   <div class='ocr_carea' id='block_1_104' title="bbox 505 5636 2079 5710">
    <p class='ocr_par' dir='ltr' id='par_1_104' title="bbox 505 5636 2079 5710">
     <span class='ocr_line' id='line_1_105' title="bbox 505 5636 2079 5710; baseline -0.006 -11"><span class='ocrx_word' id='word_1_728' title='bbox 505 5646 736 5700; x_wconf 84' lang='lat' dir='ltr'><strong>Tacticis</strong></span> <span class='ocrx_word' id='word_1_729' title='bbox 763 5636 1033 5710; x_wconf 78' lang='lat' dir='ltr'><strong>conjicere</strong></span> <span class='ocrx_word' id='word_1_730' title='bbox 1064 5642 1205 5694; x_wconf 91' lang='lat' dir='ltr'><strong>licet.</strong></span> <span class='ocrx_word' id='word_1_731' title='bbox 1236 5638 1364 5691; x_wconf 86' lang='lat' dir='ltr'><strong>Nam</strong></span> <span class='ocrx_word' id='word_1_732' title='bbox 1393 5653 1513 5710; x_wconf 89' lang='lat' dir='ltr'><strong>cum</strong></span> <span class='ocrx_word' id='word_1_733' title='bbox 1544 5636 1835 5710; x_wconf 81' lang='lat' dir='ltr'><strong>imperator</strong></span> <span class='ocrx_word' id='word_1_734' title='bbox 1857 5636 2079 5710; x_wconf 79' lang='lat' dir='ltr'><strong>.ille_c-.c-</strong></span> 
     </span>
    </p>
   </div>
   <div class='ocr_carea' id='block_1_105' title="bbox 508 5706 2080 5778">
    <p class='ocr_par' dir='ltr' id='par_1_105' title="bbox 508 5706 2080 5778">
     <span class='ocr_line' id='line_1_106' title="bbox 508 5706 2080 5778; baseline -0.004 -11"><span class='ocrx_word' id='word_1_735' title='bbox 508 5725 743 5769; x_wconf 75' lang='lat' dir='ltr'><strong>terarum</strong></span> <span class='ocrx_word' id='word_1_736' title='bbox 766 5706 1061 5768; x_wconf 78' lang='lat' dir='ltr'><strong>oﬂiciorum</strong></span> <span class='ocrx_word' id='word_1_737' title='bbox 1087 5710 1417 5778; x_wconf 82' lang='lat' dir='ltr'><strong>publicorum</strong></span> <span class='ocrx_word' id='word_1_738' title='bbox 1442 5709 1492 5761; x_wconf 92' lang='lat' dir='ltr'><strong>in</strong></span> <span class='ocrx_word' id='word_1_739' title='bbox 1517 5706 1735 5775; x_wconf 83' lang='lat' dir='ltr'><strong>singulis</strong></span> <span class='ocrx_word' id='word_1_740' title='bbox 1758 5706 2080 5778; x_wconf 85' lang='lat' dir='ltr'><strong>thematibus</strong></span> 
     </span>
    </p>
   </div>
   <div class='ocr_carea' id='block_1_106' title="bbox 504 5776 2079 5847">
    <p class='ocr_par' dir='ltr' id='par_1_106' title="bbox 504 5776 2079 5847">
     <span class='ocr_line' id='line_1_107' title="bbox 504 5776 2079 5847; baseline -0.004 -11"><span class='ocrx_word' id='word_1_741' title='bbox 504 5782 723 5837; x_wconf 75' lang='lat' dir='ltr'><strong>nomina</strong></span> <span class='ocrx_word' id='word_1_742' title='bbox 752 5792 807 5836; x_wconf 92' lang='lat' dir='ltr'><strong>et</strong></span> <span class='ocrx_word' id='word_1_743' title='bbox 837 5784 1014 5836; x_wconf 90' lang='lat' dir='ltr'><strong>munia</strong></span> <span class='ocrx_word' id='word_1_744' title='bbox 1041 5776 1429 5847; x_wconf 77' lang='lat' dir='ltr'><strong>descripsisset,</strong></span> <span class='ocrx_word' id='word_1_745' title='bbox 1460 5786 1514 5830; x_wconf 89' lang='lat' dir='ltr'><strong>et</strong></span> <span class='ocrx_word' id='word_1_746' title='bbox 1541 5792 1569 5830; x_wconf 92' lang='lat' dir='ltr'><strong>a</strong></span> <span class='ocrx_word' id='word_1_747' title='bbox 1601 5776 1969 5847; x_wconf 83' lang='lat' dir='ltr'><strong>protonotario</strong></span> <span class='ocrx_word' id='word_1_748' title='bbox 1996 5792 2079 5829; x_wconf 87' lang='lat' dir='ltr'><strong>res</strong></span> 
     </span>
    </p>
   </div>
   <div class='ocr_carea' id='block_1_107' title="bbox 501 5846 2074 5922">
    <p class='ocr_par' dir='ltr' id='par_1_107' title="bbox 501 5846 2074 5922">
     <span class='ocr_line' id='line_1_108' title="bbox 501 5846 2074 5922; baseline -0.004 -13"><span class='ocrx_word' id='word_1_749' title='bbox 501 5857 749 5922; x_wconf 58' lang='lat' dir='ltr'><strong>guliticas</strong></span> <span class='ocrx_word' id='word_1_750' title='bbox 774 5851 1150 5918; x_wconf 85' lang='lat' dir='ltr'><strong>administrari,</strong></span> <span class='ocrx_word' id='word_1_751' title='bbox 1181 5846 1555 5905; x_wconf 79' lang='lat' dir='ltr'><strong>chartularium</strong></span> <span class='ocrx_word' id='word_1_752' title='bbox 1583 5846 1837 5903; x_wconf 87' lang='lat' dir='ltr'><strong>militibus</strong></span> <span class='ocrx_word' id='word_1_753' title='bbox 1873 5848 2074 5903; x_wconf 81' lang='lat' dir='ltr'><strong>descri-</strong></span> 
     </span>
    </p>
   </div>
   <div class='ocr_carea' id='block_1_108' title="bbox 2178 4669 3750 4745">
    <p class='ocr_par' dir='ltr' id='par_1_108' title="bbox 2178 4669 3750 4745">
     <span class='ocr_line' id='line_1_109' title="bbox 2178 4669 3750 4745; baseline -0.005 -16"><span class='ocrx_word' id='word_1_754' title='bbox 2178 4676 2304 4731; x_wconf 90' lang='lat' dir='ltr'><strong>dato</strong></span> <span class='ocrx_word' id='word_1_755' title='bbox 2336 4681 2599 4745; x_wconf 68' lang='lat' dir='ltr'><strong>praecepto</strong></span> <span class='ocrx_word' id='word_1_756' title='bbox 2622 4672 2905 4729; x_wconf 74' lang='lat' dir='ltr'><strong>concessit.</strong></span> <span class='ocrx_word' id='word_1_757' title='bbox 2935 4669 3062 4724; x_wconf 86' lang='lat' dir='ltr'><strong>Erat</strong></span> <span class='ocrx_word' id='word_1_758' title='bbox 3088 4670 3231 4724; x_wconf 91' lang='lat' dir='ltr'><strong>enim</strong></span> <span class='ocrx_word' id='word_1_759' title='bbox 3259 4676 3476 4738; x_wconf 86' lang='lat' dir='ltr'><strong>tempus</strong></span> <span class='ocrx_word' id='word_1_760' title='bbox 3498 4682 3613 4738; x_wconf 89' lang='lat' dir='ltr'><strong>quo</strong></span> <span class='ocrx_word' id='word_1_761' title='bbox 3637 4679 3750 4721; x_wconf 75' lang='lat' dir='ltr'><strong>ccu-</strong></span> 
     </span>
    </p>
   </div>
   <div class='ocr_carea' id='block_1_109' title="bbox 2176 4757 3752 4835">
    <p class='ocr_par' dir='ltr' id='par_1_109' title="bbox 2176 4757 3752 4835">
     <span class='ocr_line' id='line_1_110' title="bbox 2176 4757 3752 4835; baseline -0.008 -14"><span class='ocrx_word' id='word_1_762' title='bbox 2176 4782 2270 4821; x_wconf 88' lang='lat' dir='ltr'><strong>sus</strong></span> <span class='ocrx_word' id='word_1_763' title='bbox 2298 4766 2537 4835; x_wconf 88' lang='lat' dir='ltr'><strong>publicus</strong></span> <span class='ocrx_word' id='word_1_764' title='bbox 2563 4779 2628 4818; x_wconf 83' lang='lat' dir='ltr'><strong>ex</strong></span> <span class='ocrx_word' id='word_1_765' title='bbox 2659 4764 2850 4818; x_wconf 89' lang='lat' dir='ltr'><strong>eodem</strong></span> <span class='ocrx_word' id='word_1_766' title='bbox 2880 4774 3015 4832; x_wconf 88' lang='lat' dir='ltr'><strong>pago</strong></span> <span class='ocrx_word' id='word_1_767' title='bbox 3044 4759 3182 4828; x_wconf 82' lang='lat' dir='ltr'><strong>regis</strong></span> <span class='ocrx_word' id='word_1_768' title='bbox 3222 4759 3479 4814; x_wconf 64' lang='lat' dir='ltr'><strong>thesauro</strong></span> <span class='ocrx_word' id='word_1_769' title='bbox 3508 4757 3752 4831; x_wconf 72' lang='lat' dir='ltr'><strong>exigeba-</strong></span> 
     </span>
    </p>
   </div>
   <div class='ocr_carea' id='block_1_110' title="bbox 2178 4846 3749 4920">
    <p class='ocr_par' dir='ltr' id='par_1_110' title="bbox 2178 4846 3749 4920">
     <span class='ocr_line' id='line_1_111' title="bbox 2178 4846 3749 4920; baseline -0.004 -10"><span class='ocrx_word' id='word_1_770' title='bbox 2178 4867 2265 4911; x_wconf 89' lang='lat' dir='ltr'><strong>tur</strong></span> <span class='ocrx_word' id='word_1_771' title='bbox 2292 4854 2619 4920; x_wconf 86' lang='lat' dir='ltr'><strong>inl&#39;erendus,</strong></span> <span class='ocrx_word' id='word_1_772' title='bbox 2648 4855 2740 4908; x_wconf 88' lang='lat' dir='ltr'><strong>sed</strong></span> <span class='ocrx_word' id='word_1_773' title='bbox 2770 4866 2891 4907; x_wconf 80' lang='lat' dir='ltr'><strong>cum</strong></span> <span class='ocrx_word' id='word_1_774' title='bbox 2924 4852 3104 4906; x_wconf 83' lang='lat' dir='ltr'><strong>omnis</strong></span> <span class='ocrx_word' id='word_1_775' title='bbox 3132 4864 3331 4905; x_wconf 84' lang='lat' dir='ltr'><strong>census</strong></span> <span class='ocrx_word' id='word_1_776' title='bbox 3371 4850 3426 4903; x_wconf 89' lang='lat' dir='ltr'><strong>in</strong></span> <span class='ocrx_word' id='word_1_777' title='bbox 3456 4846 3749 4903; x_wconf 72' lang='lat' dir='ltr'><strong>unus-eol-</strong></span> 
     </span>
    </p>
   </div>
   <div class='ocr_carea' id='block_1_111' title="bbox 2178 4930 3749 5014">
    <p class='ocr_par' dir='ltr' id='par_1_111' title="bbox 2178 4930 3749 5014">
     <span class='ocr_line' id='line_1_112' title="bbox 2178 4930 3749 5014; baseline -0.003 -15"><span class='ocrx_word' id='word_1_778' title='bbox 2178 4946 2348 5002; x_wconf 88' lang='lat' dir='ltr'><strong>lectus</strong></span> <span class='ocrx_word' id='word_1_779' title='bbox 2377 4947 2486 5013; x_wconf 90' lang='lat' dir='ltr'><strong>regi</strong></span> <span class='ocrx_word' id='word_1_780' title='bbox 2529 4952 2807 5014; x_wconf 88' lang='lat' dir='ltr'><strong>pararetur</strong></span> <span class='ocrx_word' id='word_1_781' title='bbox 2850 4941 3121 5006; x_wconf 82' lang='lat' dir='ltr'><strong>ferendus,</strong></span> <span class='ocrx_word' id='word_1_782' title='bbox 3161 4930 3226 4994; x_wconf 85' lang='lat' dir='ltr'><strong>ac</strong></span> <span class='ocrx_word' id='word_1_783' title='bbox 3255 4938 3419 4993; x_wconf 85' lang='lat' dir='ltr'><strong>vellet</strong></span> <span class='ocrx_word' id='word_1_784' title='bbox 3445 4936 3477 4977; x_wconf 69' lang='grc' dir='ltr'><strong>ι’</strong></span> <span class='ocrx_word' id='word_1_785' title='bbox 3504 4936 3749 4996; x_wconf 64' lang='lat' dir='ltr'><strong>donati-</strong></span> 
     </span>
    </p>
   </div>
   <div class='ocr_carea' id='block_1_112' title="bbox 2178 5027 3750 5099">
    <p class='ocr_par' dir='ltr' id='par_1_112' title="bbox 2178 5027 3750 5099">
     <span class='ocr_line' id='line_1_113' title="bbox 2178 5027 3750 5099; baseline -0.004 -10"><span class='ocrx_word' id='word_1_786' title='bbox 2178 5050 2272 5090; x_wconf 90' lang='lat' dir='ltr'><strong>cus</strong></span> <span class='ocrx_word' id='word_1_787' title='bbox 2297 5035 2455 5091; x_wconf 84' lang='lat' dir='ltr'><strong>simui</strong></span> <span class='ocrx_word' id='word_1_788' title='bbox 2482 5043 2536 5089; x_wconf 90' lang='lat' dir='ltr'><strong>et</strong></span> <span class='ocrx_word' id='word_1_789' title='bbox 2564 5032 2893 5088; x_wconf 88' lang='lat' dir='ltr'><strong>monetarius</strong></span> <span class='ocrx_word' id='word_1_790' title='bbox 2914 5030 3091 5085; x_wconf 72' lang='lat' dir='ltr'><strong>adhuc</strong></span> <span class='ocrx_word' id='word_1_791' title='bbox 3114 5045 3303 5084; x_wconf 87' lang='lat' dir='ltr'><strong>aurum</strong></span> <span class='ocrx_word' id='word_1_792' title='bbox 3333 5030 3510 5099; x_wconf 79' lang='lat' dir='ltr'><strong>ipsum</strong></span> <span class='ocrx_word' id='word_1_793' title='bbox 3530 5027 3750 5084; x_wconf 64' lang='lat' dir='ltr'><strong>feracis</strong></span> 
     </span>
    </p>
   </div>
   <div class='ocr_carea' id='block_1_113' title="bbox 2180 5141 3751 5220">
    <p class='ocr_par' dir='ltr' id='par_1_113' title="bbox 2180 5141 3751 5220">
     <span class='ocr_line' id='line_1_114' title="bbox 2180 5141 3751 5220; baseline -0.002 -19"><span class='ocrx_word' id='word_1_794' title='bbox 2180 5147 2365 5220; x_wconf 86' lang='lat' dir='ltr'><strong>bendis</strong></span> <span class='ocrx_word' id='word_1_795' title='bbox 2386 5158 2439 5202; x_wconf 90' lang='lat' dir='ltr'><strong>et</strong></span> <span class='ocrx_word' id='word_1_796' title='bbox 2460 5146 2790 5220; x_wconf 81' lang='lat' dir='ltr'><strong>inquirendis</strong></span> <span class='ocrx_word' id='word_1_797' title='bbox 2810 5161 2929 5201; x_wconf 90' lang='lat' dir='ltr'><strong>esse</strong></span> <span class='ocrx_word' id='word_1_798' title='bbox 2952 5146 3237 5220; x_wconf 75' lang='lat' dir='ltr'><strong>intentum,</strong></span> <span class='ocrx_word' id='word_1_799' title='bbox 3267 5151 3557 5220; x_wconf 60' lang='lat' dir='ltr'><em>W</em></span> <span class='ocrx_word' id='word_1_800' title='bbox 3584 5141 3751 5220; x_wconf 62' lang='lat' dir='ltr'><strong>litin</strong></span> 
     </span>
    </p>
   </div>
   <div class='ocr_carea' id='block_1_114' title="bbox 2174 5212 3751 5287">
    <p class='ocr_par' dir='ltr' id='par_1_114' title="bbox 2174 5212 3751 5287">
     <span class='ocr_line' id='line_1_115' title="bbox 2174 5212 3751 5287; baseline -0.001 -17"><span class='ocrx_word' id='word_1_801' title='bbox 2174 5216 2475 5284; x_wconf 82' lang='lat' dir='ltr'><strong>judicandis</strong></span> <span class='ocrx_word' id='word_1_802' title='bbox 2496 5212 2713 5287; x_wconf 81' lang='lat' dir='ltr'><strong>operam</strong></span> <span class='ocrx_word' id='word_1_803' title='bbox 2734 5217 2863 5271; x_wconf 88' lang='lat' dir='ltr'><strong>dare</strong></span> <span class='ocrx_word' id='word_1_804' title='bbox 2883 5217 3197 5287; x_wconf 76' lang='lat' dir='ltr'><strong>monuisset,</strong></span> <span class='ocrx_word' id='word_1_805' title='bbox 3225 5212 3374 5287; x_wconf 75' lang='lat' dir='ltr'><strong>quod</strong></span> <span class='ocrx_word' id='word_1_806' title='bbox 3398 5213 3565 5287; x_wconf 66' lang='lat' dir='ltr'><strong>fuerit</strong></span> <span class='ocrx_word' id='word_1_807' title='bbox 3579 5212 3751 5287; x_wconf 60' lang='lat' dir='ltr'><strong>dupe-</strong></span> 
     </span>
    </p>
   </div>
   <div class='ocr_carea' id='block_1_115' title="bbox 2180 5278 3750 5359">
    <p class='ocr_par' dir='ltr' id='par_1_115' title="bbox 2180 5278 3750 5359">
     <span class='ocr_line' id='line_1_116' title="bbox 2180 5278 3750 5359; baseline -0.004 -19"><span class='ocrx_word' id='word_1_808' title='bbox 2180 5278 2722 5359; x_wconf 15' lang='lat' dir='ltr'><strong>sticiimunus&#39;siluit,</strong></span> <span class='ocrx_word' id='word_1_809' title='bbox 2744 5301 2829 5359; x_wconf 79' lang='lat' dir='ltr'><strong>_ex</strong></span> <span class='ocrx_word' id='word_1_810' title='bbox 2869 5300 2977 5359; x_wconf 72' lang='lat' dir='ltr'><strong>quo</strong></span> <span class='ocrx_word' id='word_1_811' title='bbox 3010 5284 3149 5359; x_wconf 72' lang='lat' dir='ltr'><strong>mihi</strong></span> <span class='ocrx_word' id='word_1_812' title='bbox 3182 5278 3289 5336; x_wconf 68' lang='lat' dir='ltr'><strong>non</strong></span> 
     </span>
    </p>
   </div>
   <div class='ocr_carea' id='block_1_116' title="bbox 2179 5352 3748 5427">
    <p class='ocr_par' dir='ltr' id='par_1_116' title="bbox 2179 5352 3748 5427">
     <span class='ocr_line' id='line_1_117' title="bbox 2179 5352 3748 5427; baseline -0.003 -16"><span class='ocrx_word' id='word_1_813' title='bbox 2179 5358 2423 5412; x_wconf 79' lang='lat' dir='ltr'><strong>concludi</strong></span> <span class='ocrx_word' id='word_1_814' title='bbox 2471 5372 2628 5427; x_wconf 84' lang='lat' dir='ltr'><strong>posse</strong></span> <span class='ocrx_word' id='word_1_815' title='bbox 2672 5352 2903 5427; x_wconf 50' lang='lat' dir='ltr'><strong>videtur:</strong></span> <span class='ocrx_word' id='word_1_816' title='bbox 2924 5354 3278 5427; x_wconf 75' lang='lat' dir='ltr'><strong>domesticum</strong></span> <span class='ocrx_word' id='word_1_817' title='bbox 3322 5352 3487 5427; x_wconf 74' lang='lat' dir='ltr'><strong>fuisse</strong></span> <span class='ocrx_word' id='word_1_818' title='bbox 3529 5352 3748 5419; x_wconf 63' lang='lat' dir='ltr'><strong>ets-ui</strong></span> 
     </span>
    </p>
   </div>
   <div class='ocr_carea' id='block_1_117' title="bbox 2179 5420 3748 5494">
    <p class='ocr_par' dir='ltr' id='par_1_117' title="bbox 2179 5420 3748 5494">
     <span class='ocr_line' id='line_1_118' title="bbox 2179 5420 3748 5494; baseline -0.003 -15"><span class='ocrx_word' id='word_1_819' title='bbox 2179 5428 2449 5494; x_wconf 89' lang='lat' dir='ltr'><strong>publicum</strong></span> <span class='ocrx_word' id='word_1_820' title='bbox 2471 5420 2721 5481; x_wconf 69' lang='lat' dir='ltr'><strong>Esi-arium</strong></span> <span class='ocrx_word' id='word_1_821' title='bbox 2764 5424 3187 5494; x_wconf 80' lang='lat' dir='ltr'><strong>administrabat.</strong></span> <span class='ocrx_word' id='word_1_822' title='bbox 3224 5422 3422 5494; x_wconf 80' lang='lat' dir='ltr'><strong>Locum</strong></span> <span class='ocrx_word' id='word_1_823' title='bbox 3464 5420 3646 5494; x_wconf 68' lang='lat' dir='ltr'><strong>ipsum</strong></span> <span class='ocrx_word' id='word_1_824' title='bbox 3665 5432 3748 5494; x_wconf 72' lang='lat' dir='ltr'><strong>es-</strong></span> 
     </span>
    </p>
   </div>
   <div class='ocr_carea' id='block_1_118' title="bbox 2180 5492 3750 5565">
    <p class='ocr_par' dir='ltr' id='par_1_118' title="bbox 2180 5492 3750 5565">
     <span class='ocr_line' id='line_1_119' title="bbox 2180 5492 3750 5565; baseline -0.005 -15"><span class='ocrx_word' id='word_1_825' title='bbox 2180 5492 2416 5552; x_wconf 74' lang='lat' dir='ltr'><strong>scribere</strong></span> <span class='ocrx_word' id='word_1_826' title='bbox 2438 5503 2606 5560; x_wconf 83' lang='lat' dir='ltr'><strong>juvat,</strong></span> <span class='ocrx_word' id='word_1_827' title='bbox 2634 5494 2779 5565; x_wconf 90' lang='lat' dir='ltr'><strong>quod</strong></span> <span class='ocrx_word' id='word_1_828' title='bbox 2811 5508 2909 5565; x_wconf 81' lang='lat' dir='ltr'><strong>nec</strong></span> <span class='ocrx_word' id='word_1_829' title='bbox 2933 5508 2963 5546; x_wconf 86' lang='lat' dir='ltr'><strong>a</strong></span> <span class='ocrx_word' id='word_1_830' title='bbox 2992 5492 3224 5565; x_wconf 65' lang='lat' dir='ltr'><strong>ﬂeui-sio</strong></span> <span class='ocrx_word' id='word_1_831' title='bbox 3250 5493 3324 5545; x_wconf 88' lang='lat' dir='ltr'><strong>sit</strong></span> <span class='ocrx_word' id='word_1_832' title='bbox 3352 5492 3682 5565; x_wconf 67' lang='lat' dir='ltr'><strong>intellectus,</strong></span> <span class='ocrx_word' id='word_1_833' title='bbox 3702 5492 3750 5538; x_wconf 77' lang='lat' dir='ltr'><strong>et</strong></span> 
     </span>
    </p>
   </div>
   <div class='ocr_carea' id='block_1_119' title="bbox 2179 5560 3527 5635">
    <p class='ocr_par' dir='ltr' id='par_1_119' title="bbox 2179 5560 3527 5635">
     <span class='ocr_line' id='line_1_120' title="bbox 2179 5560 3527 5635; baseline -0.004 -14"><span class='ocrx_word' id='word_1_834' title='bbox 2179 5582 2363 5622; x_wconf 87' lang='lat' dir='ltr'><strong>eorum</strong></span> <span class='ocrx_word' id='word_1_835' title='bbox 2425 5567 2513 5635; x_wconf 89' lang='lat' dir='ltr'><strong>qui</strong></span> <span class='ocrx_word' id='word_1_836' title='bbox 2563 5560 3008 5635; x_wconf 65' lang='lat' dir='ltr'><strong>de&#39;tbematibus</strong></span> <span class='ocrx_word' id='word_1_837' title='bbox 3034 5561 3385 5635; x_wconf 57' lang='lat' dir='ltr'><strong>scripserunt,</strong></span> <span class='ocrx_word' id='word_1_838' title='bbox 3428 5560 3527 5616; x_wconf 72' lang='grc' dir='ltr'>ωε</span> 
     </span>
    </p>
   </div>
   <div class='ocr_carea' id='block_1_120' title="bbox 2180 5629 3503 5704">
    <p class='ocr_par' dir='ltr' id='par_1_120' title="bbox 2180 5629 3503 5704">
     <span class='ocr_line' id='line_1_121' title="bbox 2180 5629 3503 5704; baseline -0.005 -14"><span class='ocrx_word' id='word_1_839' title='bbox 2180 5637 2389 5704; x_wconf 88' lang='lat' dir='ltr'><strong>fugerit.</strong></span> <span class='ocrx_word' id='word_1_840' title='bbox 2424 5629 2499 5688; x_wconf 73' lang='lat' dir='ltr'><strong>lla</strong></span> <span class='ocrx_word' id='word_1_841' title='bbox 2528 5634 2686 5704; x_wconf 77' lang='lat' dir='ltr'><strong>igitur</strong></span> <span class='ocrx_word' id='word_1_842' title='bbox 2712 5649 2771 5688; x_wconf 87' lang='lat' dir='ltr'><strong>se</strong></span> <span class='ocrx_word' id='word_1_843' title='bbox 2795 5633 2957 5704; x_wconf 71' lang='lat' dir='ltr'><strong>habet</strong></span> <span class='ocrx_word' id='word_1_844' title='bbox 2985 5632 3012 5703; x_wconf 62' lang='grc' dir='ltr'>ᾗ</span> <span class='ocrx_word' id='word_1_845' title='bbox 3043 5629 3189 5704; x_wconf 48' lang='lat' dir='ltr'><strong>eos:</strong></span> <span class='ocrx_word' id='word_1_846' title='bbox 3219 5629 3280 5683; x_wconf 81' lang='lat'><strong>3|</strong></span> <span class='ocrx_word' id='word_1_847' title='bbox 3312 5647 3327 5683; x_wconf 86' lang='lat'>:</span> <span class='ocrx_word' id='word_1_848' title='bbox 3357 5630 3503 5704; x_wconf 64' lang='lat' dir='ltr'><strong>&#39;Beri</strong></span> 
     </span>
    </p>
   </div>
   <div class='ocr_carea' id='block_1_121' title="bbox 2182 5695 3656 5791">
    <p class='ocr_par' dir='ltr' id='par_1_121' title="bbox 2182 5695 3656 5791">
     <span class='ocr_line' id='line_1_122' title="bbox 2182 5695 3656 5791; baseline -0.005 -30"><span class='ocrx_word' id='word_1_849' title='bbox 2182 5695 2472 5791; x_wconf 51' lang='grc' dir='ltr'><strong>σῂατῃγοῦ</strong></span> <span class='ocrx_word' id='word_1_850' title='bbox 2503 5695 2797 5790; x_wconf 55' lang='grc' dir='ltr'><strong>πβοέίιυσις</strong></span> <span class='ocrx_word' id='word_1_851' title='bbox 2832 5702 2902 5786; x_wconf 55' lang='lat' dir='ltr'><strong>si;</strong></span> <span class='ocrx_word' id='word_1_852' title='bbox 2932 5695 3067 5779; x_wconf 47' lang='grc' dir='ltr'><strong>τείας</strong></span> <span class='ocrx_word' id='word_1_853' title='bbox 3091 5698 3371 5790; x_wconf 48' lang='grc' dir='ltr'><strong>’ἄρχοντςς</strong></span> 
     </span>
    </p>
   </div>
   <div class='ocr_carea' id='block_1_122' title="bbox 2182 5774 3578 5848">
    <p class='ocr_par' dir='ltr' id='par_1_122' title="bbox 2182 5774 3578 5848">
     <span class='ocr_line' id='line_1_123' title="bbox 2182 5774 3578 5848; baseline -0.005 -17"><span class='ocrx_word' id='word_1_854' title='bbox 2182 5774 2280 5831; x_wconf 71' lang='grc' dir='ltr'><strong>οἶόν</strong></span> <span class='ocrx_word' id='word_1_855' title='bbox 2306 5774 2437 5848; x_wconf 40' lang='lat' dir='ltr'><strong>rorare</strong></span> <span class='ocrx_word' id='word_1_856' title='bbox 2462 5774 2660 5847; x_wconf 60' lang='grc' dir='ltr'><strong>Κόρητα</strong></span> <span class='ocrx_word' id='word_1_857' title='bbox 2700 5784 2790 5835; x_wconf 80' lang='grc' dir='ltr'><strong>τῆς</strong></span> <span class='ocrx_word' id='word_1_858' title='bbox 2818 5776 3005 5848; x_wconf 66' lang='grc' dir='ltr'><strong>χόρτηᾴ</strong></span> <span class='ocrx_word' id='word_1_859' title='bbox 3043 5776 3221 5848; x_wconf 51' lang='grc' dir='ltr'><strong>αὑτοῦ,</strong></span> <span class='ocrx_word' id='word_1_860' title='bbox 3255 5774 3339 5848; x_wconf 63' lang='grc' dir='ltr'><strong>δεᾳὲ</strong></span> <span class='ocrx_word' id='word_1_861' title='bbox 3478 5774 3578 5824; x_wconf 51' lang='lat' dir='ltr'><strong>{ﬁ</strong></span> 
     </span>
    </p>
   </div>
   <div class='ocr_carea' id='block_1_123' title="bbox 2182 5838 3749 5918">
    <p class='ocr_par' dir='ltr' id='par_1_123' title="bbox 2182 5838 3749 5918">
     <span class='ocr_line' id='line_1_124' title="bbox 2182 5838 3749 5918; baseline -0.008 -13"><span class='ocrx_word' id='word_1_862' title='bbox 2182 5871 2267 5911; x_wconf 79' lang='grc' dir='ltr'><strong>τος</strong></span> <span class='ocrx_word' id='word_1_863' title='bbox 2297 5838 2607 5918; x_wconf 47' lang='lat' dir='ltr'><strong>deprensas,</strong></span> <span class='ocrx_word' id='word_1_864' title='bbox 2640 5850 2722 5905; x_wconf 72' lang='grc' dir='ltr'><strong>καὶ</strong></span> <span class='ocrx_word' id='word_1_865' title='bbox 2743 5848 2813 5908; x_wconf 78' lang='grc' dir='ltr'><strong>εἰς</strong></span> <span class='ocrx_word' id='word_1_866' title='bbox 2836 5838 2957 5905; x_wconf 56' lang='lat' dir='ltr'><strong>eis;</strong></span> <span class='ocrx_word' id='word_1_867' title='bbox 2981 5838 3363 5914; x_wconf 40' lang='grc' dir='ltr'><strong>λοιπθὺς....,’0</strong></span> <span class='ocrx_word' id='word_1_868' title='bbox 3381 5841 3479 5914; x_wconf 53' lang='grc' dir='ltr'><strong>γάρ</strong></span> <span class='ocrx_word' id='word_1_869' title='bbox 3500 5852 3749 5917; x_wconf 62' lang='grc' dir='ltr'><strong>πρασια-</strong></span> 
     </span>
    </p>
   </div>
   <div class='ocr_carea' id='block_1_124' title="bbox 3616 5628 3751 5689">
    <p class='ocr_par' dir='ltr' id='par_1_124' title="bbox 3616 5628 3751 5689">
     <span class='ocr_line' id='line_1_125' title="bbox 3616 5628 3751 5689; baseline -0.044 0"><span class='ocrx_word' id='word_1_870' title='bbox 3616 5628 3751 5689; x_wconf 64' lang='grc' dir='ltr'><strong>ἧς·ιῦ</strong></span> 
     </span>
    </p>
   </div>
  </div>
