3934 6228
157 407 241 462 ωδ

1626 376 1827 451 virs.‘

3227 402 3325 454 49ι

152 516 357 574 auctione
376 523 617 580 purgare,
647 519 705 562 ut
739 507 893 578 juxta
915 510 1096 575 ritum,
1128 507 1461 575 purissrmum
1490 522 1552 561 ac
1579 522 1671 559 ru-
1703 513 1745 564 Α
1778 505 1982 573 plagam
2010 503 2214 560 distans
2258 505 2633 570 meridianam;
2664 507 2891 561 ambitur
2921 523 3046 563 vero
3074 511 3329 579 Sphzerico

151 608 272 658 tilum
295 599 419 654 aula:
441 601 578 666 regis
606 606 1022 666 perscrutaretur
1045 596 1318 650 metallum
1348 595 1679 652 (nesciebant

147 695 262 745 enim
284 689 526 759 prtedium
549 702 670 742 esse
696 685 866 754 Eligio
884 686 1220 752 concessum)
1245 693 1358 738 toto
1382 687 1497 738 nisu
1518 695 1678 753 atque

144 788 310 835 conatu
333 793 420 846 per
447 776 683 830 triduum
717 775 804 829 vel
833 773 1170 842 quatriduum
1217 771 1384 837 labori
1427 771 1675 825 insisten-

144 880 225 930 tes,
251 867 382 923 nulla
411 873 682 935 poterant,
714 864 825 918 Deo
873 863 925 916 id
956 862 1334 932 praepediente,
1377 869 1490 914 arte
1519 859 1676 928 proli-

145 972 266 1023 cere,
289 969 557 1024 usquequo
601 954 670 1006 ab
699 951 868 1019 Eligio
911 950 1240 1020 praeveniens
1282 949 1515 1013 nuntius,
1544 963 1676 1016 opus

144 1059 344 1116 emptum
379 1042 743 1110 interciperet,
775 1042 934 1111 idque
961 1040 1074 1108 ejus
1105 1038 1343 1093 dominio
1380 1045 1674 1092 revocaret.

147 1143 246 1193 ilex
272 1152 391 1206 ergo
419 1146 476 1190 ut
498 1136 603 1190 hoc
653 1135 952 1189 nuntiatum
993 1142 1096 1198 est,
1142 1132 1349 1186 cunctis
1395 1130 1496 1184 loci
1541 1131 1678 1184 illius

147 1228 313 1282 accolis
336 1224 749 1287 exsultantibus,
780 1232 856 1277 .et
901 1237 1036 1289 opus
1079 1219 1371 1290 perfectum
1409 1226 1510 1283 est,
1539 1218 1678 1286 ejus-

145 1333 230 1386 que
274 1314 450 1370 ditioni
496 1315 863 1368 commissum.
921 1310 1038 1375 Quo
1083 1309 1139 1363 in
1187 1311 1306 1364 loco
1353 1309 1576 1377 primum
1615 1323 1678 1362 ac

147 1405 444 1475 tutissimum
488 1403 725 1456 virorum
775 1400 867 1454 Dei
913 1397 1211 1454 construxit
1256 1399 1674 1462 monaszerium;

150 1496 220 1549 ubi
245 1495 392 1549 etiam
414 1493 608 1546 abbate
633 1490 925 1546 constituto
951 1489 1149 1545 multos
1175 1504 1238 1542 ex
1286 1489 1397 1542 suis
1421 1498 1679 1541 vernacu-

150 1583 201 1636 lis
223 1578 543 1647 mancipavit,
575 1577 753 1644 plures
778 1592 989 1648 quoque
1017 1592 1084 1632 ex
1113 1576 1336 1631 diversis
1371 1577 1674 1644 provinciis,

152 1682 292 1736 usque
316 1669 377 1722 ad
402 1667 785 1730 centenarium,
811 1681 969 1735 quem
989 1666 1474 1735 quinquagenarius
1495 1681 1679 1734 super-

148 1758 352 1824 greditur
385 1771 653 1819 numerus,
700 1741 1394 1823 monachoscongregavit,
1444 1756 1680 1811 redditus

1777 611 1946 659 muro,
1972 611 2076 649 non
2104 597 2314 664 quidem
2342 596 2582 664 lapideo;
2608 598 2700 651 sed
2721 606 2745 632 α
2777 597 3028 652 fossatum
3060 614 3195 668 sepe
3213 617 3328 655 mu-

1778 685 1962 750 nitum,
1989 688 2172 740 decem
2215 686 2323 741 fere
2351 686 2642 741 stadiorum
2672 687 2869 742 habens
2895 690 3121 756 spatium
3150 691 3201 743 in
3231 693 3358 766 cir-_
3381 683 3394 691 ’

1776 776 1942 841 cuitu,
1983 791 2047 829 ex
2097 793 2202 830 uno
2255 777 2465 844 quidem
2509 777 2675 832 latere
2713 778 2942 831 munitur
2991 779 3193 847 optimo
3233 781 3333 835 flu-

1776 865 1937 928 mine,
1968 880 2125 933 super
2172 881 2328 935 quem
2375 881 2528 920 mons
2574 867 2815 921 excelsus
2856 867 2986 920 silva
3032 877 3246 937 opertus
3271 884 3340 928 ac

1775 963 2041 1021 prterupta
2070 954 2222 1007 valde
2261 955 2458 1008 eminet
2485 970 2641 1022 rupes
2671 972 2684 1008 :
2713 971 2871 1010 omne
2906 966 3081 1012 autem
3107 959 3334 1027 spatium

1776 1041 2083 1095 monasterii
2114 1043 2324 1096 arbusta
2370 1042 2565 1096 diversi
2614 1043 2824 1109 generis
2870 1044 3125 1112 pomifera
3169 1061 3332 1100 occu-

1777 1139 1936 1196 pant:
1963 1129 2144 1196 sicque
2173 1131 2277 1184 illic
2305 1131 2480 1200 segnis
2510 1131 2716 1186 animus
2740 1141 3029 1198 recreatur,
3060 1148 3123 1188 ac
3145 1135 3189 1188 si
3210 1149 3332 1204 par-

1781 1225 1883 1270 tem
1913 1220 2232 1274 amomitatis
2252 1219 2482 1289 paradisi
2509 1235 2569 1275 se
2595 1234 2887 1288 occupasse
2921 1222 3232 1287 gratuletur.

2225 1358 2229 1362 ‘
2317 1346 2578 1402 CAPUT
2635 1346 2794 1405 Χνιί.

1780 1451 1890 1516 Quo
1920 1456 2098 1509 ordine
2130 1455 2341 1513 Parisiis
2369 1456 2672 1537 ancillarum
2704 1455 2796 1512 Dei
2831 1470 3058 1514 construa
3071 1459 3109 1512 it
3155 1476 3335 1514 mona-

2444 1537 2672 1578 stertum.

1847 1633 1951 1686 Isto
2005 1633 2164 1700 igitur
2222 1632 2467 1689 emnobio
2533 1633 2585 1687 in
2651 1634 2795 1712 omni
2852 1649 3013 1703 opere
3063 1636 3338 1713 perfecto,

1779 1723 2031 1789 omnique
2073 1738 2138 1776 ex
2184 1733 2338 1790 parte
2381 1739 2500 1777 cum
2543 1723 2757 1778 solertia
2801 1725 3053 1788 stabilito,
3076 1726 3344 1792 cogitabat

149 1813 284 1900 etiam
308 1861 452 1902 teme
469 1847 560 1915 qui
581 1813 863 1901 aliluenter
880 1847 1123 1902 sufficere
1140 1813 1674 1916 possent,vdelegavit.
1712 1841 1753 1898 Β
1782 1813 1995 1916 πίξδίίδ
2046 1814 2100 1867 in
2132 1814 2262 1916 “'1’?
2288 1813 2545 1916 “Timr?
2584 1815 2974 1915 ¹Ῡ¹¹⁰δ⁰⁰¹¹ί¹¹¹¹¹
3001 1833 3015 1881 δ
3043 1817 3136 1871 sed
3163 1817 3343 1916 “cel:

149 1937 247 2006 ipse
272 1953 388 1992 vero
417 1946 563 1990 tanta
591 1953 649 1993 se
674 1937 976 2002 devotione,
1004 1947 1255 2007 tantoque
1283 1952 1466 1991 amore
1489 1937 1678 1990 eodem

151 2035 252 2085 loco
277 2031 494 2095 diffudit,
527 2040 587 2084 ut
607 2030 864 2101 quidquid
885 2031 1083 2084 habere
1105 2030 1382 2109 potuisset,
1415 2039 1470 2082 ut
1491 2028 1580 2100 [Ρ.
1606 2028 1680 2098 et]

147 2120 371 2190 quidquid
417 2121 527 2186 regi
580 2122 811 2185 auferre,
841 2119 1096 2189 quidquid
1145 2119 1301 2185 digne
1351 2133 1678 2186 comparare,

146 2213 368 2280 quidquid
418 2212 581 2266 etiam
634 2210 867 2277 gratuito
914 2208 964 2262 ei
1007 2225 1036 2261 a
1085 2207 1388 2277 potentibus
1437 2207 1679 2273 largitum

146 2312 285 2365 esset,
308 2309 494 2354 cuncta
525 2300 779 2368 praedicto
806 2299 926 2352 loco
953 2297 1262 2352 destinaret.
1291 2295 1510 2349 Videres
1533 2296 1682 2363 plau-

144 2405 235 2445 stra
263 2391 444 2444 vehere
473 2403 638 2444 onera
670 2387 907 2456 copiosa,
938 2388 1148 2442 vascula
1176 2387 1358 2454 utique
1384 2384 1563 2438 usibus
1591 2400 1685 2438 ne-

144 2484 366 2547 cissaria,
403 2495 540 2535 terea
598 2479 758 2534 simul
811 2488 865 2533 et
916 2479 1128 2546 lignea:
1161 2477 1472 2543 vestimenta
1521 2475 1680 2528 etiam

146 2570 373 2624 lectnaria
417 2583 483 2623 ac
509 2567 819 2622 linteamina
865 2564 1140 2627 mensalia,
1185 2578 1388 2616 necnon
1436 2574 1491 2617 et
1531 2563 1684 2616 volu-

147 2660 266 2712 mina
292 2648 559 2712 sacrarum
605 2657 997 2725 Scripturarnm
1027 2653 1438 2722 quamplurima,
1485 2655 1582 2707 sed
1629 2662 1683 2708 et

145 2750 298 2804 omnia
323 2764 438 2818 qua:
485 2758 639 2803 erant
670 2747 976 2800 monasterii
1028 2745 1212 2800 usibus
1259 2745 1581 2807 necessaria,
1631 2745 1682 2797 in

145 2849 322 2895 tantum
367 2850 424 2894 ut
471 2841 618 2910 pravi
656 2839 853 2908 quique
899 2837 1100 2905 ingenti
1147 2852 1214 2890 ex
1253 2835 1357 2888 hoc
1391 2835 1684 2888 succende-

143 2942 305 2986 rentur
330 2932 557 2994 invidia;
604 2930 875 2998 cogitabat
901 2928 1041 2981 enim
1090 2935 1145 2980 et
1190 2926 1305 2993 ipse
1347 2925 1558 2979 demum
1588 2938 1682 2977 eo.

144 3027 246 3086 deut
273 3039 328 3079 se
353 3024 656 3092 mancipare
685 3019 1033 3082 monasterio,
1063 3016 1162 3072 nisi
1191 3031 1311 3072 eum
1353 3015 1456 3070 alio
1485 3015 1535 3068 in
1565 3014 1686 3068 loco

145 3116 225 3170 hei
249 3116 530 3184 obligasset
556 3111 900 3181 dispensatio.
1485 3093 1532 3113 ⁸

691 3219 918 3275 CAPUT
964 3218 1102 3274 XVI.

144 3338 242 3402 Qua
284 3337 525 3394 instantia
571 3335 858 3406 regularem
897 3334 1218 3406 disciplinam
1257 3334 1311 3387 in
1350 3332 1520 3388 cadent
1569 3349 1682 3386 mo-

633 3405 857 3458 nasteria
886 3405 1173 3458 custodiuit.

205 3521 311 3584 Quo
358 3519 409 3570 ln
460 3516 584 3570 loco
640 3515 756 3582 ipse
816 3527 1028 3583 quoque
1087 3515 1324 3578 accessi,
1377 3524 1431 3568 et
1483 3520 1683 3566 tantam

143 3629 290 3667 sacra:
327 3612 512 3678 reg-tlte
556 3607 948 3662 observantiam
996 3606 1140 3670 vidi,
1196 3615 1254 3659 ut
1323 3621 1459 3676 pene
1508 3607 1686 3673 singuo

145 3704 258 3756 laris
293 3702 359 3754 sit
391 3699 495 3752 vita
543 3697 744 3752 eisdem
792 3695 1066 3753 monachis
1111 3710 1219 3766 prze
1263 3696 1471 3758 castoris
1505 3694 1686 3749 Gallia:

144 3794 475 3849 monasteriis.
532 3789 627 3844 Est
672 3799 848 3842 autem
906 3789 1244 3856 congregatio
1310 3802 1449 3841 nunc
1500 3800 1686 3855 magna

143 3875 343 3940 diversis
385 3883 672 3953 gratiarum
719 3879 935 3934 ﬂoribus
978 3887 1202 3932 ornata:
1236 3878 1497 3931 habentur
1531 3875 1602 3929 iui
1631 3884 1687 3929 et

143 3977 351 4032 artifices
375 3973 584 4045 plurimi
611 3973 939 4026 diversarum
967 3969 1157 4022 artium
1193 3968 1378 4033 periti,
1407 3969 1494 4037 qui
1527 3965 1684 4021 Chri-
1733 3972 1735 3974 ’

143 4070 199 4119 sti
237 4067 411 4118 timore
457 4061 680 4132 perfeCti
728 4073 940 4126 semper
966 4059 1031 4110 ad
1060 4057 1417 4111 obedientiam
1445 4066 1565 4111 sunt
1595 4072 1687 4125 pa-

143 4156 258 4209 rati.
287 4155 461 4208 Nullus
490 4153 558 4206 ibi
587 4150 874 4218 quidquam
901 4149 1172 4218 proprium
1197 4147 1460 4212 vendicat,
1489 4147 1600 4208 sed,
1635 4155 1691 4200 ut

143 4252 189 4300 in
217 4249 424 4302 Actibus
464 4246 656 4311 legitur
687 4243 1071 4312 apostolorum,
1097 4247 1222 4293 sunt
1268 4238 1485 4292 omnino
1511 4237 1686 4290 omnia

145 4342 374 4395 omnibus
399 4335 722 4392 communia.
757 4333 855 4398 Qui
899 4333 1046 4386 locus
1093 4341 1197 4384 tam
1241 4330 1444 4394 fertilis,
1477 4338 1690 4397 tamque

145 4431 386 4498 iucundus
423 4427 644 4488 exstitit,
679 4434 734 4478 ut
759 4437 879 4478 cum
908 4422 1026 4490 quis
1056 4421 1248 4476 ibidem
1289 4419 1581 4480 diverterit,
1613 4420 1690 4471 in-

1782 1904 2010 1958 lentiore
2057 1905 2299 1968 consilio,
2347 1905 2458 1958 Deo
2506 1903 2811 1973 inspirante,
2861 1917 3140 1973 concepto,
3184 1909 3345 1977 erepit

1781 1991 1918 2045 intra
1962 1992 2180 2045 domum
2221 2007 2395 2059 suam,
2425 2008 2583 2061 quam
2630 1994 2681 2046 in
2727 1995 2911 2048 eadem
2960 1997 3090 2049 urbe
3130 2011 3196 2049 ex
3225 2014 3342 2051 mu-

1781 2093 1910 2132 nere
1955 2079 2094 2145 regis
2143 2090 2477 2147 perceperat,
2531 2081 2789 2147 virginum
2841 2081 3033 2136 Christi
3082 2085 3344 2139 aedificare

1781 2165 2141 2233 domicilium;
2186 2168 2236 2221 in
2265 2182 2370 2235 quo
2399 2183 2560 2237 opere
2587 2170 2678 2223 diu
2715 2173 3042 2240 multumque
3072 2176 3342 2228 instantis-

1782 2256 1916 2309 sime
1938 2256 2223 2322 desudans,
2255 2258 2470 2326 digtium
2502 2260 2712 2314 tandem
2754 2270 3056 2316 sanctarum
3087 2265 3343 2333 virginum

1782 2345 2078 2416 construxit
2106 2347 2496 2411 archisterium,
2539 2349 2630 2401 ubi
2650 2349 2937 2403 districtam
2978 2353 3170 2420 regula:
3189 2354 3346 2408 disci-

1783 2434 1978 2502 plinam
2015 2439 2364 2501 constituens,
2395 2452 2561 2506 usque
2590 2439 2656 2492 ad
2682 2447 3039 2494 trecentarum
3067 2445 3344 2499 numerum

1781 2525 2075 2591 puellarum
2115 2541 2181 2580 ex
2215 2527 2436 2581 diversis
2462 2528 2724 2596 gentibus,
2758 2537 2866 2582 tam
2895 2543 2962 2583 ex
2990 2532 3192 2588 ancillis
3211 2535 3343 2602 suis,

1783 2625 1940 2679 quam
1985 2627 2051 2666 ex
2093 2614 2358 2669 nobilibus
2407 2614 2640 2669 Francia:
2684 2621 2938 2672 matronis
2965 2622 3342 2689 congregavit;

1789 2704 1981 2772 quibus
2031 2715 2086 2759 et
2113 2705 2434 2760 abbatissam
2465 2707 2574 2762 Deo
2607 2706 2818 2776 dignam
2861 2711 3108 2778 puellam,
3132 2714 3347 2768 nomine

1783 2795 2032 2860 Auream,
2066 2797 2226 2851 filiam
2253 2798 2454 2855 scilicet
2481 2800 2702 2855 Maurini
2728 2808 2782 2854 et
2803 2801 3014 2867 Quirini,
3037 2805 3342 2860 constituit:

1785 2892 1939 2940 terra:
1981 2887 2143 2942 etiam
2189 2887 2423 2942 redditus
2468 2891 2713 2959 copiosos
2765 2890 3046 2960 delegavit,
3087 2903 3250 2961 atque
3282 2911 3348 2950 cx

1789 2963 1998 3042 integro
2037 2991 2196 3031 onme
2223 2992 2377 3033 suum
2411 2978 2535 3034 illuc
2568 2982 2797 3034 studium
2829 2985 3107 3039 convertit.
3135 2984 3348 3041 Videres

1784 3075 1838 3118 et
1887 3064 2012 3118 illuc
2061 3068 2270 3121 trahere
2318 3070 2547 3136 undique
2599 3072 2760 3125 veluti
2819 3074 3146 3129 utilissimam
3191 3092 3345 3146 apem

1709 3187 1754 3246 Ο
1787 3168 1976 3213 cuncta
2023 3161 2346 3215 monasterio
2393 3166 2709 3228 necessaria,
2741 3182 2866 3221 vasa
2905 3167 3058 3222 simul
3100 3178 3154 3224 et
3190 3172 3348 3227 vesti-

1787 3259 1985 3317 menta,
2016 3265 2219 3306 necnon
2256 3261 2310 3308 et
2337 3268 2487 3308 sacra
2517 3257 2803 3321 volumina,
2837 3258 3043 3327 aliaque
3071 3263 3349 3331 quamplu-

1784 3340 1916 3393 rima
1944 3351 2281 3406 ornamenta;
2328 3358 2448 3397 nam
2486 3345 2738 3412 quidquid
2767 3348 2890 3402 huic
2935 3351 3082 3403 sexui
3117 3366 3349 3420 congrue

1786 3429 2140 3483 nccessarium
2171 3430 2326 3495 foret,
2356 3440 2412 3485 ut
2443 3433 2702 3501 piissimus
2732 3443 2884 3504 pater
2922 3439 3048 3491 satis
3075 3440 3257 3493 solerti
3295 3441 3348 3493 in

1786 3517 2033 3572 omnibus
2057 3517 2326 3588 diligentia
2365 3536 2428 3576 ac
2456 3521 2682 3582 sollicita
2729 3537 2854 3577 cura
2901 3525 3148 3594 providit.
3190 3524 3349 3580 Cum-

1787 3621 1894 3674 que
1931 3609 2104 3662 onmis
2145 3624 2327 3677 opera,
2373 3619 2680 3679 cunctamque
2719 3613 2906 3679 domus
2950 3615 3254 3670 necessaria:
3298 3616 3350 3670 in

1786 3696 2005 3766 prmfato
2055 3697 2173 3752 loco
2217 3700 2440 3768 expleta:
2479 3710 2659 3755 essent
2705 3709 2862 3769 atque
2890 3704 3156 3771 perfecta},
3186 3721 3348 3760 unum

1785 3785 1959 3839 adhuc
2008 3787 2263 3851 restabat,
2299 3789 2404 3843 vlle
2431 3790 2642 3859 quidem
2681 3790 2772 3844 sed
2802 3793 3153 3848 necessarium
3187 3796 3350 3849 ωίιίῐι-

1786 3874 2013 3928 candum
2043 3877 2366 3931 domicilium
2394 3896 2406 3945 ;
2439 3887 2494 3933 et
2520 3895 2638 3933 cum
2687 3896 2796 3945 non
2820 3878 3037 3936 haberet
3081 3895 3230 3938 terra:
3254 3901 3348 3940 co-

1787 3963 1948 4031 piam,
1989 3965 2166 4019 omnia
2194 3967 2353 4019 etiam
2397 3982 2576 4033 essent
2614 3969 2860 4024 domibus
2888 3981 3173 4039 occupata;
3202 3974 3348 4042 adja-

1787 4053 1942 4106 cebat
1969 4054 2017 4107 ei
2051 4054 2115 4106 ad
2146 4069 2279 4122 opus
2309 4058 2662 4110 necessarium
2706 4073 2830 4111 area
2876 4061 3110 4127 quaedam
3158 4063 3349 4118 tlscalis

1787 4143 1976 4209 exigua
2005 4161 2015 4195 :
2050 4145 2300 4212 przccepit
2323 4158 2448 4210 ergo
2476 4146 2650 4199 metiri
2678 4156 2892 4211 tetram,
2918 4157 2975 4200 ut
3002 4148 3350 4218 sciretquano-

1789 4240 1896 4283 tum
1927 4241 2087 4292 esset,
2119 4242 2173 4284 et
2201 4233 2478 4286 confestim
2505 4235 2566 4286 ad
2607 4235 2898 4304 principem
2929 4238 3186 4306 perrexit,
3223 4255 3348 4310 sug-

1787 4321 1950 4386 gessit
1975 4336 2169 4385 aream,
2222 4331 2274 4397 et
2321 4323 2436 4376 sine
2484 4339 2630 4378 mora
2659 4324 2888 4379 obtinuit
2921 4328 3063 4394 quod
3103 4333 3347 4397 petierat.

1788 4409 2025 4478 Cumque
2070 4396 2316 4466 reversus
2361 4413 2535 4468 locum
2590 4416 2824 4484 adiisset,
2871 4431 2933 4469 ac
2978 4417 3115 4471 linea
3153 4419 3348 4488 jactata

147 4531 219 4575 ter
239 4535 502 4591 pomorum
533 4531 752 4571 nemora
781 4523 835 4568 et
863 4513 1137 4565 hortorum
1167 4511 1474 4566 amoenitate
1515 4510 1686 4563 viren<
1718 4537 1769 4597 υ
1791 4503 2186 4570 amplitudinem
2234 4505 2519 4559 habitaculi
2564 4507 2941 4575 consideraret,
2993 4509 3191 4566 invenit
3231 4526 3349 4565 am.

148 4614 212 4664 tia
257 4611 305 4664 in
350 4609 458 4662 huic
503 4608 552 4661 ei
605 4605 771 4658 libeat
814 4600 1056 4671 protinus
1098 4611 1440 4668 prorumpere
1484 4598 1685 4651 verba:

150 4702 299 4762 Quam
326 4702 466 4752 bona
501 4699 680 4749 domus
710 4703 831 4754 tute,
859 4690 1044 4753 Iacob,
1091 4699 1140 4742 et
1165 4705 1316 4758 quam
1359 4687 1570 4758 pulchra
1617 4696 1694 4740 ta-

149 4789 401 4842 bernacuia
433 4798 535 4850 tua,
569 4783 735 4837 Israel
765 4779 955 4850 (Nam.
987 4793 1130 4843 XXIV,
1176 4775 1261 4846 5)!
1303 4787 1550 4847 tanquam
1600 4790 1694 4831 ne-

149 4895 284 4932 mora
313 4876 695 4936 obumbrantia,
723 4880 778 4926 et
818 4879 1070 4938 tanquam
1096 4867 1240 4924 cedri
1263 4871 1410 4932 juxta
1437 4881 1622 4936 aquas,
1641 4873 1696 4920 et

150 4969 287 5032 quasi
330 4967 598 5034 paradisus
625 4979 787 5033 super
815 4963 1050 5026 ﬂumen;
1078 4960 1143 5014 de
1171 4959 1364 5014 talibus
1391 4975 1580 5028 nempe
1602 4976 1697 5026 per

150 5058 469 5112 Salomouem
489 5056 684 5110 dicitur
706 5072 720 5108 :
749 5054 794 5106 Η
802 5051 1058 5106 abitamla
1070 5050 1324 5120 justorum
1343 5049 1696 5104 benedicentur

152 5149 316 5213 (μνον.
341 5163 411 5209 lll,
439 5148 549 5210 53).
578 5145 668 5198 Est
694 5152 874 5216 autem
917 5141 1055 5195 idem
1084 5142 1378 5196 coenobium
1402 5141 1539 5195 haud
1571 5156 1700 5209 pro-

152 5238 231 5289 cul
256 5253 284 5290 a
314 5235 594 5292 Lemovica
631 5235 767 5288 urbe
807 5231 987 5296 situm,
1015 5242 1107 5284 sex
1136 5229 1350 5283 circiter
1375 5229 1605 5284 millibus
1634 5230 1701 5284 ad

157 5391 308 5454 rapto;
335 5393 417 5441 τῡῦ
443 5389 699 5454 θέμωιτος.Δ
723 5384 808 5435 καί
835 5372 1276 5454 ὁχαρτουλᾷριρς.
1305 5385 1514 5454 προᾳέτι
1540 5381 1594 5438 δὲ
1620 5387 1701 5437 καὶ

157 5439 434 5528 ὂξτίιαῖίτωρ,
476 5439 632 5524 τέγουν
679 5450 706 5505 ὁ
736 5457 827 5503 τοῦ
871 5439 1085 5533 θὶμᾶτος
1110 5439 1365 5533 δεκάτης-’⁸
1398 5451 1440 5533 ιό
1483 5456 1572 5521 μέν
1611 5463 1701 5513 τῆς

158 5515 393 5586 solitum:
415 5515 528 5579 ἔστῖ
569 5524 868 5578 διοικήσεως
915 5515 1115 5590 ἄρχων·
1144 5517 1170 5570 ὃ
1215 5515 1268 5571 δέ
1316 5523 1444 5590 πρὸς
1483 5515 1576 5580 Ζιἰἡν
1611 5529 1702 5579 τοῦ

161 5603 367 5667 στραιςοῦ
393 5596 792 5667 καταγραῖήνμτε
821 5591 1244 5667 καὶ-ἀναζήτησιχ·
1277 5591 1304 5642 ὁ
1341 5591 1411 5667 δὲ-
1436 5593 1529 5650 τὰς
1563 5591 1703 5667 dim;

160 5655 245 5715 ττῐὲο
273 5655 602 5734 Britanni-.er
630 5655 844 5734 διαλὺεις
878 5658 988 5734 οῦς,
1043 5665 1148 5710 etc.
1196 5655 1354 5734 Porro
1397 5662 1447 5734 in
1472 5665 1702 5730 prtcfccti

159 5735 313 5800 o'ﬁrio
342 5727 580 5788 alii'sunt
609 5729 865 5799 preteeti.
888 5727 1017 5802 velut
1063 5741 1225 5802 came}
1245 5727 1615 5802 coliortisejus',
1656 5743 1702 5784 et

162 5797 437 5859 domesticus
467 5797 735 5864 thematis,
765 5808 813 5851 et
851 5798 1104 5849 ra'teri....
1165 5797 1297 5854 Nam
1333 5813 1462 5871 quod
1492 5797 1558 5853 ad
1585 5819 1704 5868 pro-

1795 4592 1932 4662 plius
1960 4593 2107 4660 quasi
2137 4594 2322 4662 pedem
2359 4597 2409 4648 in
2438 4604 2593 4649 term
2635 4597 3029 4665 amplitudinem
3056 4617 3210 4668 quam
3238 4603 3350 4672 ipse

1794 4685 2128 4737 nuntiaverat
2151 4686 2303 4754 regi:
2336 4702 2399 4740 ex
2440 4703 2544 4754 quo
2584 4688 2749 4743 tristis
2776 4689 3010 4754 effectus,
3042 4693 3234 4763 quippe
3260 4696 3350 4764 qui

1795 4773 1922 4826 nulli
1961 4773 2144 4828 volens
2170 4775 2399 4841 mentiri,
2429 4777 2538 4842 regi
2565 4787 2708 4832 esset
2730 4780 2997 4844 mentitus,
3027 4782 3211 4837 relicto
3234 4799 3351 4851 pro-

1794 4862 1935 4916 tinus
1992 4878 2156 4930 opere
2201 4865 2267 4916 ad
2316 4866 2488 4918 aulam
2519 4869 2737 4936 repedat
2787 4880 3022 4934 muastus,
3063 4881 3117 4925 ct
3145 4890 3264 4927 mox
3295 4885 3351 4929 ut

1797 4952 2083 5020 principem
2114 4954 2262 5016 adiit,
2287 4948 2402 5009 solo
2432 4957 2572 5012 illico
2601 4959 2821 5026 corruit,
2851 4962 3178 5016 mendacium
3211 4961 3346 5020 indi-

1797 5042 1956 5104 cavit,
2002 5050 2095 5096 aut
2144 5045 2349 5098 veniam
2381 5058 2472 5100 aut
2499 5055 2721 5103 mortem
2765 5052 3034 5120 p0poscit;
3073 5056 3174 5106 sed
3229 5071 3348 5112 cum

1798 5146 1888 5185 rex
1919 5141 2022 5183 tam
2054 5133 2376 5200 parvissima:
2401 5137 2478 5189 rei
2521 5152 2731 5189 causam
2760 5140 3076 5205 agnovisset,
3109 5144 3272 5211 magis
3299 5145 3351 5197 in

1797 5231 2063 5290 stuporem
2089 5234 2288 5285 versus,
2321 5226 2435 5292 ejus
2481 5225 2683 5291 injuriae
2711 5229 2998 5293 condoluit,
3031 5246 3258 5300 moxque
3278 5233 3347 5286 ad

1802 5372 2106 5446 (antarium
2133 5373 2368 5446 thematis
2387 5383 2434 5446 tt
2459 5374 2839 5446 chartuiarium,
2872 5387 2922 5431 et
2943 5387 3224 5446 proterens,
3251 5379 3354 5432 sive

1803 5440 2029 5511 clientulis
2050 5442 2268 5510 judicent
2297 5445 2526 5510 pertinet,
2578 5444 2768 5509 primus
2796 5462 2875 5498 res
2912 5440 3142 5511 politicas
3188 5448 3353 5498 admi-

1803 5510 2014 5568 nistrat;
2061 5512 2191 5563 alter
2228 5512 2465 5583 exercitui
2497 5511 2832 5583 describenda
2868 5522 2915 5564 et
2957 5515 3167 5583 legendo
3204 5517 3353 5568 militi

1804 5594 2008 5644 operam
2036 5589 2216 5643 nouit;
2269 5580 2439 5632 tertius
2487 5580 2599 5634 lites
2640 5583 2944 5649 privatorum
2983 5580 3137 5634 audit.
3191 5585 3350 5646 Quor,

1804 5655 1910 5699 etc.

1878 5719 1899 5745 ο
1927 5715 2195 5787 Fossatum
2225 5735 2357 5787 sepe.
2381 5718 2456 5775 lla
2485 5719 2669 5776 Codex
2699 5718 2863 5772 sancti
2905 5717 3037 5771 And.
3072 5716 3221 5773 Prior
3249 5718 3348 5773 edi-

1808 5785 1897 5850 tio,
1932 5786 1957 5853 f
1983 5797 2119 5840 ssuto
2144 5789 2268 5855 sepi.
