3934 6228
587 384 693 443 ιίὶῦ

588 602 746 657 quam
789 578 1041 651 prmelara
1091 580 1145 627 et
1197 564 1511 625 venerabilis
1540 560 1734 615 Chriszi
1765 555 1921 609 lidrs!
1984 554 2153 605 Duces

585 642 692 730 mei
719 682 774 727 et
800 665 1077 725 domestici
1106 660 1369 731 spatiosas
1411 652 1701 720 surripiunt
1729 647 1900 710 villas,
1923 653 1975 696 et
2002 641 2155 694 Chri-

585 765 657 818 sti
704 757 932 815 famulus
974 765 1193 824 propter
1242 747 1397 801 Iidem
1441 756 1597 811 quam
1633 738 1792 792 habet
1832 736 1883 789 in
1930 732 2155 784 Dmuino

590 868 695 907 non
726 848 959 919 palmum
987 841 1199 911 quidem
1229 848 1417 905 passus
1444 839 1527 886 est
1552 828 1729 883 celare
1757 826 1823 879 de
1851 824 2032 877 humo.
2066 819 2155 873 Sic

589 958 718 1013 ergo
762 940 1054 993 clementer
1100 929 1271 996 Eligio
1307 921 1584 980 consolato
1626 914 1916 985 duplicavit
1957 911 2153 964 donum

588 998 733 1102 quod
762 1027 959 1083 dudum
990 1021 1247 1077 tribuerat
1267 1013 1533 1085 pusillum.
1556 1007 1631 1062 Ex
1652 1020 1759 1075 quo
1789 1003 1927 1056 l‘acto
1955 998 2155 1069 liquido

589 1134 737 1197 patet
765 1128 1019 1192 quantum
1055 1115 1136 1169 vir
1172 1119 1386 1167 sanctus
1432 1100 1694 1160 mendacii
1740 1096 1944 1165 culpam
1991 1090 2156 1159 perti-

591 1216 745 1281 muit,
776 1212 863 1283 qui
894 1219 1001 1266 tam
1031 1204 1298 1260 vilissimae
1326 1198 1402 1253 rei
1448 1192 1717 1250 conscium
1762 1187 1858 1242 sibi
1889 1182 2155 1253 piaculum

591 1309 806 1363 minime
831 1298 1136 1358 reservavit.
1169 1293 1313 1347 Talis
1340 1302 1460 1344 eum
1491 1283 1622 1338 ﬁdes
1642 1280 1705 1334 ad
1731 1276 1921 1333 coelum
1959 1270 2155 1333 evexit,

590 1402 701 1455 haec
727 1397 870 1452 illum
903 1390 1125 1446 lidelitas
1153 1394 1207 1440 et
1233 1383 1344 1437 Deo
1388 1378 1630 1439 charum,
1658 1379 1714 1426 et
1754 1364 2055 1423 hominibus
2083 1361 2157 1413 fe-

590 1495 662 1548 cit
684 1489 1019 1562 praclarum.

1141 1565 1365 1623 CAPUT
1417 1559 1601 1617 XVIII.

588 1694 863 1748 Beatorum
886 1683 1037 1739 Pauli
1061 1689 1109 1734 et
1140 1675 1399 1732 Martialis
1443 1667 1669 1741 fundarit
1718 1660 1985 1721 ecclesias;
2016 1654 2159 1731 etde

1159 1762 1361 1800 carcere
1400 1748 1593 1812 aperto.

659 1873 823 1943 Igitur
841 1875 1033 1923 cuncto
1061 1876 1225 1933 opere
1249 1852 1559 1913 monasterii
1588 1854 1824 1918 peracto,

590 1924 743 2018 nibIIs
780 1956 1012 2013 aediliciis
1059 1924 1373 2006 ancillarum
1421 1940 1513 1995 Dei
1541 1935 1787 2005 expletis,
1826 1944 1924 2001 pro
1974 1924 2167 1994 quibus

590 2050 889 2108 mercedem
941 2043 1138 2099 laboris
1180 2035 1405 2105 adeptus
1443 2037 1545 2095 est,
1587 2022 1868 2081 aediﬁcavit.
1896 2024 2168 2087 postremo

589 2142 861 2198 basilicam
892 2136 943 2190 in
974 2133 1182 2187 honore
1208 2124 1377 2181 sancti
1406 2118 1557 2174 Pauli
1600 2111 1829 2183 apostoli
1858 2108 1925 2162 ad
1954 2102 2170 2159 ancilla-

1779 358 1836 411 S.
1881 354 2079 409 ELIlill
2120 351 2399 405 NOVIUM.
2447 346 2651 402 ιῖιιιες.

585 489 1039 549 circumstantium
1069 492 1359 537 conversus
1387 470 1796 529 multitudinem,
1828 464 1940 519 inllt
1972 482 1984 515 :
2019 460 2149 514 Ecce
2183 468 2223 517 Α

3723 342 3818 397 ιθο

2837 451 3063 509 CAPUT
3092 441 3232 507 XIX.

2612 546 2683 599 De
2710 546 2945 598 incendio
2988 545 3125 597 urbis
3168 542 3472 596 l’urisiacw.

2331 640 2453 693 Post
2496 639 2668 706 aliqua
2720 637 2973 705 temporis
3017 635 3275 690 curricula
3304 643 3545 702 eruperat
3579 633 3707 689 urbs
3734 631 3823 686 Pa-

2257 732 2444 786 risiaca
2472 730 2764 784 saevissimo
2793 728 3018 783 cremari
3063 726 3346 789 incendio;
3380 740 3501 779 nam
3554 740 3680 779 cum
3724 734 3824 776 tota

2256 836 2392 890 pene
2416 820 2627 875 arderet
2654 819 2862 884 civitas,
2906 832 3288 888 usquequaque
3324 817 3404 870 vis
3434 816 3669 869 ﬂamm:e
3709 814 3815 868 eda

2254 914 2331 966 eis
2378 913 2581 965 ferebat
2620 910 2979 978 glomerantes
3026 922 3236 977 quaqua
3284 906 3336 961 in
3387 916 3544 977 parte
3594 903 3832 969 favillas,

2257 1010 2382 1054 tunc
2438 999 2632 1067 Eligius
2674 1005 2897 1053 mmstus
2938 1013 3057 1051 cum
3108 996 3316 1051 videret
3353 999 3461 1065 jam
3493 1011 3660 1063 supra
3682 1010 3826 1048 suum

2256 1092 2635 1147 monasterium
2679 1089 3089 1159 praedictamque
3131 1089 3411 1143 ecclesiam
3459 1087 3629 1141 ﬂante
3674 1095 3830 1140 ventu

2256 1184 2441 1250 globus
2476 1180 2804 1234 ﬂammarum
2852 1194 2974 1232 cu:n
3013 1177 3200 1232 axibus
3244 1185 3297 1231 et
3324 1178 3655 1232 carbonibus
3687 1174 3827 1236 ferri,

2221 1271 2486 1340 graviter
2537 1270 2819 1336 ingemuit;
2864 1269 2972 1335 jam
3019 1268 3159 1323 enim
3214 1268 3581 1321 invalescente
3628 1266 3746 1332 igne
3790 1266 3832 1317 in

2259 1368 2505 1429 promptu
2536 1369 2651 1413 erat
2689 1368 2747 1412 ut
2771 1359 2930 1413 etiam
2957 1366 3319 1426 tegumentum
3363 1356 3603 1414 basilica:
3648 1355 3833 1409 funde-

2257 1462 2402 1507 retur
2427 1453 2477 1506 vi
2506 1452 2750 1505 vallantis
2780 1450 3028 1505 incendii.
3055 1448 3319 1503 Attollens
3347 1462 3474 1517 ergo
3515 1446 3724 1516 Eligius
3751 1462 3837 1500 vo-

2260 1557 2373 1599 cem
2400 1556 2519 1595 cum
2560 1543 2758 1610 gemitu
2786 1540 2958 1594 dixit:
2988 1537 3032 1593 Ο
3074 1548 3257 1594 sancte
3296 1539 3569 1600 Martialis,
3615 1553 3715 1593 cur
3741 1539 3834 1590 do-

2262 1634 2366 1686 ~nui
2398 1640 2501 1685 tua:
2529 1630 2688 1685 modo
2732 1644 2837 1682 non
2883 1627 3193 1682 succurris?
3236 1634 3385 1680 certe
3433 1628 3579 1680 enim
3631 1625 3841 1678 noveris

2284 1722 2401 1791 {uod
2446 1721 2507 1785 si,
2540 1730 2593 1775 te
2636 1719 2794 1773 hodie
2822 1733 2928 1772 non
2969 1726 3201 1771 curante
3245 1727 3539 1779 crematur,
3570 1729 3836 1782 nunquam

1856 1849 2015 1909 mque
2046 1850 2159 1890 om-
2192 1810 2237 1871 Β
2259 1818 2369 1884 jam
2392 1815 2459 1909 ab
2485 1811 2651 1881 Eligio
2681 1810 2732 1864 in
2773 1826 2942 1865 mvum
2981 1808 3393 1863 restaurabitur.
3421 1806 3723 1861 Confestim
3754 1806 3841 1873 igi-

2270 1916 2353 1959 tur
2384 1904 2532 1959 affuit
2578 1902 2784 1956 Demini
2832 1900 3024 1967 gratia,
3071 1909 3126 1952 et
3170 1898 3325 1950 aliam
3360 1899 3410 1950 in
3450 1904 3660 1965 partem
3691 1905 3844 1948 vento

2271 1997 2509 2049 ﬂammas
2548 1991 2872 2059 impellente,
2903 1998 2959 2043 et
2984 1988 3230 2052 ecclesia,
3277 1996 3329 2040 et
3371 1994 3447 2040 tot
3473 2002 3541 2037 λιιι
3572 1984 3694 2051 ejus
3738 2000 3843 2037 mo-

2272 2084 2563 2139 nsnerium
2587 2081 2843 2136 remansit
2874 2078 3158 2132 incolume.

2870 2165 3096 2223 CAPUT
3124 2164 3242 2222 XX.

588 2248 706 2287 rum
755 2226 849 2282 Dei
898 2236 1124 2292 corpora
1164 2211 1498 2287 sepelienda,
1534 2207 1686 2275 cujus
1735 2210 1871 2257 tecta
1925 2194 2171 2254 sublimia

588 2318 799 2391 operuit
820 2286 1035 2385 plumbo
1062 2324 1182 2363 cum
1211 2286 1512 2373 elegantia;
1558 2310 1663 2363 qua
1695 2294 1748 2348 in
1792 2290 2009 2347 basilica
2047 2286 2171 2339 bea-

590 2377 677 2467 tus
712 2377 927 2479 quoque
956 2398 1313 2469 Quintilianus
1338 2395 1482 2464 jacet
1517 2388 1690 2445 abbas
1717 2386 1985 2439 humatus.
2019 2377 2171 2431 ΑΞόὶ-

593 2504 770 2560 licavit
802 2501 987 2563 etiam,
1019 2497 1235 2559 imoque
1264 2481 1542 2541 renovavit
1590 2475 1859 2533 basilicam
1891 2472 1941 2525 in
1970 2469 2176 2523 honore

592 2592 758 2647 sancti
800 2583 1053 2641 Martialis
1101 2556 1561 2633 Leinoviccnsium
1589 2560 1856 2636 pontiﬁcis
1884 2570 1937 2615 et
1967 2556 2172 2614 contes-

594 2682 748 2743 soris,
781 2691 884 2746 qua
916 2673 1099 2741 utique
1129 2667 1329 2721 urbane
1356 2659 1621 2725 stabilita,
1651 2651 1866 2725 plumbo
1904 2648 2021 2718 ejus
2049 2660 2177 2701 coo-

595 2771 769 2843 peruit
799 2776 960 2829 tecta,
991 2762 1080 2817 ubi
1104 2774 1224 2817 cum
1252 2754 1492 2825 ejusdem
1519 2747 1771 2816 reliquias
1796 2742 1926 2799 satis
1952 2741 2178 2794 devotus

596 2878 716 2918 cum
740 2873 933 2928 magno
965 2851 1234 2921 triumpho
1258 2856 1559 2914 magnoque
1589 2838 1865 2902 utriusque
1891 2838 2053 2887 sizxus
2081 2843 2175 2882 eo-

2275 2264 2478 2330 Quanlo
2504 2263 2673 2317 studio
2696 2261 2921 2332 qttot’die
2944 2263 2997 2313 in
3024 2261 3203 2313 melius
3225 2260 3301 2312 rir
3325 2268 3536 2312 sanctus
3557 2257 3843 2327 profecrrit.

2346 2356 2438 2412 His
2468 2358 2646 2424 itaque
2676 2353 2954 2408 transactis
2992 2352 3188 2421 jngiter
3238 2352 3318 2403 vir
3371 2358 3589 2403 sanctus
3622 2350 3847 2401 intentus

2275 2447 2527 2502 manebat
2553 2443 2746 2498 divinis
2775 2443 2997 2507 ol‘ticiis;
3047 2450 3164 2496 erat
3206 2441 3349 2495 enim
3396 2440 3449 2492 in
3498 2436 3847 2506 eleemosynis

2276 2541 2472 2607 largus,
2505 2538 2557 2593 in
2587 2537 2780 2605 vigiliis
2822 2535 3063 2601 sedulus,
3116 2535 3167 2587 in
3215 2533 3461 2587 oratiOne
3507 2530 3756 2592 devotus,
3801 2530 3845 2578 iu

2277 2632 2538 2687 charitate
2576 2627 2842 2698 perfectus
2896 2627 2947 2681 in
2998 2625 3294 2679 humilita'e
3344 2620 3610 2692 profusus,
3664 2620 3717 2673 iu
3762 2619 3848 2672 du-

2279 2721 2450 2779 ctrina
2480 2719 2797 2790 prteeipuus,
2831 2717 2882 2770 in
2917 2729 3162 2771 sermone
3201 2721 3440 2781 paratus,
3494 2712 3545 2763 in
3589 2709 3848 2763 locutione

2278 2818 2508 2876 cautus,
2560 2809 2613 2863 in
2667 2806 3077 2862 conversatione
3146 2802 3547 2861 sanetiSsimus,
3608 2800 3661 2852 in
3716 2797 3850 2851 wllo

2282 2902 2465 2959 mundi
2512 2899 2771 2967 compede
2816 2905 3111 2959 catenatus,
3155 2896 3207 2948 in
3260 2891 3531 2960 obsequiis
3583 2906 3846 2944 servorum

599 2958 805 3019 mitatu,
853 2965 974 3006 cum
1032 2942 1261 3001 melcdia
1310 2937 1639 2995 Psalmorum
1667 2945 1732 2985 ac
1768 2927 1906 2983 dulei
1940 2922 2177 2979 modula-

600 3050 740 3104 mine
791 3041 1225 3112 antiphonarum,
1283 3030 1479 3086 chorus
1525 3023 1760 3080 deferret
1806 3014 2175 3087 psallentium,

601 3136 916 3197 miraculum
968 3130 1220 3187 Dominus
1265 3118 1559 3178 declaravit
1616 3112 1872 3169 memoria
1921 3109 2175 3176 dignum;

601 3234 672 3289 ob
699 3231 800 3285 hoc
828 3228 968 3283 enim
1016 3231 1069 3278 et
1100 3217 1299 3286 Eligius
1325 3210 1566 3269 eamdem
1611 3208 1748 3261 viam
1795 3201 1955 3269 arripi
1986 3198 2183 3252 fecerat

603 3338 726 3380 cum
757 3316 1083 3390 pignoribus,
1114 3323 1234 3365 cum
1264 3305 1524 3377 potuisset
1564 3310 1783 3369 prorsus
1825 3288 2037 3346 aliunde
2064 3299 2183 3355 per-

604 3428 731 3484 gere
761 3409 976 3465 rectius.
1010 3402 1134 3456 Erat
1173 3399 1332 3468 igitur
1356 3393 1494 3449 haud
1525 3387 1709 3461 procul
1736 3402 1766 3440 a
1795 3382 2007 3438 tramite
2036 3379 2183 3433 clau-

606 3516 773 3561 strum
804 3494 1036 3556 carceris
1065 3491 1209 3555 tetri,
1240 3487 1327 3541 ubi
1361 3484 1677 3539 tenebantur
1701 3482 1907 3544 septem
1948 3471 2045 3525 viri
2074 3470 2187 3523 sive

608 3592 826 3651 innocui
862 3589 975 3644 sive
1003 3583 1169 3664 nimii,
1219 3578 1316 3635 sub
1346 3574 1501 3630 tertia
1549 3566 1788 3626 custodia
1835 3561 2031 3625 abditi;
2065 3572 2186 3612 eum

610 3699 736 3753 ergo
760 3680 958 3749 Eligius
988 3658 1150 3730 veluti
1197 3668 1466 3740 quondam
1519 3658 1684 3715 David
1734 3662 1860 3711 ante
1888 3666 2065 3707 arcam
2094 3664 2189 3703 ex-

611 3779 815 3836 sultans
857 3780 1017 3839 atque
1066 3764 1377 3834 tripulians,
1416 3770 1537 3811 cum
1582 3749 1822 3819 reliquiis
1869 3754 1924 3800 et
1970 3744 2189 3813 prmi'ato

614 3868 826 3939 agmine
853 3863 907 3917 in
933 3871 1065 3914 voce
1091 3848 1461 3910 exsultationis
1484 3842 1798 3915 prmteriret,
1832 3849 1956 3891 mox
1985 3841 2042 3886 ut
2070 3845 2190 3887 con-

614 3976 695 4017 tra
720 3953 1043 4028 ergastulum
1079 3961 1197 4003 esse
1244 3946 1540 4012 creperum,
1590 3939 1809 4001 repente
1845 3932 2080 3996 gestator
2108 3921 2190 3991 pi-

614 4016 838 4126 guuruin
863 4044 1011 4116 gravi
1054 4037 1294 4111 pondere
1322 4034 1605 4101 depressus
1641 4025 1755 4080 solo
1786 4018 1983 4076 restitit
2013 4016 2147 4068 lixus
2175 4031 2188 4078 ;

615 4160 773 4216 quem
804 4153 923 4195 cum
953 4132 1149 4203 singuli
1184 4124 1567 4196 compellerent
1609 4130 1847 4189 gressum
1880 4108 2193 4180 quantocius

618 4248 855 4298 movere,
902 4228 957 4284 id
1012 4242 1072 4282 se
1120 4235 1277 4294 posse
1326 4215 1629 4272 nullatenus
1679 4221 1817 4262 voce
1858 4202 2069 4274 publica
2114 4204 2195 4253 est

619 4295 925 4386 confessus;
954 4318 1190 4383 dumque
1220 4312 1291 4366 ita
1320 4298 1738 4371 stantess'mguli
1760 4295 2196 4363 obstupescerent

620 4426 867 4476 eventum
907 4410 1005 4476 rei,
1039 4416 1063 4445 ε
1092 4403 1255 4474 erepit
1291 4396 1499 4453 cunctis
1534 4394 1584 4447 in
1635 4400 1848 4445 carcere
1886 4381 2036 4453 quasi
2083 4379 2197 4432 leve

623 4519 822 4568 tonitru
852 4502 1038 4567 audiri,
1071 4507 1125 4555 et
1148 4494 1325 4552 statim
1349 4492 1427 4545 vis
1454 4487 1695 4556 quaedam
1726 4495 1843 4536 eum
1874 4489 2067 4543 magno
2094 4472 2195 4525 im-
2224 4498 2273 4556 υ

628 4614 753 4675 petit
785 4595 1069 4653 adveniens
1100 4599 1270 4649 totum
1311 4582 1485 4637 valide
1520 4576 1676 4633 nimis
1702 4570 1974 4627 conettssit
2013 4578 2195 4621 carce-

630 4656 653 4675 r
672 4656 688 4659 _
721 4656 727 4658 ν

628 4710 737 4750 rem
767 4691 833 4745 ab
862 4686 998 4741 imis.
1029 4679 1321 4736 Confestim
1350 4672 1484 4750 seris
1527 4666 1772 4723 omnibus
1816 4656 2069 4717 eﬂ'ractis,
2102 4668 2197 4707 ne-

630 4790 887 4853 xibusque
916 4774 1205 4844 dissipatis,
1249 4746 1386 4822 ostia
1433 4763 1678 4817 obserata
1710 4756 1997 4825 patuerunt
2034 4744 2199 4800 inclu-

629 4883 737 4943 sis;
788 4874 930 4929 illico
974 4881 1100 4934 ergo
1146 4860 1363 4925 vestigia
1408 4855 1658 4923 depressa
1708 4845 1938 4900 ferentes
1980 4839 2199 4909 pignora

634 4973 946 5037 lcvigarunt,
978 4969 1034 5014 et
1071 4957 1146 5011 rei
1189 4964 1457 5009 carcerem
1503 4942 1701 5012 egressi
1730 4936 2010 4993 ecclesiam
2035 4929 2203 4999 petie-

634 5070 774 5116 runt.
824 5055 1025 5110 Omnes
1069 5047 1225 5115 igitur
1267 5041 1358 5112 qui
1401 5038 1621 5092 aderant
1663 5032 1716 5086 in
1763 5039 2033 5096 stuporem
2062 5018 2202 5074 versi

634 5157 908 5223 creperum
954 5143 1201 5200 attollere
1230 5137 1539 5208 inovitatem
1582 5121 1857 5183 miraculi,
1902 5131 1967 5170 ac
2016 5112 2204 5167 merita

635 5252 857 5301 duorum
888 5238 1173 5305 conjuncta
1213 5227 1369 5284 simul
1403 5229 1731 5281 sanctorum,
1791 5209 2044 5267 Martialis
2093 5206 2207 5259 lau-

637 5340 781 5398 dem,
836 5295 1004 5395 Eligii'
1034 5321 1325 5394 prscdicare
1368 5316 1645 5370 favorem;
1693 5302 1868 5358 cuncti
1895 5299 2053 5353 etiam
2096 5295 2207 5348 haec

638 5429 880 5483 videntes
906 5420 1117 5476 Christo
1147 5412 1371 5469 Domino
1392 5408 1585 5461 uberes
1606 5396 1807 5459 laudes,
1834 5392 1923 5463 qui
1950 5390 2059 5445 suis
2080 5399 2208 5457 ope-

640 5528 789 5574 ratur
817 5516 871 5570 in
900 5510 1087 5575 servis,
1117 5502 1335 5559 vocibus
1364 5495 1657 5554 eﬂ‘erebant
1684 5482 1969 5544 continuis.

719 5690 741 5716 ³
770 5676 926 5743 Cttle
956 5670 1169 5743 cunctis.
1211 5663 1320 5743 llic
1361 5661 1534 5743 etiam
1560 5654 1809 5743 Codicem
1836 5645 2030 5729 .saneti
2072 5641 2206 5743 Alud.

647 5713 1110 5819 sequimtSranam‘
1136 5734 1390 5817 Aeherius
1418 5728 1655 5782 ediderat
1695 5725 1805 5776 rinc
1830 5720 1903 5782 is;
1936 5718 1986 5773 in
2024 5713 2209 5769 cedent

648 5804 843 5874 Codice
869 5814 1058 5883 legitur
1095 5809 1216 5861 leris
1247 5804 1479 5858 tonitrus.

2283 2992 2374 3045 1)ςὶ
2423 2990 2743 3054 succinctus,
2777 2989 2829 3042 in
2859 2985 3230 3055 redemptione
3275 2983 3610 3052 captivorum
3662 2980 3849 3035 sollici-

2284 3091 2388 3148 tus,
2418 3085 2470 3136 in
2498 3095 2785 3151 egenorum
2833 3077 3115 3146 largitione
3160 3074 3400 3137 diﬂ'usus,
3452 3072 3503 3125 in
3550 3070 3699 3124 duris
3741 3083 3846 3137 pas-

2285 3175 2524 3230 sionibus
2571 3172 2743 3234 fortis,
2791 3169 2843 3222 in
2891 3167 3049 3223 bonis
3089 3164 3342 3235 operibus
3368 3162 3573 3225 hilaris,
3606 3164 3658 3213 in
3693 3167 3847 3212 tenta-

2284 3266 2429 3321 tione
2469 3263 2782 3325 tutissimus,
2829 3260 2882 3314 in
2924 3252 3305 3325 hospitalitate
3337 3254 3669 3314 latissimus;
3725 3251 3847 3303 inter

2283 3354 2571 3426 opprobria
2599 3366 2840 3416 securus,
2874 3349 3011 3404 inter
3038 3348 3160 3403 odia
3188 3345 3479 3409 bcnelleus,
3512 3344 3564 3397 in
3595 3343 3849 3412 prosperis

2285 3448 2444 3504 etiam
2488 3454 2543 3501 et
2588 3445 2638 3499 in
2689 3442 2927 3498 adversis
2975 3441 3115 3495 cmlo
3161 3454 3372 3507 semper
3426 3439 3700 3498 intentus;
3756 3448 3847 3485 nou

2286 3538 2426 3592 enim
2456 3544 2665 3606 poterat
2695 3535 2747 3588 in
2771 3547 2839 3587 eo
2870 3530 3108 3585 invenire
3141 3529 3351 3583 humani
3374 3528 3588 3594 generis
3620 3522 3850 3576 inimicus

2288 3643 2387 3682 nec
2406 3625 2546 3696 quod
2570 3624 2712 3678 fraus
2746 3623 3038 3691 deciperet,
3071 3633 3170 3674 nec
3194 3618 3335 3687 quod
3378 3615 3652 3670 simulatio
3692 3611 3850 3667 fusca-

2290 3731 2389 3773 ret.
2439 3716 2807 3771 Sinceritatem
2859 3701 3086 3779 quidem'
3113 3708 3307 3762 mentis
3347 3707 3524 3758 vultus
3575 3701 3849 3757 serenitate

2291 3809 2641 3871 monstrabat,
2667 3814 2721 3859 et
2744 3804 2995 3874 pietatem
3025 3798 3425 3856 clementissimi
3461 3795 3644 3851 cordis
3681 3801 3845 3847 osten-

2290 3903 2449 3955 debat
2478 3900 2528 3954 in
2580 3899 2799 3954 lenitate
2827 3893 3124 3959 sermonis;
3160 3891 3290 3948 nihil
3317 3889 3515 3960 quippe
3542 3892 3663 3955 ejus
3690 3884 3849 3938 animo

2291 3992 2624 4053 clementius,
2666 3989 2795 4043 nihil
2824 3988 2963 4041 illius
3009 3983 3294 4039 severitate
3331 3978 3636 4049 iocundius,
3677 3975 3850 4047 jocuu-

2293 4084 2562 4139 cunditate
2609 4082 2751 4135 nihil.
2785 4078 3041 4139 severius,
3094 4075 3223 4129 nihil
3278 4074 3384 4128 risu
3439 4070 3694 4140 gravius,
3736 4064 3851 4120 nihil

2296 4190 2512 4247 prorsus
2544 4171 2755 4227 tristitia
2783 4168 2999 4223 suavius
3032 4183 3045 4220 :
3075 4166 3118 4220 si
3160 4176 3449 4234 pauperem
3496 4159 3737 4218 vidisset,
3775 4171 3851 4209 su-

2296 4266 2591 4330 Stentabat;
2621 4263 2665 4319 si
2695 4262 2943 4324 divitem,
2965 4260 3031 4313 ad
3070 4254 3506 4312 benefaciendum
3551 4251 3852 4307 cohortaba-

2299 4368 2399 4423 tur,
2435 4359 2597 4411 Deum
2629 4362 2816 4409 testem
2859 4353 3113 4406 invecans
3137 4363 3232 4418 pro
3257 4347 3373 4415 ejus
3409 4360 3468 4399 se
3499 4343 3713 4397 nomine
3735 4353 3852 4393 cun.

2300 4464 2383 4506 cta
2415 4452 2525 4504 ha‘c
2557 4450 2729 4503 facere
2755 4463 2769 4508 ;
2800 4458 2958 4498 nemo
2986 4442 3126 4495 enim
3156 4442 3223 4494 ab
3260 4454 3326 4492 eo
3350 4452 3646 4507 pauperum
3676 4445 3852 4487 vacuus

2301 4557 2543 4599 reversus
2568 4550 2650 4594 est
2676 4535 2984 4605 aliquando,
3014 4533 3150 4588 istud
3180 4532 3375 4600 jugiter
3405 4538 3583 4584 mente
3607 4526 3851 4596 replicans

2301 4637 2443 4706 quod
2475 4633 2725 4688 Dominus
2768 4632 2819 4684 in
2863 4626 3149 4696 Evangelio
3195 4623 3363 4678 dicit:
3416 4621 3555 4674 L'eati
3582 4617 3850 4671 miserim-

2302 4732 2407 4791 ιω,
2441 4725 2679 4797 quoniam
2705 4723 2803 4786 ipsi
2831 4717 3233 4774 misericordiam
3262 4720 3633 4781 consequentur
3658 4704 3849 4776 (Manli.

2303 4841 2353 4887 v,
2388 4824 2461 4889 '7),
2494 4832 2701 4874 necnon
2726 4824 2780 4870 et
2811 4812 2935 4867 illud
2970 4813 3035 4862 εδ
3063 4810 3208 4864 Sicut
3232 4821 3365 4873 aqua
3386 4800 3663 4871 exstinguit
3681 4801 3848 4868 ignem,
3910 4830 3911 4843 χ

2303 4922 2376 4972 itu
2405 4917 2720 4980 eleemosyua
2752 4903 3025 4973 exstinguit
3054 4907 3332 4971 peccatum.
3361 4896 3425 4949 Et
3448 4893 3612 4948 illud:
3659 4890 3847 4944 Verum-

2305 5026 2473 5067 tamen
2502 5011 2619 5062 dale
2646 5006 3036 5071 eleemosynam,
3086 5006 3135 5049 et
3178 5008 3293 5048 ecce
3336 4991 3510 5044 omnia
3538 4985 3724 5039 munda
3750 4989 3851 5035 sunt

2305 5108 2442 5162 vobis
2474 5100 2621 5173 (Luc.
2667 5113 2739 5161 ιι,
2768 5094 2877 5161 il).
2905 5091 3036 5145 Nam
3064 5089 3199 5143 sicut
3237 5083 3304 5138 de
3332 5082 3491 5137 beato
3527 5076 3627 5133 Job
3661 5073 3847 5131 dicitur.
3910 5114 3911 5123 χ

2303 5205 2478 5272 januze
2506 5197 2619 5267 ejus
2641 5191 2787 5249 omni
2813 5185 3114 5243 advenienti
3141 5180 3415 5252 patebant,
3446 5185 3502 5231 ut
3530 5183 3582 5230 et
3614 5174 3723 5241 ipse
3748 5181 3849 5222 eum

2307 5294 2406 5350 Job
2448 5264 2626 5361 posset
2671 5298 2803 5340 voce
2854 5282 3020 5335 libera
3067 5273 3437 5346 proclamare:
3485 5264 3685 5320 Ostium
3708 5275 3848 5317 meum

2307 5354 2491 5439 viatori
2518 5378 2677 5448 patuit
2710 5373 2827 5446 (Jo'i
2854 5385 2963 5433 xxi,
3007 5365 3118 5434 '52).
3147 5363 3381 5431 Eratque
3409 5373 3505 5429 pes
3544 5354 3845 5410 elaudorum.

2311 5488 2365 5536 et
2388 5473 2576 5532 oculus
2604 5482 2886 5526 czccorum,
2917 5460 3275 5531 orphanorum
3304 5461 3479 5524 pater,
3509 5464 3575 5505 ac
3601 5446 3845 5502 viduarum

2383 5631 2593 5688 biiccli.
2618 5644 2693 5689 ιιι,
2717 5624 2805 5685 55,
2850 5634 2941 5674 seu
2971 5631 3086 5671 ams
3115 5612 3319 5673 verbis;
3362 5606 3551 5665 iisdem
3603 5611 3765 5657 tamen
3788 5593 3844 5647 rio
3910 5616 3911 5623 ι

2314 5684 2501 5763 tatura
2516 5684 2801 5771 plerisque
2823 5689 3080 5747 I‘atribns.
3910 5684 3911 5739 ς
