3934 6228
123 408 204 460 1Ἶῖ

1647 403 1818 457 VI'I'A.

3238 403 3341 456 498

118 524 415 584 somniatur,
437 521 639 590 quique
672 534 787 576 non
814 533 1031 575 carcere
1067 518 1282 582 clausis,
1324 533 1430 571 non
1460 528 1666 584 πιετηυ-

1777 515 1983 568 initinm
2014 522 2067 568 ct
2096 515 2417 582 exentplum,
2447 512 2582 566 adeo
2624 521 2677 566 ut
2708 527 2848 567 nunc
2877 528 3087 582 quoque
3116 522 3343 587 propitia

116 618 141 668 J
165 630 224 668 ne
261 611 510 679 fatigatis,
550 625 795 678 unquam
824 627 999 675 suum,
1045 610 1097 664 in
1145 617 1404 678 quantum
1450 607 1677 661 facultas

117 702 468 772 suppeditavit,
499 703 713 770 negavit
745 703 1022 767 auxilium,
1071 701 1163 756 sed
1196 702 1444 756 omnibus
1474 701 1677 754 miseri-

115 795 325 848 conliter
343 794 653 856 consulens,
685 793 898 848 miseris
939 807 1150 861 semper
1193 793 1416 862 przebnit
1442 793 1674 847 admiri-

115 885 288 938 culum.
312 884 482 949 Quem
528 883 671 936 enim
703 899 905 938 caseum
935 898 1041 937 non
1081 897 1235 936 suum
1268 883 1477 936 vocavit
1512 884 1679 935 har-rc-

114 977 237 1037 dem,
266 981 356 1026 aut
377 987 537 1040 quem
560 972 796 1025 debilem
828 988 930 1026 non
961 972 1078 1040 ejus
1105 972 1422 1026 sustentavit
1449 974 1680 1025 manus?

116 1065 234 1118 iures
261 1062 460 1132 quippe
487 1063 602 1126 ejus
625 1064 768 1130 jugit
791 1080 831 1115 ~r
857 1079 885 1116 a
916 1063 1121 1118 miseris
1169 1064 1418 1125 obsessaz,
1464 1078 1576 1130 esp:
1600 1073 1678 1115 «ι»-

116 1164 207 1205 tum
247 1154 291 1205 ei
331 1154 398 1204 ad
429 1153 629 1206 bellum
667 1154 1038 1222 praeparabant
1072 1153 1322 1208 solatium
1366 1169 1378 1204 :
1413 1153 1516 1206 hoc
1539 1153 1680 1220 jugi-

116 1252 182 1295 ter
206 1241 489 1296 comitatus
534 1243 825 1296 incedebat
872 1246 1130 1303 exercitu,
1183 1242 1234 1295 in
1285 1242 1368 1296 his
1407 1241 1680 1295 Christum

115 1334 426 1401 conspiciens
454 1347 512 1385 se
560 1334 816 1401 amplecti
853 1334 1132 1400 gestiebat,
1190 1342 1348 1400 atque
1396 1334 1478 1385 his
1505 1321 1677 1386 “indu-

115 1428 269 1472 menta
300 1421 563 1486 tribuens,
602 1421 801 1474 tlhristi
849 1424 946 1476 sub
993 1422 1167 1489 inopis
1206 1431 1356 1475 veste
1400 1437 1458 1475 se
1499 1433 1681 1487 tegere

116 1509 326 1561 membra
364 1508 661 1563 credebat:
698 1511 800 1566 hoc
837 1520 981 1564 certe
1019 1526 1078 1565 se
1117 1511 1402 1579 reputabat
1452 1513 1679 1579 perdere

115 1598 346 1664 quidquid
377 1599 428 1651 in
454 1601 802 1672 eleemosyna
842 1618 947 1655 non
973 1614 1288 1662 assumeret.
1342 1603 1389 1654 id
1451 1619 1494 1656 -ρ
1528 1603 1678 1659 tntis-

117 1691 233 1743 simc
252 1683 625 1758 co‘ngaudebat
649 1694 966 1758 recondere,
995 1694 1137 1762 quod
1167 1694 1434 1762 egentium
1463 1695 1678 1749 sibimet

114 1781 228 1832 dura
279 1783 572 1836 necessitas
622 1783 895 1837 auferret:
926 1785 1081 1838 valde
1109 1785 1302 1851 quippe
1347 1784 1572 1838 devotus
1620 1785 1672 1838 in

1779 603 2063 668 Divinitatc
2103 605 2376 659 indumcra
2423 620 2516 672 per
2556 621 2770 660 onmem
2814 607 3094 663 Franciam
3131 621 3186 665 ct
3221 613 3344 667 Gal-

1778 693 1904 746 liam
1937 695 2233 750 habeantur
2250 699 2348 750 sub
2385 697 2613 763 regulari
2644 698 2945 768 disciplina,
2975 702 3117 757 alma
3149 705 3344 758 utrius-

1779 796 1883 851 que
1909 799 2068 837 sexus
2093 785 2357 839 emnobia.
2391 785 2572 856 Itaque
2603 797 2658 842 ut
2697 788 2878 844 dicere
2907 806 3194 861 cmperam,
3223 797 3347 863 quis

1780 876 1959 931 valeat
1977 891 2228 930 enarrare
2253 893 2373 932 cum
2394 889 2593 947 quanta
2624 880 2823 949 Eligius
2846 883 3153 950 devotione,
3174 901 3349 954 quan-

1783 979 1939 1037 taque
1987 969 2284 1025 humilitate
2351 973 2658 1040 praedictum
2710 986 3089 1033 monasterium
3137 981 3344 1044 adiens,

1783 1064 1919 1116 inter
1965 1064 2156 1117 fratres
2192 1065 2504 1119 incederet?
2535 1067 2756 1124 Videres
2807 1085 2927 1124 eum
2957 1088 3078 1126 cum
3124 1071 3348 1142 ianuam

1782 1155 2145 1222 ingrederetur
2195 1159 2521 1222 monasterii,
2571 1159 2782 1227 dejecto
2827 1163 2878 1215 in
2929 1172 3123 1218 terram
3171 1167 3342 1232 vultu,

1780 1245 2044 1313 depressis
2074 1245 2380 1309 luminibus,
2405 1249 2483 1302 sol
2507 1270 2517 1298 l
2539 1253 2714 1319 capite
2737 1253 2885 1307 humi
2917 1256 3192 1325 inclinato,
3228 1267 3343 1313 toto

1779 1336 1940 1388 etiam
1988 1338 2167 1391 subtili
2222 1356 2286 1392 co
2321 1356 2450 1409 pore
2485 1357 2608 1394 cum
2657 1357 2846 1410 magna
2891 1349 3154 1414 gravitate
3206 1351 3347 1404 inter

1773 1424 1971 1499 fratres
2001 1427 2264 1492 incedere,
2293 1431 2617 1499 singulisque
2661 1435 2932 1489 monachis
2958 1451 3019 1490 se
3059 1452 3197 1506 pene
3235 1448 3344 1493 tcr~

1780 1530 1850 1568 me
1881 1527 2237 1583 prosternere,
2266 1529 2424 1589 atque
2448 1523 2516 1574 ab
2535 1523 2782 1577 omnibus
2808 1524 3151 1580 devotissime
3180 1529 3344 1583 bene-

1777 1604 2038 1660 dictiones
2084 1607 2321 1672 haurire,
2371 1611 2565 1678 quibus
2615 1614 2726 1681 ipse
2779 1615 3049 1684 copiosam
3102 1619 3348 1675 tribuens

1778 1696 2192 1767 eleemosynam,
2237 1701 2546 1755 vilissimam
2579 1706 2730 1761 uanis
2774 1717 2968 1760 tortam
2994 1709 3060 1762 ab
3089 1710 3166 1764 eis
3188 1725 3342 1779 egre.-

1778 1786 1930 1841 diens
1974 1804 2070 1857 pro
2113 1791 2484 1848 ben'tdictione
2533 1795 2746 1851 sibimet
2800 1799 3120 1864 vindicabat,
3177 1819 3340 1872 quatn

115 1885 274 1922 eurum
328 1871 510 1924 usibus
565 1872 881 1928 substantia:
932 1875 1290 1941 exaggerabat
1344 1874 1568 1939 pendas,
1617 1884 1676 1927 ut
1709 1873 1751 1929 Β
1782 1880 1964 1947 utique
1995 1895 2091 1949 pro
2123 1897 2315 1950 magno
2345 1899 2564 1939 munere
2584 1887 2936 1956 amplectens,
2957 1891 3144 1946 diebus
3159 1871 3343 1962 singu-

114 1980 204 2030 quo
225 1967 506 2033 pauperior
543 1967 928 2030 saeculu‘esset,
977 1969 1293 2036 Iccuplctior
1331 1968 1439 2022 Deo
1485 1969 1669 2032 fieret;

115 2055 464 2109 considerabat
488 2056 709 2124 quidem
733 2060 856 2126 quia
879 2060 1116 2127 quotidie
1141 2059 1314 2114 deesst
1356 2075 1460 2114 non
1493 2069 1673 2129 potest

114 2145 235 2212 quod
263 2157 529 2214 peccetur,
555 2149 680 2203 ideo
705 2164 805 2203 nec
829 2149 1151 2217 quotidiana:
1178 2150 1535 2218 cleemosynze
1563 2165 1670 2203 non

114 2237 356 2302 deessent,
408 2237 606 2306 quibus
653 2238 884 2305 piamina
931 2245 1299 2304 tergerentur;
1349 2249 1401 2290 et
1452 2239 1522 2291 ob
1568 2239 1672 2293 hoc

116 2339 218 2374 ιιιιη
262 2323 483 2376 Domino
537 2339 640 2378 suo
666 2307 966 2393 .pecuniam
1004 2324 1264 2389 dividens,
1316 2325 1668 2379 sul-stantiam

116 2430 242 2466 suam
287 2415 549 2482 gaudebat
591 2417 804 2470 sociare
849 2431 966 2471 cum
1012 2416 1245 2482 Christo,
1303 2417 1384 2471 l'ac
1406 2432 1501 2472 ens
1547 2431 1670 2469 eum

116 2532 136 2557 δ
156 2507 198 2558 bi
225 2508 617 2574 possessionum
651 2508 980 2564 terrestrium
1004 2508 1316 2579 participem
1347 2516 1405 2561 ut
1434 2516 1488 2561 et
1515 2508 1669 2562 Chri-

115 2605 212 2648 stus
238 2595 429 2649 laceret
457 2597 607 2650 illum
648 2599 747 2651 sibi
778 2611 1060 2665 regnorum
1091 2597 1388 2652 caelestium
1429 2598 1669 2651 coluere-

117 2687 238 2735 tlem.
268 2681 339 2735 illi
366 2685 572 2737 scilicet
602 2685 909 2751 assignabat
939 2683 1234 2748 facultates,
1282 2694 1336 2735 =.t
1368 2684 1495 2746 ipsis
1528 2693 1672 2739 es~et

116 2781 273 2825 custos
301 2783 612 2842 perpetuus,
637 2773 973 2843 sciens‘quod
1004 2774 1378 2843 patrimonium
1422 2773 1530 2827 Deo
1553 2790 1668 2828 cre-

117 2864 264 2913 ditum
294 2878 389 2916 nec
417 2867 720 2934 reSpublica
759 2866 934 2934 eripit,
983 2881 1079 2920 nec
1122 2865 1278 2920 fiscus
1316 2866 1535 2931 invadit,
1569 2882 1668 2922 nec

117 2953 349 3006 calumnia
377 2956 555 3024 aliqua
587 2955 816 3010 forensis
862 2959 1090 3014 evertit:
1119 2959 1292 3013 sciens
1331 2961 1490 3012 etiam
1529 2960 1666 3013 scri-

119 3053 244 3110 ptum
265 3060 394 3109 esse,
432 3047 578 3116 quod
609 3063 675 3101 ea
709 3051 845 3104 bene
872 3049 1151 3104 haereditas
1176 3052 1502 3115 reconditur,
1545 3065 1664 3119 qua:

119 3132 213 3186 Deo
258 3136 473 3188 custode
527 3147 791 3192 servatur.
861 3138 1024 3207 llttjus
1071 3154 1300 3206 namque
1347 3141 1482 3206 apud
1539 3155 1666 3192 suos

118 3223 292 3274 monita
323 3224 448 3276 nihil
482 3225 698 3279 luerunt
726 3228 888 3288 aliud,
914 3243 1074 3294 quam
1120 3229 1422 3295 magisteria
1461 3228 1660 3293 divina,

119 3311 433 3366 fundamenta
477 3315 684 3368 scilicet
726 3316 1134 3370 corroborandre
1165 3315 1306 3379 fidei,
1337 3317 1663 3370 nutrimenta

116 3397 326 3452 fovendre
352 3401 562 3464 animm.
591 3405 950 3471 gubernacula
990 3405 1246 3473 dirigendi
1280 3406 1501 3470 itineris,
1533 3422 1668 3475 prte-

117 3489 229 3542 sidia
267 3490 566 3546 obtinendae
613 3493 801 3548 salutis
833 3510 847 3546 :
886 3496 1102 3563 dignum
1132 3510 1260 3564 ergo
1298 3504 1401 3557 est,
1448 3503 1506 3548 ut
1542 3511 1665 3550 eum

118 3578 222 3631 bini
250 3580 520 3635 imitentur
539 3593 595 3636 et
618 3583 857 3650 diligant,
887 3585 1036 3650 plebs
1057 3586 1217 3648 colat,
1239 3587 1392 3639 noxii
1418 3586 1664 3642 timeant.

117 3684 252 3734 quem
279 3671 345 3722 ita
369 3672 548 3723 divina
573 3673 746 3725 virtus
767 3673 1064 3738 illustravit,
1090 3686 1148 3728 ut
1173 3677 1270 3728 sub
1300 3676 1468 3730 -aicali
1503 3677 1663 3730 etiam

118 3757 275 3809 habitu
316 3758 566 3813 habuerit
611 3775 642 3813 a
694 3761 805 3815 Deo
846 3762 1034 3816 collata
1080 3763 1218 3817 dona
1266 3766 1665 3836 doctrinamque

118 3846 415 3907 melliﬂuam,
447 3857 503 3902 et
534 3849 736 3917 Spiritu
763 3860 947 3905 sancto
975 3851 1264 3925 conditam,
1295 3852 1361 3908 de
1389 3854 1664 3910 desiderio

117 3935 284 3989 Christi
325 3938 557 4004 salitam,
584 3941 654 3994 de
690 3949 889 3995 acterna
927 3957 1140 4009 semper
1167 3939 1496 4000 beatitudine
1521 3947 1665 3999 solli-

118 4026 272 4091 citam,
293 4027 487 4096 quique
511 4028 591 4082 sic
617 4027 898 4093 religiosus
925 4031 1127 4096 exstitit
1155 4045 1218 4082 ac
1245 4031 1435 4085 timens
1473 4032 1658 4094 Deunt,

120 4123 167 4164 ut
198 4117 360 4169 szecnli
407 4118 607 4171 oblitus
636 4118 943 4187 dignitates,
981 4134 1141 4182 omne
1171 4123 1499 4177 consortium
1540 4138 1661 4178 cum

120 4203 274 4267 egenis
294 4204 514 4258 haberet
539 4213 599 4259 et
625 4206 923 4260 monachis.

660 4313 888 4370 CAPUT
930 4316 1039 4372 XXi

381 4420 493 4484 Quo
515 4424 702 4476 ordine
730 4427 952 4480 cmmbia
999 4449 1014 4494 ε
1049 4433 1364 4499 τνσρναυετὶι.

1775 1968 1836 2022 lis
1862 1986 2141 2039 quousque.
2182 1975 2376 2030 durare
2423 1976 2729 2058 incorrupta
2750 1981 3046 2062 .potnissct,
3101 1986 3342 2054 cnlogias

1773 2070 1837 2111 ex
1860 2071 1923 2112 ea
1954 2059 2115 2114 veluti
2143 2077 2352 2116 sacram
2375 2059 2809 2123 communionem
2829 2069 3051 2139 jejunus
3069 2077 3338 2130 sumebat.

2334 2173 2562 2233 CAPUT
2612 2180 2774 2236 XXII.

1846 2277 1995 2342 Quod
2016 2283 2240 2348 pedestri
2268 2287 2440 2366 l-.bore
2477 2289 2546 2342 ad
2587 2291 2700 2344 loco
2728 2303 2908 2347 sancta
2933 2300 3267 2366 properavit;

2265 2366 2313 2408 et
2339 2360 2402 2410 de
2418 2375 2540 2412 cura
2560 2377 2857 2430 egenorum.

1841 2460 1973 2515 Nam
1994 2472 2048 2516 et
2076 2463 2216 2519 hanc
2243 2467 2471 2521 habebat
2508 2473 2970 2540 consuetudinem,
3007 2485 3065 2530 ut
3107 2479 3333 2535 ubicun-
3379 2478 3382 2482 ’

1771 2565 1876 2617 que
1905 2554 2007 2606 iter
2031 2565 2232 2633 ageret,
2263 2558 2306 2611 si
2337 2558 2500 2612 sciret
2528 2561 2714 2614 eadem
2745 2578 2804 2617 se
2835 2574 2990 2618 nocte
3011 2567 3091 2620 vel
3115 2569 3180 2621 ad
3211 2586 3328 2623 mo-

1771 2643 2080 2710 nasterium,
2135 2647 2219 2700 vel
2267 2648 2334 2701 ad
2386 2651 2810 2723 qualemcunque
2858 2657 3162 2722 ecclesiam.
3210 2661 3332 2726 sive

1769 2735 1930 2786 etiam
1975 2736 2040 2789 ad
2083 2737 2386 2807 religiosum
2423 2730 2726 2813 quempiam
2765 2748 2930 2800 virum
2970 2763 3126 2817 posse
3163 2736 3327 2805 attin-

1767 2838 1914 2889 gere,
1964 2827 2264 2883 nullatenus
2292 2832 2464 2884 eibnan
2511 2847 2766 2897 sumeret.
2796 2841 3002 2895 etiamsi
3044 2843 3329 2900 biduanum

1767 2916 1850 2968 vel
1882 2917 2180 2972 triduanum
2204 2919 2482 2993 jejunium
2511 2927 2769 2994 expleret,
2795 2932 3102 2998 priusquam
3145 2935 3211 2986 ad
3245 2935 3328 2989 lo-

1766 3019 1887 3060 cum
1916 3007 2238 3064 destinatum
2285 3015 2526 3079 quamvis
2563 3015 2813 3072 defessus
2843 3023 3167 3090 pcrtipgeret
3193 3042 3205 3088 ;
3237 3025 3329 3080 sed

1768 3099 1888 3152 etsi
1927 3113 2108 3156 nosset
2150 3105 2508 3160 venerabilem
2538 3108 2603 3162 ad
2655 3124 2814 3178 quem
2861 3117 3117 3181 pergebat
3155 3116 3331 3171 locum

1689 3206 1738 3268 c
1766 3202 1903 3251 esse,
1936 3191 2110 3258 ejecto
2151 3207 2210 3246 se
2238 3197 2444 3249 coneitc
2471 3197 2538 3250 de
2565 3213 2823 3268 equoper
2845 3204 2942 3256 tria
2981 3206 3063 3258 vel
3102 3217 3332 3274 quatuor

1770 3280 1932 3333 millia
1977 3281 2207 3347 pedestri
2244 3286 2424 3339 labore
2467 3287 2787 3344 conficiebat
2829 3293 2931 3347 iter
2963 3311 3234 3368 usquequo
3263 3301 3331 3356 ad

1767 3377 1949 3424 sancta
1976 3371 2062 3424 illa
2093 3383 2272 3442 posset
2297 3377 2558 3444 attingere
2587 3379 2765 3435 lirnina
2792 3400 2806 3448 ;
2831 3398 3057 3455 cumque
3086 3389 3151 3440 ad
3182 3404 3332 3445 man-

1767 3461 1971 3514 sionem
2005 3472 2217 3518 ventum
2268 3477 2430 3532 essu,
2479 3470 2781 3540 priusquam
2815 3477 3213 3534 tabernaculum
3251 3482 3330 3536 itt-

1769 3554 1976 3611 troiret,
2025 3554 2268 3606 mittebat
2297 3570 2490 3624 pueros
2542 3558 2722 3615 fideles
2750 3565 2839 3631 qui
2881 3569 3058 3621 omnia
3090 3569 3196 3624 late
3237 3587 3333 3625 va-

1767 3651 1951 3708 gantes
1997 3652 2364 3699 scrutarentur
2395 3646 2509 3702 loca
2561 3653 2871 3718 mansionis,
2906 3665 2960 3709 ct
3002 3657 3171 3712 sicubi
3201 3676 3330 3728 pns-

1765 3740 1885 3784 sent
1927 3734 2222 3798 mendicos,
2270 3747 2521 3804 aegrotos,
2573 3741 2658 3795 vel
2704 3747 3017 3811 peregrinos
3065 3747 3328 3810 invenire.

1765 3838 1950 3876 omnes
1977 3838 2112 3891 quos
2141 3828 2463 3893 reperissent
2500 3829 2566 3881 ad
2591 3844 2650 3883 se
2678 3840 2769 3884 aut
2819 3834 3029 3898 adduci,
3061 3845 3154 3890 aut
3181 3850 3329 3893 certe

1765 3911 2034 3978 deportari
2059 3913 2296 3980 jubebat,
2329 3917 2520 3984 quibus
2547 3919 2658 3987 ipse
2688 3936 2997 3985 occurrens,
3029 3927 3073 3978 si
3123 3922 3351 3982 morbi?

1763 4001 1886 4053 dum
1913 4001 2138 4069 videret,
2171 4005 2510 4072 medebatur;
2538 4009 2577 4061 si
2612 4012 2849 4077 putridas
2879 4014 3164 4071 habentem
3206 4034 3324 4073 car-

1766 4104 1878 4153 nes,
1907 4090 2016 4158 ipse
2045 4097 2246 4145 saniem
2280 4095 2516 4157 radebat,
2547 4107 2604 4150 ut
2629 4114 2748 4151 cum
2778 4098 2878 4154 Job
2899 4102 3075 4158 dicere
3105 4117 3322 4172 posset:

1764 4178 1976 4232 Flebant
2007 4182 2262 4249 quondam
2283 4198 2434 4250 super
2457 4201 2570 4236 eum
2591 4188 2676 4254 qui
2697 4189 2920 4255 afﬂictus
2948 4201 3093 4254 erat;
3115 4203 3162 4244 et
3179 4187 3291 4246 com
3306 4223 3323 4234 -

1761 4269 2049 4335 patiebatur
2079 4271 2253 4323 anima
2281 4287 2391 4324 mea
2419 4277 2628 4341 pauperi
2657 4274 2796 4343 (Job.
2830 4293 2954 4340 xxx.
3009 4282 3120 4348 ιιι).
3154 4280 3324 4338 Porro

1763 4359 1808 4412 si
1855 4359 2124 4412 horrentia
2161 4357 2492 4428 conspiceret
2537 4377 2654 4431 ora,
2684 4369 2903 4435 prOprio
2933 4372 3165 4438 palatum
3195 4388 3319 4444 pcr-

1762 4451 1956 4504 fricans
1981 4450 2166 4515 digito,
2190 4451 2428 4506 dolorem
2464 4453 2652 4509 leniter
2680 4459 2947 4522 mulcebat
2974 4463 3272 4518 morbidum
3303 4483 3316 4526 ;

183 4531 398 4599 Denique
436 4550 557 4588 cum
588 4543 644 4588 et
680 4534 984 4605 frequenter
1014 4539 1079 4591 ad
1113 4555 1234 4593 eum
1269 4542 1510 4596 monachi
1541 4545 1658 4597 reli-
1687 4575 1731 4631 ο
1757 4545 1836 4598 sic
1862 4544 2110 4598 nimirum
2140 4545 2316 4599 omnia
2340 4561 2460 4600 eum
2491 4544 2619 4600 cura
2641 4558 2695 4602 et
2721 4549 2989 4616 diligentia
3019 4554 3317 4619 perlicicns,

127 4620 429 4690 ginsiquique
446 4623 802 4692 conﬂuerent,
821 4641 918 4680 nec
938 4628 1015 4682 sic
1039 4629 1282 4683 l'imirum
1297 4645 1480 4684 eorum
1493 4635 1654 4686 satia-

129 4709 514 4778 Iiatttralloquio,
529 4713 624 4766 sed
648 4716 935 4783 aliquando
956 4719 1024 4770 eti
1065 4734 1115 4771 ιιι
1140 4720 1296 4773 nimis
1310 4729 1506 4772 sancta:
1527 4738 1657 4775 con-

132 4799 410 4852 versationis
423 4809 657 4854 :nstuans
671 4803 954 4864 desiderio,
978 4806 1046 4874 ip.
1064 4823 1090 4855 -.
1103 4822 1317 4874 quoque
1337 4811 1658 4875 properabat

129 4887 182 4936 ad
205 4891 448 4952 carnobia,
479 4892 818 4958 maximeque
847 4901 873 4928 α
915 4894 1235 4961 Luxovium,
1277 4897 1420 4964 quod
1451 4909 1565 4951 crat
1591 4917 1655 4952 eo

132 4981 338 5040 tempore
361 4979 565 5030 cunctis
596 4979 1100 5052 eminentiusatque
1123 4986 1412 5040 districtius
1436 5003 1451 5049 ;
1483 5004 1655 5056 neque

130 5069 248 5121 enim
267 5080 364 5123 tam
385 5075 569 5128 crebra
586 5074 929 5128 erantadhuc
959 5078 987 5128 i'
1039 5078 1205 5132 Gallis
1235 5094 1355 5131 mon
1375 5079 1577 5142 tsteria,
1602 5090 1656 5134 et

130 5155 471 5222 sicubiesscnt,
495 5178 599 5215 non
625 5163 726 5216 sub
752 5163 972 5230 regulari
1005 5166 1216 5232 quidem
1232 5167 1328 5220 dist
1350 5168 1526 5235 iplina,
1559 5170 1653 5221 sed

133 5254 261 5298 erant
283 5261 491 5314 prorsus
518 5251 570 5303 in
609 5253 812 5305 malitia
845 5253 1080 5308 fet-menti
1113 5259 1303 5312 veteris
1356 5259 1652 5312 saecularia.

137 5332 305 5390 Praeter
324 5337 614 5394 Luxovium
647 5357 798 5409 ergo,
827 5344 964 5411 quod
1003 5346 1196 5410 solum,
1224 5357 1278 5400 ut
1308 5350 1503 5401 dictum
1552 5360 1652 5415 est,

137 5422 477 5482 .listrictionem
510 5432 712 5500 regulae
730 5425 956 5487 solerter
972 5436 1209 5500 tenebat,
1225 5436 1655 5491 Solemniacense

138 5517 476 5570 iiiunasterium
521 5520 574 5572 in
615 5522 856 5587 partibus
900 5525 1132 5581 occiduis
1181 5526 1339 5594 hujus
1384 5529 1654 5594 religionis

143 5607 309 5660 exstitit
331 5619 502 5679 caput,
535 5627 604 5666 ex
634 5627 745 5680 quo
790 5629 992 5672 uernum
1035 5619 1186 5672 multi
1223 5629 1563 5692 sumpserunt
1596 5631 1650 5676 et

1759 4636 2112 4703 componebat
2164 4648 2386 4690 cunctos
2436 4653 2564 4693 suos
2597 4640 2782 4692 sedere
2828 4656 2922 4707 per
2967 4642 3202 4709 ordines,
3263 4661 3320 4702 et

1759 4726 2062 4794 priusquam
2094 4727 2206 4795 ipse
2232 4728 2518 4795 quidquam
2549 4739 2781 4781 sumeret
2809 4744 2874 4782 ex
2895 4731 3036 4793 cibo,
3068 4736 3322 4791 omnibus

1761 4832 1916 4869 manu
1949 4818 2156 4886 propria
2187 4825 2240 4869 et
2266 4831 2442 4870 escam
2475 4819 2741 4887 praebebat
2771 4828 2828 4874 et
2857 4837 3080 4888 merum,
3106 4835 3314 4892 postre-

1761 4921 1846 4959 mo
1877 4906 1988 4974 ipse
2017 4907 2209 4970 gratias
2253 4905 2360 4960 Deo
2405 4909 2651 4971 actitatis,
2684 4925 2783 4966 una
2805 4925 2924 4963 cum
2969 4913 3047 4968 cis
3073 4917 3320 4970 sumebat

1757 4996 1950 5059 cibum,
2005 4995 2100 5048 sed
2155 4996 2431 5062 plusquam
2489 4999 2564 5050 illi
2614 4999 2893 5066 exiguum:
2938 5001 3167 5070 denique
3191 5019 3313 5056 cum

1759 5084 1854 5150 ipsi
1883 5083 2128 5136 carnibus
2161 5093 2435 5136 uterentur
2463 5099 2524 5137 ac
2554 5085 2700 5150 vino,
2732 5088 2774 5139 is
2803 5103 2936 5155 pane
2960 5103 3055 5155 pro
3084 5088 3226 5153 cibo,
3256 5102 3312 5145 et

1757 5172 2040 5240 pauxillum
2087 5174 2222 5225 aceti
2263 5188 2378 5225 cum
2411 5189 2544 5240 aqua
2576 5176 2797 5229 mixtum
2825 5178 3069 5231 utebatur
3090 5195 3185 5248 pro
3215 5196 3310 5249 po-

1761 5270 1844 5312 tn:
1879 5260 2135 5325 siquidem
2167 5269 2288 5313 octo
2334 5273 2426 5316 aut
2470 5265 2650 5317 decem
2700 5263 2899 5318 ﬂuxere
2952 5269 3076 5321 anni
3120 5271 3312 5336 quibus

1759 5368 2010 5419 nusquam
2041 5353 2213 5404 vinum
2247 5353 2420 5407 hausit
2449 5356 2500 5406 in
2541 5353 2762 5420 poculo:
2793 5359 2858 5409 dc
2901 5360 3148 5410 carnibus
3181 5375 3309 5414 vero

1759 5443 1943 5494 melius
1974 5451 2149 5496 tacere
2180 5453 2306 5511 puto
2335 5460 2491 5510 quam
2523 5444 2717 5510 aliquid
2747 5446 2941 5506 dicere,
2971 5447 3305 5514 quandoqui-

1756 5538 1872 5584 dem
1902 5547 1991 5584 cas
2023 5545 2140 5599 pust
2181 5537 2507 5601 propositum
2557 5549 2652 5586 nec
2694 5537 2850 5587 edere
2881 5549 3065 5600 passus
3089 5537 3178 5599 sit,
3209 5553 3306 5590 ncc

1758 5624 2046 5690 attingere,
2078 5633 2130 5676 et
2160 5639 2276 5677 cum
2329 5625 2378 5675 in
2409 5623 2658 5690 praedicto
2694 5638 2948 5676 annorum
2993 5625 3164 5690 spatio
3199 5640 3303 5676 una

197 5759 520 5847 χιηουευηι.
574 5764 1214 5847 Sic-perspicuenlegitur
1275 5775 1328 5830 in
1375 5774 1559 5830 codice
1612 5775 1666 5831 S.
1722 5777 1856 5831 And.
1908 5777 2160 5831 Achcrfus
2222 5781 2330 5847 ipse
2372 5777 2446 5831 sic
2503 5777 2602 5845 legi
2650 5784 2898 5844 oportere
2941 5777 3300 5842 viderattliﬁd

141 5827 341 5886 ediderat
364 5849 428 5888 ex
450 5850 548 5889 suo
575 5827 770 5890 codfcc
797 5827 1107 5894 Lusudimn:
