3912 6350
583 401 681 454 499
1748 392 1806 445 S.
1850 388 2051 444 ELlGll
2090 387 2145 441 Nl

2244 383 2367 440 ῐΟΜ.
2401 380 2611 437 EPISC.
3452 438 3471 442 νὴ
3688 373 3772 428 ωδ
3820 122 3873 405 1

582 520 786 566 tantum
813 507 899 562 die
924 520 1043 562 eum
1069 502 1397 560 meminerim
1428 508 1646 572 propter
1664 500 1928 569 hospitem
1952 500 2127 553 chari-
2148 504 2197 561 Α
2227 495 2421 549 malum
2447 492 2687 555 tendens,
2717 486 2998 544 Dominum
3022 484 3202 540 Jesum
3229 482 3335 538 ﬁde
3360 481 3556 552 plenus
3574 497 3774 552 prouus-
3868 486 3873 521 ί

583 612 693 655 tate
718 601 959 667 exigente
985 597 1052 652 de
1078 596 1383 650 volatilibus
1411 570 1676 647 modicum
1706 592 1826 661 quid
1863 600 2123 660 gustasse.
2226 584 2394 639 sionis
2422 597 2533 637 suae
2583 580 2812 635 tldeliter
2847 575 3147 641 admonuit,
3181 588 3287 641 qua
3334 572 3507 627 dicit:
3542 570 3773 638 Quidqlid

582 696 843 748 Caeterum
872 699 1084 760 peracta
1115 689 1429 747 refectione,
1462 685 1678 752 singulis
1719 699 1940 752 quorum
1970 691 2126 737 antea

2244 674 2486 726 rredentes
2514 671 2778 739 petieritis,
2820 668 2907 735 ﬁet
2950 666 3088 720 vobis
3132 664 3303 732 (Hac.
3353 676 3429 724 ιι,
3460 659 3577 725 94),
3605 668 3693 713 et:
3726 661 3775 711 Si

562 745 984 852 'capiiawlaverat
1008 788 1063 833 et
1091 792 1298 839 manus,
1331 745 1793 829 demumvabluens
1820 774 1980 843 pedes
2006 774 2129 826 deo-
2227 761 2503 852 habueritis
2533 759 2704 852 ﬁdem,
2734 757 2940 852 majora
2978 753 3157 805 Irarum
3202 751 3407 852 facietis
3439 745 3653 852 (Matth.
3675 760 3771 845 xxi,

583 834 882 925 sctilabatur
909 876 1209 935 extergens,
1238 880 1301 919 ac
1338 873 1635 933 prostremo
1662 866 1841 917 stratis
1871 863 2145 932 impositi!

2244 852 2355 920 ξῆν
2391 851 2631 918 Cumque
2653 848 2768 901 haec
2795 846 2954 913 pleno
2990 850 3231 909 pectore,
3261 837 3366 891 lide
3401 850 3471 890 ac
3519 834 3776 889 devotione

584 970 638 1013 et
659 959 824 1013 thoris
852 958 963 1025 ipse
983 956 1263 1022 diligenter
1291 953 1357 1007 ad
1378 954 1548 1021 capita
1579 953 1932 1021 componebat
1958 954 1982 979 ³
2011 951 2131 1019 pul-

584 1048 766 1111 villos;
789 1045 982 1100 deinde
996 1045 1228 1111 seipsum
1249 1043 1483 1110 spolians
1504 1041 1843 1104 indumentis,
1868 1041 2131 1095 collocare

582 1136 897 1191 discubitum
920 1133 1217 1193 simulabat,
1250 1132 1343 1185 sed
1365 1146 1483 1185 cum
1506 1140 1728 1184 cunctos
1756 1138 2001 1183 cerneret
2022 1130 2131 1183 alto

582 1242 777 1294 sopore
801 1228 1093 1294 quiescere,
1138 1222 1391 1276 adhibitis
1428 1236 1609 1275 secum
1660 1221 1843 1288 paucis
1870 1219 2132 1286 ﬁdissimis

584 1317 808 1379 famulis,
839 1316 882 1370 si
912 1325 1052 1370 esset
1099 1314 1305 1378 civitas,
1333 1320 1589 1376 castrum,
1628 1311 1713 1363 vel
1753 1311 1921 1373 vicus,
1954 1309 2133 1364 omnia

584 1405 879 1459 orationum
910 1404 1028 1457 loca
1076 1401 1338 1471 profunda
1365 1401 1476 1467 jam
1515 1408 1672 1453 nocte
1698 1398 1957 1452 circuibat
1999 1411 2134 1466 pene

584 1494 815 1559 invisus;
848 1502 903 1547 et
940 1493 982 1547 si
1031 1491 1351 1545 omnimodis
1380 1504 1661 1559 occurrere
1703 1490 1961 1557 potuisset
2009 1496 2134 1542 ante

583 1578 773 1643 lucem,
799 1578 863 1630 ad
885 1577 1154 1646 proprium
1179 1574 1589 1629 convertebatur
1610 1573 1845 1626 defessus
1868 1581 2090 1626 stratum
2117 1587 2130 1633 ς

510 1728 521 1743 κ
582 1668 721 1736 quod
740 1668 783 1721 si
812 1666 1034 1719 ecclesia
1062 1665 1113 1716 in
1138 1664 1256 1717 loco
1283 1662 1496 1731 hospitii
1526 1677 1630 1716 non
1652 1662 1953 1723 haberetur,
1988 1674 2134 1713 com-

511 1824 514 1828 .
584 1758 751 1824 pleto,
783 1764 841 1809 ut
865 1756 1190 1820 dictum-est,
1224 1767 1444 1822 vespere
1468 1753 1613 1807 omni
1645 1752 1823 1805 officio
1852 1750 2135 1802 simulabat

585 1861 643 1900 se
671 1846 943 1912 quiescere
977 1851 1166 1907 strato,
1197 1842 1291 1897 sed
1325 1856 1451 1895 mox
1478 1850 1537 1893 ut
1560 1840 1674 1907 ejus
1698 1839 2009 1893 cubicularii
2038 1840 2135 1893 ob-

584 1935 916 1998 dormissent,
945 1933 1173 2002 ejectum
1200 1944 1259 1985 se
1276 1944 1307 1983 a
1336 1929 1533 1983 lectulo
1556 1937 1720 1981 totum
1762 1928 2138 1995 prosternebat

583 2028 637 2081 in
660 2026 1040 2095 pavimentum,
1070 2021 1250 2088 ibique
1269 2019 1413 2074 omni
1452 2017 1623 2072 noctis
1649 2018 1821 2085 spatio
1865 2024 2137 2071 transacto

583 2128 702 2187 cum
731 2126 921 2166 aurora
952 2110 1055 2163 diei
1091 2110 1243 2164 daret
1280 2107 1506 2170 initium,
1547 2107 1739 2161 iterum
1762 2105 1789 2144 δ
1820 2121 1878 2160 se
1922 2106 2140 2161 indehat

586 2204 760 2257 thoro.
802 2200 925 2255 [huc
968 2207 1143 2254 autem
1182 2198 1372 2267 agebat
1399 2198 1468 2251 ob
1505 2198 1919 2252 ostentationem
1970 2198 2135 2253 decli-

585 2290 830 2351 nandam,
860 2289 934 2343 illi
974 2289 1075 2342 soli
1104 2288 1326 2356 cupiens
1356 2286 1527 2355 palam
1555 2284 1689 2353 fieri,
1718 2290 1807 2358 qui
1835 2288 1997 2341 dixit:
2029 2288 2139 2341 θνα

590 2382 795 2435 Patrem
830 2389 965 2432 tuum
994 2380 1047 2431 in
1076 2377 1350 2439 abscomo;
1382 2384 1431 2427 et
1472 2373 1631 2431 Pater
1659 2391 1773 2429 tuus
1820 2378 1906 2444 qui
1934 2378 2066 2429 uidet
2087 2377 2141 2428 in

586 2470 822 2533 abconso,
847 2469 1021 2522 reddet
1044 2468 1132 2521 (ibi
1156 2465 1365 2535 (Matth.
1395 2485 1463 2534 vt,
1487 2468 1564 2537 6).
1588 2468 1679 2521 Sic
1697 2467 1894 2535 quippe
1919 2466 2144 2519 faciebat

584 2561 781 2629 Eligius
810 2567 862 2616 et
892 2560 945 2613 in
985 2558 1183 2617 itinere,
1202 2570 1257 2615 et
1283 2563 1335 2613 in
1384 2560 1600 2628 propria
1628 2558 1789 2611 domo
1819 2574 1833 2619 ;
1868 2564 1923 2609 et
1958 2556 2043 2608 hic
2089 2556 2142 2610 ei

581 2660 868 2724 perpetuus
904 2664 1022 2706 mos
1042 2651 1140 2704 fuit
1166 2650 1370 2705 cunctis
1398 2648 1585 2701 diebus
1613 2647 1734 2700 vita:
1764 2660 1891 2699 sum.
1926 2644 2018 2699 His
2047 2644 2143 2711 igi-

588 2757 674 2798 tur
699 2759 819 2798 eum
859 2742 1028 2797 beatis
1073 2741 1278 2794 actibus
1307 2742 1586 2800 intentum,
1614 2737 1668 2790 in
1723 2746 1926 2789 tantum
1966 2736 2142 2789 divina

587 2832 831 2903 provexit
859 2830 1157 2892 clementia,
1184 2836 1241 2882 ut
1266 2828 1438 2881 adhuc
1467 2827 1518 2879 in
1549 2826 1686 2880 laico
1717 2826 1899 2879 habitu
1921 2825 2144 2879 Domino

588 2922 844 2990 largiente
866 2922 887 2949 ο
912 2918 1212 2973 declararet
1232 2915 1507 2969 miracula.

1148 3028 1371 3082 CAPUT
1409 3027 1591 3081 XXIII.
1820 3084 1825 3087 _

803 3102 869 3155 In
890 3104 1051 3154 natali
1078 3098 1139 3153 S.
1166 3096 1402 3164 Dionysi
1438 3099 1675 3149 claudum
1712 3103 1930 3149 sanavit.

663 3195 898 3261 Denique
926 3191 1154 3261 quodam
1187 3198 1427 3257 tempore
1455 3203 1577 3242 cum
1606 3188 1967 3241 anniversaria
1997 3184 2143 3239 Pari-

590 3290 683 3343 siis
727 3287 894 3342 sancti
939 3282 1173 3352 Dionysii
1228 3280 1477 3350 martyris
1530 3279 1891 3332 celebraretur
1943 3278 2141 3345 passio,

594 3381 719 3433 dum
760 3374 936 3441 vigilia
983 3387 1012 3425 a
1060 3373 1206 3425 clero
1250 3379 1533 3423 caneretur
1580 3370 1634 3421 in
1673 3368 1859 3431 choro,
1904 3380 2149 3434 egressus

595 3467 794 3534 Eligius
821 3460 1018 3531 templo
1031 3460 1403 3516 deambulabat
1424 3460 1477 3512 in
1506 3459 1663 3523 atrio,
1683 3458 1915 3526 viditque
1941 3458 2149 3512 eminus

594 3559 765 3611 virum
814 3553 1018 3608 cunctis
1069 3549 1320 3606 membris
1361 3558 1695 3603 contractum
1743 3560 1928 3603 contra
1981 3547 2148 3601 sancti

594 3647 890 3715 sepulcrum
926 3643 1105 3710 jacere
1145 3641 1198 3693 in
1240 3639 1565 3705 pavimento.
1601 3639 1643 3689 Α
1674 3637 1781 3690 Deo
1812 3637 1949 3689 forte
1988 3636 2149 3703 inspi-

596 3745 764 3801 ratus,
785 3732 910 3801 πει-ἰ
936 3746 1061 3785 mox
1086 3736 1112 3775 (ι
1138 3730 1305 3784 astitit
1334 3728 1509 3791 lateri,
1539 3727 1835 3793 blandeque
1854 3741 1974 3780 eum
2001 3742 2146 3779 com-

594 3827 798 3896 pcllans
823 3824 986 3894 erepit
1010 3823 1077 3877 ab
1112 3837 1178 3876 eo
1206 3821 1470 3889 inquirere
1509 3826 1561 3871 et
1601 3828 1838 3884 tempora
1885 3815 2150 3870 claudica-

596 3916 775 3977 tionis,
820 3923 877 3969 et
924 3902 1136 3968 causam
1190 3926 1299 3964 sua:
1348 3910 1711 3976 aegritudinis;
1768 3908 2042 3963 sciscitans
2084 3924 2151 3961 an

598 4006 820 4059 haberet
844 4017 991 4071 spem
1020 4003 1071 4055 in
1096 3990 1345 4063 Christo,
1376 4000 1419 4051 si
1467 4013 1524 4053 se
1554 3999 1796 4051 crederet
1835 3998 2153 4066 quandoque

599 4093 913 4155 sanandum,
935 4106 1000 4145 an
1030 4090 1189 4145 etiam
1217 4088 1459 4142 crederet
1483 4102 1541 4140 se
1572 4095 1691 4154 post
1722 4095 1945 4139 mortem
1978 4101 2152 4140 resur—

597 4192 891 4247 recturum,
920 4191 974 4235 et
1004 4180 1218 4250 prmmia
1244 4179 1328 4231 vel
1374 4192 1560 4246 prunas
1590 4178 1659 4229 ob
1687 4178 1992 4229 meritorum
2020 4190 2153 4242 qua-

600 4275 805 4329 litatem
834 4280 1172 4340 recepturum
1199 4287 1212 4321 :
1241 4282 1471 4335 cumque
1499 4268 1588 4320 ille
1617 4267 1731 4335 ejus
1760 4277 1972 4320 secutus
1995 4265 2152 4317 verba

599 4368 788 4415 cuncta
810 4358 922 4411 haec
943 4373 1004 4412 se
1022 4358 1241 4411 credere
1268 4356 1546 4421 fateretur,
1571 4370 1753 4408 rursus
1776 4355 1975 4422 Etigius
2001 4354 2115 4406 iniit
2137 4372 2149 4404 :

2233 943 2573 1010 deposceret,
2639 948 2932 991 conversus
2979 931 3046 984 ad
3091 944 3311 996 aegrum,
3355 927 3777 995 apprehensaque

2230 1033 2449 1085 dextera
2480 1028 2617 1095 ejus,
2652 1026 2756 1079 ait:
2801 1023 2863 1078 Si
2907 1020 3268 1075 indubitanter
3294 1016 3475 1073 credis
3515 1016 3650 1070 sicut
3672 1032 3777 1085 pro-

2233 1118 2415 1183 mittis,
2450 1117 2502 1170 in
2551 1114 2769 1170 nomine
2810 1111 2936 1165 Jesu
2979 1108 3174 1164 Christi
3190 1120 3372 1174 surge,
3404 1114 3463 1162 et
3507 1114 3593 1159 sta
3643 1119 3781 1173 super

2233 1208 2395 1279 pedes
2423 1215 2563 1261 tuos.
2607 1206 2730 1259 Haec
2756 1202 2937 1257 dicens
2977 1198 3199 1253 attraxit
3220 1211 3343 1251 eum
3389 1195 3457 1247 ad
3485 1210 3548 1249 se
3576 1193 3777 1257 fortiter,

2232 1308 2287 1353 et
2311 1299 2453 1353 illico
2476 1296 2701 1351 nexibus
2725 1302 2936 1347 artuum
2966 1288 3218 1351 resolutis
3245 1286 3494 1341 elevatus
3535 1296 3673 1350 eger
3691 1292 3780 1335 ste-

2234 1392 2317 1455 tit,
2346 1399 2402 1444 et
2430 1404 2555 1443 mox
2584 1383 2901 1442 consolidati
2940 1389 3065 1436 sunt
3099 1379 3267 1450 pedes
3295 1378 3416 1445 ejus
3440 1384 3499 1429 et
3545 1374 3779 1441 membra,

2234 1490 2289 1535 et
2312 1486 2530 1533 sanatus
2556 1485 2641 1531 est
2667 1490 2734 1529 ex
2764 1475 2878 1543 ipsa
2922 1472 3055 1527 hora
3079 1487 3093 1535 ;
3122 1470 3207 1524 cui
3236 1468 3580 1523 comminans
3598 1475 3648 1519 et
3674 1480 3780 1518 coo-

2237 1581 2436 1626 testans
2486 1568 2738 1639 prazcepit
2768 1566 2989 1633 Eligius,
3032 1573 3093 1617 ut
3138 1564 3184 1617 si
3225 1562 3397 1616 nollet
3450 1574 3633 1614 rursus
3675 1557 3779 1609 talLa

2237 1663 2369 1730 pati,
2398 1660 2601 1715 nullum
2642 1656 2785 1713 aliud
2814 1655 3060 1711 sanitatis
3090 1653 3311 1707 verbum
3342 1650 3598 1719 cuiquam
3626 1645 3778 1699 edice-

2170 1782 2212 1839 B
2236 1759 2339 1815 rct,
2370 1748 2471 1803 nisi
2512 1747 2657 1816 quod
2710 1745 2964 1801 Dominus
3009 1742 3167 1798 lesus
3194 1755 3290 1811 per
3330 1748 3579 1794 sanctum
3612 1732 3779 1803 Diony-

2236 1839 2374 1894 sium
2401 1852 2523 1893 eum
2552 1845 2814 1893 sanasset.

2780 1922 3008 1980 CAPUT
3048 1922 3237 1978 XXIV.

2524 2017 2740 2074 Manum
2768 2016 2971 2071 aridam
2985 2014 3280 2087 jocabiliter
3304 2012 3531 2065 sanauit.

2309 2110 2551 2177 Quodam
2594 2111 2786 2163 iterum
2816 2116 3063 2173 tempore
3090 2118 3213 2157 cum
3254 2108 3617 2171 praetereunte
3643 2095 3783 2165 Eligio

2240 2205 2457 2270 coniosa
2497 2212 2789 2269 pauperum
2831 2196 2985 2249 turba
3030 2193 3239 2271 eminus
3282 2188 3613 2248 consideret,
3653 2200 3784 2239 acre

2240 2293 2374 2346 dens
2394 2292 2484 2345 ille
2512 2290 2577 2343 ad
2607 2303 2720 2350 ens,
2747 2284 3077 2353 singulisque
3102 2281 3471 2351 propinquans
3494 2286 3556 2332 ut
3583 2276 3784 2339 solebat,

2240 2381 2444 2435 sanctis
2482 2378 2661 2444 digitis
2688 2377 3082 2441 eleemosynam
3136 2370 3365 2437 singulis
3420 2366 3719 2422 includebat
3742 2363 3783 2416 iu

2243 2469 2460 2537 pugnis;
2489 2478 2719 2533 cumque
2744 2463 2811 2517 ad
2850 2476 3012 2516 unum
3040 2467 3257 2513 ventum
3291 2465 3438 2511 esset
3481 2456 3575 2524 qui
3602 2460 3782 2508 contra-

2244 2571 2381 2615 ctam
2410 2558 2719 2627 aridamque
2748 2553 2981 2608 habebat
3007 2565 3245 2615 manum,
3279 2548 3447 2616 ipsam
3478 2562 3588 2600 non
3630 2545 3782 2597 valens

2242 2649 2551 2713 extendere,
2569 2647 2789 2701 alteram
2807 2641 3055 2697 tendebat
3068 2639 3131 2693 ad
3149 2652 3367 2692 munera
3387 2651 3401 2688 :
3420 2634 3540 2690 Non
3557 2637 3703 2695 hanc,
3722 2633 3785 2684 in—

2244 2740 2359 2807 quit
2376 2738 2592 2804 Eligius,
2608 2735 2699 2790 sed
2715 2733 2935 2787 alteram
2953 2731 3130 2799 prtube
3142 2725 3463 2795 quantocius
3480 2742 3497 2778 :
3514 2738 3667 2792 quam
3687 2735 3782 2774 cunt

2244 2829 2526 2883 arefactam
2544 2836 2852 2882 ostensurus
2866 2823 3160 2893 expelleret
3194 2822 3295 2891 [An
3318 2817 3616 2887 expalleret
3632 2812 3783 2884 ?];ap-

2244 2919 2501 2985 prehensa
2525 2917 2613 2970 ille
2640 2916 2805 2983 coepit
2831 2914 3097 2967 Christum
3142 2910 3307 2983 corde
3333 2920 3552 2973 rogare,
3582 2905 3783 2970 dumque

2247 3010 2424 3061 ulnam
2446 3007 2688 3075 palparet
2714 3021 2742 3057 a
2763 3006 2961 3067 cubito,
2995 3002 3235 3070 protinus
3260 3007 3320 3052 ut
3341 3012 3561 3051 manum
3588 2995 3783 3048 extraxit

2171 3112 2216 3173 ο
2250 3096 2389 3150 illico
2434 3094 2610 3147 nervis
2654 3092 2888 3145 remissis
2913 3091 3106 3158 digitos
3133 3104 3325 3142 curvos
3360 3086 3594 3147 direxit;
3631 3084 3784 3149 δίεσιν

2247 3184 2365 3238 oleo
2394 3183 2556 3236 allato
2604 3190 2882 3250 peruncta,
2911 3177 3193 3233 confestim
3240 3175 3409 3229 solida
3446 3186 3689 3245 rsanaque
3723 3178 3782 3223 c-t

2247 3276 2384 3328 facta
2408 3275 2547 3328 sicut
2567 3281 2682 3328 erat
2706 3281 2761 3326 et
2790 3271 2988 3334 altera;
3014 3268 3107 3324 sed
3127 3270 3263 3338 [cum
3293 3269 3410 3321 haec
3437 3267 3677 3319 videntes

2248 3366 2315 3431 gii
2341 3364 2670 3417 ascriberent
2716 3361 2906 3422 favori,
2958 3361 3048 3413 ille
3093 3360 3265 3425 gratia
3322 3358 3642 3410 humilitatis
3679 3369 3785 3408 con-

2249 3463 2444 3519 tentus,
2500 3464 2655 3508 caute
2680 3454 2811 3507 satis
2858 3458 3029 3506 tentat
3075 3450 3262 3505 eadem
3304 3449 3561 3503 occulere
3604 3447 3783 3500 dicens:

2248 3544 2360 3611 Ego
2388 3545 2570 3613 putavi
2600 3544 2720 3599 ideo
2760 3543 2909 3596 illum
2941 3544 3161 3611 tingere,
3186 3548 3246 3595 ut
3269 3556 3300 3593 a
3327 3555 3415 3593 me
3446 3538 3650 3593 facilius
3670 3535 3785 3591 elec-

2248 3650 2524 3703 niosynam
2542 3641 2723 3702 posset
2739 3632 3039 3702 percipere.

2810 3740 3035 3796 CAPUT
3078 3739 3247 3793 XXV.

2468 3813 2546 3865 Ex.
2567 3814 2763 3866 modico
2788 3811 2892 3864 vini
2916 3812 3085 3879 plures
3118 3824 3368 3878 pauperes
3397 3812 3609 3878 potavit.

2319 3904 2435 3957 Alio
2461 3912 2718 3971 praeterea
2748 3909 2991 3968 tempore
3020 3913 3140 3952 cutn
3171 3898 3273 3951 iter
3311 3899 3585 3967 quoddam
3612 3899 3659 3951 in

2252 3994 2394 4047 ximo
2423 4000 2684 4059 carperet,
2716 3989 2904 4043 habuit
2923 3989 3136 4043 obviam
3162 4002 3464 4057 pauperum
3494 3988 3783 4042 turbatam

2245 4082 2356 4150 jam
2373 4082 2625 4149 opinione
2639 4079 2942 4144 collectam,
2955 4078 3149 4145 quibus
3164 4077 3511 4147 eleemosyna
3530 4072 3783 4132 sientscie-

2251 4176 2338 4225 bat
2353 4172 2495 4233 data,
2509 4170 2673 4223 voluit
2686 4170 2901 4237 insuper
2912 4169 3000 4221 siti
3017 4168 3249 4235 fatigatis
3266 4168 3507 4223 laborem
3519 4177 3784 4237 temperare

2252 4262 2473 4313 itineris.
2490 4258 2664 4326 Cmpit
2688 4272 2812 4325 ergo
2838 4271 3076 4327 quatrere
3100 4258 3152 4311 in
3179 4258 3437 4313 ministris
3457 4261 3579 4328 quis
3596 4260 3783 4313 habent

2252 4356 2432 4416 potum
2457 4341 2554 4402 sub
2577 4347 2742 4410 sellis,
2768 4360 2997 4414 cumque
3024 4346 3236 4414 singuli,
3263 4347 3405 4401 sicut
3426 4357 3567 4410 erat.
3589 4345 3782 4399 maxime

542 4505 551 4512 ,
600 4451 659 4503 Si
689 4462 817 4515 ergo
862 4446 992 4509 ἥατο,
1043 4453 1102 4497 ut
1141 4444 1354 4501 astruis.
1406 4443 1600 4503 credis,
1639 4457 1733 4495 cur
1784 4442 1869 4495 hic
1925 4442 2153 4493 inaniter
2186 4439 2227 4495 D
2256 4438 2343 4509 [ιθ.
2376 4436 2612 4508 minime]
2644 4453 2702 4492 se
2742 4438 2938 4492 habere
2966 4436 3228 4500 dicerent,
3255 4452 3393 4491 unus
3428 4435 3638 4490 tandem
3658 4448 3785 4504 τηου

600 4539 793 4606 jares?
823 4550 949 4603 roga
999 4534 1164 4601 magis
1212 4534 1354 4586 hunc
1401 4537 1667 4594 sanctum,
1711 4524 1767 4584 ut
1821 4531 2155 4585 intercedens

605 4628 743 4693 apud
786 4626 1061 4679 Dominum
1108 4620 1294 4675 reddat
1322 4630 1373 4673 te
1405 4620 1646 4689 protinus
1684 4634 1889 4671 sanum.
1934 4618 1998 4670 Et
2034 4633 2153 4671 cum

608 4715 698 4767 ille
723 4715 791 4766 ob
838 4713 887 4765 id
932 4708 993 4765 Se
1046 4710 1151 4763 illic
1180 4710 1445 4763 excubare
1490 4710 1712 4771 diceret,
1773 4709 1982 4759 irruens
2034 4724 2153 4759 eum

608 4802 810 4868 Eligius
836 4800 935 4851 ait:
968 4798 1032 4851 Et
1062 4798 1235 4852 credis
1272 4797 1415 4865 quod
1442 4798 1610 4864 possit
1654 4798 1765 4849 haec
1792 4806 2005 4848 sanctus
2058 4797 2156 4848 istc

609 4890 749 4958 apud
781 4888 1056 4941 Dominum
1084 4882 1365 4941 obtinere?
1400 4887 1468 4938 At
1496 4886 1586 4939 ille
1613 4901 1732 4939 cum
1762 4885 1946 4938 eadem
1979 4898 2157 4949 prose-

608 4986 879 5047 queretur,
934 4975 1067 5029 dixit
1117 4976 1305 5029 iterum
1359 4974 1596 5040 Eligius:
1627 4974 1683 5026 Si
1712 4988 1838 5041 ergo
1870 4974 1983 5026 haec
2023 4973 2159 5025 sicut

612 5068 896 5139 polliceris,
931 5063 1127 5127 credis,
1169 5064 1416 5131 promitte
1462 5064 1623 5118 modo
1673 5062 1782 5116 Deo
1812 5073 1863 5117 te
1908 5062 2158 5130 deinceps

610 5159 947 5223 serviturum,
974 5166 1029 5211 et
1055 5156 1191 5209 vidc-
1217 5170 1283 5207 ne
1326 5156 1555 5221 trepidet
1582 5154 1710 5208 lides
1739 5164 1847 5220 tua,
1880 5162 1934 5208 et
1962 5155 2161 5220 absque

613 5262 760 5302 mora
810 5245 1019 5299 sanabit
1047 5254 1098 5298 te
1145 5246 1370 5297 domnus
1423 5243 1541 5294 iste.
1572 5242 1663 5295 Illo
1691 5251 1864 5295 autem
1904 5244 1953 5295 in
1985 5241 2158 5294 omni-

613 5339 709 5390 bus
738 5335 891 5387 lident
921 5332 1100 5394 dante,
1141 5330 1253 5383 tixit
1280 5345 1452 5399 genua
1497 5327 1696 5395 Eligius
1736 5344 1893 5397 super
1942 5340 2157 5391 terram,

508 5482 519 5491 ,
613 5435 665 5479 et
694 5425 897 5493 prolixe
916 5421 1113 5484 oravit,
1144 5419 1332 5475 deinde
1352 5419 1540 5475 oculos
1570 5418 1766 5486 pariter
1788 5428 1839 5471 ct
1867 5421 2065 5487 palmas
2095 5420 2160 5473 ad

684 5564 709 5589 ⁸
748 5554 1007 5607 Pulvillus.
1035 5554 1085 5604 In
1110 5550 1290 5603 codice
1316 5552 1371 5602 S.
1403 5550 1537 5604 And.
1572 5548 1760 5616 legitur
1789 5548 2090 5613 pulvinaria.

683 5626 710 5661 ι»
744 5624 815 5675 Sd
840 5623 1040 5673 indcbat
1070 5622 1233 5672 thoro.
1268 5620 1404 5671 Idem
1434 5622 1622 5679 codex,
1646 5618 1895 5669 insidebat
1915 5624 1966 5668 in
1996 5620 2159 5671 thoro.

686 5705 705 5725 ε·
750 5693 1040 5743 Dcclararct
1072 5693 1336 5742 ηιὶηιιήιίι.
1368 5692 1542 5753 Forte,
1577 5690 1847 5741 incturetel
1878 5688 2161 5751 miraculis,

2253 4531 2385 4583 ritur
2406 4531 2493 4596 qui
2528 4544 2746 4599 parvum
2772 4542 2893 4581 cum
2921 4528 3046 4581 vino
3077 4527 3354 4581 vasculum
3380 4540 3441 4580 se
3469 4525 3661 4579 habere
3679 4538 3781 4592 pro‘

2256 4619 2461 4680 litetur;
2490 4617 2632 4685 quod
2658 4616 2903 4684 protinus
2931 4613 3151 4667 allatum
3179 4614 3261 4666 vir
3283 4623 3504 4668 sanctus
3531 4611 3781 4669 benedixit.

2255 4715 2309 4759 et
2338 4717 2393 4759 ut
2422 4706 2743 4775 pauperibus
2771 4705 3023 4758 misceret
3050 4702 3192 4757 illico
3217 4702 3541 4771 imperavit:
3571 4703 3659 4757 sed
3678 4696 3782 4767 alid

2255 4806 2371 4849 crat
2410 4806 2513 4849 tam
2546 4796 2734 4862 exigua
2781 4807 3050 4853 mensura.
3099 4792 3149 4846 id
3178 4801 3277 4856 est,
3308 4793 3466 4861 quasi
3499 4791 3597 4844 tria
3618 4786 3779 4859 cotyla.

2256 4886 2391 4939 inter
2415 4894 2613 4938 tantam
2639 4897 2928 4959 pauperum
2952 4884 3159 4935 turbam
3188 4883 3211 4934 ’ἒ
3238 4882 3372 4936 Cum
3406 4880 3779 4950 ergo'pineem
3872 4884 3873 4945 ξ

2257 4975 2542 5039 pauxillum
2592 4972 2823 5024 mitteret
2875 4971 2927 5022 in
2971 4971 3252 5040 scyphum,
3296 4980 3354 5022 ut
3400 4978 3665 5037 potem
3700 4978 3779 5021 asc
3870 4980 3873 5040 γ

2258 5061 2443 5115 mediis
2491 5067 2673 5128 posset
2700 5056 2945 5112 sufﬁcere
2991 5074 3218 5121 merum,
3251 5072 3373 5111 mox
3418 5048 3778 5129 increpamab
3868 5060 3873 5129 ί

2260 5151 2425 5218 Eligio
2456 5148 2726 5204 vasculum
2756 5148 2980 5203 miscere
3001 5148 3180 5215 jussus
3205 5156 3288 5201 est
3313 5147 3555 5215 plenum.
3581 5145 3775 5201 enim
3868 5145 3873 5218 ξ

2258 5258 2389 5311 puer
2438 5240 2780 5307 exiguitatem
2829 5238 3077 5293 tlasconis
3114 5236 3459 5304 obtenderet,
3500 5234 3677 5292 statim
3706 5230 3777 5288 ille

2258 5334 2463 5400 signum
2516 5330 2689 5383 crucis
2738 5342 3057 5398 opponens:
3109 5324 3223 5390 Eia,
3266 5326 3461 5396 inquit,
3498 5327 3602 5395 eia,
3644 5324 3777 5380 ὡω

2260 5429 2521 5474 crateram
2552 5418 2792 5486 plenam:
2826 5414 3078 5485 quoniam
3108 5413 3255 5485 larga
3292 5423 3350 5469 et
3388 5428 3580 5485 magna
3602 5405 3776 5471 [Icili

2261 5554 2333 5605 ait
2363 5551 2635 5610 Acherius,
2670 5564 2771 5601 non
2796 5544 2937 5601 male
2962 5545 3178 5614 quidem
3205 5562 3218 5611 ;
3245 5546 3340 5601 sed
3369 5546 3613 5617 propius.
3635 5536 3775 5597 dail-

2261 5631 2434 5674 rnrcnt
2453 5620 2717 5670 miracula.
3410 5670 3414 5674 ‘

2331 5690 2355 5727 ά
2390 5690 2561 5741 Astilil
2590 5686 2757 5739 lateri.
2800 5684 2979 5741 Codex
3007 5684 3064 5741 S.
3098 5684 3261 5755 Aud.,
3296 5687 3471 5759 attigit
3489 5686 3640 5741 tum.

3416 5799 3873 6249 μ]
