3912 6336
161 447 245 504 Ml

1678 447 1849 504 τιτι.

3266 444 3371 499 5οἳ

158 572 232 618 est
275 559 570 616 clementia-
622 542 717 613 Sic
758 571 890 626 ergo
938 556 1134 611 factum
1162 565 1267 624 est,
1306 565 1366 610 ιιι
1400 571 1466 612 ex
1513 557 1701 613 eadem
1729 559 1780 617 Α
1805 555 1898 610 illa
1919 555 2144 619 hora,et
2167 547 2476 610 amb'ulabat
2492 553 2746 610 exsilieas
2781 523 2838 611 et
2858 556 3179 611 benedicens
3203 557 3369 612 Deum

158 649 432 719 quantitate
459 659 516 700 et
559 646 802 701 universi
832 654 859 681 ι
890 645 1240 718 largissimum
1286 644 1561 699 hauserint
1593 658 1707 698 me-

157 755 286 801 rum,
308 745 360 790 et
384 736 653 805 exiguitas
695 749 808 788 non
833 732 1089 789 defecerit
1125 741 1305 801 potus,
1336 733 1409 788 ita
1437 741 1496 786 ut
1523 732 1574 786 in
1616 732 1707 787 illo

159 841 272 879 vase
312 824 449 888 quod
492 825 577 877 vir
609 833 834 878 sanctus
879 824 1202 890 signaverat,
1250 821 1424 888 liquor
1451 821 1560 876 viui
1597 836 1706 876 non

157 912 352 981 quidem
381 920 697 980 augeretur,
728 912 823 964 sed
852 911 1030 978 potius
1056 912 1202 964 nasci
1231 909 1564 966 crederetur.

693 998 920 1056 CAPUT
956 999 1148 1056 XXVI.

315 1092 642 1146 Contrarium
671 1095 722 1145 in
757 1094 969 1146 basilica
1000 1092 1063 1146 S.
1091 1091 1338 1147 Germani
1356 1102 1558 1147 naut.-

218 1179 329 1234 Alio
356 1197 538 1236 rursus
565 1183 619 1234 in
672 1192 914 1251 tempore
955 1197 1078 1237 cum
1116 1183 1332 1237 Parisiis
1359 1185 1476 1236 loca
1507 1185 1709 1239 oratio-

156 1285 271 1324 num
299 1270 567 1333 eircuiret,
611 1271 837 1325 veniens
871 1280 996 1323 ante
1042 1269 1312 1326 basilicam
1348 1271 1519 1325 sancti
1572 1271 1706 1327 Ger-

156 1362 284 1414 mani
325 1361 651 1415 confessoris
690 1361 1149 1430 vidit-quemdam
1205 1359 1448 1415 claudum
1471 1378 1703 1417 .carruca

157 1452 182 1487 δ
213 1459 436 1517 vectum,
458 1451 702 1520 querulis
737 1466 796 1506 se
821 1453 1045 1506 vocibus
1087 1451 1378 1506 inclamare
1409 1468 1423 1504 :
1451 1450 1520 1504 ad
1544 1467 1702 1521 quem

154 1541 394 1595 accedens
422 1557 542 1596 cum
573 1541 735 1596 valde
763 1542 1010 1597 misertus
1035 1541 1086 1598 ei
1116 1543 1272 1596 vellet
1305 1557 1494 1597 manus
1535 1544 1707 1611 impn-

155 1644 288 1693 nere,
339 1629 660 1686 humilitatis
701 1631 936 1701 pristinae
975 1633 1305 1696 recordatus,
1349 1631 1595 1701 protinus
1644 1646 1703 1686 se

153 1723 212 1771 ab
237 1734 300 1798 eo
324 1719 610 1784 subtraxit,
641 1720 793 1774 alteri
822 1721 1000 1790 potius
1037 1736 1194 1788 quam
1223 1721 1325 1774 sibi
1355 1721 1554 1774 favoris
1582 1720 1700 1788 glo-

152 1807 271 1860 riam
297 1807 480 1862 volens
523 1809 799 1864 tribuere:
849 1809 1097 1877 przecepit
1137 1819 1312 1863 tamen
1357 1810 1611 1863 ministris
1642 1819 1701 1864 ut

1763 645 1766 648 ’
1805 647 1928 702 cum
1956 645 2101 700 omni
2127 645 2441 716 alacritate;
2465 644 2639 701 fuerat
2663 646 2806 700 enim
2833 660 2901 700 ex
2931 647 3114 702 multis
3138 647 3246 716 jam
3275 664 3370 701 an-

1807 750 1996 789 norum
2037 711 2228 804 spafiis
2269 735 2500 791 vinculis
2544 745 2754 790 artuum
2804 737 3074 800 astrictus,
3103 747 3263 807 atque
3301 755 3368 793 ex

1801 823 1910 879 hoc
1958 825 2126 892 magis
2165 825 2466 893 occupabat
2493 825 2774 881 admiratio
2814 837 3056 891 cunctos.
3087 831 3228 898 quod
3263 840 3369 883 tam

1805 911 1999 967 celeris
2026 913 2136 967 fieri
2158 913 2276 982 ejus
2304 915 2558 983 potuisset
2574 918 2800 971 curatio.
2825 917 2977 973 Dedit
3007 933 3135 987 ergo
3155 922 3203 974 ei
3231 921 3375 976 eleeo

1807 1013 2085 1072 mosynam
2115 1004 2194 1058 vir
2222 1006 2432 1070 beatus,
2460 1016 2515 1059 et
2542 1007 2742 1063 dimisit
2772 1024 2891 1063 eum
2922 1009 2973 1062 in
3003 1025 3165 1079 pace;
3197 1021 3252 1064 et
3282 1012 3372 1066 ille

1805 1095 2034 1154 adorans
2072 1103 2126 1148 et
2152 1095 2455 1163 gloriﬁcans
2485 1097 2673 1162 Deum,
2705 1115 2954 1156 reversus
2983 1112 3066 1156 est
3102 1104 3151 1155 in
3192 1101 3368 1158 locum

1803 1199 1978 1239 suum.
2006 1184 2153 1240 Tunc
2184 1185 2386 1254 Bligius
2410 1187 2574 1256 coepit
2599 1189 2908 1244 terribiliter
2930 1205 3210 1260 conjurare
3240 1209 3370 1262 pue~

1804 1288 1895 1327 ros
1939 1283 1994 1327 et
2021 1285 2243 1330 cunctos
2291 1276 2515 1331 comites
2557 1293 2708 1342 suos,
2758 1294 2826 1333 ne
2852 1297 3132 1350 quousque
3175 1285 3285 1352 ipse
3318 1286 3370 1339 in

1802 1377 2031 1430 corpore
2056 1374 2295 1420 maneret
2323 1381 2434 1421 rem
2459 1378 2662 1435 gestam
2690 1370 2908 1425 cuilibet
2934 1373 3134 1430 homini
3165 1375 3368 1431 indica»

1803 1462 1943 1515 rent,
1973 1468 2298 1522 magnoiiere
2346 1468 2590 1514 metuens
2634 1475 2700 1514 ne
2740 1462 2793 1516 in
2824 1463 3019 1520 virtute
3046 1464 3172 1520 lacti
3221 1483 3373 1524 meus

1801 1541 1917 1609 ejus
1952 1543 2197 1606 humanis
2227 1546 2477 1602 laudibus
2505 1560 2839 1617 gravaretur.

2341 1657 2566 1712 CAPUT
2604 1659 2838 1717 XXVIII.

2137 1765 2210 1820 De
2235 1770 2442 1823 metallo
2462 1772 2578 1824 auri
2614 1774 2668 1824 in
2700 1775 2816 1826 till‘t
2837 1786 3053 1844 reperto.

152 1880 437 1950 auferentes
477 1911 684 1964 aegrum
712 1913 743 1951 a
789 1913 1010 1952 carruca
1043 1899 1094 1951 in
1131 1899 1412 1952 ecclesiam
1453 1899 1693 1965 deporta-

1874 1880 2114 1947 Quadam
2145 1897 2271 1937 vero
2294 1883 2378 1968 die
2405 1899 2524 1938 cum
2554 1887 2770 1954 copiosa
2800 1904 3089 1958 pauperem
3131 1894 3371 1948 multitu-

151 1993 276 2046 rent,
307 2000 364 2040 ac
385 1986 540 2053 juxta
569 1987 838 2042 cancellos
866 1987 1072 2056 pmfati
1097 1989 1270 2042 sancti
1301 1987 1552 2042 Germani
1583 2003 1699 2057 pro-

147 2076 392 2142 jicerent:
423 2079 568 2146 quod
592 2096 714 2134 cum
746 2078 943 2134 factum
973 2078 1181 2145 fuisset,
1205 2081 1474 2148 ingressus
1503 2080 1700 2147 Eligius

151 2164 407 2219 basilicam
439 2168 655 2236 prolixe
693 2169 884 2231 oravit,
918 2169 1230 2236 monuitque
1261 2170 1513 2224 claudum
1567 2172 1700 2223 irre-

151 2256 444 2308 vocabiliter
473 2257 525 2311 in
559 2257 666 2310 fide
711 2259 996 2322 persistere
1041 2272 1314 2327 usquequo
1356 2273 1476 2311 eum
1521 2259 1698 2311 Domi-

150 2359 239 2395 nus
265 2346 436 2397 sanari
464 2346 722 2412 juberet:
754 2362 850 2400 nec
880 2361 1050 2411 mora,
1084 2356 1204 2415 post
1233 2349 1344 2401 ha-c
1371 2347 1533 2415 coepit
1552 2348 1696 2400 clau-

150 2433 238 2485 dus
256 2434 551 2499 vociferari,
586 2443 807 2504 totoque
835 2451 1061 2506 corpore
1081 2438 1528 2496 contremiscere;
1558 2451 1698 2490 cum-

149 2538 244 2589 que
279 2539 461 2580 onlnes
491 2527 680 2593 procul
713 2537 949 2582 astantes
976 2528 1041 2582 ad
1080 2530 1440 2596 spectaculum
1468 2545 1697 2583 concur-

148 2621 334 2676 ferent,
365 2613 650 2667 confestim
676 2615 895 2667 claudus
924 2615 1172 2669 resolutis
1201 2631 1483 2670 nervorum
1514 2619 1698 2671 vinci:-

149 2698 209 2750 lis
253 2700 426 2752 libera
454 2704 761 2769 pavimento
805 2705 1060 2769 surrexit,
1101 2715 1156 2760 et
1183 2705 1254 2759 ita
1304 2706 1586 2762 incolumis
1630 2711 1696 2763 ab

147 2785 357 2839 ecclesia
379 2791 638 2854 processit
656 2810 667 2844 :
691 2791 1020 2847 fneratenim
1037 2794 1190 2848 annis
1211 2809 1402 2850 novem
1428 2797 1695 2852 claudica-

149 2876 294 2929 tionis
315 2877 693 2947 impedimento
714 2883 985 2939 astrictus.
1015 2883 1164 2941 Tunc
1190 2883 1387 2954 Eligius
1414 2903 1480 2943 ex
1508 2890 1696 2946 intimo

147 2967 298 3021 corde
328 2967 543 3026 Christo
589 2973 790 3042 gratias
833 2975 1088 3042 referens,
1137 2976 1239 3032 iter
1264 2990 1500 3050 emptum
1547 2981 1697 3040 lactus

148 3054 244 3120 iam
272 3060 494 3128 peregit.

675 3152 901 3209 CAPUT
941 3155 1148 3212 XXVII.

478 3259 733 3330 Gampio
759 3265 867 3317 sica
889 3266 1129 3320 eliadum
1153 3272 1337 3326 erexit.

208 3367 320 3422 Alio
340 3384 555 3441 quoque
577 3383 820 3443 tempore
847 3377 946 3432 sub
974 3379 1150 3436 laicali
1174 3381 1349 3439 adhuc
1371 3385 1553 3442 habitu
1573 3403 1687 3444 car-

144 3461 291 3525 pebat
308 3461 406 3516 iter
431 3479 554 3518 cum
585 3466 764 3535 pueris
791 3471 904 3523 suis
929 3470 998 3526 de
1025 3471 1147 3527 villa
1177 3477 1364 3544 regali,
1390 3494 1510 3549 qua:
1536 3496 1693 3536 voca-

146 3555 223 3600 tur
242 3547 604 3619 Sterpiniacus
629 3571 640 3604 :
668 3565 894 3623 cumque
920 3563 1250 3626 pervenisset
1268 3547 1528 3637 Gamapio
1552 3572 1687 3634 vico,

144 3639 432 3706 ingrediens
460 3643 605 3696 illico
635 3643 905 3699 basilicam
931 3648 1142 3703 invenit
1169 3655 1453 3720 quemdam
1485 3673 1690 3726 paupe-

143 3739 244 3778 rem
268 3729 511 3782 claudum
537 3747 636 3798 pro
680 3732 882 3790 foribus
904 3738 1194 3806 jacentem,
1225 3745 1314 3811 qui
1362 3745 1475 3799 viso
1519 3747 1690 3817 litigio

143 3817 290 3882 carpit
319 3817 572 3884 clamare,
604 3821 909 3880 alimoniam
940 3826 1008 3880 ab
1030 3843 1098 3884 eo
1127 3831 1212 3885 vel
1241 3833 1471 3905 aliquam
1500 3849 1688 3907 postu-

143 3901 247 3959 lans
269 3911 710 3968 consolationem.
733 3913 884 3971 Tunc
910 3916 1111 3987 Eligius
1136 3922 1313 3978 sciens
1330 3901 1407 3980 io:
1422 3937 1473 3981 te
1493 3930 1688 3984 donum

142 3998 301 4049 sancti
344 3998 594 4068 Spiritus,
628 4006 948 4060 accessitad
991 4023 1114 4064 eum
1165 4013 1370 4072 dicens:
1421 4004 1690 4086 Rogemus

142 4081 294 4137 Deum
335 4089 540 4155 pariter
564 4090 608 4144 si
638 4089 776 4146 forte
802 4102 854 4147 te
876 4096 1197 4153 incolumem
1223 4103 1410 4156 reddat
1439 4123 1453 4159 :
1482 4081 1537 4159 et
1563 4124 1688 4172 mox

141 4169 472 4230 introducens
500 4191 626 4230 eum
651 4178 706 4257 in
750 4181 1056 4252 ecclesiam,
1087 4202 1280 4259 prmcej
1301 4189 1341 4243 it
1365 4193 1522 4248 enixe
1561 4211 1682 4249 ora-

143 4258 262 4312 tioni
289 4262 575 4330 insistere;
607 4268 718 4336 ipse
755 4285 886 4326 vero
933 4285 1280 4343 prosternens
1314 4297 1374 4336 se
1408 4284 1459 4337 in
1491 4293 1689 4342 terram

142 4348 422 4405 diutissime
463 4357 673 4409 oravit:
699 4359 892 4414 deinde
933 4365 1205 4431 paululum
1227 4383 1290 4422 se
1315 4373 1543 4440 erigens,
1567 4392 1687 4430 cum

142 4436 303 4494 adhuc
321 4441 526 4497 videret
547 4443 790 4499 claudum
815 4447 1020 4516 jacere,
1052 4467 1258 4509 rursum
1282 4462 1508 4514 orationi
1541 4465 1688 4518 incu-

142 4523 266 4592 buit,
311 4539 366 4580 et
400 4531 818 4600 lacrymabsliter
862 4553 1073 4605 precem
1125 4541 1350 4598 fundens
1406 4555 1512 4600 tarn
1554 4566 1680 4618 pro—
1711 4555 1758 4614 1)

144 4619 240 4676 lixe
263 4627 450 4692 oravit,
495 4637 775 4699 tantasque
827 4632 1089 4705 lacrymas
1138 4637 1343 4704 effudit,
1376 4649 1434 4694 ut
1477 4654 1682 4711 partem

143 4713 411 4778 pavimenti
440 4715 658 4771 ubertas
703 4720 1056 4791 lacrymarum
1102 4726 1451 4793 bumectaret,
1498 4747 1560 4787 ac
1593 4751 1679 4789 re-

144 4802 232 4856 luti
258 4804 476 4858 rivulum
506 4807 572 4860 de
594 4815 833 4865 torrente
858 4812 910 4866 in
941 4821 1136 4870 terram
1157 4817 1412 4873 efﬁceret.
1447 4820 1680 4880 Tandc-m

142 4896 409 4951 rubenius
455 4896 557 4951 [ide
596 4900 768 4953 erexit
796 4917 875 4964 se,
907 4911 962 4957 et
989 4921 1108 4960 cum
1149 4923 1338 4978 magna
1383 4901 1681 4970 iiduciawad

142 4991 324 5046 :egrurn
345 4986 584 5049 accessit,
626 5002 692 5042 ac
719 5002 885 5043 manu
917 4990 1034 5059 ejus
1058 4997 1390 5064 apprehensa
1421 5001 1552 5055 dixit
1587 5022 1596 5053 :
1627 5006 1680 5058 In

142 5067 342 5122 nomine
368 5069 576 5126 Domini
606 5075 772 5129 nostri
801 5073 930 5130 Jesu
959 5079 1153 5137 Christi
1187 5083 1305 5138 Filii
1336 5085 1428 5140 Dei
1458 5090 1679 5157 excelsi,

141 5167 287 5221 surge
311 5165 366 5209 et
409 5172 474 5210 an
496 5160 653 5213 bula:
684 5172 740 5218 ct
786 5167 1068 5221 confestim
1101 5182 1382 5238 prosecuta
1412 5184 1494 5228 est
1532 5179 1680 5234 salus

143 5246 350 5300 verbum
369 5246 596 5306 hominis
617 5251 734 5321 Dei,
755 5263 812 5309 et
828 5258 1097 5312 convaluit
1119 5263 1139 5290 °
1167 5276 1307 5329 aeger
1334 5273 1390 5318 et
1407 5267 1638 5319 surrexit
1661 5286 1675 5320 τ

143 5345 260 5385 nam
282 5350 463 5392 omnes
489 5341 578 5409 qui
606 5343 851 5412 aderant,
881 5346 1169 5402 audiebant
1199 5365 1318 5404 cum
1351 5369 1542 5422 magno
1563 5365 1676 5409 stu-

144 5434 264 5486 pore
284 5421 559 5490 iuncturas
597 5439 652 5484 et
698 5447 894 5506 nervos
929 5443 1092 5506 atque
1117 5441 1292 5493 omnia
1336 5421 1455 5496 ossa
1506 5442 1678 5498 claudi

145 5507 272 5564 illius
295 5515 525 5569 uincire
545 5530 611 5570 ac
635 5509 875 5575 solidari.
914 5522 1089 5580 Sanus
1128 5539 1256 5594 ergo
1280 5528 1454 5585 factus
1482 5541 1565 5584 est
1610 5547 1676 5586 ex

210 5658 639 5741 :_.Lqrgis_simuni.
669 5667 758 5724 Sic
793 5685 935 5740 saepe
961 5674 1204 5734 laudatus
1229 5679 1284 5734 S.
1315 5681 1454 5737 And.
1485 5684 1676 5741 codex.

147 5723 643 5802 autumnum”.
683 5777 698 5790 .
741 5723 758 5790 ζ
790 5723 977 5796 {nam

208 5795 234 5834 ⁵
271 5795 490 5860 Vatum.
520 5805 659 5861 idem
686 5806 851 5863 codex
880 5811 936 5867 S.
963 5795 1098 5869 stud.
1131 5818 1204 5872 sic
1235 5819 1388 5894 habet
1418 5840 1426 5874 :
1456 5821 1507 5875 in
1534 5823 1673 5890 prio-

1800 1970 1870 2022 do
1896 1970 1962 2022 ad
1989 1987 2111 2024 eum
2141 1973 2504 2037 continuisset,
2534 1984 2705 2029 totum
2726 1991 2861 2046 pene
2879 1979 3132 2048 quidquid
3164 1983 3214 2036 In
3237 2000 3371 2038 auro

1800 2059 1999 2112 habere
2043 2071 2250 2128 poterat
2292 2065 2491 2117 eisdem
2531 2068 2790 2146 erogavit.
2823 2068 3061 2138 Cumque
3095 2071 3174 2127 his
3202 2074 3370 2128 disce-
3423 2131 3430 2136 ,

1798 2150 2044 2203 dentibus
2067 2152 2151 2203 alii
2191 2154 2567 2209 ailvcntassent
2591 2194 2606 2219 ,
2647 2139 2822 2212 loculo
2862 2162 2974 2213 auri
3005 2161 3228 2216 sollicite
3252 2180 3370 2231 per-

1798 2250 2035 2293 scrutata
2071 2251 2230 2310 atque
2258 2258 2502 2308 excusso,
2552 2247 2678 2300 nihil
2733 2250 2942 2316 penitus
2987 2256 3187 2320 reperit
3229 2260 3370 2322 quod

1797 2328 1996 2382 eisdem
2027 2335 2260 2386 tribuere
2284 2334 2504 2388 deberet
2529 2353 2543 2400 ;
2571 2336 2763 2392 deinde
2809 2341 2875 2391 ab
2907 2356 3012 2395 uno
3040 2360 3107 2395 ex
3147 2351 3257 2399 suis
3295 2349 3370 2400 fa-

1797 2417 2089 2472 miliaride
2132 2423 2246 2473 auri
2295 2426 2647 2485 quantitatem
2694 2437 2994 2496 susceptam
3051 2437 3370 2501 pauperibus

1799 2505 1990 2572 dedit;
2029 2511 2218 2576 quibus
2258 2512 2669 2578 discedentibus,
2718 2528 2837 2582 post
2864 2520 3069 2589 aliquot
3117 2524 3366 2580 horarum

1797 2597 1968 2661 spatia
2015 2614 2140 2652 erce
2170 2605 2546 2667 superveniunt
2579 2615 2634 2657 et
2676 2607 2784 2660 alii.
2817 2607 2964 2663 Tunc
2995 2610 3191 2680 Eligius
3220 2625 3369 2671 ante-

1793 2686 1951 2740 rioris
1972 2690 2118 2742 hora:
2149 2693 2362 2747 minime
2392 2699 2679 2753 recordans
2701 2739 2715 2760 ,
2760 2703 2890 2758 alias
2919 2705 3053 2760 forte
3082 2720 3259 2765 mente
3288 2713 3368 2766 in-

1798 2783 2012 2842 tentus,
2055 2783 2273 2846 protulit
2315 2798 2471 2850 quam
2502 2790 2648 2854 prius
2691 2804 2955 2849 scrutatus
2986 2810 3100 2852 erat
3135 2805 3367 2870 sportel-

1798 2860 1900 2914 lam
1927 2905 1941 2926 ,
1972 2873 2046 2918 ἐι
2073 2868 2158 2920 ubi
2212 2873 2346 2926 ante
2405 2875 2534 2927 nihil
2578 2891 2890 2946 repererat,
2938 2901 3061 2941 mox
3111 2903 3167 2944 ut
3207 2896 3366 2948 etiam

1797 2954 2025 3018 aperuit,
2059 2957 2333 3012 metallum
2355 2964 2468 3016 auri
2503 2966 2724 3021 inditum
2742 2974 2956 3039 reperit.
2988 2986 3147 3046 atque
3169 2998 3366 3050 paupe-

1798 3040 1941 3094 ribus
1967 3042 2106 3099 illico
2129 3047 2343 3102 tribuit:
2375 3051 2557 3120 sicque
2584 3056 2796 3121 demuin
2828 3062 3018 3129 prioris
3047 3040 3365 3125 facti-adiui-

1796 3138 1962 3189 rando
1991 3140 2294 3204 recordans,
2329 3159 2523 3199 nomen
2574 3149 2841 3216 largitoris
2881 3156 3074 3213 Christi
3121 3176 3243 3218 cum
3287 3166 3365 3219 in-

1723 3214 1771 3276 C
1798 3225 1942 3291 genti
1962 3229 2321 3285 exsultatione
2348 3214 2683 3300 glorificavit.

2359 3349 2583 3407 CAPUT
2613 3353 2795 3411 XXIX.

2148 3454 2227 3511 De
2254 3474 2388 3514 circa
2420 3459 2640 3518 Parisiis
2685 3466 2992 3527 illuminare.

1859 3562 2098 3628 Quadam
2146 3568 2338 3620 iterum
2369 3569 2457 3624 die
2494 3587 2615 3627 cum
2645 3574 2862 3632 Parisiis
2908 3596 3358 3654 commoraretur,

1791 3667 1855 3706 ac
1879 3657 2186 3710 necessario
2207 3661 2489 3726 quemdam
2527 3663 2701 3720 locum
2731 3668 2879 3723 adire
2910 3682 3140 3740 pararet,
3173 3681 3363 3749 explo-

1789 3751 1971 3796 rantes
2002 3746 2156 3812 egeni
2197 3762 2293 3815 per
2319 3750 2460 3816 quod
2484 3751 2585 3804 iter
2633 3757 2903 3823 transiret,
2945 3746 3265 3828 paraverunt
3303 3786 3364 3826 se

1789 3831 1966 3884 cuncti
2005 3830 2153 3897 juxta
2183 3849 2386 3888 morem
2429 3837 2480 3888 in
2513 3849 2705 3906 ponte:
2748 3857 2854 3910 quo
2877 3862 2998 3900 cum
3024 3851 3222 3920 Eligius
3259 3857 3361 3911 ad-

1789 3929 2073 3985 ventasset,
2105 3924 2429 3993 singulisque
2453 3936 2509 3980 ut
2546 3930 2752 3984 solebat
2795 3936 3065 4002 sigillatim
3109 3946 3361 4002 manibus

1789 4008 2183 4080 elccmosynam
2222 4015 2536 4075 includeret.
2595 4019 2809 4076 devenit
2847 4025 2984 4080 inter
3030 4038 3253 4089 caeteros
3293 4040 3360 4091 ad

1788 4100 2070 4164 quemdam
2116 4118 2313 4157 crocum
2341 4108 2576 4173 querulis
2626 4111 2781 4166 valde
2821 4117 3042 4173 vocibus
3079 4122 3359 4181 clamitan-

1790 4196 1928 4255 tem;
1960 4207 2042 4245 cm
2085 4208 2203 4246 cum
2235 4198 2625 4265 eleemosynam
2675 4218 2833 4258 manu
2867 4206 3152 4277 imponere
3178 4217 3356 4283 vellet,

1787 4280 2107 4335 subtrahens
2137 4283 2224 4336 ille
2240 4300 2452 4338 manum
2471 4290 2734 4344 clamabat
2755 4295 2949 4350 virtute
2978 4314 3079 4366 qua
3112 4313 3354 4370 poterat:

1789 4367 2032 4437 Domine,
2064 4374 2336 4440 inquiens,
2371 4378 2531 4445 E’igi,
2559 4381 2696 4434 habe
2722 4383 2772 4436 in
2806 4400 2894 4440 me
2921 4367 3203 4458 pietatem,
3229 4411 3356 4450 ocu-

1788 4461 1851 4514 lis
1887 4478 2098 4516 erucem
2147 4468 2421 4534 imprime,
2464 4472 2606 4539 quod
2652 4477 2818 4543 magis
2866 4478 3109 4536 desidero
3154 4489 3352 4552 praebe.

1786 4551 1933 4605 Tunc
1964 4552 2048 4605 ille
2088 4556 2238 4609 v-aldc
2261 4560 2556 4625 composite
2586 4561 2924 4618 dissimulans
2948 4582 3011 4621 ac
3035 4551 3348 4629 subridens;

1786 4639 1861 4692 Tu
1886 4679 1905 4718 _,
1938 4641 2142 4709 inquit,
2172 4648 2342 4699 amice
2364 4687 2378 4710 ,
2405 4664 2508 4700 nou
2548 4658 2598 4704 te
2639 4653 2776 4704 nosti
2826 4656 3081 4721 signare?
3123 4661 3354 4719 Noverat

1783 4711 1925 4782 enim
1969 4732 2050 4782 vir
2090 4745 2302 4785 sanctus
2326 4735 2634 4799 jactantiam
2675 4741 2872 4795 virtute
2921 4747 3133 4812 lugere,
3170 4749 3350 4820 inquo
3394 4758 3404 4768 '

1783 4832 1888 4870 non
1920 4827 2128 4885 poterat
2169 4821 2336 4886 gratia
2367 4837 2618 4878 concessa
2649 4827 2849 4884 latere:
2881 4835 2972 4885 sed
3003 4849 3122 4889 cum
3171 4839 3217 4892 is
3251 4857 3344 4897 ea-

1781 4904 1899 4957 dem
1923 4906 2253 4974 ingeminans
2276 4909 2575 4977 importune
2595 4917 2889 4974 clamitaret
2912 4937 2924 4972 :
2957 4925 3053 4988 Tu,
3078 4928 3342 4996 inquiens,

1783 4992 2005 5048 Domine
2028 5033 2045 5060 ,
2083 5005 2138 5047 tu
2187 4998 2354 5064 signa.
2389 5000 2482 5054 Ille
2522 5003 2676 5057 fidem
2718 5009 2948 5066 hominis
2986 5030 3243 5082 cernens,
3272 5022 3344 5072 si-

1779 5098 1938 5152 gnum
1987 5087 2156 5142 crucis
2193 5089 2474 5178 impressit,
2519 5104 2593 5162 et,
2627 5116 2659 5153 ο
2701 5104 2832 5158 mira
2857 5106 3048 5161 Christi
3073 5116 3334 5178 potentia!

1779 5177 1955 5228 statim
2000 5178 2203 5246 signum
2249 5170 2518 5251 sanguinis
2559 5193 2698 5245 unda
2744 5209 2958 5263 secuta,
3001 5201 3089 5256 diu
3133 5205 3341 5262 clausas

1779 5263 1920 5318 illico
1967 5269 2222 5320 reseravit
2269 5275 2366 5324 sub
2416 5274 2589 5331 fronte
2637 5280 2931 5349 fenestras,
2961 5296 3120 5358 atque
3164 5294 3337 5362 ingre-

1779 5352 1957 5406 diente
1983 5353 2068 5408 die
2097 5353 2223 5410 fecit
2249 5359 2522 5418 discedere
2551 5376 2757 5422 noctem
2781 5389 2794 5423 :
2826 5372 3010 5443 sicque
3033 5352 3206 5448 homo
3219 5352 3335 5436 ἶιυ-

1779 5443 1866 5509 plo
1890 5457 2109 5498 munere
2130 5460 2368 5518 recepto,
2399 5454 2623 5510 adorans
2653 5455 2921 5525 Christum
2947 5445 3188 5523 discessit
3215 5470 3302 5526 lau
3319 5503 3333 5513 -

1777 5535 1908 5590 dans
1938 5535 2182 5607 Eligium.

1776 5687 1819 5740 ri
1850 5689 2083 5745 editione
2110 5693 2297 5761 legitur
2328 5699 2603 5757 vellentem.

1849 5762 1880 5854 ξ.
1902 5762 2189 5854 Conualuit:
2219 5761 2757 5854 llaec‘lcctiocodicis.
2777 5776 2828 5830 S.
2863 5779 2991 5854 and.
3020 5785 3185 5853 magis
3211 5787 3323 5854 pla-

1777 5831 1887 5880 cuit
1916 5844 2072 5896 quain
2105 5831 2190 5885 illa
2218 5835 2409 5902 prioris
2439 5839 2708 5910 editionis,
2742 5846 2974 5903 occuluit.

2049 6009 2121 6025 σε,
2250 6009 2292 6029 ἰ
