3934 6228
556 365 654 425 563

1110 480 1333 537 CAPUT
1372 481 1513 535 XXX
1526 522 1539 535 .

750 570 828 625 De
852 571 1073 625 Basilica
1098 584 1315 637 vastata,
1345 584 1393 625 et
1414 573 1591 639 spoliis
1620 568 1883 624 restitutis.

621 662 740 715 Alio
764 654 1212 729 rttrsus'tempore
1240 661 1364 714 dum
1388 660 1527 728 apud
1558 658 1786 713 Parisios
1804 670 2106 711 commora-

553 758 714 815 retur,
743 750 969 818 quadam
999 749 1085 803 die
1121 764 1279 803 mane
1300 749 1533 816 confugit
1552 750 1616 803 ad
1642 764 1762 803 eum
1800 748 2105 801 tremebun-

550 841 648 893 dus
688 850 866 893 custos
907 838 1137 893 basilica:
1185 837 1243 892 S.
1284 837 1551 892 Columbae
1592 839 1830 907 ‘virginis,
1859 836 2107 904 provolu-
2150 877 2157 883 .

551 940 740 998 tusqlie
768 929 991 998 pedibus
1032 928 1145 997 ejus
1184 928 1440 983 nuntiavit
1478 930 1663 983 eadem
1701 944 1759 982 se
1802 928 2109 995 quiescente

550 1027 709 1073 nocte
742 1024 1003 1073 vastatam
1042 1017 1184 1071 omni
1214 1027 1405 1072 ornatu
1437 1018 1601 1072 fuisse
1632 1016 1902 1071 basilicam
1928 1034 1939 1068 :
1964 1015 2107 1084 quod

548 1107 746 1176 Eligius
788 1108 1007 1161 audiens
1052 1107 1215 1164 tristis
1254 1107 1540 1162 admodum
1571 1107 1790 1161 enectus
1814 1146 1831 1173 ,
1877 1106 2109 1160 citata-

548 1210 667 1249 men
698 1194 763 1247 ad
783 1195 936 1248 solita
965 1196 1077 1262 spei
1106 1195 1349 1263 praesidia
1378 1210 1680 1259 recurrens,
1717 1194 2009 1249 clementer
2029 1208 2107 1246 re-

549 1283 679 1337 fovit
718 1284 1013 1351 custodem,
1057 1286 1247 1341 deinde
1269 1286 1334 1339 ad
1378 1294 1573 1339 sancta:
1599 1285 1872 1338 Columba;
1921 1292 2104 1337 orato-

550 1376 680 1427 rium
716 1389 959 1443 pergens,
992 1376 1236 1430 oratione
1274 1377 1541 1443 praemissa
1566 1417 1579 1435 ,
1632 1376 1743 1430 hrcc
1788 1375 2106 1442 loquebatur

549 1467 732 1517 verba:
786 1464 953 1529 Audi,
997 1465 1201 1532 inquit,
1247 1472 1428 1520 sancta
1470 1463 1755 1527 Columba,
1806 1478 1922 1532 qua:
1960 1464 2099 1519 dico:

548 1554 691 1604 novit
726 1567 878 1605 meus
924 1552 1273 1621 Redemptor,
1304 1554 1401 1607 nisi
1434 1554 1539 1607 cito
1564 1561 1875 1607 ornamenta
1923 1552 2103 1607 taber-

546 1644 715 1697 naculi
736 1644 890 1710 hujus
919 1644 1087 1698 furata
1117 1645 1409 1709 reduxeris,
1452 1646 1697 1715 equidem
1726 1646 1892 1715 spinis
1920 1646 2103 1719 allatis

548 1730 737 1784 faciam
768 1730 907 1787 hanc
939 1731 1154 1799 januam
1197 1734 1269 1787 ita
1311 1735 1570 1800 obserari,
1605 1744 1665 1791 ut
1711 1748 1978 1801 nunquam
2008 1734 2101 1787 tibi

1714 366 1771 419 S.
1815 362 2011 417 ELIGII
2053 358 2327 415 NOVIOM.
2373 358 2585 413 EI’ISC.

2138 479 2181 535 Α
2213 475 2321 541 lus,
2354 477 2452 529 nisi
2497 475 2750 529 Dominus
2773 473 3018 542 juvissct,
3060 490 3201 530 nunc
3230 488 3543 545 perpetrare
3562 483 3843 547 potera-

3712 351 3845 407 ξ)υό

2208 579 2324 619 mus
2347 574 2403 617 ut
2432 580 2628 633 corpus
2648 566 2751 619 hoc
2779 566 2942 618 humo
2966 576 3283 634 tegeremus,
3316 583 3439 621 cum
3462 570 3656 620 anima
3692 566 3841 632 ejus

2208 656 2261 709 in
2310 655 2424 723 ipso
2469 657 2567 709 sit!
2607 657 2721 710 hac
2768 657 2972 721 dicens,
3020 658 3226 712 cunctis
3278 658 3597 712 mirantibus
3633 656 3840 727 jussit

2207 759 2327 797 eum
2383 747 2718 799 vestimentis
2770 747 2964 814 operiri
3013 757 3067 801 et
3097 748 3365 815 paululum
3410 754 3434 780 ⁸
3476 748 3833 817 repausari:

2206 832 2397 886 deinde
2441 843 2683 888 recreato
2722 835 2913 909 spiritu
2949 837 3026 888 vir
3072 836 3160 889 ille
3198 836 3432 890 surrexit
3460 852 3491 890 e
3522 846 3721 898 terra,
3767 844 3837 888 ut

2208 932 2333 991 pote
2356 927 2552 978 nullam
2606 940 2794 992 passus
2844 927 3114 992 injuriam.
3146 927 3296 993 Quod
3327 928 3523 981 factum
3575 942 3735 981 cum
3770 926 3832 977 in

2209 1015 2393 1068 urbem
2438 1016 2848 1084 percrebuisset,
2882 1032 3005 1073 mox
3030 1025 3306 1072 currentes
3333 1017 3573 1082 ejusdem
3599 1016 3829 1070 insec-

2208 1113 2407 1158 tatores
2434 1105 2734 1173 importune
2770 1121 2892 1159 eum
2932 1106 3123 1159 iterum
3156 1120 3368 1174 rapere,
3392 1121 3457 1159 ac
3486 1106 3671 1159 morti
3704 1114 3829 1157 tra-

2205 1193 2332 1248 dere
2360 1196 2722 1259 conabantur;
2754 1210 2914 1263 quem
2947 1194 3148 1262 Eligius
3189 1196 3273 1249 vix
3307 1210 3493 1249 eorum
3524 1194 3830 1249 manibus

2203 1292 2446 1350 ereptum
2478 1283 2585 1349 regi
2630 1300 2727 1352 pro
2751 1300 2816 1338 eo
2854 1286 3130 1352 suggessit,
3163 1284 3508 1355 chartamque
3536 1287 3586 1340 ei
3620 1301 3823 1339 secu-

2204 1370 2437 1424 ritariam
2484 1374 2623 1441 apud
2653 1388 2829 1441 regem
2877 1376 3203 1442 impetravit,
3235 1384 3397 1443 atque
3428 1378 3500 1429 ita
3523 1390 3666 1430 eum
3705 1374 3820 1427 de-

2205 1456 2391 1511 fendit.
2421 1458 2522 1527 Qui
2546 1475 2649 1513 non
2679 1470 2797 1528 post
2824 1462 3041 1531 longum
3066 1466 3292 1533 spatium
3325 1465 3394 1517 ita
3424 1480 3481 1518 se
3508 1463 3823 1519 subtraxit

2196 1547 2272 1599 .ab
2301 1547 2417 1615 ejus
2438 1550 2808 1611 contubernio,
2841 1549 3009 1617 Eligio
3036 1552 3275 1607 fortassis
3300 1554 3515 1608 conscio
3537 1594 3557 1623 τ
3591 1568 3678 1606 ne
3717 1566 3822 1605 res

2205 1645 2352 1703 gesta
2386 1636 2613 1704 amplius
2634 1640 2995 1693 crebresceret
3025 1639 3074 1693 in
3105 1640 3323 1709 populo,
3347 1650 3400 1693 et
3432 1649 3485 1693 ut
3508 1654 3817 1709 nusquam

2206 1724 2566 1781 ministrorum
2598 1726 2714 1794 ejus
2743 1728 2969 1796 amplius
3005 1738 3285 1797 appareret
3310 1732 3652 1799 conspectui.
3688 1730 3817 1783 Sed

548 1834 597 1872 tn
621 1818 723 1873 hoc
749 1820 869 1875 loco
898 1824 1173 1877 veneratio
1204 1824 1505 1893 pmbeatur
1530 1825 1597 1877 ab
1624 1823 1800 1877 hodie,
1831 1822 1971 1876 Dixit
1990 1822 2103 1878 haec
2132 1802 2178 1861 B
2207 1813 2272 1869 de
2299 1815 2378 1876 his
2407 1817 2506 1869 ista
2529 1816 2831 1871 suﬂiciant:
2864 1818 2972 1871 Deo
3002 1818 3103 1873 soli
3134 1818 3328 1874 sufﬁcit
3355 1820 3420 1874 tle
3461 1820 3545 1873 his
3571 1834 3717 1887 quae
3756 1818 3817 1873 in

546 1920 597 1965 ct
615 1912 870 1977 discessit,
894 1922 949 1969 et
970 1928 1102 1969 ecce
1123 1916 1364 1983 sequenti
1386 1916 1471 1969 die
1491 1924 1672 1971 custos
1701 1916 1959 1973 maturius
1986 1931 2103 1970 sur-

544 2014 671 2068 gens
700 2004 900 2057 invenit
937 2003 1115 2056 omnia
1145 2004 1261 2057 vela
1290 2018 1456 2073 usque
1494 2004 1559 2071 ad
1587 2004 1856 2058 minimam
1880 2005 2100 2073 pallam,

544 2091 681 2147 sicut
725 2092 869 2159 prius
909 2091 1137 2157 fuerant,
1188 2092 1457 2148 restituta.
1502 2092 1651 2148 Tunc
1701 2094 1914 2149 concito
1942 2109 2101 2149 cursu

544 2192 742 2251 quanto
769 2182 938 2250 pridie
971 2183 1335 2251 truculentior,
1387 2192 1704 2249 tanto,nune
1751 2184 1921 2239 laetior
1964 2200 2103 2238 nun-

545 2274 698 2328 tiavit
746 2272 952 2341 hligio;
1003 2283 1164 2343 atque
1208 2273 1297 2328 ille
1336 2274 1615 2336 accedens,
1662 2274 1946 2341 omniaque
1969 2274 2105 2328 sicut

542 2362 737 2417 dudum
805 2362 1042 2428 fuerant,
1087 2364 1198 2419 suis
1246 2362 1297 2417 in
1350 2363 1483 2418 locis
1516 2362 1810 2430 composita
1859 2376 2104 2427 cernens,

543 2460 828 2522 martyrem
892 2452 1107 2520 quidem
1161 2451 1429 2515 laudavit,
1486 2451 1577 2504 sed
1633 2450 1830 2517 Christi
1899 2449 2105 2504 Domini

543 2556 759 2603 nomen,
784 2542 921 2595 sicut
948 2550 1003 2596 et
1034 2554 1263 2607 semper,
1295 2540 1510 2593 uberius
1540 2554 1662 2592 cum
1691 2538 1960 2593 hilaritate
1988 2553 2103 2593 ma-

546 2631 833 2697 guilicavit.

1104 2718 1327 2774 CAPUT
1366 2719 1553 2773 XXXI.

833 2811 906 2865 Ile
925 2812 1127 2867 homine
1152 2815 1400 2865 seminece
1437 2814 1550 2865 vita:
1574 2812 1824 2866 restituto.

610 2899 755 2958 Inter
773 2910 963 2957 ctetera
991 2909 1168 2956 autem
1196 2900 1399 2955 infinita
1428 2901 1693 2954 bonorum
1725 2914 1942 2954 suorum
1974 2915 2106 2967 ope-

546 3012 621 3061 ra,
652 2995 811 3049 etiam
840 2994 943 3048 hoc
968 2993 1108 3062 apud
1135 3006 1313 3061 regem
1344 2993 1666 3052 obtinuerat.
1696 3000 1754 3045 ut
1791 2993 1969 3046 omnia
2011 2994 2109 3047 hu-

546 3100 699 3142 mana
727 3099 952 3153 corpora
980 3098 1097 3154 quze
1127 3084 1208 3138 vel
1248 3083 1387 3151 regis
1425 3083 1731 3145 severitate,
1761 3083 1840 3136 vel
1868 3083 2104 3151 judicum

548 3192 772 3231 censura
800 3177 1025 3231 diversis
1049 3191 1113 3230 ex
1157 3176 1335 3229 causis
1363 3189 1457 3243 per
1488 3174 1795 3228 multimoda
1825 3189 2106 3243 argumen-

550 3279 599 3322 ta
628 3269 1024 3337 perimebantur
1048 3307 1063 3332 ,
1106 3266 1406 3332 ubicunque
1436 3265 1675 3318 invenire
1712 3265 1971 3333 potuisset
1999 3265 2112 3317 sive

548 3372 642 3425 per
668 3356 910 3411 civitates
953 3355 1064 3408 sive
1091 3368 1187 3422 per
1219 3353 1387 3415 villas,
1432 3353 1697 3406 licentiam
1721 3354 1941 3406 haberet
1969 3362 2018 3406 et
2048 3354 2112 3406 de

550 3444 747 3511 bargis,
780 3454 834 3503 ct
874 3458 938 3498 ex
963 3444 1113 3509 rotis,
1138 3453 1191 3497 et
1240 3444 1305 3496 de
1351 3442 1552 3510 laqueis
1593 3442 1821 3510 sepelire
1847 3442 2108 3512 deposita.

554 3533 825 3599 Delegavit
849 3545 976 3599 ergo
1005 3548 1071 3585 ex
1096 3532 1378 3585 comitibus
1398 3531 1506 3584 suis
1535 3531 1905 3599 vespelliones,
1936 3531 2109 3585 Galle-

552 3624 745 3678 Iscdum
770 3621 974 3677 scilicet
1002 3630 1161 3690 atque
1206 3620 1539 3675 Vincentium
1569 3634 1689 3672 cum
1736 3620 1845 3672 suis
1871 3620 2108 3686 collegis,

551 3717 636 3781 qui
668 3713 969 3784 huiusmodi
1000 3728 1141 3767 curre
1180 3712 1520 3765 insisterent:
1565 3720 1620 3764 et
1650 3710 1953 3777 ubicunque
1995 3725 2110 3778 per.

552 3813 755 3871 gerent,
787 3804 901 3858 sive
939 3806 993 3857 in
1022 3803 1291 3871 proximas
1323 3804 1501 3863 urbes,
1542 3803 1657 3856 sive
1686 3802 1738 3855 in
1780 3800 2109 3868 longinquas,

555 3894 743 3961 iugiter
769 3908 948 3947 secum
976 3894 1214 3947 sarculos
1244 3900 1539 3959 portarent,
1587 3901 1643 3944 ut
1689 3892 1858 3945 sicubi
1888 3893 2114 3945 cadaver

555 3981 899 4049 invenissent,
948 3982 1200 4041 continuo
1227 3981 1399 4049 ipsum
1448 3983 1609 4035 humo
1650 3989 1908 4047 tegerent.
1951 3980 2113 4047 Igitur

554 4086 669 4127 cum
692 4072 922 4141 quodam
946 4079 1186 4141 tempore
1227 4070 1277 4124 in
1301 4072 1557 4126 comitatu
1581 4072 1719 4138 regis
1747 4070 1973 4124 Austris:
1992 4087 2113 4140 par-

556 4175 634 4221 tes
665 4172 1041 4233 peragrarent,
1097 4164 1429 4218 devenerunt
1473 4165 1537 4215 ad
1579 4164 1763 4217 urbem
1805 4164 2110 4230 quamdam.

556 4268 670 4321 qua:
703 4253 1051 4319 Stratoburgo
1102 4260 1364 4317 vocatur;
1406 4267 1633 4321 cumque
1662 4251 1801 4305 haud
1837 4251 2020 4319 procul
2049 4252 2114 4303 ab

556 4344 683 4399 urbe
722 4347 938 4402 essent,
968 4340 1373 4407 conspicientes
1395 4340 1602 4394 eminus
1627 4340 1807 4394 vident
1844 4338 2113 4392 hominem

556 4435 666 4501 ipsa
717 4430 802 4483 die
845 4430 949 4481 vita
999 4428 1188 4495 laqueo
1218 4436 1423 4481 extorta
1473 4427 1811 4495 dependere;
1861 4427 1930 4481 ad
1954 4441 2113 4493 quem

556 4522 795 4587 protinus
832 4516 1149 4572 accedentes
1195 4516 1386 4582 laqueo
1446 4514 1746 4582 deponunt,
1808 4526 1867 4569 ut
1910 4515 2113 4569 scilicet

560 4612 704 4673 juxta
744 4609 901 4661 ritum
923 4607 1207 4674 sepultura:
1237 4606 1535 4663 traderent:
1568 4602 1660 4655 sed
1697 4604 1778 4657 vir
1799 4603 2114 4657 venerabilis

559 4698 725 4749 sensit
770 4695 905 4749 forte
942 4694 1301 4762 operantium;
1328 4704 1379 4747 et
1406 4694 1529 4745 dum
1578 4691 1848 4760 sepultura
1876 4701 2110 4760 paratur,

561 4785 747 4841 festiue
794 4784 1113 4851 appropians
1155 4783 1268 4851 ipse
1307 4784 1538 4851 corpori,
1572 4782 1733 4851 carpit
1770 4797 1889 4834 eum
1919 4797 1947 4833 a
1972 4798 2114 4834 sum-

563 4878 658 4928 mis
676 4888 842 4941 usque
862 4874 925 4924 ad
956 4875 1056 4925 ima
1082 4874 1360 4949 mulcenda
1386 4874 1600 4942 palpare
1626 4892 1641 4930 :
1667 4888 1763 4927 nec
1793 4888 1961 4935 mora,
1992 4887 2114 4926 cum

566 4966 667 5027 iam
718 4964 937 5017 sentiret
969 4961 1153 5014 adesse
1192 4963 1417 5017 animam
1439 5005 1453 5027 ,
1500 4965 1792 5031 composite
1818 4963 1970 5014 valde
2000 4977 2027 5013 a
2058 4976 2114 5015 se

566 5052 807 5105 virtutem
838 5052 960 5105 facti
993 5049 1262 5112 refellens,
1293 5052 1449 5104 dixit;
1487 5052 1529 5107 Ο
1560 5068 1712 5120 quam
1759 5051 1955 5120 grande
2000 5064 2115 5103 sce-

2128 3140 2176 3202 C

639 5191 660 5213 κ
700 5178 996 5246 liepmtsari.
1028 5181 1201 5234 Codex
1235 5182 1289 5232 ς.
1317 5180 1474 5244 Aud.,
1504 5198 1800 5235 rcnauxarc.

639 5261 661 5283 θ
696 5249 858 5301 Lucii.
894 5250 953 5299 Α(
974 5252 1372 5317 heriuscorjicil
1396 5250 1493 5315 legi
1516 5260 1783 5316 oportere,
1812 5252 2042 5303 Lucimti.

641 5322 661 5345 θ
700 5320 765 5371 l.'t
795 5336 948 5387 usque
974 5320 1137 5370 hodie.
1161 5320 1247 5373 Sic
1276 5320 1445 5373 codex
1470 5319 1524 5371 S.
1554 5319 1685 5370 Aud.
1718 5322 1870 5381 Editi,
1898 5331 1943 5371 ct
1964 5336 2117 5387 usque

572 5389 736 5440 hodie.
772 5390 956 5443 Mirum
990 5388 1251 5455 profecto,
1281 5393 1321 5441 si
1351 5390 1461 5441 lucc
1502 5396 1555 5440 et
1584 5402 1699 5453 quae
1737 5399 1856 5441 sunt
1894 5391 1943 5440 in
1992 5391 2115 5452 line,

572 5475 724 5523 usque
752 5461 803 5517 in
834 5458 1130 5514 hodiernum
1154 5458 1303 5518 diem,
1333 5458 1542 5523 scripsit
1570 5458 1870 5520 Audoenus,
1906 5460 2005 5508 hoc
2038 5469 2117 5509 est

572 5537 755 5578 amtor
787 5526 951 5591 Eligio
982 5527 1076 5594 ipsi
1105 5536 1421 5579 comtaueus.
1454 5528 1517 5579 Et
1542 5525 1641 5578 alia
1666 5534 1789 5576 sunt
1816 5541 1929 5590 qute
1966 5540 2116 5577 scru-

572 5594 748 5663 pulum
790 5605 1003 5647 movent
1030 5613 1042 5657 ;
1076 5610 1194 5646 nam
1230 5597 1368 5661 quod
1394 5598 1564 5663 capite
1592 5594 1678 5655 2|,
1699 5594 1889 5646 dicitur
1914 5594 1979 5645 de
2008 5609 2116 5644 rno-

574 5662 817 5723 imsteriis
848 5666 897 5715 iu
927 5665 1125 5720 Gallzis,
1159 5679 1275 5729 qua:
1318 5662 1469 5715 nulla
1485 5681 1649 5732 prope
1676 5674 1829 5716 erunt
1857 5671 1980 5715 ante
2012 5663 2118 5714 Eli-

576 5736 638 5805 ωὲ
674 5740 901 5796 .ctatcm,
933 5736 1205 5802 scriptoris
1246 5748 1370 5787 vero
1395 5735 1585 5789 saculo
1617 5734 1838 5803 plcrima
1862 5742 2031 5797 erant,
2064 5743 2117 5788 et

2204 1906 2489 1971 absconso,
2520 1906 2605 1959 vel
2627 1911 2726 1959 sub
2750 1907 2995 1962 sazculari
3042 1908 3224 1961 habitu
3250 1948 3264 1972 ,
3306 1908 3388 1963 vel
3431 1909 3531 1967 sub
3556 1922 3815 1963 venera-

2202 1995 2294 2049 bili
2323 2004 2379 2050 et
2402 1994 2695 2064 apostolica
2718 1996 2964 2049 tonsione
2984 1998 3226 2064 gesserit,
3261 2013 3364 2051 non
3392 1999 3557 2052 latere
3583 2016 3597 2051 :
3638 2012 3816 2052 nutic

2202 2084 2412 2137 interim
2454 2084 2519 2138 ad
2568 2099 2630 2137 ea
2661 2099 2780 2155 qua:
2823 2100 2987 2154 opere
3022 2101 3274 2140 manuum
3305 2087 3474 2155 egerit
3498 2087 3812 2151 accedam,

2204 2190 2375 2243 caque
2396 2184 2594 2243 quanta
2627 2177 2777 2231 valeo
2806 2176 3068 2232 brevitate
3094 2193 3419 2247 percurram.

2739 2264 2963 2320 CAPUT
3000 2265 3215 2320 XXXII.

2536 2352 2685 2419 Quod
2711 2359 2898 2406 multas
2929 2355 3191 2424 fabricavit
3215 2355 3431 2410 tumbas.

2278 2441 2371 2498 llic
2393 2441 2531 2495 idem
2562 2442 2641 2495 vir
2667 2445 2852 2496 beatus
2877 2442 3014 2496 inter
3031 2452 3225 2497 cmtera
3258 2446 3515 2499 bonorum
3548 2460 3805 2515 operum

2206 2534 2449 2601 insignia,
2473 2532 2636 2588 multa
2666 2542 2974 2589 sanctorum
3018 2549 3149 2588 auro
3176 2544 3500 2603 argentoque
3538 2546 3594 2591 et
3622 2552 3807 2604 gem—

2206 2623 2305 2679 mis
2348 2622 2625 2677 fabricavit
2651 2608 2994 2691 sepulcra,id
3034 2632 3136 2689 est,
3181 2620 3454 2688 Germani,
3505 2624 3803 2694 Severini,

2209 2711 2475 2774 Piatonis,
2502 2713 2749 2780 lQuintini
2772 2755 2786 2779 ,
2821 2710 2846 2747 δ
2887 2712 3063 2776 Lucii,
3101 2713 3423 2780 Geuovefze,
3470 2716 3805 2782 Columbae,

2206 2801 2533 2863 Maximiani,
2565 2812 2619 2857 et
2665 2802 2889 2864 Loliani.
2936 2818 2999 2857 ac
3027 2802 3244 2868 Juliani,
3274 2806 3447 2859 adhuc
3494 2816 3683 2860 autem
3741 2816 3807 2861 et

2206 2892 2432 2945 aliorum
2460 2893 2746 2947 multorum
2774 2912 2785 2946 :
2816 2892 2908 2946 sed
2936 2893 3199 2962 praecipue
3233 2893 3371 2946 beati
3402 2894 3613 2947 Martini
3666 2895 3801 2948 Tu-

2208 2986 2353 3041 ronis
2375 2986 2610 3050 civitate,
2657 2986 2957 3053 Dagoberto
2988 3001 3112 3054 rege
3160 2986 3429 3056 impensas
3480 2988 3800 3056 prmbente,

2208 3076 2345 3129 miro
2369 3074 2582 3144 opilicio
2609 3092 2674 3130 ex
2697 3092 2829 3130 auro
2853 3084 2907 3130 et
2931 3077 3153 3146 gemmis
3180 3079 3416 3133 contexit
3445 3081 3793 3147 sepulcrum,

2207 3180 2413 3220 necnon
2460 3173 2513 3218 et
2558 3167 2791 3219 tumbam
2821 3166 2991 3220 sancti
3044 3167 3343 3233 Brittionis,
3375 3177 3431 3222 et
3472 3156 3629 3223 aliam
3688 3171 3792 3224 ubi

2208 3270 2403 3323 corpus
2430 3254 2489 3307 Β.
2539 3256 2750 3309 Martini
2794 3256 2992 3310 dudum
3027 3258 3290 3326 jacuerat,
3323 3261 3521 3314 urbane
3549 3275 3790 3331 compo-

2208 3346 2356 3407 suit;
2389 3361 2639 3414 magnum
2692 3348 2909 3415 insuper
2960 3346 3275 3401 beneficium
3326 3350 3496 3403 eidem
3528 3352 3790 3406 ecclesia:

2209 3433 2347 3500 apud
2378 3448 2553 3501 regem
2595 3435 2863 3489 obtinuit:
2898 3450 3128 3504 namque
3175 3452 3270 3505 pro
3322 3441 3617 3493 reverentia
3643 3456 3789 3494 san-

2210 3528 2277 3579 Cli
2306 3527 2627 3581 confessoris
2658 3527 2893 3594 Martini,
2927 3530 3096 3597 Eligio
3126 3540 3365 3598 rogante,
3402 3547 3611 3586 omnem
3644 3551 3790 3589 cen-

2209 3632 2345 3683 sum,
2375 3620 2465 3686 qui
2511 3619 2815 3688 reipublica:
2856 3620 3181 3685 solvebatur,
3210 3622 3273 3675 ad
3304 3622 3563 3691 integrum
3598 3624 3786 3693 Daga-

2209 3711 2389 3762 he'tus
2416 3724 2508 3765 rex
2543 3710 2715 3763 eidem
2747 3710 2995 3763 Ecclesia:
3034 3712 3265 3777 indulsit,
3296 3723 3454 3781 atque
3497 3730 3590 3783 per
3618 3718 3787 3770 char-

2212 3810 2316 3852 tam
2350 3794 2715 3877 conftrmavit.
2736 3801 2882 3855 Adeo
2931 3812 3107 3856 autem
3137 3819 3292 3856 omne
3322 3806 3420 3859 sibi
3447 3806 3534 3871 jus
3576 3808 3783 3862 fiscalis

2213 3906 2405 3945 census
2438 3891 2672 3944 Ecclesia
2702 3892 2955 3959 vindicat,
2978 3899 3035 3945 ut
3062 3897 3083 3922 °
3128 3908 3293 3962 usque
3318 3895 3475 3949 hodie
3500 3898 3549 3949 iu
3582 3899 3781 3952 eadem

2212 3983 2341 4034 urbe
2368 3996 2461 4050 per
2488 3981 2750 4051 pontificis
2793 3975 3202 4037 litteras'comes
3224 3985 3596 4039 constituatur.
3632 3986 3783 4040 Prte-

2214 4076 2355 4133 terea
2387 4068 2583 4134 Eligius
2610 4070 2884 4123 fabricavit
2909 4078 2965 4123 et
3007 4072 3334 4125 mausoleum
3367 4074 3531 4125 sancti
3564 4084 3777 4146 marty-

2213 4158 2285 4209 ris
2316 4157 2549 4227 Dionysii
2586 4156 2797 4211 Parisiis
2827 4159 3062 4221 civitate,
3109 4169 3166 4214 et
3197 4162 3460 4229 tugurium
3506 4180 3667 4233 super
3692 4167 3779 4234 ip-

2214 4263 2328 4301 sum
2362 4262 2717 4301 marmoreum
2769 4249 2903 4302 miro
2933 4264 3095 4317 opere
3142 4250 3207 4304 de
3234 4267 3366 4307 auro
3396 4264 3450 4307 et
3498 4256 3727 4320 gemmis
3757 4271 3771 4307 :

2214 4338 2426 4389 cristam
2457 4353 2668 4406 quoque
2697 4346 2749 4390 ct
2772 4340 2977 4407 species
3003 4338 3069 4393 de
3094 4339 3268 4394 fronte
3299 4342 3577 4404 magnifice
3617 4359 3775 4397 como

2141 4461 2190 4519 Ι)
2216 4428 2410 4496 posuit,
2456 4444 2657 4481 necnon
2688 4442 2742 4481 ct
2793 4444 2917 4483 axes
2946 4431 2995 4483 in
3035 4430 3257 4483 circutu
3296 4428 3321 4465 ά
3371 4431 3548 4484 throni
3586 4433 3773 4487 altaris

2216 4532 2343 4569 auro
2372 4517 2599 4585 operuit,
2632 4525 2685 4567 et
2732 4519 2909 4583 posuit
2939 4518 2989 4568 in
3022 4518 3098 4569 eis
3141 4532 3297 4584 poma
3341 4532 3500 4571 aurea
3528 4520 3774 4573 rotundi-

2216 4608 2281 4661 lia
2311 4618 2468 4674 atque
2505 4616 2766 4673 gemmata
2798 4622 2808 4655 :
2841 4606 3051 4673 operuit
3087 4621 3298 4674 quoque
3324 4615 3377 4660 et
3406 4608 3686 4662 Iectorium
3717 4617 3772 4660 et

2216 4697 2348 4749 ostia
2385 4696 2663 4763 diligenter
2694 4695 2759 4746 de
2800 4693 3015 4747 metallo
3054 4684 3418 4760 argentizsed
3463 4706 3517 4748 et
3572 4705 3772 4747 teetum

2216 4785 2391 4838 throni
2440 4785 2620 4838 altaris
2661 4781 2844 4838 axibus
2882 4785 3091 4852 operuit
3128 4785 3435 4852 argenteis;
3467 4784 3592 4836 fecit
3630 4798 3772 4850 quo-

2216 4890 2319 4942 que
2344 4886 2396 4929 et
2447 4890 2628 4943 repam
2660 4875 2709 4925 in
2764 4875 2881 4927 loco
2911 4875 3193 4930 anterioris
3242 4874 3446 4937 tumuli,
3496 4882 3555 4927 et
3598 4876 3773 4929 altare

2216 4966 2543 5026 extrinsecus
2572 4962 2633 5015 ad
2657 4961 2814 5029 pedes
2843 4964 3007 5016 sancti
3039 4964 3284 5031 martyris
3312 4962 3619 5027 fabricavit;
3653 4972 3766 5015 tan-

2218 5064 2434 5121 tumque
2483 5052 2609 5114 illic,
2644 5054 3012 5120 suppeditante
3041 5067 3183 5119 rege,
3216 5068 3309 5105 sua
3340 5056 3576 5109 exercuit
3622 5054 3770 5111 indu-

2219 5184 2271 5235 in
2300 5182 2491 5249 quibus
2522 5198 2652 5231 nunc
2680 5198 2871 5251 quoque
2902 5182 3199 5248 regularem
3230 5182 3560 5251 disciplinam
3589 5184 3769 5251 vigere

2220 5261 2462 5307 testatur.
2506 5264 2571 5304 ne
2620 5251 2786 5316 ipsum
2823 5252 3033 5318 quidem
3072 5252 3128 5303 ὃ.
3164 5252 3418 5305 Audoeno
3473 5254 3628 5305 tribui
3670 5268 3765 5319 p0-

2218 5331 2338 5373 test.
2371 5319 2522 5381 Quod
2551 5319 2591 5369 si
2618 5320 2666 5370 in
2692 5321 2772 5371 his
2795 5321 2924 5372 locis
2954 5320 3348 5386 interpolatoris
3372 5320 3646 5385 cujusdam
3678 5336 3767 5371 au-

2216 5390 2420 5442 daciam
2452 5403 2512 5439 ac
2536 5390 2882 5443 temeritatem
2920 5393 3269 5454 agnoscimus,
3300 5390 3537 5441 eamdem
3576 5388 3766 5440 aliisin

2217 5459 2347 5511 locis
2379 5466 2670 5522 grassatam
2720 5472 2837 5525 esse
2886 5471 2988 5509 non
3040 5459 3305 5511 immerito
3354 5457 3765 5525 suspicabimur,

2220 5529 2362 5579 velut
2390 5528 2441 5577 in
2469 5539 2620 5591 capp.
2650 5525 2713 5577 I9
2736 5533 2790 5577 et
2816 5524 2899 5587 29;
2933 5527 2983 5577 in
3014 5529 3203 5593 quibus
3232 5541 3294 5579 ea
3326 5522 3628 5579 tribuuntur
3660 5522 3764 5574 lili-

2218 5597 2303 5662 gio
2335 5609 2450 5653 qua:
2482 5608 2575 5645 nec
2610 5595 2845 5659 liligiuiu,
2881 5611 2977 5647 nec
3010 5596 3314 5647 Audoenum
3344 5596 3627 5647 decebant.

2200 5657 2242 5719 ,⁷
2285 5665 2311 5701 ἀ
2343 5662 2499 5715 Troni
2528 5657 2726 5716 altaris.
2780 5662 2929 5718 Prior
2958 5681 3059 5720 vox
3108 5664 3285 5719 addita
3314 5672 3396 5719 est
3424 5677 3455 5716 e
3484 5662 3672 5715 codice
3710 5657 3763 5711 S.

2219 5733 2474 5807 Andoeni.
