3934 6228
197 379 328 432 503

1749 383 1924 437 νιτΑ.

3364 392 3465 445 500

199 495 354 546 stt-ia
377 491 464 564 [F.
482 508 695 547 suam...
726 493 1086 561 industriaml,
1113 504 1271 562 atque
1301 496 1370 549 ita
1398 511 1551 551 suum
1580 497 1790 552 diffudit
1821 501 1865 555 Α
1898 495 2170 550 immobile
2198 497 2335 551 unda
2365 497 2626 560 allideret,
2663 500 2734 553 ita
2779 500 2918 553 virili
2967 503 3146 562 animo
3173 503 3315 557 dicta
3352 522 3464 557 res-

197 586 518 648 specimen,
549 593 606 636 ut
635 599 773 653 pene
795 586 1063 652 singulare
1092 589 1161 639 sit
1193 591 1243 639 in
1281 585 1468 640 Galliis
1507 603 1794 640 ornamen-

199 683 359 734 tum,
390 684 443 726 et
473 675 522 727 in
553 688 741 740 magna
773 677 1009 730 omnium
1037 677 1391 739 admiratione
1425 693 1590 746 usque
1618 677 1669 730 in
1699 679 1796 732 bo-

199 763 467 816 dierttum
499 765 661 818 diem.

763 875 989 930 CAPUT
1021 876 1254 931 XXXIII.

285 963 374 1016 De
399 976 561 1018 morte
587 963 856 1035 quoberti
884 969 1046 1031 regis:
1071 975 1118 1019 et
1141 969 1356 1020 ronrilio
1382 969 1522 1035 apud
1550 969 1726 1023 urbem

619 1032 835 1086 Romam
863 1037 951 1086 sub
986 1053 1121 1102 papa
1152 1036 1403 1090 Marino.

285 1121 387 1175 llis
427 1122 677 1189 operibus
728 1125 950 1177 mirilice
1009 1123 1280 1193 perfectis,
1332 1136 1493 1194 atque
1547 1129 1799 1182 omnibus

202 1213 640 1280 circumquaque
684 1215 930 1279 gentibus
977 1216 1197 1278 sedatis,
1255 1217 1599 1271 ferocissimis
1629 1220 1793 1271 etiam

207 1297 413 1351 \‘aceis
441 1299 628 1352 ditioni
662 1303 889 1368 proprize
935 1302 1116 1355 bostili
1164 1303 1340 1370 gladio
1369 1305 1799 1368 subactis,'mor-

207 1399 340 1441 tuus
368 1401 450 1442 est
480 1405 571 1442 rex
611 1404 833 1457 magnus
862 1401 916 1446 et
963 1393 1194 1464 inclytus
1241 1394 1600 1460 Dagobertus,
1630 1404 1685 1450 et
1713 1411 1798 1449 se-

206 1481 404 1546 pultus
454 1489 535 1532 est
587 1480 635 1533 iu
683 1482 868 1534 cadem
923 1484 1095 1535 sancti
1155 1483 1390 1552 Dionysii
1442 1486 1658 1540 basilica
1696 1487 1797 1540 sub

204 1585 343 1623 arcu
395 1572 451 1624 in
484 1572 649 1625 latere
685 1573 916 1626 dextro:
946 1575 1027 1628 cui
1071 1577 1331 1630 successit
1361 1577 1412 1628 in
1444 1591 1611 1640 regno
1658 1578 1796 1631 illius

209 1660 335 1728 ejus
380 1665 544 1714 arrate
587 1662 934 1730 jnvcnculus,
994 1666 1260 1719 vocabulo
1306 1665 1627 1720 Clodoveus.
1687 1669 1796 1721 Sub

206 1751 377 1815 hujus
399 1754 552 1818 regni
579 1753 838 1820 principio
863 1754 1085 1808 nefanda
1110 1756 1325 1809 hmresis
1346 1757 1583 1825 partibus
1603 1757 1795 1811 Orien-

1903 585 2096 649 puebat
2123 588 2490 652 garriemium.
2532 586 2825 642 Jubebatur
2853 590 2899 642 ei
2931 590 3195 658 imperiali
3247 596 3467 648 decreto

1901 673 2058 726 tidem
2109 673 2354 728 Patribus
2380 676 2541 731 edere
2570 677 2914 742 contrariam,
2955 679 3049 733 sed
3079 681 3169 734 ille
3196 682 3280 735 cui
3313 700 3466 738 sacra

1903 761 2031 815 tides
2054 762 2370 815 venerabilis
2400 773 2536 828 erat,
2565 765 2865 834 abuegabat
2885 784 2943 822 se
2973 784 3128 837 posse
3157 770 3315 838 impia
3339 788 3440 826 con

1902 863 1980 904 tra
2017 854 2179 907 Deum
2233 854 2472 922 proferre
2509 857 2692 922 verba,
2726 861 3027 913 consultius
3059 860 3172 915 fore
3219 861 3468 929 judicans

1903 945 2250 1010 temporalem
2290 960 2488 1013 ponere
2517 947 2699 1010 vitam,
2731 956 2936 1002 tantum
2967 960 3023 1004 ut
3061 952 3109 1004 ei
3139 953 3467 1005 conscientia

1903 1031 2021 1083 lidei
2067 1031 2283 1085 duraret
2329 1034 2510 1087 ill:rsa.
2541 1037 2791 1089 Novimns
2839 1041 3122 1105 quemdam
3172 1040 3387 1096 fratrem
3437 1057 3465 1096 a

1899 1123 2137 1192 partibus
2181 1123 2413 1178 Orientis
2460 1129 2781 1191 venientem,
2813 1131 2902 1195 qui
2935 1146 2996 1183 ea
3041 1147 3159 1198 qua:
3205 1150 3365 1186 narro
3408 1148 3469 1186 se

1900 1227 2081 1264 coram
2117 1214 2291 1281 posito
2319 1227 2464 1279 gesta
2490 1232 2607 1270 csse
2636 1220 2947 1273 testabatur.
2985 1221 3144 1285 Igitur
3170 1237 3288 1275 cum
3319 1223 3465 1277 nullo

1900 1306 2165 1358 suasionis
2193 1321 2390 1372 genere
2420 1307 2680 1361 Martinus
2724 1324 2751 1361 a
2795 1311 3058 1364 catholica
3101 1313 3471 1368 reiiecteretur

1904 1397 2024 1461 fide,
2078 1399 2452 1467 multiplicibus
2494 1402 2702 1468 injuriis
2747 1403 2986 1464 affectus,
3035 1404 3232 1471 diuque
3284 1421 3465 1457 coram

1899 1487 2099 1554 populo
2150 1489 2464 1554 ilagellatus,
2513 1491 2727 1545 domum
2779 1495 3029 1547 revinctis
3089 1504 3211 1561 post
3259 1503 3462 1560 tergum

1900 1576 2146 1630 manibus
2173 1579 2536 1633 velutelectus
2557 1583 2718 1656 aries,
2738 1593 2925 1637 cuncta
2958 1585 3088 1636 urbe
3117 1584 3461 1647 lamentante,

1900 1669 2088 1720 exsilio
2119 1670 2371 1731 truditur;
2401 1671 2584 1739 sicque
2609 1673 3124 1742 Constantinopolim
3155 1676 3463 1742 perductus,

1901 1756 2080 1822 inique
2109 1756 2296 1809 exsilio
2339 1756 2625 1822 relegatus,
2676 1759 2788 1812 sola
2822 1760 2927 1814 illic
2979 1763 3224 1815 oratione
3272 1761 3468 1816 meruit

208 1843 281 1896 tis
309 1854 563 1910 coeperat
590 1845 870 1911 pullulare,
898 1845 1251 1900 Constantino
1280 1854 1404 1901 tunc
1436 1847 1659 1900 Romani
1691 1851 1791 1902 im-
1827 1824 1870 1881 Β
1902 1861 2044 1900 muco
2073 1846 2271 1900 lumina
2303 1847 2523 1901 reddere
2549 1866 2561 1912 ;
2595 1850 2682 1902 tibi
2721 1852 2974 1906 exsulans
3021 1867 3084 1905 ac
3123 1852 3466 1918 delitescens,

212 1935 348 1997 perii
401 1936 610 2002 apicem
658 1936 1027 2001 gubernante;
1059 1949 1336 2006 coeperunt
1379 1953 1506 2003 ergo
1539 1949 1560 1974 λ
1592 1942 1797 2008 praefati

211 2020 608 2076 baeresiarebes
655 2024 907 2092 nequiter
951 2025 1366 2081 ecclesiasticam
1413 2029 1651 2095 regulam
1681 2029 1796 2083 vio-

211 2111 353 2175 lare,
385 2120 449 2165 et
482 2114 760 2182 peregrina
790 2117 1031 2183 qua'dam
1062 2132 1091 2169 a
1142 2119 1371 2173 veritate
1399 2120 1572 2172 aliena
1602 2119 1798 2175 docere

209 2209 263 2254 ct
293 2203 615 2269 praedicare,
664 2213 969 2260 asserentes
1021 2207 1302 2260 Dominum
1353 2216 1408 2262 et
1460 2207 1794 2262 Salvatorem

211 2300 471 2347 nostrum
499 2293 673 2346 Jesum
701 2293 974 2349 Christum
1007 2295 1225 2350 minime
1254 2296 1453 2352 habere
1494 2299 1792 2352 secundum

210 2380 595 2437 formamservi
607 2383 749 2451 (sic),
763 2394 817 2437 et
831 2399 1002 2454 neque
1013 2401 1132 2440 eum
1146 2402 1212 2441 ex
1226 2388 1387 2442 Maria
1402 2405 1580 2443 veram
1596 2406 1793 2446 assum-

213 2474 386 2541 psisse
415 2490 653 2536 carnem,
683 2475 920 2544 profanis
941 2477 1158 2532 vocibus
1183 2479 1490 2546 garriebant
1517 2496 1530 2539 ;
1563 2497 1682 2550 qua:
1708 2498 1794 2537 res

210 2565 483 2630 plurimos
511 2566 560 2619 in
589 2565 826 2620 Ecclesia
868 2568 1245 2626 conturbabat.
1277 2578 1334 2622 et
1367 2569 1654 2637 pler-osque
1680 2572 1790 2638 jam

210 2657 528 2724 mntagium
600 2657 756 2724 bvjus
807 2655 1074 2724 pestifera:
1125 2660 1439 2712 assertionis
1510 2659 1786 2726 infecerat,

212 2760 320 2797 non
362 2745 542 2797 solum
590 2744 641 2797 in
688 2744 907 2798 urbibus
957 2745 1149 2812 quibus
1206 2746 1572 2808 morabantur,
1602 2748 1696 2801 sed
1735 2757 1790 2802 et

214 2837 405 2888 urbem
439 2851 550 2902 qua:
577 2844 660 2888 est
687 2844 842 2904 caput
867 2835 1104 2889 omnium
1139 2834 1364 2889 Romam
1394 2837 1649 2904 paulatim
1677 2839 1786 2903 jam

215 2937 408 2978 eorum
441 2925 669 2991 pravitas
697 2926 1032 2992 penetrabat.
1075 2923 1200 2978 Erat
1233 2935 1409 2980 autem
1451 2942 1518 2982 eo
1545 2937 1787 2999 tempore

215 3013 403 3067 Romae
437 3016 622 3083 praeui
654 3015 1000 3070 Beatissimus
1030 3032 1161 3084 papa
1193 3015 1470 3080 Martinus,
1503 3019 1592 3088 qui
1632 3019 1783 3074 solli-

217 3105 321 3158 cie
361 3119 428 3157 ac
456 3104 678 3158 viriliter
727 3121 825 3173 pro
864 3105 966 3158 hac
1007 3121 1165 3160 causa
1221 3107 1518 3174 invigilans,
1569 3108 1784 3176 imoque

217 3211 480 3265 pugnans,
509 3195 672 3248 multa
701 3196 896 3263 probra
919 3204 973 3248 et
1001 3196 1223 3249 adversa
1255 3197 1322 3248 ab
1350 3197 1609 3251 btereticis
1625 3199 1783 3252 susti-

222 3289 410 3348 nebat;
443 3285 583 3340 unde
615 3286 828 3339 tandem
855 3294 1151 3356 permotus,
1180 3301 1301 3339 cum
1333 3296 1386 3340 et
1409 3287 1782 3355 imperatorem

218 3386 273 3427 et
302 3377 482 3441 plures
513 3382 759 3428 cerneret
780 3390 962 3428 eorum
988 3375 1371 3428 assertionibus
1395 3375 1782 3440 obsecundare,

220 3469 422 3521 intenti
451 3473 585 3521 satis
623 3470 800 3520 animo
827 3469 1171 3534 congregavit
1199 3469 1486 3522 concilium
1533 3467 1786 3520 sacerdo-

221 3568 326 3608 tum
357 3557 735 3624 compescendi
766 3571 948 3618 causa,
977 3557 1084 3608 imo
1133 3556 1340 3609 delendi
1374 3556 1530 3623 hujus
1553 3555 1785 3622 pravita-

221 3657 320 3700 tem
366 3648 666 3714 dogmatis:
702 3648 752 3700 in
787 3663 892 3714 quo
924 3648 1149 3700 concilio
1188 3648 1437 3700 omnibus
1474 3645 1786 3699 ortbotloxis

218 3738 678 3791 (σιςιςρηιὶεηιὶὺιιε
706 3737 874 3808 edidit
923 3747 1108 3790 contra
1154 3737 1432 3792 luereticos
1480 3735 1634 3789 fidem
1675 3750 1783 3788 ma-

219 3814 406 3894 gnifice
430 3829 584 3880 valde
634 3838 792 3894 atque
825 3838 1093 3893 accurate,
1137 3845 1292 3894 quam
1322 3829 1481 3881 etiam
1511 3842 1628 3880 cum
1658 3827 1784 3879 sub-

219 3921 395 3981 iuncta
428 3920 651 3984 epistola
695 3920 985 3973 Galliarum
1018 3921 1255 3988 partibus
1295 3920 1602 3981 destinavit,
1635 3933 1785 3970 tuan-

222 4006 349 4061 dans
379 4018 433 4060 et
454 4009 730 4060 obtestans
758 4009 869 4074 regi
918 4008 1260 4069 Francorum,
1293 4016 1351 4058 ut
1391 4008 1432 4058 si
1463 4013 1643 4058 essent
1667 4004 1784 4070 ejus

223 4095 311 4146 viri
330 4097 596 4149 catliolire
621 4096 832 4158 eruditi,
861 4096 959 4148 hos
989 4097 1085 4148 sibi
1117 4095 1491 4149 adminiculum
1515 4095 1584 4146 ob
1613 4094 1782 4146 haere-

222 4185 311 4237 sim
341 4185 800 4253 comprimendam
833 4186 1027 4239 faceret
1068 4187 1321 4238 destinari
1352 4203 1362 4237 :
1401 4185 1486 4236 tibi
1523 4193 1646 4236 tunc
1677 4183 1784 4236 Eli-

224 4279 330 4336 gius
359 4295 480 4330 cum
501 4275 668 4329 sodali
697 4276 1044 4331 libentiSsime
1074 4273 1416 4345 perrexisset,
1450 4276 1613 4330 nisiei
1638 4291 1783 4345 qum-

223 4363 332 4415 dam
365 4381 526 4418 causa
559 4363 920 4434 impedimenti
953 4364 1157 4417 fuisset.

745 4473 972 4527 CAPUT
1013 4474 1247 4526 XXXIV.

259 4579 267 4591 ‘
305 4563 377 4616 Dc
407 4565 724 4616 multimodis
753 4563 967 4616 Martini
996 4580 1142 4630 pupzt'
1173 4563 1456 4622 tormentis,
1487 4563 1694 4630 ejusque

626 4643 728 4682 vita
758 4652 846 4700 pt'r
873 4636 1174 4700 martyrium
1205 4634 1376 4696 ﬁnita.

293 4723 392 4776 Sed
427 4723 637 4776 interim
677 4721 932 4774 dilatione
973 4722 1342 4776 intercedente
1395 4719 1638 4772 inimicus
1686 4719 1782 4771 bn-

233 4815 357 4865 mani
386 4817 598 4881 generis
628 4812 802 4864 acrius
833 4812 1098 4873 incitatus,
1132 4809 1621 4880 pulsabatfortiter
1649 4824 1780 4862 con-

234 4911 303 4950 Ira
327 4918 530 4954 murum
555 4901 800 4954 Ecclesia!
830 4913 924 4967 per
951 4900 1190 4955 homines
1214 4899 1470 4968 perditos,
1501 4913 1562 4949 ac
1594 4897 1779 4949 turrim

241 4992 598 5044 validissimam
646 4993 788 5045 omni
829 4991 1237 5057 oppugnationis
1265 5003 1464 5056 genere
1504 4987 1777 5052 fatigabat,

237 5077 501 5144 Martiarum
531 5079 654 5141 sibi,
674 5079 870 5145 jngiter
916 5077 1218 5139 aflligen-lo,
1273 5076 1529 5128 inclinare
1559 5077 1780 5140 cupiens

239 5168 551 5233 episcopum:
591 5169 680 5220 sed
735 5181 1035 5234 quanquam
1090 5166 1328 5231 impurus
1375 5165 1588 5230 spiritus
1635 5165 1777 5216 outui

242 5257 342 5307 nisu
371 5266 625 5324 pugnaret
671 5266 932 5317 armatus,
978 5265 1148 5307 tamen
1192 5255 1475 5306 resistebat
1527 5253 1780 5307 Martinus

241 5343 418 5399 Christi
445 5348 609 5415 gratia
641 5354 696 5399 et
713 5348 910 5419 virtute
938 5347 1192 5414 repletus,
1223 5358 1285 5396 ac
1309 5343 1464 5395 veluti
1491 5344 1532 5395 si
1559 5344 1779 5397 bsaxum

1809 4511 1859 4570 D

306 5528 326 5553 ⁸
359 5517 585 5583 Prrrfati.
637 5521 723 5574 Sic
769 5517 1013 5571 laudatus
1042 5521 1096 5570 S.
1151 5519 1278 5572 And.
1328 5517 1514 5573 codex.
1565 5532 1628 5568 cx
1674 5532 1777 5581 quo

249 5587 388 5651 etiam
430 5588 723 5642 addidimus
755 5603 940 5642 vocent
991 5589 1178 5643 aliena.
1232 5589 1381 5641 l’iius
1419 5587 1615 5639 editum
1665 5595 1779 5637 erat

247 5659 548 5779 Ρΐῖίὲιιῗῑίινη
582 5726 854 5778 immobile.
888 5725 1064 5779 Codet
1088 5726 1144 5777 S.
1172 5723 1282 5776 Aul
1317 5763 1331 5786 ,
1362 5741 1488 5778 saxo
1511 5725 1776 5788 immobili,

250 5799 295 5844 et
313 5793 454 5862 infra,
483 5795 793 5848 labebattfei
823 5796 1108 5861 imperiali“
1140 5796 1358 5846 decreta.

1901 1944 2021 2001 post
2053 1935 2215 1989 untlta
2246 1945 2509 1990 tormenta
2541 1938 2738 1992 claram
2769 1939 2923 1992 valde
2951 1951 3008 1994 et
3035 1943 3270 1995 nobilem
3299 1943 3465 1996 vitam

1898 2024 2103 2090 optimo
2129 2033 2184 2079 et
2211 2027 2501 2080 venerabili
2547 2026 2651 2082 fine
2689 2030 2968 2084 conclusit.
3001 2030 3266 2085 Situulent
3321 2048 3465 2085 nunc

1899 2111 2129 2165 lueretici
2149 2122 2404 2179 quantum
2423 2116 2627 2180 volunt,
2651 2117 3046 2171 confundantur
3066 2127 3120 2172 et
3143 2120 3467 2172 erubescant

1895 2216 1923 2252 a
1955 2216 2013 2254 se
2065 2211 2352 2272 martyrem
2384 2204 2597 2270 factum,
2631 2209 2874 2274 quamvis
2908 2224 3028 2261 eum
3083 2201 3302 2278 paciliee
3342 2210 3462 2261 ani-

1895 2305 2034 2341 mam
2057 2290 2338 2343 exhalasse
2362 2293 2653 2357 clamitent,
2679 2297 2922 2363 quamvis
2949 2313 3054 2351 non
3078 2315 3105 2350 a
3136 2313 3194 2352 se
3219 2299 3462 2352 interemo

1896 2389 2071 2449 ptum,
2101 2383 2193 2434 sed
2246 2385 2461 2450 propria
2493 2385 2688 2452 fingant
2735 2397 2911 2442 morte
2939 2404 2958 2426 ι’
2990 2389 3282 2455 defectum,
3308 2390 3461 2458 quasi

1893 2488 1997 2526 non
2028 2487 2149 2526 eum
2175 2489 2329 2540 pinna
2351 2476 2743 2544 consumpserit
2764 2476 2815 2530 in
2845 2491 2952 2544 quo
2970 2493 3124 2545 paena
3146 2489 3458 2548 consumpta

1891 2573 1991 2616 est.
2017 2562 2117 2627 Qui
2145 2565 2186 2616 si
2219 2563 2270 2616 in
2303 2566 2544 2630 praesenti
2574 2581 2716 2622 nunc
2743 2567 3010 2633 adessent,
3038 2567 3150 2622 hazc
3173 2582 3202 2620 a
3249 2584 3334 2622 me
3363 2585 3461 2638 pro

1891 2651 2121 2722 Martyre
2141 2654 2301 2707 verba
2318 2656 2560 2709 audirent
2580 2675 2590 2708 :
2612 2655 2745 2722 Etsi,
2769 2658 3001 2725 inquam,
3023 2657 3330 2711 imminente
3352 2673 3459 2711 car-

1890 2743 2042 2796 niﬁce
2067 2745 2242 2810 gladio
2267 2751 2504 2797 mortuus
2525 2761 2630 2798 non
2655 2744 2830 2811 fuerit,
2856 2747 2906 2800 in
2931 2747 3261 2802 confessione
3278 2747 3455 2800 tamen

1888 2832 2160 2886 catholicae
2191 2832 2309 2885 fidei
2335 2833 2521 2887 exsilio
2569 2835 2853 2902 relegatus,
2895 2844 3017 2902 post
3062 2837 3368 2890 continuam
3399 2843 3457 2890 et

1891 2922 2207 2978 indefessatn
2229 2923 2610 2991 professionem
2625 2925 2912 2995 gloriosum
2929 2926 3114 2978 mortis
3131 2926 3328 2979 exitum
3347 2941 3456 2980 me-

1887 3025 2029 3070 ruit:
2059 3017 2242 3083 sicque
2269 3016 2335 3070 ad
2368 3015 2532 3068 Deum
2561 3032 2713 3069 suutu
2735 3017 3042 3071 redeuntem
3071 3016 3303 3072 cmlestis
3331 3018 3454 3076 aula

1889 3113 2172 3173 martyrem
2194 3107 2456 3177 suscepit:
2485 3121 2658 3173 neque
2674 3107 2814 3160 enim
2840 3106 3005 3160 virtus
3032 3105 3164 3176 ejus,
3182 3107 3457 3162 autbonor

1889 3197 2062 3248 minor
2097 3203 2196 3257 est,
2230 3196 2515 3261 quominus
2538 3196 2706 3249 beatis
2755 3197 3073 3266 martyribus
3117 3206 3453 3264 aggregetur.

1885 3288 2008 3353 quia
2031 3295 2285 3352 quantum
2301 3286 2351 3337 in
2376 3285 2488 3354 ipso
2510 3286 2625 3346 fuit,
2650 3285 3016 3352 aequanimiter
3038 3286 3282 3339 toleravit
3301 3286 3452 3352 quid-

1883 3375 2008 3442 quid
2037 3376 2084 3428 ei
2115 3376 2444 3430 adversitatis
2467 3376 2702 3429 oblatum
2723 3385 2804 3430 est
2827 3391 2996 3440 :natu,
3014 3376 3150 3429 sicut
3176 3375 3450 3444 Scriptura

1886 3475 2142 3528 testatur,
2177 3481 2282 3518 non
2307 3475 2388 3520 est
2419 3466 2636 3520 inferior
2659 3468 2848 3532 gloria,
2878 3466 2968 3519 sed
2995 3468 3171 3533 potius
3193 3465 3452 3520 excellen-

1887 3557 1990 3608 tior
2016 3565 2284 3608 sustinere
2316 3557 2626 3625 martyrium
2650 3573 2746 3623 pro
2773 3571 2857 3619 eo,
2885 3571 2950 3609 ne
2979 3555 3447 3609 sciudaturEccle-

1883 3649 1961 3699 sia
1996 3645 2216 3700 fallaciis
2252 3647 2640 3708 lucreticorum,
2673 3661 2834 3713 quam
2864 3652 2946 3698 est
2977 3645 3063 3697 illa
3095 3661 3162 3698 ne
3201 3645 3446 3698 immole-

1885 3747 1969 3794 tur
1999 3738 2153 3791 idolis
2197 3738 2423 3806 impulsu
2452 3751 2798 3806 paganorum.
2833 3737 2885 3790 In
2917 3751 3240 3804 paganorum
3288 3751 3439 3790 nam-

1883 3842 1984 3896 que
2017 3809 2399 3894 persecutione.
2427 3827 2790 3895 unusquisque
2823 3835 3027 3880 tantum
3077 3844 3172 3895 pro
3201 3843 3297 3881 sua
3327 3829 3440 3885 ani-

1883 3931 1991 3981 ma,
2042 3915 2092 3968 in
2126 3913 2522 3969 ‘btereticorum
2574 3929 2701 3969 vero
2755 3930 2852 3983 pro
2904 3915 3189 3969 universali
3248 3916 3444 3980 patitur

1887 4006 2122 4060 Ecclesia
2160 4023 2172 4057 :
2220 4014 2276 4058 et
2307 4005 2504 4058 idcirco
2535 4020 2655 4058 eum
2712 4005 2974 4073 potiorem
3027 4005 3270 4067 dixerim,
3319 4005 3444 4071 quia

1883 4096 2067 4163 procul
2092 4094 2252 4148 dubio
2282 4095 2629 4147 excellentior
2667 4101 2824 4159 atque
2853 4091 3080 4146 eximior
3123 4092 3442 4159 comproba-

1885 4196 1987 4240 tur.
2023 4185 2147 4240 I-larc
2176 4200 2344 4253 pauca
2373 4185 2438 4237 de
2462 4177 2593 4236 tanti
2625 4183 2719 4235 viri
2750 4182 3025 4243 memoria,
3058 4180 3207 4248 Eligii
3229 4181 3344 4234 Vita
3371 4182 3442 4236 si-

1885 4278 1934 4330 bi
1966 4277 2243 4328 contineat
2270 4275 2528 4333 subnexa,
2564 4273 2812 4340 loquatur
2840 4281 2894 4326 et
2942 4273 3240 4339 ubicunque
3270 4271 3442 4338 pergit

1884 4384 1979 4436 per
2008 4366 2220 4428 saecula,
2247 4373 2446 4429 quanto
2501 4363 2755 4416 Martinus
2785 4364 3035 4416 claruerit
3062 4360 3180 4413 fidei
3223 4360 3442 4427 dogma-

1884 4467 1973 4510 te:
2001 4472 2119 4524 qua:
2168 4472 2263 4507 nos
2309 4455 2606 4508 dilectionis
2634 4455 2800 4520 gratia
2833 4453 2934 4505 buc
2976 4466 3142 4517 usque
3198 4466 3440 4505 narrasse

1884 4546 2129 4608 sufliciat,
2158 4553 2214 4596 ut
2240 4554 2345 4596 tam
2376 4543 2553 4598 eximii
2579 4543 2672 4595 viri
2705 4542 2977 4604 memoria,
3003 4542 3092 4608 qui
3120 4541 3302 4609 utique
3329 4540 3439 4592 col-

1882 4637 2014 4704 legis
2064 4635 2196 4687 meis
2241 4635 2292 4687 iu
2349 4635 2477 4686 urbe
2509 4631 2746 4685 Romana
2784 4631 2946 4684 multa
2979 4630 3233 4701 impendit
3272 4629 3435 4693 bona,

1880 4724 2121 4794 quamvis
2153 4724 2204 4776 in
2234 4725 2451 4776 Oriente
2496 4722 2880 4787 frequentetur,
2925 4735 3028 4774 non
3061 4732 3438 4787 usquequaque

1881 4819 1931 4868 in
1960 4815 2246 4869 Occidente
2274 4812 2525 4866 oblivioni
2559 4810 2814 4863 tradatur.

2420 4943 2642 4997 CAPUT
2683 4940 2897 4996 XXXV.

1882 5061 1956 5114 Dc
1982 5059 2148 5113 rouril
2169 5075 2198 5111 ο
2222 5076 2301 5126 αρν
2326 5059 2357 5109 d
2381 5054 2880 5126 AureliauisGalliw
2900 5054 3071 5106 urbem
3093 5070 3110 5117 ;
3135 5069 3164 5106 σ
3195 5052 3432 5110 haeretica

2299 5146 2328 5178 α
2360 5128 2540 5187 ﬁnibus
2573 5125 2754 5176 (.‘allim
2781 5126 3011 5193 expulso.

1916 5271 1918 5273 >
1951 5242 2051 5294 Per
2096 5240 2230 5291 idem
2281 5239 2388 5289 fere
2420 5247 2627 5301 tempus
2657 5253 2758 5304 qua
2804 5236 2938 5303 apud
2971 5235 3152 5287 urbem
3206 5231 3432 5286 Romam

1882 5334 2000 5385 talia
2027 5343 2171 5395 gesa
2198 5338 2342 5392 sunt,
2369 5344 2500 5381 unus
2528 5327 2893 5380 lucreticorum
2927 5325 3105 5392 pu'sus
3134 5338 3164 5376 a
3192 5323 3432 5392 partibus

1952 5521 1972 5547 ε
2009 5507 2164 5571 Defec
2188 5525 2289 5559 um.
2345 5505 2522 5565 Forte,
2553 5505 2862 5571 defunctum,
2888 5501 2959 5552 ait
2990 5500 3269 5571 Achcrius;
3302 5494 3430 5551 mihi

1881 5579 2008 5633 niiil
2041 5565 2348 5629 mutandum
2380 5576 2600 5626 videtur.
2632 5570 2775 5623 Ilaud
2803 5573 2870 5621 ita
2900 5570 3058 5621 multa
3085 5574 3202 5632 post
3246 5565 3296 5616 in
3332 5579 3429 5614 co-

1880 5652 1994 5702 diCe
2027 5659 2080 5697 δ.
2111 5647 2240 5698 .tud.
2278 5647 2465 5714 legitur
2495 5640 2753 5708 carniﬁcis
2784 5639 2975 5707 gladio.
3007 5646 3059 5689 et
3083 5634 3236 5695 infra,
3269 5646 3427 5701 quan-

1881 5730 1961 5771 tus
1989 5719 2036 5770 iu
2065 5718 2294 5770 Oriente.
