3934 6228
506 399 605 454 507

1654 388 1713 443 S.
1753 386 1952 443 ELIGII
1989 383 2259 441 NOVIO“.
2289 383 2525 468 EPISCn

3604 378 3741 436 ευ

506 504 881 568 transmarinis,
914 500 1200 557 Galliarum
1234 498 1557 569 provinciam
1604 497 1794 565 petiit;
1822 478 1911 563 qui
1939 508 2029 562 ag—
2058 501 2108 558 Α
2131 493 2383 558 imitator,
2411 493 2525 560 ipse
2550 489 2859 561 plerumque
2888 483 3147 554 esuriens,
3178 489 3255 544 sui
3280 488 3421 557 juris
3437 489 3739 544 subsuta-

506 608 714 662 gressus
742 594 879 648 illico
898 592 1162 646 civitatem
1190 603 1308 656 quas
1330 586 1456 640 olim
1486 584 1650 646 Edua,
1690 600 1828 638 nunc
1855 593 2032 636 autem

484 683 893 751 ’Augustidunus
960 687 1201 740 vocatur,
1254 674 1415 738 adiit;
1466 673 1535 725 ibi
1585 686 1795 740 quoque
1837 668 2035 743 degens

507 771 661 838 erepit
705 777 809 822 tam
851 775 1006 821 caute
1059 777 1218 831 quam
1265 760 1622 814 fraudulenter
1663 773 1758 811 sua
1811 756 2035 809 nefanda

504 861 745 926 dogmata
792 849 1046 926 prodere:
1092 852 1232 920 quod
1278 865 1393 905 cum
1440 852 1490 903 in
1545 848 1744 917 palatio
1773 847 1838 900 ad
1883 859 2035 897 aures

506 948 654 1014 Eligii
682 944 1025 1014 pervenisset,
1053 941 1211 1007 carpit
1238 939 1531 1007 vigilanter,
1560 938 1695 990 sicut
1713 948 1919 1002 semper
1939 948 2034 1001 pro

506 1034 802 1100 hujusmodi
850 1043 1007 1084 causa
1050 1027 1303 1081 sollicitus
1346 1033 1477 1089 erat,
1520 1039 1638 1078 cum
1676 1024 1930 1075 Autloeno
1974 1034 2035 1073 ac

503 1120 705 1174 mteris
751 1103 1036 1171 Catholicis
1099 1115 1223 1168 viris
1288 1122 1537 1178 tractare,
1593 1109 2034 1179 quemadmodum

504 1208 641 1260 hanc
674 1217 884 1275 ypeStem
925 1205 1096 1273 palam
1133 1194 1371 1256 omnibus
1400 1200 1788 1254 manilestatam
1828 1199 2035 1264 detege-

503 1305 639 1347 rent.
670 1296 846 1362 Itaque
882 1308 986 1346 non
1015 1292 1213 1344 destitit
1259 1301 1283 1325 ιι
1320 1289 1598 1357 episcopos
1648 1287 2033 1339 commonendo

504 1392 557 1435 et
582 1383 880 1449 0pzitnates,
912 1392 1183 1447 quousque
1216 1393 1279 1428 ex
1318 1376 1464 1442 jussu
1510 1374 1759 1443 principis
1784 1372 2033 1425 sacerdo-

504 1470 605 1523 tale
628 1470 904 1523 concilium
930 1467 1068 1535 apud
1090 1466 1274 1519 urbem
1304 1464 1733 1542 Aurelianensem
1755 1476 2036 1530 congrega-

501 1566 677 1621 l‘cllll';
710 1558 793 1610 ubi
818 1554 1381 1624 praifatohmreticojn
1403 1554 1573 1606 medio
1596 1552 1840 1615 deducto,
1872 1567 2036 1605 cona-

501 1648 692 1701 bantur
715 1660 834 1698 eum
865 1645 1001 1698 docti
1027 1642 1219 1710 quiqtie
1244 1642 1465 1696 diversis
1493 1657 1559 1695 ex
1579 1642 1752 1696 causis
1782 1642 2035 1708 interpel-

502 1738 632 1800 lare,
674 1736 763 1789 sed
816 1736 959 1788 nullo
1006 1741 1249 1802 poterant
1274 1746 1467 1800 genere
1497 1732 1857 1795 concludere;
1888 1738 2036 1783 tanta

2134 582 2261 634 tiam
2288 580 2482 633 Christi
2510 578 2798 634 visceribus
2824 578 3100 646 erogabat.
3122 577 3181 632 Si
3227 578 3495 632 inﬁmum
3527 578 3735 630 vidis-

2132 665 2237 733 set,
2254 669 2544 723 clementer
2588 667 2999 732 consolabatur;
3041 667 3084 721 si
3127 666 3181 719 in
3231 666 3325 719 Dei
3377 667 3737 735 quempiam

2134 771 2313 811 amore
2342 756 2650 819 ferventem,
2674 756 2739 809 ad
2767 755 2995 809 studiutn
3030 755 3438 818 cohortabatur;
3468 756 3512 808 si
3545 752 3738 819 quis-

2133 845 2272 912 piam
2319 846 2385 898 ad
2435 859 2556 899 eum
2604 856 2746 912 aeger
2771 844 3091 910 devenisset,
3120 845 3195 896 ita
3243 843 3359 911 ejus
3409 840 3737 896 fatebatur

2133 934 2424 987 ministerio
2471 942 2530 985 ut
2556 932 2905 990 necdelicias
2931 932 3157 995 urbium,
3186 946 3285 986 nec
3312 932 3503 984 matris
3549 928 3734 982 desi-

2134 1020 2345 1073 deraret
2372 1018 2639 1072 affectum.
2660 1018 2883 1072 Tantum
2911 1020 3090 1085 itaque
3134 1018 3213 1071 ad'
3253 1019 3507 1082 obsequia
3540 1012 3733 1068 debi-

2134 1106 2262 1159 lium
2291 1121 2350 1161 se
2387 1121 2451 1160 ex
2476 1108 2758 1161 devotione
2784 1106 3078 1170 dilluderat,
3114 1114 3171 1157 ut
3196 1105 3345 1157 multi
3397 1116 3733 1170 pauperum

2134 1198 2248 1252 sani
2303 1197 2669 1263 languentibus
2698 1195 3030 1247 inviderent:
3075 1201 3231 1260 atque
3277 1195 3346 1245 ita
3378 1192 3447 1245 ob
3494 1190 3733 1244 Christi

2135 1300 2367 1339 amorem
2418 1300 2601 1339 eorum
2633 1286 2843 1338 assidue
2872 1298 3048 1337 curam
3078 1283 3332 1351 gerebat,
3393 1292 3453 1336 ut
3504 1296 3731 1334 omnes

2134 1389 2390 1443 pauperes
2416 1389 2534 1428 eum
2555 1374 2699 1441 quasi
2727 1382 2925 1441 patrem
2954 1385 3013 1424 se
3042 1371 3236 1424 habere
3263 1372 3541 1439 proprium
3558 1370 3731 1421 laeta-

2134 1471 2313 1514 rentur
2338 1477 2349 1513 ι
2381 1461 2581 1514 sciebat
2608 1460 2746 1514 enim
2776 1460 2901 1526 quid
2924 1460 2975 1511 in
3008 1460 3206 1512 Lazaro
3234 1457 3523 1525 aliquando
3546 1457 3734 1509 dives

2136 1558 2452 1619 purpuratus
2479 1565 2584 1603 non
2606 1550 2811 1615 fecerit,
2833 1548 3080 1617 qualique
3107 1550 3333 1615 superba
3355 1561 3509 1599 mens
3537 1548 3694 1598 retri

2135 1638 2351 1691 butione
2378 1638 2623 1690 damnata
2648 1637 2753 1700 sit;
2798 1636 2997 1690 idcirco
3043 1635 3211 1703 magis
3248 1647 3313 1686 ac
3340 1634 3513 1699 magis
3570 1645 3727 1698 erga

2137 1742 2319 1781 omnes
2346 1743 2405 1781 se
2451 1727 2844 1781 misericordem
2869 1727 3177 1787 ostendens,
3208 1724 3501 1778 clementer
3527 1723 3723 1776 mise-

502 1826 695 1895 quippe
721 1821 925 1877 dicendi
971 1834 1085 1875 arte
1115 1821 1334 1888 objectis
1378 1819 1758 1887 quaestionibus
1783 1832 2033 1870 occurre-
2064 1828 2109 1887 Β
2136 1819 2208 1870 ris
2233 1817 2427 1884 jugiter
2453 1816 2825 1880 succurrebat;
2852 1831 2963 1885 quo.
3008 1815 3146 1869 enim
3174 1814 3389 1867 dolente
3440 1828 3550 1866 non
3610 1813 3728 1864 do-

502 1917 609 1978 bat,
640 1924 693 1968 ut
740 1915 825 1967 ubi
872 1916 1099 1967 maxime
1142 1920 1416 1981 putaretur
1466 1910 1736 1973 astrictus,
1765 1909 1834 1961 ibi
1882 1908 2031 1975 quasi

499 2006 679 2073 anguis
725 2004 957 2058 lubricus
999 2003 1311 2070 quibusdam
1338 1998 1685 2051 foraminibus
1715 1998 1893 2064 lapsus
1939 2010 2031 2049 eo-

497 2111 614 2148 rum
656 2108 714 2148 se
760 2093 921 2146 fronti
969 2096 1279 2157 Opponeret.
1322 2086 1559 2152 Cumque
1605 2086 1749 2137 nullo
1778 2098 1971 2152 genere
1999 2100 2031 2138 a

499 2162 762 2250 quoquam
819 2185 997 2246 posset
1022 2176 1267 2230 concludi
1320 2184 1410 2227 aut
1452 2174 1708 2241 superari,
1765 2172 1966 2227 exstitit
2000 2187 2033 2225 e

498 2272 693 2325 nostris
731 2268 939 2335 quidam
992 2280 1085 2332 per
1135 2264 1226 2316 Dei
1277 2262 1655 2330 providentiam
1701 2262 2033 2315 dot-tissimus

500 2362 793 2428 cpiscopus,
853 2357 1061 2410 nomine
1097 2354 1323 2418 Salvius,
1354 2353 1444 2420 qui
1499 2354 1571 2405 ita
1616 2354 1663 2411 ei
1696 2354 1745 2405 in
1790 2351 2034 2404 onmibus

500 2450 749 2512 obviavit,
782 2456 837 2500 ut
865 2446 1047 2512 ingens
1075 2460 1169 2513 pro
1194 2444 1294 2497 hoc
1312 2443 1472 2497 fieret
1498 2444 1691 2495 nostris
1714 2450 1768 2494 et
1785 2441 2034 2507 gaudium

500 2547 556 2591 et
582 2538 971 2605 spectaculum:
1014 2548 1134 2586 nam
1177 2545 1362 2585 omnes
1408 2532 1667 2584 versutias
1713 2540 2036 2596 cunctasque

500 2626 802 2693 ejusartes,
830 2638 962 2689 quas
1001 2622 1256 2674 illenunc
1280 2610 1549 2685 occulere,“
1576 2635 1715 2673 nunc
1742 2622 1899 2672 etiam
1928 2621 2037 2673 dis-

500 2713 746 2767 simulare
773 2709 1085 2770 conabatur,
1131 2710 1391 2775 frequenti
1446 2709 1807 2777 disputatione
1864 2710 2033 2776 palam

459 2801 734 2863 _.funditus
757 2800 974 2853 detexit.
1002 2799 1091 2852 Sic
1118 2813 1330 2867 quoque
1357 2797 1611 2852 adversus
1649 2798 1770 2852 eum
1799 2799 2035 2851 onmium

501 2892 865 2960 epistoporutn
891 2889 1154 2944 sententia
1184 2890 1409 2959 prolata,
1439 2902 1501 2942 ac
1528 2904 1620 2957 per
1649 2888 1881 2953 singulas
1901 2886 2035 2938 civi-

502 2990 638 3035 tates
677 2996 834 3048 super
876 2979 991 3046 ejus
1040 2980 1255 3032 nomine
1307 2978 1523 3033 decreto
1566 2980 1875 3037 constituto,
1916 2991 2037 3028 cum

502 3071 605 3124 sibi
658 3072 847 3123 merito
884 3068 1142 3123 dedecore
1189 3068 1590 3123 eliminaverunt
1615 3082 1645 3119 a
1672 3067 1861 3121 finibus
1912 3064 2036 3117 Gal-

503 3159 605 3212 lite.

1013 3225 1231 3281 CAI‘UI‘
1270 3224 1515 3281 XXXVI;

506 3333 649 3399 Quod
692 3337 857 3403 plures
893 3344 1147 3405 apodatas
1184 3337 1259 3387 rir
1287 3346 1487 3386 sanctus
1516 3336 1819 3385 astutia—sua
1864 3334 2037 3402 depre-

992 3406 1161 3456 hendit
1189 3414 1333 3472 atque
1361 3405 1567 3455 notarit.

574 3510 677 3566 Sed
703 3520 757 3566 et
771 3511 927 3565 alium
950 3512 1284 3565 nihilominus
1297 3519 1587 3577 apostatam
1608 3525 1727 3565 cum
1743 3512 2033 3581 comperis-

506 3610 588 3655 set
616 3601 809 3667 Eligius
831 3610 1067 3655 evertere
1088 3601 1288 3669 plebem
1312 3599 1538 3654 Parisios
1560 3599 1649 3672 με’.
1675 3601 2033 3672 Parisiorum],

508 3694 686 3761 grandi
714 3692 945 3747 alliciens
970 3693 1335 3769 dehoiiestate,
1364 3693 1735 3746 exterminavit
1763 3692 1829 3745 ab
1858 3693 1988 3744 urbe
2014 3707 2033 3757 ε

507 3780 743 3833 similiter
757 3781 998 3843 etalium,
1014 3782 1102 3848 qui
1122 3782 1420 3849 episc0putn
1436 3796 1495 3834 se
1515 3781 1765 3833 simulans
1785 3782 2040 3834 circuibat

507 3868 655 3921 villas
676 3875 729 3919 et
754 3868 953 3935 plateas
973 3869 1278 3936 decipiendo
1298 3871 1565 3936 pepulum,
1584 3870 1671 3921 diu
1696 3884 1909 3923 carcere
1930 3882 2041 3921 ma-

504 3968 734 4009 ceratum
763 3956 919 4023 ejecit
960 3972 991 4011 a
1021 3956 1211 4010 finibus
1256 3960 1399 4024 regni
1444 3958 1762 4012 Francorum
1792 3975 1804 4009 :
1833 3973 2040 4013 necnon

506 4045 637 4098 alios
664 4056 821 4112 atque
863 4047 994 4103 alios
1039 4048 1257 4101 diversis
1285 4049 1485 4101 artibus
1514 4049 1761 4117 populum
1812 4048 2034 4103 subver-

508 4140 678 4187 tentes
723 4134 903 4200 grandi
952 4151 1159 4204 semper
1208 4132 1519 4192 auctoritate
1573 4149 1653 4191 est
1699 4151 2035 4206 persecutus;

505 4222 657 4275 valde
693 4223 831 4276 enim
858 4223 1043 4276 oderat
1071 4227 1243 4277 omnia
1269 4229 1652 4293 hzereticorutn,
1676 4226 1760 4280 vel
1787 4227 2040 4280 schisma-

506 4312 1183 4377 ticorunt,'cunctorumquc
1207 4321 1394 4379 praeter
1418 4314 1729 4367 catholicam
1746 4316 2038 4369 doctrinam

508 4398 769 4463 figmenta,
790 4408 844 4452 et
868 4398 977 4467 jugi
1016 4399 1262 4452 instantia
1290 4415 1470 4453 eorum
1511 4402 1865 4456 insectabatur
1890 4417 2040 4456 vesa-

2131 1914 2262 1966 luit?
2293 1913 2375 1965 vel
2398 1928 2504 1980 quo
2530 1920 2784 1981 pereunte
2811 1928 2916 1965 non
2943 1910 3175 1979 gemuit?
3202 1924 3359 1978 quem
3385 1908 3593 1964 nudum
3620 1904 3725 1959 vel

2131 2002 2379 2055 clericum
2429 2017 2533 2054 non
2561 2001 2675 2068 ejus
2723 2001 3031 2054 vestimenta
3080 2000 3361 2053 texerunt?
3413 2007 3509 2052 aut
3551 1998 3729 2065 quod

2131 2092 2428 2146 emnobium
2456 2106 2561 2142 non
2592 2091 2707 2157 ejus
2745 2088 2993 2155 largitate
3039 2096 3388 2142 sustentatum
3436 2089 3561 2141 est?
3624 2086 3727 2138 veli

2132 2194 2263 2247 quas
2307 2195 2401 2247 pro
2431 2195 2523 2247 spe
2543 2180 2854 2232 :cternitatis
2889 2194 2998 2241 non
3026 2179 3243 2247 pertulit
3270 2177 3585 2245 angustias?
3630 2178 3724 2231 fa-

2132 2280 2269 2321 mem
2284 2253 2503 2332 scilicet,
2524 2272 2687 2334 sitim,
2704 2269 2925 2336 vigilias,
2952 2279 3276 2337 cunctasque
3300 2270 3475 2322 carnis
3504 2270 3682 2322 illece
3700 2299 3717 2309 -

2135 2359 2254 2409 bras
2269 2358 2405 2425 (sic).
2426 2355 2477 2408 In
2498 2358 2588 2409 tali
2608 2359 2783 2423 itaque
2800 2358 3073 2424 proposito
3090 2370 3455 2424 perseverans,
3470 2357 3721 2424 praebuit

2134 2460 2191 2498 se
2223 2446 2275 2496 in
2306 2446 2536 2497 futurum
2587 2460 2677 2497 vas
2705 2445 2979 2498 electionis
3024 2454 3079 2498 et
3126 2445 3252 2498 utile
3280 2444 3391 2499 Deo
3431 2444 3502 2497 ad
3531 2460 3715 2499 omne

2135 2548 2269 2601 opus
2290 2534 2487 2586 bonum
2517 2540 2780 2601 paratum.

2642 2641 2864 2696 CAPUT
2902 2641 3179 2697 XXXVIII.

2138 2731 2340 2796 Quanta
2363 2733 2587 2786 bonitate
2621 2734 2910 2803 peregrinos
2934 2736 3108 2813 fovit,
3154 2743 3493 2803 quantumque
3521 2734 3713 2801 profe-

2834 2813 2987 2855 'Cef'l‘.

2205 2891 2333 2945 Nam
2364 2908 2481 2946 cum
2510 2907 2569 2947 se
2596 2898 2765 2945 totum
2788 2889 2880 2944 Dei
2908 2891 3125 2945 servitio
3149 2892 3532 2961 mancipasset,
3590 2906 3707 2960 op-

2139 2979 2262 3031 tima
2290 2980 2579 3048 principum
2629 2978 2775 3045 jussa
2805 2978 3079 3046 inagnilice
3106 2978 3448 3047 adimplebat,
3478 2970 3713 3033 contra-

2140 3068 2216 3120 ria
2250 3082 2369 3120 tero
2399 3067 2815 3133 magnificentius
2860 3069 3258 3133 contemnebat,
3293 3078 3516 3136 eratque
3562 3069 3709 3123 liber

2034 3170 2037 3173 '
2062 3144 2107 3205 C
2139 3158 2204 3209 ad
2234 3173 2326 3211 eos
2353 3158 2692 3225 arguenduut,
2717 3156 2929 3209 humilis
2956 3158 3021 3209 ad
3042 3154 3393 3215 obedientium
3419 3196 3432 3219 ,
3466 3157 3577 3225 regi
3595 3171 3705 3229 pa-

2136 3245 2267 3300 riter
2299 3248 2585 3312 subjectus,
2614 3254 2668 3299 et
2694 3246 2902 3299 Christo
2924 3247 3175 3309 devotus;
3207 3246 3456 3300 rutilahat
3476 3246 3706 3316 quidem

2136 3335 2331 3399 specie,
2355 3333 2602 3386 robustus
2626 3343 2741 3387 erat
2761 3334 2812 3386 in
2827 3334 3038 3397 virtute,
3059 3334 3249 3387 mentis
3266 3336 3444 3401 utique
3472 3344 3705 3403 argutae,

2138 3437 2284 3490 puras
2331 3431 2385 3476 et
2432 3424 2716 3489 probabilis
2769 3423 2919 3483 vitaz;
2991 3423 3069 3477 sic
3124 3423 3262 3476 enim
3312 3437 3370 3476 se
3412 3424 3706 3479 exercebat

2139 3514 2287 3580 quasi
2318 3504 2523 3580 semper
2552 3512 2919 3580 inciperet,sic
2947 3527 3004 3566 se
3033 3493 3361 3580 pra'parabat
3386 3512 3541 3579 quasi
3560 3527 3704 3580 quo-

2139 3585 2267 3655 tidie
2296 3604 2637 3667 moriturum;
2679 3603 2874 3657 idcirco
2912 3611 3289 3671 repugnantem
3336 3618 3554 3657 carnem
3582 3604 3705 3658 ine-

2139 3690 2236 3741 dire
2269 3690 2612 3757 subjugabat,
2660 3701 2713 3744 et
2742 3692 2943 3747 ultricis
2967 3692 3220 3760 gehennae
3263 3706 3403 3746 saeva
3432 3699 3701 3746 tormenta

2138 3780 2480 3858 pneveniens,
2506 3782 2617 3849 ipse
2644 3781 2743 3834 sibi
2784 3790 2838 3834 et
2862 3794 3169 3849 persecutor
3213 3784 3473 3837 existebat
3497 3792 3553 3838 et
3582 3793 3700 3838 tor-

2139 3880 2242 3922 tor.
2272 3868 2399 3921 Nam
2426 3873 2471 3922 si
2497 3872 2806 3947 contulisset
2832 3887 2947 3925 sors
2980 3874 3251 3941 temporis,
3279 3873 3526 3940 cupiebat
3554 3888 3699 3926 tuar-

2138 3967 2221 4029 tyr
2245 3959 2355 4013 fieri
2386 3976 2481 4029 pro
2512 3962 2723 4014 nomine
2743 3962 3074 4027 Conditoris;
3122 3962 3214 4017 sed
3239 3978 3538 4031 quanquam
3566 3978 3693 4018 eum

2137 4053 2295 4120 pugio
2318 4068 2420 4105 non
2451 4052 2711 4107 transfixit
2739 4090 2755 4116 ,
2806 4054 3170 4120 quotidianum
3222 4054 3324 4107 sibi
3363 4053 3534 4107 libens
3579 4055 3695 4123 ipse

2137 4142 2444 4210 martyrium
2468 4143 2674 4208 indixit,
2700 4143 2901 4209 fuitque
2926 4143 2975 4196 ei
3006 4143 3172 4198 fames
3203 4158 3300 4212 pro
3339 4143 3693 4208 ungula,sitis

2135 4245 2233 4298 pro
2260 4228 2487 4292 ﬂamma.
2519 4234 2699 4285 mundi
2733 4233 3004 4286 calamitas
3028 4248 3123 4301 pro
3144 4220 3347 4296 bestiis,
3369 4233 3689 4287 abstinentia

2137 4335 2235 4389 pro
2257 4321 2529 4376 craticula.
2557 4321 2655 4383 ςιιὶ
2683 4323 2780 4374 sub
2829 4323 3054 4387 imagine
3083 4321 3321 4391 martyrii
3354 4331 3374 4357 ο
3409 4320 3569 4374 veluti
3601 4337 3693 4375 ca-

2142 4421 2263 4463 tena
2292 4412 2509 4477 rigentis
2538 4409 2681 4473 ferri,
2706 4412 2783 4464 sic
2801 4412 2929 4464 dura
2952 4413 3067 4479 lege
3093 4410 3414 4465 constrictus
3435 4449 3450 4473 ,
3500 4420 3689 4465 semet-

506 4488 674 4549 niatn;
698 4495 813 4539 erat
830 4490 964 4540 enim
995 4489 1103 4556 ipse
1132 4472 1555 4543 afﬂuentissimus
1598 4492 1805 4556 quidem
1834 4494 1887 4551 in
1921 4492 2035 4545 elo-

2142 4499 2313 4567 ipsutn
2340 4500 2439 4553 sibi
2464 4500 2757 4571 abnegavit,
2782 4509 2837 4552 tit
2866 4462 3130 4553 Chrisutum
3154 4497 3302 4567 sequi
3330 4507 3526 4565 posset,
3542 4500 3687 4551 illum

506 4574 734 4642 quentia,
762 4573 811 4625 in
840 4577 1008 4629 studio
1038 4586 1213 4629 autem
1236 4577 1620 4645 Scripturarunt
1645 4579 2035 4645 subtilissimus,

509 4676 561 4720 et
588 4683 703 4720 cum
733 4668 845 4735 ipse
872 4667 1187 4721 sufficienter
1229 4680 1367 4723 esset
1394 4672 1677 4723 instructus
1700 4712 1715 4736 ,
1768 4673 2037 4740 populum,

515 4754 805 4821 ubicunque
834 4766 1092 4823 pergeret,
1116 4759 1428 4823 etangelicis
1447 4761 1897 4815 cohortationibus
1911 4762 2041 4815 edo-

508 4844 658 4897 cebat
688 4845 737 4895 in
758 4846 945 4898 Christi
978 4846 1076 4898 lide
1116 4846 1525 4901 irrevocabiliter
1554 4850 1854 4916 persistere,
1882 4860 2040 4916 atque

508 4934 575 4986 ab
606 4934 964 4988 hxereticorum
993 4936 1247 5004 contagiis
1291 4949 1410 4989 sese
1458 4938 1639 4991 solerti
1685 4955 1811 4993 cura
1854 4940 2037 4993 obser-

509 5018 649 5076 vare.

1022 5092 1239 5147 CAPUT
1279 5094 1528 5150 XXXVII.

512 5175 759 5238 Quantam
781 5178 976 5251 semper
1020 5184 1331 5236 dilectionem
1358 5203 1475 5255 erga
1505 5205 1747 5257 pauperes
1788 5189 2035 5242 habuerit.

576 5285 678 5339 Sed
707 5287 841 5340 inter
885 5299 1093 5355 ctetera,
1119 5290 1144 5329 ι’
1173 5292 1382 5345 senibus
1407 5307 1468 5346 ac
1498 5296 1660 5348 viduis
1689 5307 1845 5364 atque
1873 5297 2042 5366 pupil-

513 5372 570 5429 lis
585 5376 882 5429 consolator
907 5381 1199 5448 existebat;
1242 5382 1406 5436 vidua:
1437 5384 1677 5437 nimirum
1707 5386 2040 5455 Sareptensis

580 5520 601 5544 ⁸
632 5510 923 5591 Episcopus.
955 5514 1130 5591 codex
1182 5520 1234 5572 S.
1292 5520 1447 5582 Aud.,
1508 5521 1785 5589 episwpus,
1819 5540 2041 5577 commo-

513 5581 679 5658 ηεράὲ
698 5583 974 5658 optimates,
994 5584 1164 5658 “lectio
1194 5605 1296 5642 non
1322 5581 1516 5658 inepta.

544 5712 553 5720 .
581 5644 605 5680 δ
644 5644 1162 5727 δἐἠὶὁιςεμρζϐοόθι
1188 5659 1242 5708 S.
1268 5644 1427 5727 And;
1458 5672 1650 5723 semper
1673 5659 1852 5725 [cnctis
1880 5680 2041 5727 punpc

514 5717 618 5764 sine
664 5717 761 5781 ﬁne
787 5720 940 5773 viduis
962 5760 975 5787 ,
1007 5736 1069 5774 ex
1103 5738 1205 5791 quo
1232 5723 1491 5794 conjicere
1532 5717 1651 5781 licet
1673 5717 1750 5779 lita
1787 5717 2036 5797 scriptum

2138 4605 2347 4661 semper
2372 4592 2609 4659 diligens,
2643 4592 2789 4644 illtttn
2815 4592 3140 4653 desiderans,
3163 4589 3307 4643 illum
3351 4590 3549 4657 ingenti
3574 4590 3686 4641 avi-

2139 4681 2304 4735 ditate
2333 4682 2533 4743 sitiens,
2564 4681 2651 4748 qui
2683 4696 2777 4748 pro
2807 4694 2988 4732 amore
3035 4679 3264 4734 hominis
3308 4679 3468 4733 homo
3524 4679 3688 4731 factus

2141 4778 2244 4834 est,
2270 4778 2327 4822 ut
2346 4786 2443 4822 nos
2494 4768 2559 4827 ad
2589 4768 2778 4822 coelum
2833 4767 3100 4833 traheret,
3153 4768 3221 4822 de
3260 4767 3377 4820 sinu
3418 4766 3587 4819 Patris
3634 4765 3687 4818 in

2142 4866 2336 4912 terram
2360 4858 2665 4920 descendit;
2703 4857 2856 4924 eique
2882 4872 3091 4913 omnem
3128 4870 3280 4910 suum
3310 4853 3543 4909 laborem
3568 4868 3687 4908 om-

2142 4962 2367 5015 nemque
2395 4947 2728 5000 dilectionem
2776 4946 3074 5009 infundens,
3128 4948 3320 4999 bonam
3368 4953 3565 5000 terram
3606 4947 3684 5001 sui

2143 5038 2315 5089 cordis
2337 5037 2448 5104 jugi
2477 5036 2621 5087 cultu
2643 5043 2697 5089 ct
2738 5036 3155 5090 indesinentibus
3182 5038 3449 5093 exercitiis
3474 5039 3685 5093 excole-

2140 5124 2231 5177 bat
2250 5166 2264 5188 ,
2294 5135 2347 5177 et
2366 5126 2526 5177 veluti
2556 5124 2672 5193 quis
2700 5128 2936 5180 esuriens
2962 5141 3024 5181 ac
3071 5127 3271 5193 sitiens,
3302 5130 3381 5185 sic
3408 5130 3496 5183 ille
3522 5126 3686 5184 avidi-

2142 5221 2298 5266 tatem
2328 5214 2607 5282 quamdam
2655 5217 2941 5278 sustinens,
2965 5215 3091 5269 illud
3120 5218 3356 5271 crebr-tus
3398 5216 3684 5272 Psalmistte

2141 5300 2336 5354 dictum
2368 5316 2498 5357 voce
2524 5303 2681 5357 llebili
2732 5305 3189 5371 conquerebatur:
3219 5304 3343 5368 Quis
3392 5304 3534 5358 dabit
3562 5304 3684 5358 mihi

2141 5407 2330 5457 pennas
2358 5394 2485 5445 sicut
2511 5391 2769 5455 columine,
2796 5401 2843 5442 et
2882 5393 3057 5447 rolabo
3098 5404 3146 5447 et
3180 5395 3485 5463 requiescam
3510 5394 3677 5462 (Psal.

2142 5525 2345 5641 esseab
2363 5535 2611 5578 auctore:
2641 5542 2833 5595 semper
2858 5527 3076 5592 senibus,
3095 5528 3414 5597 pauperibus,
3446 5529 3675 5596 inﬁrmis,

2142 5606 2184 5641 ω
2228 5609 2323 5641 .«ts.

2141 5606 2323 5643 uadis.

2216 5672 2235 5695 ε
2286 5660 2446 5711 Veluti
2473 5670 2671 5713 catena.
2726 5661 2875 5716 Prior
2913 5679 3015 5717 vox
3043 5662 3215 5717 addita
3261 5676 3343 5721 est
3391 5680 3457 5720 cx
3503 5664 3680 5720 codice

2142 5730 2331 5797 sacpius
2364 5730 2573 5785 laudato
2596 5732 2650 5785 ὃ.
2687 5734 2762 5786 Au
2788 5736 2944 5787 3oeni.
