3934 6228
236 368 324 421 δυο

1735 358 1913 415 VITA.

3326 359 3434 416 5m

234 495 327 543 ιμ’,
358 473 442 540 7)?
468 471 526 525 Et
553 471 677 526 illud
702 489 716 526 :
748 471 965 538 Quando
1008 473 1206 525 veniam
1256 480 1306 525 et
1349 470 1604 541 apparebo
1650 481 1770 525 ante
1800 479 1846 532 Α
1873 483 1998 523 vere
2026 467 2230 523 felicem
2261 467 2436 522 saeculi
2469 466 2761 533 inimicum,
2789 467 2874 522 cui
2902 469 3131 524 mundus
3159 477 3436 539 tantopere

235 571 396 636 {aciein
435 564 524 616 1)έὶ
553 563 776 625 (l’solm.
821 579 943 626 xu,
987 563 1083 628 ‘2)?
1132 561 1200 616 Et
1250 563 1376 616 illud
1423 563 1765 616 Salomonis:

233 659 340 712 Post
390 665 438 708 te
489 657 540 707 in
586 657 794 708 odorem
829 659 1200 724 unguentorum
1259 663 1458 707 tuorum
1511 670 1769 706 curramus

237 749 386 817 (Cant.
413 763 448 808 ι,
472 746 546 808 ὅ).
573 742 737 798 Porro
760 748 1067 798 sectabatur
1097 745 1148 796 in
1182 743 1428 796 omnibus
1469 753 1771 795 mansuetu-

235 836 387 888 dinem
411 841 463 887 et
488 832 658 890 fidem,
675 846 884 884 necnon
907 839 958 883 et
989 831 1305 883 char.tatem
1325 829 1634 898 perfectam,
1656 845 1771 899 quae

237 921 497 992 spiritualis
525 918 891 973 :edilicationis
941 927 1023 971 est
1074 919 1376 981 vinculum;
1423 917 1670 971 studebat
1715 931 1774 970 se

236 1028 316 1064 vas
335 1009 705 1065 sanctificatum
735 1008 1016 1067 exhibere.
1048 1015 1103 1059 ut
1141 1007 1493 1059 habitatorem
1523 1005 1688 1059 Deum
1720 1006 1772 1058 in

239 1101 409 1155 mentis
464 1113 567 1152 suae
616 1097 850 1166 hospitio
902 1106 1084 1165 posset
1131 1097 1410 1165 recipere,
1457 1095 1775 1149 salutaribus

238 1202 427 1257 quoque
456 1186 653 1239 actibus
675 1187 872 1252 jugiter
897 1195 1013 1237 erat
1040 1195 1346 1252 occupatus,
1363 1195 1415 1237 ut
1437 1183 1777 1253 quotiescun-

239 1295 328 1347 que
355 1285 575 1330 tentatur
597 1275 895 1335 accederet,
927 1274 1136 1340 quoties
1182 1274 1348 1327 hostis
1393 1271 1610 1326 callidus
1636 1272 1777 1347 gadi-

243 1345 334 1422 tum
353 1375 618 1435 qumreret,
645 1364 884 1416 clausum
916 1377 1127 1429 semper
1151 1363 1428 1415 adversum
1457 1376 1516 1414 se
1541 1345 1775 1429 pectoris

243 1458 415 1512 ostium
444 1455 711 1508 inveniret.
736 1453 935 1506 Orabat
957 1453 1262 1519 frequenter
1287 1451 1577 1505 secundum
1605 1447 1776 1518 Apos-

244 1552 389 1604 tolum
416 1546 468 1616 (1
501 1548 626 1600 Tim.
660 1563 716 1608 ll,
755 1546 807 1612 l,
834 1545 887 1609 9.)
912 1561 1005 1612 pro
1036 1545 1334 1597 hominibus
1358 1543 1632 1604 omnibus,
1681 1557 1776 1610 pro

244 1640 433 1707 regibus
461 1647 513 1690 et
535 1637 612 1688 his
631 1636 722 1703 qui
778 1635 830 1687 in
860 1633 1185 1688 sublimitate
1213 1641 1353 1697 sunt,
1380 1642 1434 1686 ut
1461 1633 1691 1700 quietam
1724 1637 1778 1684 e:

245 1709 550 1795 tranquillam
573 1727 733 1778 vitam
763 1734 944 1792 agant,
975 1723 1025 1776 in
1069 1724 1213 1777 omni
1244 1723 1439 1790 pietate
1490 1732 1544 1775 et
1600 1721 1778 1774 chari-

246 1829 368 1882 tate;
397 1817 558 1870 sciens
603 1814 895 1867 secundum
944 1813 1186 1866 eumdem
1226 1812 1530 1881 apostolum
1588 1809 1777 1875 (Ibid.)
1814 1818 1855 1875 Β

248 1908 334 1961 hoc
350 1908 532 1959 bonum
558 1918 675 1957 esse
704 1911 758 1957 et
784 1910 1062 1970 acceptum
1089 1915 1268 1954 coram
1296 1899 1573 1958 Salvatore
1603 1908 1786 1952 nostro

250 1995 360 2058 Deo,
387 1994 472 2062 qui
502 2007 680 2048 omnes
732 1992 976 2046 homines
998 1991 1109 2044 vult
1137 1991 1313 2043 salvos
1363 1989 1475 2044 fieri
1499 2027 1515 2053 ,
1563 2001 1617 2044 et
1646 2001 1667 2025 υ
1719 1989 1787 2042 ad

250 2085 503 2152 imaginem
533 2082 772 2136 veritatis
798 2082 1005 2136 venire.

761 2189 984 2244 CAPUT
1023 2187 1259 2241 XXXIX.

667 2279 804 2331 Laus
823 2279 932 2346 ejus
960 2277 1211 2347 prolixius
1239 2275 1433 2329 habita.

313 2372 431 2437 Quid
459 2371 602 2440 plura
644 2368 912 2436 loquendo
956 2367 1242 2420 immorer?
1296 2366 1350 2418 In
1393 2363 1537 2418 omni
1566 2379 1792 2418 conver-

258 2463 437 2516 satione
463 2477 551 2514 sua
581 2460 731 2528 quasi
751 2458 961 2512 Lucifer
980 2458 1119 2512 inter
1143 2466 1284 2511 astra
1313 2457 1597 2523 refulgens,
1631 2461 1793 2509 instar

261 2565 437 2618 magna:
463 2551 713 2619 lampadis
755 2549 1018 2612 micabat;
1069 2562 1282 2614 semper
1331 2545 1469 2598 enim
1526 2544 1791 2612 perfectos

259 2641 568 2694 annulalntur
587 2637 651 2690 ad
696 2638 914 2699 bonum,
942 2650 1257 2703 semperque
1302 2634 1525 2688 aliorum
1569 2634 1792 2687 virtutes

263 2733 346 2784 sibi
364 2728 673 2797 proponebat
699 2727 764 2779 ad
794 2727 1121 2794 exemplum.
1181 2726 1386 2778 Tardus
1416 2732 1534 2777 erat
1587 2725 1653 2777 ad
1709 2725 1790 2777 lo-

264 2816 827 2885 qucndum,secundum
858 2816 1155 2882 apostolum
1181 2814 1318 2883 (Jac.
1347 2830 1385 2877 l,
1422 2812 1524 2881 l9),
1556 2823 1609 2868 et
1638 2813 1791 2866 velox

266 2904 319 2956 ad
344 2903 639 2957 audiendum
671 2921 683 2955 :
719 2911 940 2971 eratque
965 2918 1212 2956 sermone
1238 2902 1465 2966 subtilis,
1495 2901 1793 2956 humilitate

265 2993 493 3056 sublimis,
513 2994 861 3062 elecmos_\nis
907 2994 1054 3048 dives
1079 3035 1095 3060 ,
1150 2994 1411 3048 charitate
1437 2994 1750 3060 longanimis
1775 3034 1791 3059 ,

268 3084 370 3150 vitii
391 3086 610 3152 ingenio,
629 3095 904 3153 promptus
924 3085 1158 3152 eloquio,
1181 3084 1407 3153 ﬂagrans
1422 3087 1596 3140 studio
1620 3128 1632 3150 ,
1663 3086 1790 3138 utile

267 3191 434 3243 nempe
469 3191 562 3228 vas
600 3177 647 3228 in
673 3175 868 3230 Christi
917 3176 1103 3239 domo;
1155 3176 1222 3228 ad
1266 3176 1577 3229 miscrorqu
1629 3176 1787 3229 obseo
1814 3147 1860 3208 ϐ

267 3267 422 3332 quium
441 3279 542 3316 non
570 3266 734 3332 piger,
764 3264 830 3317 ad
871 3265 1167 3327 orationem
1215 3275 1450 3332 paratus,
1477 3266 1542 3320 ad
1564 3267 1795 3320 eli-emo-

266 3365 426 3420 syrium
448 3354 699 3421 profusus,
721 3353 786 3406 ad
819 3353 1150 3408 tribuendum
1182 3355 1526 3422 largissimus,
1553 3369 1796 3408 mansue-

270 3441 474 3494 tudinem
503 3442 696 3506 colens,
731 3453 1045 3511 paupertate
1093 3444 1245 3498 valde
1295 3445 1554 3511 gaudens,
1585 3446 1797 3498 bonita-

271 3540 360 3584 tem
400 3545 594 3594 tenens,
624 3535 904 3601 puritatem
963 3533 1136 3587 cordis
1181 3549 1391 3601 semper
1427 3535 1754 3602 amplectens
1781 3575 1796 3600 ,

269 3620 346 3686 qui
366 3635 442 3685 ,ue
468 3621 541 3672 ita
567 3621 770 3672 assidue
796 3620 1127 3675 venerabiles
1148 3619 1172 3654 ι’
1199 3623 1408 3674 animos
1428 3623 1798 3676 ecclesiastica:

272 3709 439 3775 regqu
465 3709 668 3762 tradidit
691 3709 1076 3771 informaudos,
1103 3721 1159 3764 ut
1198 3711 1298 3764 sub
1334 3711 1502 3765 laicali
1529 3712 1800 3780 proposito

271 3787 768 3862 Constitutus,diviuo
800 3809 928 3853 nutu
959 3800 1222 3868 pontiﬁcis
1250 3803 1475 3870 gratiam
1506 3806 1802 3872 possiieret

273 3894 491 3958 uberius;
545 3895 717 3963 sicque
765 3895 997 3962 seipsum
1038 3898 1247 3964 propria
1272 3897 1550 3975 disciplina
1579 3913 1802 3950 coerce-

274 3983 351 4038 bat
382 3987 623 4049 intonsus,
652 3987 802 4052 quasi
835 3987 1062 4038 futuram
1092 3988 1322 4053 speciem
1367 3987 1620 4050 indicans,
1651 3998 1707 4039 ut
1728 3987 1800 4040 ir-

274 4075 670 4142 rcprehensibilis
697 4075 749 4127 in
773 4076 972 4142 templo
994 4073 1188 4128 Christi
1220 4086 1606 4143 prmpararetur
1630 4092 1803 4130 sacer-

275 4163 375 4216 dos.
395 4163 434 4218 0
458 4181 608 4233 quam
637 4165 1077 4233 perfectissimum
1102 4166 1312 4230 laicum,
1338 4167 1490 4236 cujus
1511 4166 1802 4221 imitatores

279 4251 362 4316 ipsi
387 4270 492 4308 esse
539 4253 901 4308 desiderabant
927 4256 1260 4311 sacerdotes!
1293 4258 1336 4309 0
1365 4272 1514 4312 mens
1557 4259 1802 4312 onmibus

281 4341 596 4407 pradicanda,
623 4343 834 4397 cuinon
877 4342 975 4396 fuit
1003 4346 1143 4399 aliud
1174 4348 1372 4412 vivere,
1402 4348 1498 4401 nisi
1529 4349 1800 4404 Christum

281 4444 382 4482 cum
406 4431 676 4488 dilectione
722 4433 930 4497 timere,
964 4442 1019 4487 ct
1068 4447 1188 4488 cum
1231 4437 1420 4491 timore
1463 4437 1709 4505 diligere!
1759 4441 1804 4494 Ο

343 4570 370 4640 α.
400 4565 470 4614 Ad
496 4545 776 4640 imaginem.
807 4565 918 4620 lmo
935 4566 1004 4619 ad
1023 4566 1351 4636 agnitionem,
1379 4569 1521 4635 Quod
1547 4568 1803 4625 Acherius

287 4629 371 4697 legi
398 4629 626 4701 oportere
655 4637 802 4688 vidit.
1058 4629 1078 4636 ⁷
1313 4671 1326 4673 -

1825 4488 1877 4546 D

1870 561 1962 614 fuit
1994 558 2296 623 crucifixus,
2326 567 2379 611 (ιι
2421 559 2544 628 ipse
2591 557 2814 611 mun‘do!
2869 559 2991 626 quia
3051 559 3122 612 ita
3172 553 3436 628 sapientia

1870 648 2073 703 exstitit
2126 646 2366 715 pervigil,
2400 647 2618 700 lenitate
2649 647 2943 715 placabilis,
2970 655 3028 700 ut
3077 656 3129 704 et
3173 649 3438 716 serpentis

1871 737 2116 792 astutiam
2147 750 2265 788 cum
2293 735 2616 788 discretione
2658 743 2888 803 gereret,
2919 743 2974 789 et
3019 735 3278 788 columbae
3305 736 3440 788 sim-

1873 828 2023 896 plicis
2086 827 2315 878 animqu
2383 839 2489 876 non
2551 823 2868 879 amitteret:
2917 824 3066 891 cujus
3111 825 3325 892 quidem
3384 825 3436 876 in

1874 926 2073 980 mente,
2100 918 2353 970 virtutum
2381 915 2616 967 omnium
2667 915 2864 969 decore
2889 953 2905 982 ,
2967 915 3249 969 collocavit
3286 914 3440 967 valde

1873 1005 2106 1058 sobrium
2134 1005 2393 1072 sapientia
2417 1003 2923 1058 domicilium.Vere
2969 1005 3332 1070 dignissimum
3390 1004 3443 1056 in

1875 1108 1981 1161 quo
2004 1092 2257 1147 Dominus
2289 1093 2551 1146 habitaret
2589 1091 2841 1158 templum
2873 1133 2888 1158 ,
2913 1093 3130 1160 jejuuiis
3159 1092 3436 1154 mundum,

1877 1184 2207 1238 oratiooibus
2230 1191 2498 1246 ornatum,
2523 1184 2750 1251 puritate
2775 1183 3050 1248 refertum,
3072 1186 3266 1251 vigiliis
3288 1199 3442 1237 exer-

1879 1259 2134 1337 citatum,
2187 1274 2398 1326 nomine
2425 1274 2585 1325 etiam
2617 1273 2911 1342 meritoque
2934 1272 3197 1336 electum;
3246 1273 3444 1339 quique

1876 1361 2000 1414 dum
2023 1362 2248 1414 norninis
2273 1363 2367 1414 sui
2399 1361 2653 1428 dignitate
2677 1362 2909 1430 pascitur
2933 1400 2948 1425 ,
3001 1363 3078 1414 sia:
3123 1376 3184 1414 se
3209 1362 3445 1425 quotidie

1877 1449 2066 1509 exerit,
2097 1458 2153 1501 ut
2183 1461 2414 1517 nequeat
2441 1451 2687 1504 amittere
2716 1450 2858 1520 quod
2905 1460 3127 1504 vocatur
3155 1451 3207 1504 in
3233 1449 3447 1502 Christo

1877 1539 2003 1594 Jesu
2032 1537 2255 1592 Domino
2282 1548 2489 1594 nostro.

2486 1645 2711 1702 CAPUT
2752 1649 2860 1702 XL.

2526 1774 2797 1814 EPILOCUS.

1957 1871 2061 1926 Sed
2093 1871 2302 1939 longum
2353 1885 2494 1925 nunc
2541 1879 2621 1924 est
2653 1885 2746 1939 per
2793 1869 2998 1937 singula
3027 1868 3283 1923 virtutum
3340 1869 3456 1936 ejus

1889 1959 1970 2013 vel
1992 1968 2261 2026 gestorum
2296 1960 2518 2026 insignia
2551 1959 2726 2012 verbis
2755 1959 2931 2022 exire,
2991 1962 3284 2025 praesertim
3333 1974 3455 2013 cum

1888 2058 1942 2103 et
1971 2049 2103 2102 liber
2125 2047 2235 2116 jam
2264 2063 2421 2116 supra
2452 2048 2663 2100 modum
2695 2050 2945 2114 refertus,
2971 2047 3126 2100 tinem
3157 2047 3455 2115 postulans,

1888 2154 2186 2194 sermonem
2228 2140 2450 2206 rejieiat,
2487 2137 2784 2203 etariditas
2830 2139 2994 2192 nostri
3023 2139 3284 2193 sermonis
3323 2145 3458 2191 atte-

1890 2230 2071 2298 nu'ata,
2106 2233 2265 2285 veluti
2299 2233 2454 2298 longo
2487 2234 2695 2285 tramite
2726 2249 2862 2301 pene
2889 2231 3095 2286 defessa
3125 2231 3457 2297 succumbat,

1889 2337 1995 2376 non
2025 2320 2166 2389 quod
2195 2321 2372 2374 omnia
2402 2336 2520 2388 quin
2568 2321 2633 2374 de
2666 2310 2842 2388 Eligio‘
2865 2323 3124 2376 narranda
3157 2331 3311 2376 erant
3365 2336 3460 2373 ex-

1891 2413 2115 2481 pleverit
2147 2430 2158 2464 :
2185 2413 2383 2479 quippe
2407 2411 2498 2479 qui
2531 2425 2628 2464 nec
2657 2413 2722 2464 ad
2754 2412 3103 2466 centesimum
3132 2411 3270 2480 ejus,
3301 2420 3359 2466 nt
3387 2411 3459 2464 ita

1890 2503 2134 2566 dixerint,
2165 2503 2426 2571 attingere
2452 2503 2625 2572 potuit
2646 2511 2843 2570 quanta
2868 2503 2918 2555 iu
2961 2517 3027 2556 eo
3053 2503 3314 2557 bonorum
3341 2517 3460 2556 om-

1891 2593 2035 2645 nium
2061 2601 2393 2655 ornamenta,
2429 2607 2546 2660 qua:
2574 2601 2698 2644 sunt
2728 2592 2806 2645 vel
2836 2593 3066 2660 pretiosa
3097 2592 3180 2645 vel
3207 2590 3457 2653 maxima,
3494 2651 3501 2657 _

1889 2695 2131 2749 superna:
2163 2682 2607 2735 remunerationis
2645 2681 2930 2735 Conlulerit
2968 2681 3334 2749 pmrogativa,
3368 2679 3460 2734 sed

1890 2786 1996 2840 quo
2034 2770 2413 2837 velutquidam
2446 2772 2688 2824 eminens
2716 2772 2767 2824 in
2808 2771 3018 2825 sublimi
3055 2771 3304 2844 scopulus
3351 2786 3462 2824 ma.

1891 2875 1992 2928 gna
2020 2860 2128 2927 jam
2159 2875 2227 2913 ex
2256 2869 2405 2929 parte
2429 2861 2661 2920 adultus,
2691 2861 2803 2929 ipsa
2833 2862 2914 2914 sui
2939 2863 3274 2927 proclivitate
3303 2862 3462 2915 fronti

1891 2966 1950 3005 se
1974 2951 2240 3003 narrantis
2263 2958 2518 3018 opponat.
2568 2948 2716 3003 Nunc
2743 2963 2870 3016 ergo
2899 2948 3110 3002 interim
3150 2948 3237 3005 illa
3259 2949 3462 3002 solum-

1893 3041 2050 3094 modo
2072 3055 2188 3108 qua:
2217 3042 2315 3095 sub
2357 3040 2492 3094 laico
2519 3041 2699 3094 habitu
2736 3041 2942 3109 gessit,
2993 3039 3240 3108 praesenti
3280 3038 3461 3092 libello

1896 3141 2260 3186 transcurrere
2289 3132 2538 3196 fecimus,
2593 3135 2676 3187 cui
2706 3134 2868 3186 etiam
2899 3133 3184 3186 terminum
3240 3130 3352 3200 jam
3397 3131 3463 3183 li-

1895 3222 2082 3276 benter
2108 3221 2467 3290 imponimus,
2517 3237 2584 3275 ne
2639 3222 2719 3274 sui
2773 3220 3081 3290 prolixitate
3129 3220 3465 3273 audientibus

1897 3297 2162 3364 fastidium
2193 3311 2526 3379 irrogemus:
2551 3320 2801 3366 cmterum
2826 3325 2887 3364 ea
2908 3317 3030 3378 qua:
3051 3308 3223 3363 adhuc
3243 3319 3466 3375 restant,

1895 3414 2120 3467 quinque
2151 3400 2201 3452 in
2222 3389 2546 3468 episcopatu
2577 3401 2821 3467 gesserit,
2853 3414 2962 3468 quo
3013 3399 3204 3454 ordine
3241 3398 3309 3452 de
3366 3397 3466 3451 hoc

1897 3487 2094 3540 sicculo
2123 3487 2450 3554 migraverit,
2473 3503 2712 3556 quasque
2741 3488 2899 3542 etiam
2924 3496 3042 3555 post
3071 3487 3269 3539 obitum
3297 3487 3468 3538 virtu-

1898 3587 1978 3632 tes
2004 3586 2255 3645 operatus
2275 3579 2364 3643 sit,
2389 3580 2432 3633 si
2457 3571 2562 3631 vita
2594 3594 2775 3632 comes
2805 3579 2981 3642 fuerit,
3007 3586 3060 3632 et
3083 3581 3126 3631 si
3160 3577 3464 3631 facultatem

1901 3669 2152 3723 Dominus
2179 3669 2423 3722 tribuerit
2450 3710 2463 3731 ,
2523 3668 2992 3723 intercessionibus
3022 3668 3319 3722 sanctitatis
3349 3668 3466 3734 ejus

1900 3757 2067 3825 adiuti
2100 3758 2204 3810 alio
2234 3757 2416 3811 libello
2445 3758 2662 3821 exi-lere
2709 3759 3095 3813 desideramus.
3141 3756 3470 3812 Conlidimus

1900 3847 2040 3900 enim
2069 3862 2173 3900 non
2206 3846 2422 3911 nostris,
2453 3847 2545 3901 sed
2573 3848 2734 3916 ipsius
2759 3849 2964 3904 meritis
2985 3887 3003 3912 ,
3059 3863 3190 3918 opus
3232 3835 3467 3916 coeptum

1901 3937 2125 3992 feliciter
2145 3946 2305 4004 atque
2335 3933 2650 3993 Iidcliter'ad
2678 3938 2836 3994 linem
2861 3956 3027 4008 usque
3057 3941 3380 4007 perducere;
3424 3940 3468 3992 si

1904 4026 2016 4093 ipsc
2045 4025 2290 4093 dignetur
2320 4042 2415 4094 pro
2445 4028 2597 4081 nobis
2617 4028 2886 4082 Christum
2909 4028 3191 4081 Dominum
3215 4011 3470 4095 interpel-

1904 4117 2014 4168 lare
2038 4117 2087 4166 in
2108 4115 2274 4180 cmlis,
2301 4117 2391 4184 qui
2419 4117 2532 4183 ejus
2563 4131 2780 4172 munere
2811 4119 3007 4172 meruit
3033 4128 3176 4172 tanta
3203 4118 3466 4172 mirabilia

1903 4205 2110 4272 nperari
2140 4204 2190 4256 in
2224 4206 2414 4270 terris,
2470 4219 2565 4273 per
2611 4207 2853 4260 eumdem
2888 4207 3166 4261 Dominum
3225 4213 3466 4259 nostrum

1901 4292 2081 4346 Jesum
2111 4293 2397 4350 Christum.
2423 4294 2510 4362 qui
2533 4310 2654 4349 cum
2709 4295 2816 4351 Deo
2848 4295 3004 4350 Patre
3034 4305 3086 4349 et
3108 4294 3308 4363 Spiritu
3339 4310 3465 4347 sau-

1904 4392 1990 4436 cto
2011 4382 2141 4435 vivit
2160 4393 2213 4437 et
2242 4394 2430 4454 regnat
2459 4385 2596 4440 Deus
2617 4386 2668 4439 in
2697 4386 2888 4440 szecula
2911 4387 3246 4440 saeculorum.
3273 4384 3465 4440 Anien.

1969 4579 1997 4616 ιθ
2035 4581 2268 4638 Animos.
2297 4583 2481 4639 Codex
2511 4584 2569 4638 S.
2597 4584 2763 4651 Aud.,
2790 4601 2978 4641 annos.

285 4770 3387 4811 _______________________________

1393 4877 1489 4950 LI
1507 4877 1687 4951 BER
1745 4878 2294 4956 SECUNDUS.
2346 4881 2350 4886 ’

1574 5094 2116 5192 PRABFATIO.

352 5245 549 5304 Domino
572 5250 889 5319 propitiante
913 5250 1089 5306 Vitam
1119 5252 1258 5307 beati
1285 5254 1605 5310 confessoris
1632 5254 1804 5323 Eligii,

297 5350 428 5402 quam
456 5339 645 5405 pridem
701 5341 876 5408 aliqua
906 5357 971 5396 ex
1004 5352 1152 5413 parte
1181 5344 1343 5398 ordiri
1397 5359 1662 5412 coeperam
1683 5387 1698 5412 ,
1752 5358 1807 5400 et

298 5439 410 5489 p.-ne
427 5423 647 5482 defessus
674 5443 737 5482 ac
766 5428 1115 5484 lassabundns
1143 5433 1317 5488 medio
1362 5433 1414 5486 in
1461 5433 1670 5486 tramite
1694 5445 1805 5506 sl)“

299 5511 386 5564 lum
404 5509 720 5584 subtrahens,
751 5532 886 5587 opus
914 5519 1280 5585 imperfectum
1302 5522 1637 5591 reliqueram,
1663 5539 1804 5578 nunc

300 5603 532 5668 paululum
571 5607 770 5663 viribus
824 5607 1075 5664 recreatis
1106 5649 1123 5675 ,
1169 5612 1416 5679 cupiente
1458 5621 1614 5678 voto,
1643 5613 1807 5668 corde

299 5689 512 5759 iocando,
540 5693 845 5766 calamoque
873 5705 1096 5751 venusto
1124 5713 1257 5765 opus
1299 5700 1604 5755 inchoatum
1659 5703 1806 5755 adire.

301 5782 501 5851 tcntabo,
527 5781 740 5839 arduum
764 5786 831 5841 sit
857 5786 982 5843 licet
1011 5786 1111 5842 iter
1140 5803 1202 5843 ac
1249 5788 1592 5860 profundum,
1621 5792 1710 5846 sed
1743 5792 1803 5845 li-

1910 5017 2221 5030 ——————-ﬁ

1909 5253 2033 5306 bere
2068 5251 2257 5317 fateor,
2289 5269 2394 5322 quo
2419 5270 2522 5308 non
2553 5270 2765 5324 possum
2797 5257 3015 5325 pedibus
3047 5273 3190 5314 viare
3212 5301 3227 5324 ,
3274 5263 3466 5318 arden-

1911 5341 2112 5397 tissizro
2156 5343 2323 5399 ducor
2350 5361 2567 5411 amore;
2613 5347 2698 5400 ibo
2726 5361 2853 5416 ergo
2882 5351 3020 5403 votis
3065 5367 3170 5418 quo
3217 5351 3469 5409 accedere

1909 5447 2013 5485 non
2043 5449 2254 5502 possum
2287 5436 2480 5490 verbis.
2527 5435 2800 5504 Indignum
2846 5438 3085 5506 profecto
3123 5455 3282 5504 reor,
3338 5444 3468 5498 tanti

1906 5535 1970 5576 ac
2006 5524 2125 5576 talis
2159 5526 2255 5579 viri
2282 5525 2452 5579 Vitam
2483 5526 2548 5578 ad
2588 5528 2911 5593 posteritatis
2965 5530 3270 5583 memoriam
3313 5529 3468 5598 juxta

1906 5611 2211 5678 qualitatem
2231 5616 2424 5683 ingenii
2441 5631 2543 5667 non
2569 5615 2634 5669 ad
2659 5617 2869 5685 plenum
2898 5619 3235 5676 monimentis
3258 5623 3468 5678 tradere

1908 5702 2220 5770 litterarum,
2245 5721 2360 5759 cum
2391 5706 2636 5759 nimirum
2649 5708 2835 5775 opiner
2853 5722 2918 5760 ex
2949 5710 3250 5764 narratione
3270 5727 3465 5766 rerum-

1908 5802 2173 5865 gcstarum
2203 5795 2607 5852 aelilicationem
2659 5797 2935 5866 plurimam
2965 5797 3258 5867 legentibus
3306 5801 3417 5855 fore
3445 5816 3462 5849 :
