  <div class='ocr_page' id='page_1' title='image "/cluster/home/n/w/nwhite01/storage/ocr_20150623/87-88/uva.x000827073/263.png"; bbox 0 0 3934 6228; ppageno 0'>
   <div class='ocr_carea' id='block_1_1' title="bbox 442 360 534 414">
    <p class='ocr_par' dir='ltr' id='par_1_1' title="bbox 442 360 534 414">
     <span class='ocr_line' id='line_1_1' title="bbox 442 360 534 414; baseline 0.022 -2"><span class='ocrx_word' id='word_1_1' title='bbox 442 360 534 414; x_wconf 76' lang='lat' dir='ltr'><strong>5H</strong></span> 
     </span>
    </p>
   </div>
   <div class='ocr_carea' id='block_1_2' title="bbox 1616 370 2482 434">
    <p class='ocr_par' dir='ltr' id='par_1_2' title="bbox 1616 370 2482 434">
     <span class='ocr_line' id='line_1_2' title="bbox 1616 370 2482 434; baseline 0.009 -10"><span class='ocrx_word' id='word_1_2' title='bbox 1616 370 1674 425; x_wconf 89' lang='lat' dir='ltr'><strong>S.</strong></span> <span class='ocrx_word' id='word_1_3' title='bbox 1717 371 1913 426; x_wconf 86' lang='lat' dir='ltr'><strong>ELIGII</strong></span> <span class='ocrx_word' id='word_1_4' title='bbox 1953 370 2228 432; x_wconf 77' lang='lat' dir='ltr'><strong>NOVIOM.</strong></span> <span class='ocrx_word' id='word_1_5' title='bbox 2273 377 2482 434; x_wconf 76' lang='lat' dir='ltr'><strong>EPISC.</strong></span> 
     </span>
    </p>
   </div>
   <div class='ocr_carea' id='block_1_3' title="bbox 3563 401 3669 456">
    <p class='ocr_par' dir='ltr' id='par_1_3' title="bbox 3563 401 3669 456">
     <span class='ocr_line' id='line_1_3' title="bbox 3563 401 3669 456; baseline 0.028 -2"><span class='ocrx_word' id='word_1_6' title='bbox 3563 401 3669 456; x_wconf 70' lang='grc' dir='ltr'><strong>5ίὲ</strong></span> 
     </span>
    </p>
   </div>
   <div class='ocr_carea' id='block_1_4' title="bbox 439 475 3670 573">
    <p class='ocr_par' dir='ltr' id='par_1_4' title="bbox 439 475 3670 573">
     <span class='ocr_line' id='line_1_4' title="bbox 439 475 3670 573; baseline 0.012 -46"><span class='ocrx_word' id='word_1_7' title='bbox 439 475 530 530; x_wconf 85' lang='lat' dir='ltr'><strong>sed</strong></span> <span class='ocrx_word' id='word_1_8' title='bbox 558 475 803 542; x_wconf 89' lang='lat' dir='ltr'><strong>quoniam</strong></span> <span class='ocrx_word' id='word_1_9' title='bbox 828 480 968 527; x_wconf 90' lang='lat' dir='ltr'><strong>tanta</strong></span> <span class='ocrx_word' id='word_1_10' title='bbox 1004 480 1203 535; x_wconf 60' lang='lat' dir='ltr'><strong>aetatis</strong></span> <span class='ocrx_word' id='word_1_11' title='bbox 1235 481 1348 549; x_wconf 77' lang='lat' dir='ltr'><strong>ejus</strong></span> <span class='ocrx_word' id='word_1_12' title='bbox 1368 491 1493 536; x_wconf 80' lang='lat' dir='ltr'><strong>sunt</strong></span> <span class='ocrx_word' id='word_1_13' title='bbox 1517 498 1697 554; x_wconf 78' lang='lat' dir='ltr'><strong>opera,</strong></span> <span class='ocrx_word' id='word_1_14' title='bbox 1722 496 1777 540; x_wconf 79' lang='lat' dir='ltr'><strong>ut</strong></span> <span class='ocrx_word' id='word_1_15' title='bbox 1799 486 1997 553; x_wconf 80' lang='lat' dir='ltr'><strong>magni-</strong></span> <span class='ocrx_word' id='word_1_16' title='bbox 2026 485 2074 542; x_wconf 82' lang='grc' dir='ltr'>Α</span> <span class='ocrx_word' id='word_1_17' title='bbox 2103 489 2318 541; x_wconf 82' lang='lat' dir='ltr'><strong>luerunt</strong></span> <span class='ocrx_word' id='word_1_18' title='bbox 2343 492 2617 547; x_wconf 75' lang='lat' dir='ltr'><strong>custodem</strong></span> <span class='ocrx_word' id='word_1_19' title='bbox 2646 495 2982 564; x_wconf 87' lang='lat' dir='ltr'><strong>urbium,scu</strong></span> <span class='ocrx_word' id='word_1_20' title='bbox 3003 501 3441 573; x_wconf 74' lang='lat' dir='ltr'><strong>municipiorum,</strong></span> <span class='ocrx_word' id='word_1_21' title='bbox 3465 509 3548 563; x_wconf 86' lang='lat' dir='ltr'><strong>bis</strong></span> <span class='ocrx_word' id='word_1_22' title='bbox 3576 527 3670 564; x_wconf 81' lang='lat' dir='ltr'><strong>vo-</strong></span> 
     </span>
    </p>
   </div>
   <div class='ocr_carea' id='block_1_5' title="bbox 440 564 1993 646">
    <p class='ocr_par' dir='ltr' id='par_1_5' title="bbox 440 564 1993 646">
     <span class='ocr_line' id='line_1_5' title="bbox 440 564 1993 646; baseline 0.01 -29"><span class='ocrx_word' id='word_1_23' title='bbox 440 565 566 618; x_wconf 89' lang='lat' dir='ltr'><strong>tudo</strong></span> <span class='ocrx_word' id='word_1_24' title='bbox 584 564 792 632; x_wconf 85' lang='lat' dir='ltr'><strong>quidem</strong></span> <span class='ocrx_word' id='word_1_25' title='bbox 815 565 1076 623; x_wconf 84' lang='lat' dir='ltr'><strong>bonorum</strong></span> <span class='ocrx_word' id='word_1_26' title='bbox 1131 572 1258 625; x_wconf 82' lang='lat' dir='ltr'><strong>nihil</strong></span> <span class='ocrx_word' id='word_1_27' title='bbox 1286 588 1371 625; x_wconf 85' lang='lat' dir='ltr'><strong>mc</strong></span> <span class='ocrx_word' id='word_1_28' title='bbox 1423 578 1692 641; x_wconf 69' lang='lat' dir='ltr'><strong>prmterire</strong></span> <span class='ocrx_word' id='word_1_29' title='bbox 1722 580 1954 646; x_wconf 89' lang='lat' dir='ltr'><strong>patiatur</strong></span> <span class='ocrx_word' id='word_1_30' title='bbox 1975 619 1993 645; x_wconf 91' lang='lat'><strong>,</strong></span> 
     </span>
    </p>
   </div>
   <div class='ocr_carea' id='block_1_6' title="bbox 440 654 1993 735">
    <p class='ocr_par' dir='ltr' id='par_1_6' title="bbox 440 654 1993 735">
     <span class='ocr_line' id='line_1_6' title="bbox 440 654 1993 735; baseline 0.013 -30"><span class='ocrx_word' id='word_1_31' title='bbox 440 654 715 707; x_wconf 81' lang='lat' dir='ltr'><strong>mult&#39;tudo</strong></span> <span class='ocrx_word' id='word_1_32' title='bbox 741 671 872 713; x_wconf 76' lang='lat' dir='ltr'><strong>vero</strong></span> <span class='ocrx_word' id='word_1_33' title='bbox 900 671 1167 728; x_wconf 77' lang='lat' dir='ltr'><strong>gestorum</strong></span> <span class='ocrx_word' id='word_1_34' title='bbox 1220 665 1604 731; x_wconf 74' lang='lat' dir='ltr'><strong>quamplurima</strong></span> <span class='ocrx_word' id='word_1_35' title='bbox 1651 679 1808 735; x_wconf 85' lang='lat' dir='ltr'><strong>cogat</strong></span> <span class='ocrx_word' id='word_1_36' title='bbox 1833 673 1993 725; x_wconf 84' lang='lat' dir='ltr'><strong>omit-</strong></span> 
     </span>
    </p>
   </div>
   <div class='ocr_carea' id='block_1_7' title="bbox 441 744 1991 818">
    <p class='ocr_par' dir='ltr' id='par_1_7' title="bbox 441 744 1991 818">
     <span class='ocr_line' id='line_1_7' title="bbox 441 744 1991 818; baseline 0.014 -23"><span class='ocrx_word' id='word_1_37' title='bbox 441 752 572 805; x_wconf 85' lang='lat' dir='ltr'><strong>tere,</strong></span> <span class='ocrx_word' id='word_1_38' title='bbox 603 747 654 800; x_wconf 90' lang='lat' dir='ltr'><strong>in</strong></span> <span class='ocrx_word' id='word_1_39' title='bbox 683 744 886 804; x_wconf 83' lang='lat' dir='ltr'><strong>incerto</strong></span> <span class='ocrx_word' id='word_1_40' title='bbox 913 760 1104 804; x_wconf 60' lang='lat' dir='ltr'><strong>aestuat</strong></span> <span class='ocrx_word' id='word_1_41' title='bbox 1150 754 1380 818; x_wconf 86' lang='lat' dir='ltr'><strong>animus,</strong></span> <span class='ocrx_word' id='word_1_42' title='bbox 1409 756 1532 810; x_wconf 88' lang='lat' dir='ltr'><strong>dum</strong></span> <span class='ocrx_word' id='word_1_43' title='bbox 1563 758 1860 815; x_wconf 89' lang='lat' dir='ltr'><strong>deliberare</strong></span> <span class='ocrx_word' id='word_1_44' title='bbox 1887 779 1991 815; x_wconf 93' lang='lat' dir='ltr'><strong>non</strong></span> 
     </span>
    </p>
   </div>
   <div class='ocr_carea' id='block_1_8' title="bbox 443 835 1993 919">
    <p class='ocr_par' dir='ltr' id='par_1_8' title="bbox 443 835 1993 919">
     <span class='ocr_line' id='line_1_8' title="bbox 443 835 1993 919; baseline 0.012 -32"><span class='ocrx_word' id='word_1_45' title='bbox 443 835 581 890; x_wconf 79' lang='lat' dir='ltr'><strong>valet</strong></span> <span class='ocrx_word' id='word_1_46' title='bbox 606 840 728 907; x_wconf 86' lang='lat' dir='ltr'><strong>quid</strong></span> <span class='ocrx_word' id='word_1_47' title='bbox 759 849 958 904; x_wconf 83' lang='lat' dir='ltr'><strong>teneat,</strong></span> <span class='ocrx_word' id='word_1_48' title='bbox 985 840 1111 907; x_wconf 85' lang='lat' dir='ltr'><strong>quid</strong></span> <span class='ocrx_word' id='word_1_49' title='bbox 1133 844 1360 897; x_wconf 87' lang='lat' dir='ltr'><strong>omittat.</strong></span> <span class='ocrx_word' id='word_1_50' title='bbox 1387 844 1649 900; x_wconf 72' lang='lat' dir='ltr'><strong>Proﬁteor</strong></span> <span class='ocrx_word' id='word_1_51' title='bbox 1674 864 1925 919; x_wconf 79' lang='lat' dir='ltr'><strong>namque,</strong></span> <span class='ocrx_word' id='word_1_52' title='bbox 1948 853 1993 906; x_wconf 85' lang='lat' dir='ltr'><strong>si</strong></span> 
     </span>
    </p>
   </div>
   <div class='ocr_carea' id='block_1_9' title="bbox 440 929 1996 998">
    <p class='ocr_par' dir='ltr' id='par_1_9' title="bbox 440 929 1996 998">
     <span class='ocr_line' id='line_1_9' title="bbox 440 929 1996 998; baseline 0.012 -19"><span class='ocrx_word' id='word_1_53' title='bbox 440 936 626 982; x_wconf 89' lang='lat' dir='ltr'><strong>cuncta</strong></span> <span class='ocrx_word' id='word_1_54' title='bbox 658 929 876 982; x_wconf 85' lang='lat' dir='ltr'><strong>voluero</strong></span> <span class='ocrx_word' id='word_1_55' title='bbox 904 940 1222 998; x_wconf 85' lang='lat' dir='ltr'><strong>annectere,</strong></span> <span class='ocrx_word' id='word_1_56' title='bbox 1279 944 1332 988; x_wconf 91' lang='lat' dir='ltr'><strong>et</strong></span> <span class='ocrx_word' id='word_1_57' title='bbox 1360 937 1473 991; x_wconf 88' lang='lat' dir='ltr'><strong>dies</strong></span> <span class='ocrx_word' id='word_1_58' title='bbox 1499 938 1709 993; x_wconf 85' lang='lat' dir='ltr'><strong>deﬁciet</strong></span> <span class='ocrx_word' id='word_1_59' title='bbox 1737 957 1824 996; x_wconf 89' lang='lat' dir='ltr'><strong>me</strong></span> <span class='ocrx_word' id='word_1_60' title='bbox 1873 959 1996 997; x_wconf 82' lang='lat' dir='ltr'><strong>nar-</strong></span> 
     </span>
    </p>
   </div>
   <div class='ocr_carea' id='block_1_10' title="bbox 441 1018 1992 1098">
    <p class='ocr_par' dir='ltr' id='par_1_10' title="bbox 441 1018 1992 1098">
     <span class='ocr_line' id='line_1_10' title="bbox 441 1018 1992 1098; baseline 0.013 -31"><span class='ocrx_word' id='word_1_61' title='bbox 441 1027 611 1080; x_wconf 78' lang='lat' dir='ltr'><strong>mute,</strong></span> <span class='ocrx_word' id='word_1_62' title='bbox 634 1025 688 1070; x_wconf 91' lang='lat' dir='ltr'><strong>et</strong></span> <span class='ocrx_word' id='word_1_63' title='bbox 709 1018 922 1072; x_wconf 86' lang='lat' dir='ltr'><strong>modum</strong></span> <span class='ocrx_word' id='word_1_64' title='bbox 947 1023 1197 1074; x_wconf 80' lang='lat' dir='ltr'><strong>excedam</strong></span> <span class='ocrx_word' id='word_1_65' title='bbox 1230 1023 1515 1078; x_wconf 76' lang='lat' dir='ltr'><strong>voluminis</strong></span> <span class='ocrx_word' id='word_1_66' title='bbox 1539 1045 1551 1075; x_wconf 89' lang='lat'><strong>:</strong></span> <span class='ocrx_word' id='word_1_67' title='bbox 1576 1031 1808 1083; x_wconf 82' lang='lat' dir='ltr'><strong>rursussi</strong></span> <span class='ocrx_word' id='word_1_68' title='bbox 1828 1046 1992 1098; x_wconf 87' lang='lat' dir='ltr'><strong>pauca</strong></span> 
     </span>
    </p>
   </div>
   <div class='ocr_carea' id='block_1_11' title="bbox 438 1110 1990 1190">
    <p class='ocr_par' dir='ltr' id='par_1_11' title="bbox 438 1110 1990 1190">
     <span class='ocr_line' id='line_1_11' title="bbox 438 1110 1990 1190; baseline 0.015 -36"><span class='ocrx_word' id='word_1_69' title='bbox 438 1110 924 1174; x_wconf 75' lang='lat' dir='ltr'><strong>comprehendam,</strong></span> <span class='ocrx_word' id='word_1_70' title='bbox 975 1120 1028 1164; x_wconf 92' lang='lat' dir='ltr'><strong>et</strong></span> <span class='ocrx_word' id='word_1_71' title='bbox 1078 1115 1350 1170; x_wconf 83' lang='lat' dir='ltr'><strong>irrisiones</strong></span> <span class='ocrx_word' id='word_1_72' title='bbox 1389 1128 1568 1170; x_wconf 75' lang='lat' dir='ltr'><strong>mrtuo</strong></span> <span class='ocrx_word' id='word_1_73' title='bbox 1601 1121 1990 1190; x_wconf 89' lang='lat' dir='ltr'><strong>bypocritarum</strong></span> 
     </span>
    </p>
   </div>
   <div class='ocr_carea' id='block_1_12' title="bbox 438 1197 1992 1277">
    <p class='ocr_par' dir='ltr' id='par_1_12' title="bbox 438 1197 1992 1277">
     <span class='ocr_line' id='line_1_12' title="bbox 438 1197 1992 1277; baseline 0.014 -29"><span class='ocrx_word' id='word_1_74' title='bbox 438 1197 741 1256; x_wconf 76' lang='lat' dir='ltr'><strong>dicentium,</strong></span> <span class='ocrx_word' id='word_1_75' title='bbox 767 1202 1012 1266; x_wconf 80' lang='lat' dir='ltr'><strong>queuiam</strong></span> <span class='ocrx_word' id='word_1_76' title='bbox 1049 1203 1146 1256; x_wconf 81' lang='lat' dir='ltr'><strong>Hic</strong></span> <span class='ocrx_word' id='word_1_77' title='bbox 1166 1207 1316 1259; x_wconf 80' lang='lat' dir='ltr'><strong>homo</strong></span> <span class='ocrx_word' id='word_1_78' title='bbox 1341 1212 1485 1273; x_wconf 63' lang='grc' dir='ltr'><strong>(ηιμ)ίί</strong></span> <span class='ocrx_word' id='word_1_79' title='bbox 1507 1212 1780 1277; x_wconf 75' lang='lat' dir='ltr'><strong>(rdiﬁmre,</strong></span> <span class='ocrx_word' id='word_1_80' title='bbox 1817 1224 1864 1266; x_wconf 79' lang='lat' dir='ltr'><strong>et</strong></span> <span class='ocrx_word' id='word_1_81' title='bbox 1891 1233 1992 1269; x_wconf 85' lang='lat' dir='ltr'><strong>non</strong></span> 
     </span>
    </p>
   </div>
   <div class='ocr_carea' id='block_1_13' title="bbox 439 1288 1989 1374">
    <p class='ocr_par' dir='ltr' id='par_1_13' title="bbox 439 1288 1989 1374">
     <span class='ocr_line' id='line_1_13' title="bbox 439 1288 1989 1374; baseline 0.016 -38"><span class='ocrx_word' id='word_1_82' title='bbox 439 1288 598 1352; x_wconf 68' lang='lat' dir='ltr'><strong>potuit</strong></span> <span class='ocrx_word' id='word_1_83' title='bbox 621 1305 964 1343; x_wconf 76' lang='lat' dir='ltr'><strong>consummare</strong></span> <span class='ocrx_word' id='word_1_84' title='bbox 994 1291 1140 1361; x_wconf 86' lang='lat' dir='ltr'><strong>(Luc.</strong></span> <span class='ocrx_word' id='word_1_85' title='bbox 1185 1312 1292 1354; x_wconf 76' lang='lat' dir='ltr'><strong>xw.</strong></span> <span class='ocrx_word' id='word_1_86' title='bbox 1325 1297 1413 1363; x_wconf 69' lang='lat' dir='ltr'><strong>Sil)</strong></span> <span class='ocrx_word' id='word_1_87' title='bbox 1446 1315 1457 1348; x_wconf 88' lang='lat'><strong>:</strong></span> <span class='ocrx_word' id='word_1_88' title='bbox 1491 1309 1544 1352; x_wconf 88' lang='lat' dir='ltr'><strong>et.</strong></span> <span class='ocrx_word' id='word_1_89' title='bbox 1589 1301 1842 1356; x_wconf 71' lang='lat' dir='ltr'><strong>ollensam</strong></span> <span class='ocrx_word' id='word_1_90' title='bbox 1893 1321 1989 1374; x_wconf 84' lang='lat' dir='ltr'><strong>po-</strong></span> 
     </span>
    </p>
   </div>
   <div class='ocr_carea' id='block_1_14' title="bbox 444 1377 1991 1461">
    <p class='ocr_par' dir='ltr' id='par_1_14' title="bbox 444 1377 1991 1461">
     <span class='ocr_line' id='line_1_14' title="bbox 444 1377 1991 1461; baseline 0.016 -36"><span class='ocrx_word' id='word_1_91' title='bbox 444 1377 545 1428; x_wconf 90' lang='lat' dir='ltr'><strong>tius</strong></span> <span class='ocrx_word' id='word_1_92' title='bbox 575 1379 893 1444; x_wconf 89' lang='lat' dir='ltr'><strong>pertimesco</strong></span> <span class='ocrx_word' id='word_1_93' title='bbox 935 1383 1187 1436; x_wconf 88' lang='lat' dir='ltr'><strong>antistitis</strong></span> <span class='ocrx_word' id='word_1_94' title='bbox 1211 1421 1225 1444; x_wconf 93' lang='lat'><strong>,</strong></span> <span class='ocrx_word' id='word_1_95' title='bbox 1258 1401 1324 1438; x_wconf 80' lang='lat' dir='ltr'><strong>ne</strong></span> <span class='ocrx_word' id='word_1_96' title='bbox 1353 1385 1472 1439; x_wconf 85' lang='lat' dir='ltr'><strong>dum</strong></span> <span class='ocrx_word' id='word_1_97' title='bbox 1503 1390 1693 1442; x_wconf 83' lang='lat' dir='ltr'><strong>seriem</strong></span> <span class='ocrx_word' id='word_1_98' title='bbox 1724 1407 1991 1461; x_wconf 80' lang='lat' dir='ltr'><strong>exponere</strong></span> 
     </span>
    </p>
   </div>
   <div class='ocr_carea' id='block_1_15' title="bbox 440 1465 1989 1549">
    <p class='ocr_par' dir='ltr' id='par_1_15' title="bbox 440 1465 1989 1549">
     <span class='ocr_line' id='line_1_15' title="bbox 440 1465 1989 1549; baseline 0.015 -34"><span class='ocrx_word' id='word_1_99' title='bbox 440 1465 578 1536; x_wconf 71' lang='lat' dir='ltr'><strong>nitor</strong></span> <span class='ocrx_word' id='word_1_100' title='bbox 605 1477 840 1522; x_wconf 79' lang='lat' dir='ltr'><strong>arctatus</strong></span> <span class='ocrx_word' id='word_1_101' title='bbox 862 1471 1057 1540; x_wconf 90' lang='lat' dir='ltr'><strong>eloquii</strong></span> <span class='ocrx_word' id='word_1_102' title='bbox 1085 1474 1341 1539; x_wconf 43' lang='lat' dir='ltr'><strong>siccitate,</strong></span> <span class='ocrx_word' id='word_1_103' title='bbox 1375 1479 1541 1544; x_wconf 76' lang='lat' dir='ltr'><strong>magis</strong></span> <span class='ocrx_word' id='word_1_104' title='bbox 1569 1479 1615 1532; x_wconf 90' lang='lat' dir='ltr'><strong>ei</strong></span> <span class='ocrx_word' id='word_1_105' title='bbox 1635 1481 1876 1549; x_wconf 88' lang='lat' dir='ltr'><strong>injuriam</strong></span> <span class='ocrx_word' id='word_1_106' title='bbox 1910 1486 1989 1538; x_wconf 90' lang='lat' dir='ltr'><strong>vi—</strong></span> 
     </span>
    </p>
   </div>
   <div class='ocr_carea' id='block_1_16' title="bbox 439 1553 1990 1637">
    <p class='ocr_par' dir='ltr' id='par_1_16' title="bbox 439 1553 1990 1637">
     <span class='ocr_line' id='line_1_16' title="bbox 439 1553 1990 1637; baseline 0.015 -34"><span class='ocrx_word' id='word_1_107' title='bbox 439 1553 566 1604; x_wconf 90' lang='lat' dir='ltr'><strong>dear</strong></span> <span class='ocrx_word' id='word_1_108' title='bbox 594 1556 676 1606; x_wconf 58' lang='lat' dir='ltr'><strong>irr:</strong></span> <span class='ocrx_word' id='word_1_109' title='bbox 699 1569 852 1622; x_wconf 84' lang='lat' dir='ltr'><strong>gasse</strong></span> <span class='ocrx_word' id='word_1_110' title='bbox 881 1574 1037 1621; x_wconf 77' lang='lat' dir='ltr'><strong>quam</strong></span> <span class='ocrx_word' id='word_1_111' title='bbox 1070 1562 1226 1612; x_wconf 72' lang='lat' dir='ltr'><strong>vitum</strong></span> <span class='ocrx_word' id='word_1_112' title='bbox 1259 1567 1583 1630; x_wconf 61' lang='lat' dir='ltr'><strong>exposuisse.</strong></span> <span class='ocrx_word' id='word_1_113' title='bbox 1618 1567 1708 1622; x_wconf 85' lang='lat' dir='ltr'><strong>llis</strong></span> <span class='ocrx_word' id='word_1_114' title='bbox 1749 1571 1906 1637; x_wconf 86' lang='lat' dir='ltr'><strong>igitur</strong></span> <span class='ocrx_word' id='word_1_115' title='bbox 1925 1588 1990 1627; x_wconf 81' lang='lat' dir='ltr'><strong>ex</strong></span> 
     </span>
    </p>
   </div>
   <div class='ocr_carea' id='block_1_17' title="bbox 439 1647 1988 1726">
    <p class='ocr_par' dir='ltr' id='par_1_17' title="bbox 439 1647 1988 1726">
     <span class='ocr_line' id='line_1_17' title="bbox 439 1647 1988 1726; baseline 0.017 -37"><span class='ocrx_word' id='word_1_116' title='bbox 439 1651 660 1708; x_wconf 85' lang='lat' dir='ltr'><strong>utraque</strong></span> <span class='ocrx_word' id='word_1_117' title='bbox 691 1653 838 1711; x_wconf 89' lang='lat' dir='ltr'><strong>parte</strong></span> <span class='ocrx_word' id='word_1_118' title='bbox 866 1647 1121 1705; x_wconf 78' lang='lat' dir='ltr'><strong>discretis.</strong></span> <span class='ocrx_word' id='word_1_119' title='bbox 1149 1652 1422 1705; x_wconf 74' lang='lat' dir='ltr'><strong>articulum</strong></span> <span class='ocrx_word' id='word_1_120' title='bbox 1449 1654 1558 1720; x_wconf 72' lang='lat' dir='ltr'><strong>jam</strong></span> <span class='ocrx_word' id='word_1_121' title='bbox 1584 1658 1788 1726; x_wconf 82' lang='lat' dir='ltr'><strong>inﬁgam</strong></span> <span class='ocrx_word' id='word_1_122' title='bbox 1819 1677 1988 1716; x_wconf 85' lang='lat' dir='ltr'><strong>mem-</strong></span> 
     </span>
    </p>
   </div>
   <div class='ocr_carea' id='block_1_18' title="bbox 437 1730 1987 1811">
    <p class='ocr_par' dir='ltr' id='par_1_18' title="bbox 437 1730 1987 1811">
     <span class='ocr_line' id='line_1_18' title="bbox 437 1730 1987 1811; baseline 0.014 -28"><span class='ocrx_word' id='word_1_123' title='bbox 437 1730 651 1796; x_wconf 84' lang='lat' dir='ltr'><strong>branis,</strong></span> <span class='ocrx_word' id='word_1_124' title='bbox 708 1742 763 1786; x_wconf 85' lang='lat' dir='ltr'><strong>et</strong></span> <span class='ocrx_word' id='word_1_125' title='bbox 811 1750 927 1802; x_wconf 80' lang='lat' dir='ltr'><strong>qu:c</strong></span> <span class='ocrx_word' id='word_1_126' title='bbox 985 1740 1181 1804; x_wconf 87' lang='lat' dir='ltr'><strong>primus</strong></span> <span class='ocrx_word' id='word_1_127' title='bbox 1227 1741 1379 1808; x_wconf 86' lang='lat' dir='ltr'><strong>hujus</strong></span> <span class='ocrx_word' id='word_1_128' title='bbox 1426 1749 1600 1811; x_wconf 87' lang='lat' dir='ltr'><strong>operis</strong></span> <span class='ocrx_word' id='word_1_129' title='bbox 1653 1748 1782 1800; x_wconf 89' lang='lat' dir='ltr'><strong>liber</strong></span> <span class='ocrx_word' id='word_1_130' title='bbox 1826 1735 1987 1805; x_wconf 84' lang='lat' dir='ltr'><strong>veluti</strong></span> 
     </span>
    </p>
   </div>
   <div class='ocr_carea' id='block_1_19' title="bbox 2101 580 3672 672">
    <p class='ocr_par' dir='ltr' id='par_1_19' title="bbox 2101 580 3672 672">
     <span class='ocr_line' id='line_1_19' title="bbox 2101 580 3672 672; baseline 0.017 -41"><span class='ocrx_word' id='word_1_131' title='bbox 2101 580 2319 643; x_wconf 90' lang='lat' dir='ltr'><strong>cabulis,</strong></span> <span class='ocrx_word' id='word_1_132' title='bbox 2352 580 2734 640; x_wconf 80' lang='lat' dir='ltr'><strong>Vermandensi</strong></span> <span class='ocrx_word' id='word_1_133' title='bbox 2781 590 3023 656; x_wconf 81' lang='lat' dir='ltr'><strong>scilicet,</strong></span> <span class='ocrx_word' id='word_1_134' title='bbox 3076 608 3195 661; x_wconf 62' lang='lat' dir='ltr'><strong>quae</strong></span> <span class='ocrx_word' id='word_1_135' title='bbox 3218 606 3300 650; x_wconf 90' lang='lat' dir='ltr'><strong>est</strong></span> <span class='ocrx_word' id='word_1_136' title='bbox 3352 604 3672 672; x_wconf 71' lang='lat' dir='ltr'><strong>metropolis</strong></span> 
     </span>
    </p>
   </div>
   <div class='ocr_carea' id='block_1_20' title="bbox 2097 667 3671 754">
    <p class='ocr_par' dir='ltr' id='par_1_20' title="bbox 2097 667 3671 754">
     <span class='ocr_line' id='line_1_20' title="bbox 2097 667 3671 754; baseline 0.017 -35"><span class='ocrx_word' id='word_1_137' title='bbox 2097 667 2260 732; x_wconf 88' lang='lat' dir='ltr'><strong>urbis,</strong></span> <span class='ocrx_word' id='word_1_138' title='bbox 2280 669 2604 728; x_wconf 89' lang='lat' dir='ltr'><strong>Tornacettsi</strong></span> <span class='ocrx_word' id='word_1_139' title='bbox 2627 691 2773 742; x_wconf 92' lang='lat' dir='ltr'><strong>vero,</strong></span> <span class='ocrx_word' id='word_1_140' title='bbox 2794 692 2913 746; x_wconf 70' lang='lat' dir='ltr'><strong>qua:</strong></span> <span class='ocrx_word' id='word_1_141' title='bbox 2943 684 3206 748; x_wconf 89' lang='lat' dir='ltr'><strong>quondam</strong></span> <span class='ocrx_word' id='word_1_142' title='bbox 3234 688 3426 754; x_wconf 83' lang='lat' dir='ltr'><strong>regalis</strong></span> <span class='ocrx_word' id='word_1_143' title='bbox 3453 667 3671 746; x_wconf 77' lang='lat' dir='ltr'><strong>exstitit</strong></span> 
     </span>
    </p>
   </div>
   <div class='ocr_carea' id='block_1_21' title="bbox 2095 757 3672 842">
    <p class='ocr_par' dir='ltr' id='par_1_21' title="bbox 2095 757 3672 842">
     <span class='ocr_line' id='line_1_21' title="bbox 2095 757 3672 842; baseline 0.016 -33"><span class='ocrx_word' id='word_1_144' title='bbox 2095 757 2299 826; x_wconf 88' lang='lat' dir='ltr'><strong>civitas,</strong></span> <span class='ocrx_word' id='word_1_145' title='bbox 2326 760 2734 832; x_wconf 83' lang='lat' dir='ltr'><strong>Noviomagensi</strong></span> <span class='ocrx_word' id='word_1_146' title='bbox 2788 783 3002 838; x_wconf 88' lang='lat' dir='ltr'><strong>quoque</strong></span> <span class='ocrx_word' id='word_1_147' title='bbox 3052 782 3106 826; x_wconf 90' lang='lat' dir='ltr'><strong>et</strong></span> <span class='ocrx_word' id='word_1_148' title='bbox 3163 774 3492 842; x_wconf 85' lang='lat' dir='ltr'><strong>Flandrensi,</strong></span> <span class='ocrx_word' id='word_1_149' title='bbox 3524 780 3672 834; x_wconf 86' lang='lat' dir='ltr'><strong>Gan-</strong></span> 
     </span>
    </p>
   </div>
   <div class='ocr_carea' id='block_1_22' title="bbox 2094 845 3671 932">
    <p class='ocr_par' dir='ltr' id='par_1_22' title="bbox 2094 845 3671 932">
     <span class='ocr_line' id='line_1_22' title="bbox 2094 845 3671 932; baseline 0.016 -35"><span class='ocrx_word' id='word_1_150' title='bbox 2094 845 2239 900; x_wconf 86' lang='lat' dir='ltr'><strong>densi</strong></span> <span class='ocrx_word' id='word_1_151' title='bbox 2268 850 2427 903; x_wconf 90' lang='lat' dir='ltr'><strong>etiam</strong></span> <span class='ocrx_word' id='word_1_152' title='bbox 2458 862 2512 905; x_wconf 91' lang='lat' dir='ltr'><strong>et</strong></span> <span class='ocrx_word' id='word_1_153' title='bbox 2540 851 3055 932; x_wconf 81' lang='lat' dir='ltr'><strong>Corturiacensi.0b</strong></span> <span class='ocrx_word' id='word_1_154' title='bbox 3081 860 3183 916; x_wconf 90' lang='lat' dir='ltr'><strong>hoc</strong></span> <span class='ocrx_word' id='word_1_155' title='bbox 3219 863 3398 932; x_wconf 86' lang='lat' dir='ltr'><strong>itaque</strong></span> <span class='ocrx_word' id='word_1_156' title='bbox 3427 881 3548 921; x_wconf 91' lang='lat' dir='ltr'><strong>eum</strong></span> <span class='ocrx_word' id='word_1_157' title='bbox 3581 869 3671 923; x_wconf 89' lang='lat' dir='ltr'><strong>vel</strong></span> 
     </span>
    </p>
   </div>
   <div class='ocr_carea' id='block_1_23' title="bbox 2093 937 3672 1022">
    <p class='ocr_par' dir='ltr' id='par_1_23' title="bbox 2093 937 3672 1022">
     <span class='ocr_line' id='line_1_23' title="bbox 2093 937 3672 1022; baseline 0.015 -33"><span class='ocrx_word' id='word_1_158' title='bbox 2093 937 2323 992; x_wconf 78' lang='lat' dir='ltr'><strong>maxime</strong></span> <span class='ocrx_word' id='word_1_159' title='bbox 2345 941 2394 992; x_wconf 92' lang='lat' dir='ltr'><strong>in</strong></span> <span class='ocrx_word' id='word_1_160' title='bbox 2427 941 2509 994; x_wconf 90' lang='lat' dir='ltr'><strong>his</strong></span> <span class='ocrx_word' id='word_1_161' title='bbox 2538 943 2668 997; x_wconf 87' lang='lat' dir='ltr'><strong>locis</strong></span> <span class='ocrx_word' id='word_1_162' title='bbox 2697 947 2956 1001; x_wconf 87' lang='lat' dir='ltr'><strong>dederunt</strong></span> <span class='ocrx_word' id='word_1_163' title='bbox 2985 957 3446 1022; x_wconf 74' lang='lat' dir='ltr'><strong>pastoretn,&#39;quod</strong></span> <span class='ocrx_word' id='word_1_164' title='bbox 3477 958 3672 1013; x_wconf 72' lang='lat' dir='ltr'><strong>incolat</strong></span> 
     </span>
    </p>
   </div>
   <div class='ocr_carea' id='block_1_24' title="bbox 2092 1024 3672 1108">
    <p class='ocr_par' dir='ltr' id='par_1_24' title="bbox 2092 1024 3672 1108">
     <span class='ocr_line' id='line_1_24' title="bbox 2092 1024 3672 1108; baseline 0.013 -33"><span class='ocrx_word' id='word_1_165' title='bbox 2092 1024 2330 1090; x_wconf 91' lang='lat' dir='ltr'><strong>ejusdem</strong></span> <span class='ocrx_word' id='word_1_166' title='bbox 2361 1029 2592 1094; x_wconf 76' lang='lat' dir='ltr'><strong>regionis</strong></span> <span class='ocrx_word' id='word_1_167' title='bbox 2622 1045 2810 1098; x_wconf 85' lang='lat' dir='ltr'><strong>magna</strong></span> <span class='ocrx_word' id='word_1_168' title='bbox 2856 1035 3030 1090; x_wconf 88' lang='lat' dir='ltr'><strong>adhuc</strong></span> <span class='ocrx_word' id='word_1_169' title='bbox 3057 1029 3120 1090; x_wconf 78' lang='lat' dir='ltr'><strong>ex</strong></span> <span class='ocrx_word' id='word_1_170' title='bbox 3173 1049 3322 1106; x_wconf 88' lang='lat' dir='ltr'><strong>parte</strong></span> <span class='ocrx_word' id='word_1_171' title='bbox 3350 1044 3672 1108; x_wconf 79' lang='lat' dir='ltr'><strong>gentilitatis</strong></span> 
     </span>
    </p>
   </div>
   <div class='ocr_carea' id='block_1_25' title="bbox 2094 1118 3671 1192">
    <p class='ocr_par' dir='ltr' id='par_1_25' title="bbox 2094 1118 3671 1192">
     <span class='ocr_line' id='line_1_25' title="bbox 2094 1118 3671 1192; baseline 0.011 -24"><span class='ocrx_word' id='word_1_172' title='bbox 2094 1130 2274 1170; x_wconf 87' lang='lat' dir='ltr'><strong>errore</strong></span> <span class='ocrx_word' id='word_1_173' title='bbox 2303 1118 2695 1185; x_wconf 74' lang='lat' dir='ltr'><strong>detinebantur,</strong></span> <span class='ocrx_word' id='word_1_174' title='bbox 2744 1131 2800 1176; x_wconf 93' lang='lat' dir='ltr'><strong>et</strong></span> <span class='ocrx_word' id='word_1_175' title='bbox 2828 1125 2980 1179; x_wconf 89' lang='lat' dir='ltr'><strong>vanis</strong></span> <span class='ocrx_word' id='word_1_176' title='bbox 3033 1129 3499 1192; x_wconf 87' lang='lat' dir='ltr'><strong>superstitionibus</strong></span> <span class='ocrx_word' id='word_1_177' title='bbox 3534 1125 3671 1186; x_wconf 83' lang='lat' dir='ltr'><strong>satis</strong></span> 
     </span>
    </p>
   </div>
   <div class='ocr_carea' id='block_1_26' title="bbox 2092 1206 3660 1291">
    <p class='ocr_par' dir='ltr' id='par_1_26' title="bbox 2092 1206 3660 1291">
     <span class='ocr_line' id='line_1_26' title="bbox 2092 1206 3660 1291; baseline 0.011 -32"><span class='ocrx_word' id='word_1_178' title='bbox 2092 1206 2252 1260; x_wconf 90' lang='lat' dir='ltr'><strong>dediti</strong></span> <span class='ocrx_word' id='word_1_179' title='bbox 2281 1216 2451 1277; x_wconf 89' lang='lat' dir='ltr'><strong>erant,</strong></span> <span class='ocrx_word' id='word_1_180' title='bbox 2483 1211 2675 1277; x_wconf 90' lang='lat' dir='ltr'><strong>quique</strong></span> <span class='ocrx_word' id='word_1_181' title='bbox 2696 1213 2844 1266; x_wconf 91' lang='lat' dir='ltr'><strong>velut</strong></span> <span class='ocrx_word' id='word_1_182' title='bbox 2885 1225 3123 1281; x_wconf 81' lang='lat' dir='ltr'><strong>agrestes</strong></span> <span class='ocrx_word' id='word_1_183' title='bbox 3145 1217 3294 1280; x_wconf 66' lang='lat' dir='ltr'><strong>ferar,</strong></span> <span class='ocrx_word' id='word_1_184' title='bbox 3319 1221 3660 1291; x_wconf 84' lang='lat' dir='ltr'><strong>nulliuspiam</strong></span> 
     </span>
    </p>
   </div>
   <div class='ocr_carea' id='block_1_27' title="bbox 2092 1298 3672 1372">
    <p class='ocr_par' dir='ltr' id='par_1_27' title="bbox 2092 1298 3672 1372">
     <span class='ocr_line' id='line_1_27' title="bbox 2092 1298 3672 1372; baseline 0.015 -26"><span class='ocrx_word' id='word_1_185' title='bbox 2092 1298 2326 1350; x_wconf 87' lang='lat' dir='ltr'><strong>salutare</strong></span> <span class='ocrx_word' id='word_1_186' title='bbox 2353 1299 2569 1352; x_wconf 83' lang='lat' dir='ltr'><strong>verbum</strong></span> <span class='ocrx_word' id='word_1_187' title='bbox 2600 1301 2838 1370; x_wconf 83' lang='lat' dir='ltr'><strong>recipere.</strong></span> <span class='ocrx_word' id='word_1_188' title='bbox 2886 1314 3163 1372; x_wconf 74' lang='lat' dir='ltr'><strong>poterant;</strong></span> <span class='ocrx_word' id='word_1_189' title='bbox 3205 1309 3297 1362; x_wconf 87' lang='lat' dir='ltr'><strong>sed</strong></span> <span class='ocrx_word' id='word_1_190' title='bbox 3347 1311 3428 1363; x_wconf 89' lang='lat' dir='ltr'><strong>vir</strong></span> <span class='ocrx_word' id='word_1_191' title='bbox 3475 1313 3672 1369; x_wconf 84' lang='lat' dir='ltr'><strong>beatus</strong></span> 
     </span>
    </p>
   </div>
   <div class='ocr_carea' id='block_1_28' title="bbox 2091 1385 3671 1471">
    <p class='ocr_par' dir='ltr' id='par_1_28' title="bbox 2091 1385 3671 1471">
     <span class='ocr_line' id='line_1_28' title="bbox 2091 1385 3671 1471; baseline 0.012 -33"><span class='ocrx_word' id='word_1_192' title='bbox 2091 1399 2210 1438; x_wconf 90' lang='lat' dir='ltr'><strong>cum</strong></span> <span class='ocrx_word' id='word_1_193' title='bbox 2239 1400 2298 1438; x_wconf 90' lang='lat' dir='ltr'><strong>se</strong></span> <span class='ocrx_word' id='word_1_194' title='bbox 2318 1385 2464 1441; x_wconf 92' lang='lat' dir='ltr'><strong>nullo</strong></span> <span class='ocrx_word' id='word_1_195' title='bbox 2486 1388 2642 1442; x_wconf 91' lang='lat' dir='ltr'><strong>modo</strong></span> <span class='ocrx_word' id='word_1_196' title='bbox 2666 1390 2731 1443; x_wconf 88' lang='lat' dir='ltr'><strong>ab</strong></span> <span class='ocrx_word' id='word_1_197' title='bbox 2760 1389 2939 1446; x_wconf 81' lang='lat' dir='ltr'><strong>ofﬁcio</strong></span> <span class='ocrx_word' id='word_1_198' title='bbox 2958 1393 3214 1463; x_wconf 89' lang='lat' dir='ltr'><strong>disposito</strong></span> <span class='ocrx_word' id='word_1_199' title='bbox 3242 1397 3508 1454; x_wconf 87' lang='lat' dir='ltr'><strong>discutere</strong></span> <span class='ocrx_word' id='word_1_200' title='bbox 3540 1417 3671 1471; x_wconf 55' lang='lat' dir='ltr'><strong>pos-</strong></span> 
     </span>
    </p>
   </div>
   <div class='ocr_carea' id='block_1_29' title="bbox 2090 1477 3669 1559">
    <p class='ocr_par' dir='ltr' id='par_1_29' title="bbox 2090 1477 3669 1559">
     <span class='ocr_line' id='line_1_29' title="bbox 2090 1477 3669 1559; baseline 0.011 -31"><span class='ocrx_word' id='word_1_201' title='bbox 2090 1483 2193 1538; x_wconf 88' lang='lat' dir='ltr'><strong>set,</strong></span> <span class='ocrx_word' id='word_1_202' title='bbox 2223 1489 2292 1527; x_wconf 90' lang='lat' dir='ltr'><strong>ne</strong></span> <span class='ocrx_word' id='word_1_203' title='bbox 2321 1483 2498 1529; x_wconf 91' lang='lat' dir='ltr'><strong>tamen</strong></span> <span class='ocrx_word' id='word_1_204' title='bbox 2528 1477 2578 1530; x_wconf 91' lang='lat' dir='ltr'><strong>in</strong></span> <span class='ocrx_word' id='word_1_205' title='bbox 2609 1479 2717 1533; x_wconf 90' lang='lat' dir='ltr'><strong>ullo</strong></span> <span class='ocrx_word' id='word_1_206' title='bbox 2765 1482 3043 1538; x_wconf 78' lang='lat' dir='ltr'><strong>catholicae</strong></span> <span class='ocrx_word' id='word_1_207' title='bbox 3071 1487 3266 1559; x_wconf 62' lang='lat' dir='ltr'><strong>regula:</strong></span> <span class='ocrx_word' id='word_1_208' title='bbox 3305 1489 3525 1543; x_wconf 84' lang='lat' dir='ltr'><strong>deviare</strong></span> <span class='ocrx_word' id='word_1_209' title='bbox 3579 1493 3669 1545; x_wconf 60' lang='lat' dir='ltr'><strong>vi-</strong></span> 
     </span>
    </p>
   </div>
   <div class='ocr_carea' id='block_1_30' title="bbox 2093 1562 3671 1640">
    <p class='ocr_par' dir='ltr' id='par_1_30' title="bbox 2093 1562 3671 1640">
     <span class='ocr_line' id='line_1_30' title="bbox 2093 1562 3671 1640; baseline 0.013 -25"><span class='ocrx_word' id='word_1_210' title='bbox 2093 1562 2328 1629; x_wconf 88' lang='lat' dir='ltr'><strong>deretur,</strong></span> <span class='ocrx_word' id='word_1_211' title='bbox 2360 1580 2462 1618; x_wconf 90' lang='lat' dir='ltr'><strong>non</strong></span> <span class='ocrx_word' id='word_1_212' title='bbox 2509 1581 2569 1621; x_wconf 89' lang='lat' dir='ltr'><strong>se</strong></span> <span class='ocrx_word' id='word_1_213' title='bbox 2610 1571 2848 1636; x_wconf 88' lang='lat' dir='ltr'><strong>permisit</strong></span> <span class='ocrx_word' id='word_1_214' title='bbox 2885 1574 3030 1640; x_wconf 86' lang='lat' dir='ltr'><strong>prius</strong></span> <span class='ocrx_word' id='word_1_215' title='bbox 3073 1578 3410 1631; x_wconf 87' lang='lat' dir='ltr'><strong>sacerdotem</strong></span> <span class='ocrx_word' id='word_1_216' title='bbox 3471 1595 3671 1635; x_wconf 82' lang='lat' dir='ltr'><strong>conse-</strong></span> 
     </span>
    </p>
   </div>
   <div class='ocr_carea' id='block_1_31' title="bbox 2093 1655 3671 1735">
    <p class='ocr_par' dir='ltr' id='par_1_31' title="bbox 2093 1655 3671 1735">
     <span class='ocr_line' id='line_1_31' title="bbox 2093 1655 3671 1735; baseline 0.011 -30"><span class='ocrx_word' id='word_1_217' title='bbox 2093 1655 2251 1716; x_wconf 89' lang='lat' dir='ltr'><strong>crari,</strong></span> <span class='ocrx_word' id='word_1_218' title='bbox 2283 1655 2381 1709; x_wconf 90' lang='lat' dir='ltr'><strong>nisi</strong></span> <span class='ocrx_word' id='word_1_219' title='bbox 2432 1656 2532 1709; x_wconf 88' lang='lat' dir='ltr'><strong>sub</strong></span> <span class='ocrx_word' id='word_1_220' title='bbox 2580 1661 2820 1714; x_wconf 86' lang='lat' dir='ltr'><strong>normula</strong></span> <span class='ocrx_word' id='word_1_221' title='bbox 2867 1661 3150 1718; x_wconf 71' lang='lat' dir='ltr'><strong>clericatus</strong></span> <span class='ocrx_word' id='word_1_222' title='bbox 3191 1665 3367 1734; x_wconf 89' lang='lat' dir='ltr'><strong>aliqua</strong></span> <span class='ocrx_word' id='word_1_223' title='bbox 3409 1671 3671 1735; x_wconf 88' lang='lat' dir='ltr'><strong>temporis</strong></span> 
     </span>
    </p>
   </div>
   <div class='ocr_carea' id='block_1_32' title="bbox 2097 1739 3712 1821">
    <p class='ocr_par' dir='ltr' id='par_1_32' title="bbox 2097 1739 3712 1821">
     <span class='ocr_line' id='line_1_32' title="bbox 2097 1739 3712 1821; baseline 0.011 -24"><span class='ocrx_word' id='word_1_224' title='bbox 2097 1744 2358 1798; x_wconf 86' lang='lat' dir='ltr'><strong>curricula</strong></span> <span class='ocrx_word' id='word_1_225' title='bbox 2412 1747 2669 1812; x_wconf 73' lang='lat' dir='ltr'><strong>exigeret.</strong></span> <span class='ocrx_word' id='word_1_226' title='bbox 2711 1739 2986 1820; x_wconf 80' lang='lat' dir='ltr'><strong>Tempore</strong></span> <span class='ocrx_word' id='word_1_227' title='bbox 3015 1767 3143 1821; x_wconf 88' lang='lat' dir='ltr'><strong>ergo</strong></span> <span class='ocrx_word' id='word_1_228' title='bbox 3187 1754 3452 1810; x_wconf 86' lang='lat' dir='ltr'><strong>dilationis</strong></span> <span class='ocrx_word' id='word_1_229' title='bbox 3495 1763 3712 1813; x_wconf 82' lang='lat' dir='ltr'><strong>trans-&#39;</strong></span> 
     </span>
    </p>
   </div>
   <div class='ocr_carea' id='block_1_33' title="bbox 438 1814 3669 1916">
    <p class='ocr_par' dir='ltr' id='par_1_33' title="bbox 438 1814 3669 1916">
     <span class='ocr_line' id='line_1_33' title="bbox 438 1814 3669 1916; baseline 0.01 -46"><span class='ocrx_word' id='word_1_230' title='bbox 438 1822 708 1874; x_wconf 73' lang='lat' dir='ltr'><strong>exundans</strong></span> <span class='ocrx_word' id='word_1_231' title='bbox 737 1823 926 1890; x_wconf 87' lang='lat' dir='ltr'><strong>rejicit,</strong></span> <span class='ocrx_word' id='word_1_232' title='bbox 955 1827 1037 1880; x_wconf 91' lang='lat' dir='ltr'><strong>hic</strong></span> <span class='ocrx_word' id='word_1_233' title='bbox 1060 1830 1215 1882; x_wconf 87' lang='lat' dir='ltr'><strong>modo</strong></span> <span class='ocrx_word' id='word_1_234' title='bbox 1245 1846 1472 1897; x_wconf 72' lang='lat' dir='ltr'><strong>sequens</strong></span> <span class='ocrx_word' id='word_1_235' title='bbox 1500 1836 1640 1887; x_wconf 80' lang='lat' dir='ltr'><strong>velut</strong></span> <span class='ocrx_word' id='word_1_236' title='bbox 1670 1838 1887 1892; x_wconf 89' lang='lat' dir='ltr'><strong>nimium</strong></span> <span class='ocrx_word' id='word_1_237' title='bbox 1915 1840 1991 1894; x_wconf 86' lang='lat' dir='ltr'><strong>si-</strong></span> <span class='ocrx_word' id='word_1_238' title='bbox 2022 1814 2066 1873; x_wconf 73' lang='grc' dir='ltr'><strong>Β</strong></span> <span class='ocrx_word' id='word_1_239' title='bbox 2094 1841 2234 1896; x_wconf 74' lang='grc' dir='ltr'><strong>3οιον</strong></span> <span class='ocrx_word' id='word_1_240' title='bbox 2261 1842 2420 1904; x_wconf 78' lang='lat' dir='ltr'><strong>atque</strong></span> <span class='ocrx_word' id='word_1_241' title='bbox 2433 1837 2690 1894; x_wconf 61' lang='grc' dir='ltr'><strong>Λυκιοεηο</strong></span> <span class='ocrx_word' id='word_1_242' title='bbox 2713 1839 2781 1894; x_wconf 86' lang='lat' dir='ltr'><strong>de</strong></span> <span class='ocrx_word' id='word_1_243' title='bbox 2801 1842 3039 1909; x_wconf 79' lang='lat' dir='ltr'><strong>partibus</strong></span> <span class='ocrx_word' id='word_1_244' title='bbox 3060 1846 3547 1916; x_wconf 67' lang='lat' dir='ltr'><strong>“transligeritanis</strong></span> <span class='ocrx_word' id='word_1_245' title='bbox 3573 1864 3669 1904; x_wconf 87' lang='lat' dir='ltr'><strong>re-</strong></span> 
     </span>
    </p>
   </div>
   <div class='ocr_carea' id='block_1_34' title="bbox 439 1908 1990 1988">
    <p class='ocr_par' dir='ltr' id='par_1_34' title="bbox 439 1908 1990 1988">
     <span class='ocr_line' id='line_1_34' title="bbox 439 1908 1990 1988; baseline 0.014 -29"><span class='ocrx_word' id='word_1_246' title='bbox 439 1908 575 1960; x_wconf 84' lang='lat' dir='ltr'><strong>tiens</strong></span> <span class='ocrx_word' id='word_1_247' title='bbox 597 1922 972 1979; x_wconf 84' lang='lat' dir='ltr'><strong>prosequatur;</strong></span> <span class='ocrx_word' id='word_1_248' title='bbox 1003 1917 1235 1981; x_wconf 83' lang='lat' dir='ltr'><strong>satisque</strong></span> <span class='ocrx_word' id='word_1_249' title='bbox 1286 1918 1511 1970; x_wconf 81' lang='lat' dir='ltr'><strong>sufﬁciat</strong></span> <span class='ocrx_word' id='word_1_250' title='bbox 1548 1923 1709 1988; x_wconf 85' lang='lat' dir='ltr'><strong>priori</strong></span> <span class='ocrx_word' id='word_1_251' title='bbox 1741 1924 1873 1978; x_wconf 88' lang='lat' dir='ltr'><strong>libro</strong></span> <span class='ocrx_word' id='word_1_252' title='bbox 1926 1941 1990 1981; x_wconf 89' lang='lat' dir='ltr'><strong>ea</strong></span> 
     </span>
    </p>
   </div>
   <div class='ocr_carea' id='block_1_35' title="bbox 438 2003 1988 2084">
    <p class='ocr_par' dir='ltr' id='par_1_35' title="bbox 438 2003 1988 2084">
     <span class='ocr_line' id='line_1_35' title="bbox 438 2003 1988 2084; baseline 0.011 -36"><span class='ocrx_word' id='word_1_253' title='bbox 438 2006 637 2050; x_wconf 89' lang='lat' dir='ltr'><strong>tantum</strong></span> <span class='ocrx_word' id='word_1_254' title='bbox 661 2003 968 2069; x_wconf 81' lang='lat' dir='ltr'><strong>exposuisse</strong></span> <span class='ocrx_word' id='word_1_255' title='bbox 997 2019 1112 2071; x_wconf 81' lang='lat' dir='ltr'><strong>quae</strong></span> <span class='ocrx_word' id='word_1_256' title='bbox 1137 2008 1232 2057; x_wconf 83' lang='lat' dir='ltr'><strong>sub</strong></span> <span class='ocrx_word' id='word_1_257' title='bbox 1263 2009 1440 2060; x_wconf 82' lang='lat' dir='ltr'><strong>habitu</strong></span> <span class='ocrx_word' id='word_1_258' title='bbox 1463 2014 1698 2064; x_wconf 50' lang='lat' dir='ltr'><strong>satculari</strong></span> <span class='ocrx_word' id='word_1_259' title='bbox 1727 2018 1944 2082; x_wconf 78' lang='lat' dir='ltr'><strong>gesserit</strong></span> <span class='ocrx_word' id='word_1_260' title='bbox 1971 2059 1988 2084; x_wconf 77' lang='lat'><strong>,</strong></span> 
     </span>
    </p>
   </div>
   <div class='ocr_carea' id='block_1_36' title="bbox 437 2092 1992 2171">
    <p class='ocr_par' dir='ltr' id='par_1_36' title="bbox 437 2092 1992 2171">
     <span class='ocr_line' id='line_1_36' title="bbox 437 2092 1992 2171; baseline 0.016 -35"><span class='ocrx_word' id='word_1_261' title='bbox 437 2101 574 2142; x_wconf 88' lang='lat' dir='ltr'><strong>nunc</strong></span> <span class='ocrx_word' id='word_1_262' title='bbox 600 2105 725 2141; x_wconf 88' lang='lat' dir='ltr'><strong>vero</strong></span> <span class='ocrx_word' id='word_1_263' title='bbox 773 2092 841 2144; x_wconf 88' lang='lat' dir='ltr'><strong>de</strong></span> <span class='ocrx_word' id='word_1_264' title='bbox 897 2094 976 2146; x_wconf 90' lang='lat' dir='ltr'><strong>his</strong></span> <span class='ocrx_word' id='word_1_265' title='bbox 1021 2108 1137 2161; x_wconf 63' lang='grc' dir='ltr'><strong>(λικε</strong></span> <span class='ocrx_word' id='word_1_266' title='bbox 1167 2097 1217 2148; x_wconf 91' lang='lat' dir='ltr'><strong>iu</strong></span> <span class='ocrx_word' id='word_1_267' title='bbox 1266 2098 1574 2165; x_wconf 70' lang='lat' dir='ltr'><strong>episrt‘..~patu</strong></span> <span class='ocrx_word' id='word_1_268' title='bbox 1617 2105 1783 2168; x_wconf 79' lang='lat' dir='ltr'><strong>egerit</strong></span> <span class='ocrx_word' id='word_1_269' title='bbox 1811 2144 1826 2171; x_wconf 88' lang='lat'><strong>,</strong></span> <span class='ocrx_word' id='word_1_270' title='bbox 1877 2105 1992 2162; x_wconf 71' lang='lat' dir='ltr'><strong>hmo</strong></span> 
     </span>
    </p>
   </div>
   <div class='ocr_carea' id='block_1_37' title="bbox 434 2178 970 2241">
    <p class='ocr_par' dir='ltr' id='par_1_37' title="bbox 434 2178 970 2241">
     <span class='ocr_line' id='line_1_37' title="bbox 434 2178 970 2241; baseline 0.011 -16"><span class='ocrx_word' id='word_1_271' title='bbox 434 2178 599 2241; x_wconf 74' lang='lat' dir='ltr'><strong>prima</strong></span> <span class='ocrx_word' id='word_1_272' title='bbox 631 2179 970 2232; x_wconf 77' lang='lat' dir='ltr'><strong>conveniant.</strong></span> 
     </span>
    </p>
   </div>
   <div class='ocr_carea' id='block_1_38' title="bbox 944 2287 1486 2348">
    <p class='ocr_par' dir='ltr' id='par_1_38' title="bbox 944 2287 1486 2348">
     <span class='ocr_line' id='line_1_38' title="bbox 944 2287 1486 2348; baseline 0.013 -7"><span class='ocrx_word' id='word_1_273' title='bbox 944 2287 1168 2344; x_wconf 82' lang='lat' dir='ltr'><strong>CAPUT</strong></span> <span class='ocrx_word' id='word_1_274' title='bbox 1209 2293 1486 2348; x_wconf 71' lang='lat' dir='ltr'><strong>PillMliM.</strong></span> 
     </span>
    </p>
   </div>
   <div class='ocr_carea' id='block_1_39' title="bbox 611 2373 1812 2459">
    <p class='ocr_par' dir='ltr' id='par_1_39' title="bbox 611 2373 1812 2459">
     <span class='ocr_line' id='line_1_39' title="bbox 611 2373 1812 2459; baseline 0.018 -35"><span class='ocrx_word' id='word_1_275' title='bbox 611 2373 687 2428; x_wconf 83' lang='lat' dir='ltr'><strong>De</strong></span> <span class='ocrx_word' id='word_1_276' title='bbox 731 2378 912 2433; x_wconf 74' lang='lat' dir='ltr'><strong>Itazresi</strong></span> <span class='ocrx_word' id='word_1_277' title='bbox 941 2380 1237 2437; x_wconf 82' lang='lat' dir='ltr'><strong>Simouiaca</strong></span> <span class='ocrx_word' id='word_1_278' title='bbox 1265 2385 1459 2440; x_wconf 82' lang='lat' dir='ltr'><strong>Callias</strong></span> <span class='ocrx_word' id='word_1_279' title='bbox 1491 2402 1812 2459; x_wconf 80' lang='lat' dir='ltr'><strong>pert-agante.</strong></span> 
     </span>
    </p>
   </div>
   <div class='ocr_carea' id='block_1_40' title="bbox 505 2484 1990 2564">
    <p class='ocr_par' dir='ltr' id='par_1_40' title="bbox 505 2484 1990 2564">
     <span class='ocr_line' id='line_1_40' title="bbox 505 2484 1990 2564; baseline 0.015 -27"><span class='ocrx_word' id='word_1_280' title='bbox 505 2484 696 2554; x_wconf 82' lang='lat' dir='ltr'><strong>Eligius</strong></span> <span class='ocrx_word' id='word_1_281' title='bbox 723 2489 901 2557; x_wconf 87' lang='lat' dir='ltr'><strong>itaque</strong></span> <span class='ocrx_word' id='word_1_282' title='bbox 934 2493 1058 2546; x_wconf 80' lang='lat' dir='ltr'><strong>oliui</strong></span> <span class='ocrx_word' id='word_1_283' title='bbox 1086 2495 1194 2561; x_wconf 88' lang='lat' dir='ltr'><strong>jam</strong></span> <span class='ocrx_word' id='word_1_284' title='bbox 1226 2497 1276 2548; x_wconf 91' lang='lat' dir='ltr'><strong>in</strong></span> <span class='ocrx_word' id='word_1_285' title='bbox 1302 2497 1499 2564; x_wconf 87' lang='lat' dir='ltr'><strong>palatio</strong></span> <span class='ocrx_word' id='word_1_286' title='bbox 1530 2500 1848 2556; x_wconf 86' lang='lat' dir='ltr'><strong>militaverat</strong></span> <span class='ocrx_word' id='word_1_287' title='bbox 1893 2504 1990 2559; x_wconf 90' lang='lat' dir='ltr'><strong>sub</strong></span> 
     </span>
    </p>
   </div>
   <div class='ocr_carea' id='block_1_41' title="bbox 437 2579 1987 2663">
    <p class='ocr_par' dir='ltr' id='par_1_41' title="bbox 437 2579 1987 2663">
     <span class='ocr_line' id='line_1_41' title="bbox 437 2579 1987 2663; baseline 0.011 -33"><span class='ocrx_word' id='word_1_288' title='bbox 437 2579 674 2632; x_wconf 64' lang='lat' dir='ltr'><strong>maculari</strong></span> <span class='ocrx_word' id='word_1_289' title='bbox 727 2581 910 2636; x_wconf 88' lang='lat' dir='ltr'><strong>habitu</strong></span> <span class='ocrx_word' id='word_1_290' title='bbox 959 2583 1087 2650; x_wconf 77' lang='lat' dir='ltr'><strong>Regi</strong></span> <span class='ocrx_word' id='word_1_291' title='bbox 1127 2595 1328 2640; x_wconf 68' lang='lat' dir='ltr'><strong>aeterno</strong></span> <span class='ocrx_word' id='word_1_292' title='bbox 1382 2590 1721 2659; x_wconf 87' lang='lat' dir='ltr'><strong>omniumque</strong></span> <span class='ocrx_word' id='word_1_293' title='bbox 1767 2593 1987 2663; x_wconf 88' lang='lat' dir='ltr'><strong>principi</strong></span> 
     </span>
    </p>
   </div>
   <div class='ocr_carea' id='block_1_42' title="bbox 435 2665 1990 2744">
    <p class='ocr_par' dir='ltr' id='par_1_42' title="bbox 435 2665 1990 2744">
     <span class='ocr_line' id='line_1_42' title="bbox 435 2665 1990 2744; baseline 0.012 -26"><span class='ocrx_word' id='word_1_294' title='bbox 435 2665 680 2732; x_wconf 82' lang='lat' dir='ltr'><strong>Christo;</strong></span> <span class='ocrx_word' id='word_1_295' title='bbox 715 2667 883 2726; x_wconf 74' lang='lat' dir='ltr'><strong>fuerat</strong></span> <span class='ocrx_word' id='word_1_296' title='bbox 906 2686 1117 2740; x_wconf 89' lang='lat' dir='ltr'><strong>quoque</strong></span> <span class='ocrx_word' id='word_1_297' title='bbox 1143 2672 1207 2727; x_wconf 88' lang='lat' dir='ltr'><strong>de</strong></span> <span class='ocrx_word' id='word_1_298' title='bbox 1238 2678 1558 2744; x_wconf 81' lang='lat' dir='ltr'><strong>temporibus</strong></span> <span class='ocrx_word' id='word_1_299' title='bbox 1608 2678 1822 2734; x_wconf 86' lang='lat' dir='ltr'><strong>Lothati</strong></span> <span class='ocrx_word' id='word_1_300' title='bbox 1877 2697 1990 2737; x_wconf 88' lang='lat' dir='ltr'><strong>tne-</strong></span> 
     </span>
    </p>
   </div>
   <div class='ocr_carea' id='block_1_43' title="bbox 434 2756 1988 2838">
    <p class='ocr_par' dir='ltr' id='par_1_43' title="bbox 434 2756 1988 2838">
     <span class='ocr_line' id='line_1_43' title="bbox 434 2756 1988 2838; baseline 0.012 -32"><span class='ocrx_word' id='word_1_301' title='bbox 434 2756 599 2820; x_wconf 82' lang='lat' dir='ltr'><strong>diaui,</strong></span> <span class='ocrx_word' id='word_1_302' title='bbox 630 2759 886 2813; x_wconf 85' lang='lat' dir='ltr'><strong>mansueti</strong></span> <span class='ocrx_word' id='word_1_303' title='bbox 918 2762 1054 2827; x_wconf 86' lang='lat' dir='ltr'><strong>regis</strong></span> <span class='ocrx_word' id='word_1_304' title='bbox 1080 2761 1438 2832; x_wconf 86' lang='lat' dir='ltr'><strong>Francorum,</strong></span> <span class='ocrx_word' id='word_1_305' title='bbox 1491 2777 1546 2821; x_wconf 88' lang='lat' dir='ltr'><strong>et</strong></span> <span class='ocrx_word' id='word_1_306' title='bbox 1597 2777 1709 2823; x_wconf 93' lang='lat' dir='ltr'><strong>toto</strong></span> <span class='ocrx_word' id='word_1_307' title='bbox 1750 2780 1988 2838; x_wconf 85' lang='lat' dir='ltr'><strong>tempore</strong></span> 
     </span>
    </p>
   </div>
   <div class='ocr_carea' id='block_1_44' title="bbox 441 2841 1985 2920">
    <p class='ocr_par' dir='ltr' id='par_1_44' title="bbox 441 2841 1985 2920">
     <span class='ocr_line' id='line_1_44' title="bbox 441 2841 1985 2920; baseline 0.013 -26"><span class='ocrx_word' id='word_1_308' title='bbox 441 2841 720 2910; x_wconf 85' lang='lat' dir='ltr'><strong>Dagoberti</strong></span> <span class='ocrx_word' id='word_1_309' title='bbox 751 2847 927 2917; x_wconf 86' lang='lat' dir='ltr'><strong>inclyti</strong></span> <span class='ocrx_word' id='word_1_310' title='bbox 958 2850 1237 2919; x_wconf 69' lang='lat' dir='ltr'><strong>principis,</strong></span> <span class='ocrx_word' id='word_1_311' title='bbox 1295 2869 1501 2909; x_wconf 86' lang='lat' dir='ltr'><strong>necnon</strong></span> <span class='ocrx_word' id='word_1_312' title='bbox 1533 2867 1583 2910; x_wconf 91' lang='lat' dir='ltr'><strong>et</strong></span> <span class='ocrx_word' id='word_1_313' title='bbox 1610 2858 1860 2914; x_wconf 78' lang='lat' dir='ltr'><strong>Clodovei</strong></span> <span class='ocrx_word' id='word_1_314' title='bbox 1895 2861 1985 2920; x_wconf 83' lang='lat' dir='ltr'><strong>lilii</strong></span> 
     </span>
    </p>
   </div>
   <div class='ocr_carea' id='block_1_45' title="bbox 380 2931 1986 3013">
    <p class='ocr_par' dir='ltr' id='par_1_45' title="bbox 380 2931 1986 3013">
     <span class='ocr_line' id='line_1_45' title="bbox 380 2931 1986 3013; baseline 0.012 -30"><span class='ocrx_word' id='word_1_315' title='bbox 380 2956 382 2959; x_wconf 93' lang='grc'>·</span> <span class='ocrx_word' id='word_1_316' title='bbox 434 2931 569 2998; x_wconf 85' lang='lat' dir='ltr'><strong>cjus,</strong></span> <span class='ocrx_word' id='word_1_317' title='bbox 615 2944 668 2988; x_wconf 89' lang='lat' dir='ltr'><strong>et</strong></span> <span class='ocrx_word' id='word_1_318' title='bbox 706 2952 871 3003; x_wconf 85' lang='lat' dir='ltr'><strong>usque</strong></span> <span class='ocrx_word' id='word_1_319' title='bbox 917 2939 981 2992; x_wconf 88' lang='lat' dir='ltr'><strong>ad</strong></span> <span class='ocrx_word' id='word_1_320' title='bbox 1027 2941 1232 2996; x_wconf 89' lang='lat' dir='ltr'><strong>initium</strong></span> <span class='ocrx_word' id='word_1_321' title='bbox 1286 2948 1432 3013; x_wconf 82' lang='lat' dir='ltr'><strong>regni</strong></span> <span class='ocrx_word' id='word_1_322' title='bbox 1477 2947 1702 3013; x_wconf 91' lang='lat' dir='ltr'><strong>junioris</strong></span> <span class='ocrx_word' id='word_1_323' title='bbox 1749 2950 1986 3004; x_wconf 89' lang='lat' dir='ltr'><strong>Lotharii</strong></span> 
     </span>
    </p>
   </div>
   <div class='ocr_carea' id='block_1_46' title="bbox 438 3023 1986 3094">
    <p class='ocr_par' dir='ltr' id='par_1_46' title="bbox 438 3023 1986 3094">
     <span class='ocr_line' id='line_1_46' title="bbox 438 3023 1986 3094; baseline 0.014 -20"><span class='ocrx_word' id='word_1_324' title='bbox 438 3023 630 3076; x_wconf 91' lang='lat' dir='ltr'><strong>mansit</strong></span> <span class='ocrx_word' id='word_1_325' title='bbox 654 3025 704 3076; x_wconf 91' lang='lat' dir='ltr'><strong>in</strong></span> <span class='ocrx_word' id='word_1_326' title='bbox 738 3040 994 3093; x_wconf 83' lang='lat' dir='ltr'><strong>corpore;</strong></span> <span class='ocrx_word' id='word_1_327' title='bbox 1024 3030 1114 3083; x_wconf 87' lang='lat' dir='ltr'><strong>sed</strong></span> <span class='ocrx_word' id='word_1_328' title='bbox 1144 3031 1429 3086; x_wconf 70' lang='lat' dir='ltr'><strong>crude-[lter</strong></span> <span class='ocrx_word' id='word_1_329' title='bbox 1457 3037 1509 3088; x_wconf 90' lang='lat' dir='ltr'><strong>in</strong></span> <span class='ocrx_word' id='word_1_330' title='bbox 1555 3038 1739 3091; x_wconf 82' lang='lat' dir='ltr'><strong>diebus</strong></span> <span class='ocrx_word' id='word_1_331' title='bbox 1759 3039 1859 3094; x_wconf 93' lang='lat' dir='ltr'><strong>illis</strong></span> <span class='ocrx_word' id='word_1_332' title='bbox 1903 3039 1986 3094; x_wconf 84' lang='lat' dir='ltr'><strong>Si-</strong></span> 
     </span>
    </p>
   </div>
   <div class='ocr_carea' id='block_1_47' title="bbox 437 3111 2054 3202">
    <p class='ocr_par' dir='ltr' id='par_1_47' title="bbox 437 3111 2054 3202">
     <span class='ocr_line' id='line_1_47' title="bbox 437 3111 2054 3202; baseline 0.015 -41"><span class='ocrx_word' id='word_1_333' title='bbox 437 3111 678 3163; x_wconf 82' lang='lat' dir='ltr'><strong>moniaca</strong></span> <span class='ocrx_word' id='word_1_334' title='bbox 710 3113 921 3168; x_wconf 70' lang='lat' dir='ltr'><strong>hmresis</strong></span> <span class='ocrx_word' id='word_1_335' title='bbox 951 3118 1240 3186; x_wconf 82' lang='lat' dir='ltr'><strong>pullulabat</strong></span> <span class='ocrx_word' id='word_1_336' title='bbox 1283 3122 1335 3174; x_wconf 91' lang='lat' dir='ltr'><strong>in</strong></span> <span class='ocrx_word' id='word_1_337' title='bbox 1365 3125 1598 3190; x_wconf 75' lang='lat' dir='ltr'><strong>urbibus,</strong></span> <span class='ocrx_word' id='word_1_338' title='bbox 1621 3136 1674 3180; x_wconf 90' lang='lat' dir='ltr'><strong>et</strong></span> <span class='ocrx_word' id='word_1_339' title='bbox 1701 3131 1751 3181; x_wconf 91' lang='lat' dir='ltr'><strong>in</strong></span> <span class='ocrx_word' id='word_1_340' title='bbox 1778 3132 1984 3186; x_wconf 90' lang='lat' dir='ltr'><strong>cunctis</strong></span> <span class='ocrx_word' id='word_1_341' title='bbox 2007 3141 2054 3202; x_wconf 72' lang='grc' dir='ltr'>ο</span> 
     </span>
    </p>
   </div>
   <div class='ocr_carea' id='block_1_48' title="bbox 439 3196 1985 3285">
    <p class='ocr_par' dir='ltr' id='par_1_48' title="bbox 439 3196 1985 3285">
     <span class='ocr_line' id='line_1_48' title="bbox 439 3196 1985 3285; baseline 0.017 -39"><span class='ocrx_word' id='word_1_342' title='bbox 439 3196 629 3251; x_wconf 85' lang='lat' dir='ltr'><strong>ﬁnibus</strong></span> <span class='ocrx_word' id='word_1_343' title='bbox 670 3202 811 3267; x_wconf 90' lang='lat' dir='ltr'><strong>regni</strong></span> <span class='ocrx_word' id='word_1_344' title='bbox 843 3202 1194 3272; x_wconf 81' lang='lat' dir='ltr'><strong>Francorum;</strong></span> <span class='ocrx_word' id='word_1_345' title='bbox 1254 3211 1585 3279; x_wconf 79' lang='lat' dir='ltr'><strong>maximeque</strong></span> <span class='ocrx_word' id='word_1_346' title='bbox 1637 3216 1702 3269; x_wconf 90' lang='lat' dir='ltr'><strong>de</strong></span> <span class='ocrx_word' id='word_1_347' title='bbox 1732 3219 1985 3285; x_wconf 48' lang='lat' dir='ltr'><strong>tempori-</strong></span> 
     </span>
    </p>
   </div>
   <div class='ocr_carea' id='block_1_49' title="bbox 440 3289 1986 3372">
    <p class='ocr_par' dir='ltr' id='par_1_49' title="bbox 440 3289 1986 3372">
     <span class='ocr_line' id='line_1_49' title="bbox 440 3289 1986 3372; baseline 0.012 -31"><span class='ocrx_word' id='word_1_348' title='bbox 440 3289 537 3342; x_wconf 87' lang='lat' dir='ltr'><strong>bus</strong></span> <span class='ocrx_word' id='word_1_349' title='bbox 568 3289 915 3348; x_wconf 67' lang='lat' dir='ltr'><strong>Brunichildte</strong></span> <span class='ocrx_word' id='word_1_350' title='bbox 943 3297 1313 3352; x_wconf 79' lang='lat' dir='ltr'><strong>infelicissimae</strong></span> <span class='ocrx_word' id='word_1_351' title='bbox 1342 3303 1556 3366; x_wconf 52' lang='lat' dir='ltr'><strong>regium,</strong></span> <span class='ocrx_word' id='word_1_352' title='bbox 1573 3319 1737 3372; x_wconf 84' lang='lat' dir='ltr'><strong>usque</strong></span> <span class='ocrx_word' id='word_1_353' title='bbox 1766 3307 1830 3358; x_wconf 89' lang='lat' dir='ltr'><strong>ad</strong></span> <span class='ocrx_word' id='word_1_354' title='bbox 1853 3315 1986 3360; x_wconf 87' lang='lat' dir='ltr'><strong>tem-</strong></span> 
     </span>
    </p>
   </div>
   <div class='ocr_carea' id='block_1_50' title="bbox 437 3379 1987 3460">
    <p class='ocr_par' dir='ltr' id='par_1_50' title="bbox 437 3379 1987 3460">
     <span class='ocr_line' id='line_1_50' title="bbox 437 3379 1987 3460; baseline 0.014 -31"><span class='ocrx_word' id='word_1_355' title='bbox 437 3395 563 3445; x_wconf 84' lang='lat' dir='ltr'><strong>pora</strong></span> <span class='ocrx_word' id='word_1_356' title='bbox 590 3379 870 3447; x_wconf 87' lang='lat' dir='ltr'><strong>Dagoberti</strong></span> <span class='ocrx_word' id='word_1_357' title='bbox 904 3387 1040 3451; x_wconf 88' lang='lat' dir='ltr'><strong>regis</strong></span> <span class='ocrx_word' id='word_1_358' title='bbox 1062 3387 1290 3442; x_wconf 84' lang='lat' dir='ltr'><strong>violabat</strong></span> <span class='ocrx_word' id='word_1_359' title='bbox 1311 3390 1412 3444; x_wconf 90' lang='lat' dir='ltr'><strong>hoc</strong></span> <span class='ocrx_word' id='word_1_360' title='bbox 1439 3395 1734 3460; x_wconf 84' lang='lat' dir='ltr'><strong>contagium</strong></span> <span class='ocrx_word' id='word_1_361' title='bbox 1765 3397 1987 3450; x_wconf 86' lang='lat' dir='ltr'><strong>catholi-</strong></span> 
     </span>
    </p>
   </div>
   <div class='ocr_carea' id='block_1_51' title="bbox 437 3469 1986 3549">
    <p class='ocr_par' dir='ltr' id='par_1_51' title="bbox 437 3469 1986 3549">
     <span class='ocr_line' id='line_1_51' title="bbox 437 3469 1986 3549; baseline 0.014 -29"><span class='ocrx_word' id='word_1_362' title='bbox 437 3484 553 3520; x_wconf 88' lang='lat' dir='ltr'><strong>cam</strong></span> <span class='ocrx_word' id='word_1_363' title='bbox 585 3469 758 3523; x_wconf 78' lang='lat' dir='ltr'><strong>ﬁdem.</strong></span> <span class='ocrx_word' id='word_1_364' title='bbox 783 3473 1020 3527; x_wconf 86' lang='lat' dir='ltr'><strong>Sollicite</strong></span> <span class='ocrx_word' id='word_1_365' title='bbox 1051 3485 1220 3530; x_wconf 86' lang='lat' dir='ltr'><strong>tamen</strong></span> <span class='ocrx_word' id='word_1_366' title='bbox 1244 3494 1340 3547; x_wconf 89' lang='lat' dir='ltr'><strong>pro</strong></span> <span class='ocrx_word' id='word_1_367' title='bbox 1370 3481 1466 3534; x_wconf 91' lang='lat' dir='ltr'><strong>hoc</strong></span> <span class='ocrx_word' id='word_1_368' title='bbox 1495 3482 1836 3549; x_wconf 80' lang='lat' dir='ltr'><strong>iuvigilabant</strong></span> <span class='ocrx_word' id='word_1_369' title='bbox 1863 3501 1986 3540; x_wconf 90' lang='lat' dir='ltr'><strong>san-</strong></span> 
     </span>
    </p>
   </div>
   <div class='ocr_carea' id='block_1_52' title="bbox 437 3557 1982 3638">
    <p class='ocr_par' dir='ltr' id='par_1_52' title="bbox 437 3557 1982 3638">
     <span class='ocr_line' id='line_1_52' title="bbox 437 3557 1982 3638; baseline 0.014 -29"><span class='ocrx_word' id='word_1_370' title='bbox 437 3557 508 3609; x_wconf 90' lang='lat' dir='ltr'><strong>cti</strong></span> <span class='ocrx_word' id='word_1_371' title='bbox 540 3559 632 3611; x_wconf 92' lang='lat' dir='ltr'><strong>viri</strong></span> <span class='ocrx_word' id='word_1_372' title='bbox 658 3560 852 3629; x_wconf 75' lang='lat' dir='ltr'><strong>Eligius</strong></span> <span class='ocrx_word' id='word_1_373' title='bbox 878 3573 930 3616; x_wconf 89' lang='lat' dir='ltr'><strong>et</strong></span> <span class='ocrx_word' id='word_1_374' title='bbox 951 3565 1253 3632; x_wconf 81' lang='lat' dir='ltr'><strong>Audoenus,</strong></span> <span class='ocrx_word' id='word_1_375' title='bbox 1277 3578 1330 3622; x_wconf 87' lang='lat' dir='ltr'><strong>ct</strong></span> <span class='ocrx_word' id='word_1_376' title='bbox 1383 3574 1646 3625; x_wconf 85' lang='lat' dir='ltr'><strong>communi</strong></span> <span class='ocrx_word' id='word_1_377' title='bbox 1674 3590 1791 3627; x_wconf 90' lang='lat' dir='ltr'><strong>cum</strong></span> <span class='ocrx_word' id='word_1_378' title='bbox 1823 3586 1982 3638; x_wconf 61' lang='lat' dir='ltr'><strong>Carle-</strong></span> 
     </span>
    </p>
   </div>
   <div class='ocr_carea' id='block_1_53' title="bbox 437 3648 1986 3730">
    <p class='ocr_par' dir='ltr' id='par_1_53' title="bbox 437 3648 1986 3730">
     <span class='ocr_line' id='line_1_53' title="bbox 437 3648 1986 3730; baseline 0.015 -33"><span class='ocrx_word' id='word_1_379' title='bbox 437 3648 510 3699; x_wconf 86' lang='lat' dir='ltr'><strong>ris</strong></span> <span class='ocrx_word' id='word_1_380' title='bbox 573 3649 699 3703; x_wconf 90' lang='lat' dir='ltr'><strong>viris</strong></span> <span class='ocrx_word' id='word_1_381' title='bbox 763 3653 1035 3707; x_wconf 81' lang='lat' dir='ltr'><strong>catholicis</strong></span> <span class='ocrx_word' id='word_1_382' title='bbox 1073 3656 1251 3711; x_wconf 87' lang='lat' dir='ltr'><strong>habito</strong></span> <span class='ocrx_word' id='word_1_383' title='bbox 1305 3661 1549 3724; x_wconf 82' lang='lat' dir='ltr'><strong>concilio,</strong></span> <span class='ocrx_word' id='word_1_384' title='bbox 1613 3675 1986 3730; x_wconf 81' lang='lat' dir='ltr'><strong>suggesseruut</strong></span> 
     </span>
    </p>
   </div>
   <div class='ocr_carea' id='block_1_54' title="bbox 437 3736 1984 3811">
    <p class='ocr_par' dir='ltr' id='par_1_54' title="bbox 437 3736 1984 3811">
     <span class='ocr_line' id='line_1_54' title="bbox 437 3736 1984 3811; baseline 0.015 -27"><span class='ocrx_word' id='word_1_385' title='bbox 437 3736 660 3802; x_wconf 80' lang='lat' dir='ltr'><strong>principi</strong></span> <span class='ocrx_word' id='word_1_386' title='bbox 686 3747 740 3792; x_wconf 89' lang='lat' dir='ltr'><strong>et</strong></span> <span class='ocrx_word' id='word_1_387' title='bbox 765 3742 1103 3807; x_wconf 88' lang='lat' dir='ltr'><strong>optimatibus</strong></span> <span class='ocrx_word' id='word_1_388' title='bbox 1131 3745 1243 3811; x_wconf 83' lang='lat' dir='ltr'><strong>ejus</strong></span> <span class='ocrx_word' id='word_1_389' title='bbox 1265 3758 1319 3799; x_wconf 92' lang='lat' dir='ltr'><strong>ut</strong></span> <span class='ocrx_word' id='word_1_390' title='bbox 1347 3749 1447 3803; x_wconf 89' lang='lat' dir='ltr'><strong>hoc</strong></span> <span class='ocrx_word' id='word_1_391' title='bbox 1487 3769 1514 3798; x_wconf 92' lang='lat' dir='ltr'><strong>u</strong></span> <span class='ocrx_word' id='word_1_392' title='bbox 1539 3751 1809 3805; x_wconf 76' lang='lat' dir='ltr'><strong>ortil’erunt</strong></span> <span class='ocrx_word' id='word_1_393' title='bbox 1842 3755 1984 3807; x_wconf 91' lang='lat' dir='ltr'><strong>virus</strong></span> 
     </span>
    </p>
   </div>
   <div class='ocr_carea' id='block_1_55' title="bbox 437 3825 1982 3904">
    <p class='ocr_par' dir='ltr' id='par_1_55' title="bbox 437 3825 1982 3904">
     <span class='ocr_line' id='line_1_55' title="bbox 437 3825 1982 3904; baseline 0.013 -28"><span class='ocrx_word' id='word_1_394' title='bbox 437 3825 546 3877; x_wconf 91' lang='lat' dir='ltr'><strong>cito</strong></span> <span class='ocrx_word' id='word_1_395' title='bbox 567 3825 833 3882; x_wconf 88' lang='lat' dir='ltr'><strong>deleretur</strong></span> <span class='ocrx_word' id='word_1_396' title='bbox 852 3830 917 3883; x_wconf 88' lang='lat' dir='ltr'><strong>de</strong></span> <span class='ocrx_word' id='word_1_397' title='bbox 944 3848 1167 3901; x_wconf 88' lang='lat' dir='ltr'><strong>corpore</strong></span> <span class='ocrx_word' id='word_1_398' title='bbox 1194 3837 1409 3902; x_wconf 85' lang='lat' dir='ltr'><strong>Christi,</strong></span> <span class='ocrx_word' id='word_1_399' title='bbox 1439 3841 1576 3904; x_wconf 78' lang='lat' dir='ltr'><strong>quod</strong></span> <span class='ocrx_word' id='word_1_400' title='bbox 1602 3851 1682 3894; x_wconf 77' lang='lat' dir='ltr'><strong>est</strong></span> <span class='ocrx_word' id='word_1_401' title='bbox 1712 3845 1982 3896; x_wconf 88' lang='lat' dir='ltr'><strong>universa-</strong></span> 
     </span>
    </p>
   </div>
   <div class='ocr_carea' id='block_1_56' title="bbox 437 3911 1980 3998">
    <p class='ocr_par' dir='ltr' id='par_1_56' title="bbox 437 3911 1980 3998">
     <span class='ocr_line' id='line_1_56' title="bbox 437 3911 1980 3998; baseline 0.013 -34"><span class='ocrx_word' id='word_1_402' title='bbox 437 3912 500 3964; x_wconf 78' lang='lat' dir='ltr'><strong>lis</strong></span> <span class='ocrx_word' id='word_1_403' title='bbox 529 3911 761 3968; x_wconf 76' lang='lat' dir='ltr'><strong>Ecclesia</strong></span> <span class='ocrx_word' id='word_1_404' title='bbox 791 3931 805 3981; x_wconf 91' lang='lat'><strong>;</strong></span> <span class='ocrx_word' id='word_1_405' title='bbox 840 3918 1020 3971; x_wconf 87' lang='lat' dir='ltr'><strong>habuit</strong></span> <span class='ocrx_word' id='word_1_406' title='bbox 1071 3921 1250 3988; x_wconf 88' lang='lat' dir='ltr'><strong>itaque</strong></span> <span class='ocrx_word' id='word_1_407' title='bbox 1290 3922 1535 3978; x_wconf 65' lang='lat' dir='ltr'><strong>enectum</strong></span> <span class='ocrx_word' id='word_1_408' title='bbox 1562 3941 1743 3981; x_wconf 88' lang='lat' dir='ltr'><strong>eo:um</strong></span> <span class='ocrx_word' id='word_1_409' title='bbox 1773 3931 1856 3996; x_wconf 80' lang='lat' dir='ltr'><strong>pia</strong></span> <span class='ocrx_word' id='word_1_410' title='bbox 1888 3946 1980 3998; x_wconf 77' lang='lat' dir='ltr'><strong>pe-</strong></span> 
     </span>
    </p>
   </div>
   <div class='ocr_carea' id='block_1_57' title="bbox 439 4002 1978 4084">
    <p class='ocr_par' dir='ltr' id='par_1_57' title="bbox 439 4002 1978 4084">
     <span class='ocr_line' id='line_1_57' title="bbox 439 4002 1978 4084; baseline 0.015 -34"><span class='ocrx_word' id='word_1_411' title='bbox 439 4002 574 4064; x_wconf 90' lang='lat' dir='ltr'><strong>titio,</strong></span> <span class='ocrx_word' id='word_1_412' title='bbox 589 4013 644 4055; x_wconf 90' lang='lat' dir='ltr'><strong>ct</strong></span> <span class='ocrx_word' id='word_1_413' title='bbox 672 4005 1250 4064; x_wconf 86' lang='lat' dir='ltr'><strong>libentcrobtinuerunt</strong></span> <span class='ocrx_word' id='word_1_414' title='bbox 1268 4014 1409 4081; x_wconf 89' lang='lat' dir='ltr'><strong>quod</strong></span> <span class='ocrx_word' id='word_1_415' title='bbox 1427 4014 1618 4070; x_wconf 89' lang='lat' dir='ltr'><strong>devote</strong></span> <span class='ocrx_word' id='word_1_416' title='bbox 1642 4029 1978 4084; x_wconf 81' lang='lat' dir='ltr'><strong>rogaverunt.</strong></span> 
     </span>
    </p>
   </div>
   <div class='ocr_carea' id='block_1_58' title="bbox 439 4089 1980 4174">
    <p class='ocr_par' dir='ltr' id='par_1_58' title="bbox 439 4089 1980 4174">
     <span class='ocr_line' id='line_1_58' title="bbox 439 4089 1980 4174; baseline 0.015 -33"><span class='ocrx_word' id='word_1_417' title='bbox 439 4089 586 4145; x_wconf 85' lang='lat' dir='ltr'><strong>&#39;l&#39;uuc</strong></span> <span class='ocrx_word' id='word_1_418' title='bbox 613 4108 738 4160; x_wconf 87' lang='lat' dir='ltr'><strong>ergo</strong></span> <span class='ocrx_word' id='word_1_419' title='bbox 766 4097 958 4161; x_wconf 89' lang='lat' dir='ltr'><strong>placuit</strong></span> <span class='ocrx_word' id='word_1_420' title='bbox 1005 4102 1249 4155; x_wconf 87' lang='lat' dir='ltr'><strong>onmibus</strong></span> <span class='ocrx_word' id='word_1_421' title='bbox 1305 4119 1426 4159; x_wconf 85' lang='lat' dir='ltr'><strong>uno</strong></span> <span class='ocrx_word' id='word_1_422' title='bbox 1457 4104 1508 4158; x_wconf 91' lang='lat' dir='ltr'><strong>in</strong></span> <span class='ocrx_word' id='word_1_423' title='bbox 1557 4108 1754 4174; x_wconf 80' lang='lat' dir='ltr'><strong>Spiritu</strong></span> <span class='ocrx_word' id='word_1_424' title='bbox 1797 4119 1980 4165; x_wconf 87' lang='lat' dir='ltr'><strong>sancto</strong></span> 
     </span>
    </p>
   </div>
   <div class='ocr_carea' id='block_1_59' title="bbox 436 4184 1981 4264">
    <p class='ocr_par' dir='ltr' id='par_1_59' title="bbox 436 4184 1981 4264">
     <span class='ocr_line' id='line_1_59' title="bbox 436 4184 1981 4264; baseline 0.016 -34"><span class='ocrx_word' id='word_1_425' title='bbox 436 4187 656 4247; x_wconf 73' lang='lat' dir='ltr'><strong>accepto</strong></span> <span class='ocrx_word' id='word_1_426' title='bbox 681 4184 902 4237; x_wconf 87' lang='lat' dir='ltr'><strong>consilio</strong></span> <span class='ocrx_word' id='word_1_427' title='bbox 930 4188 1082 4240; x_wconf 86' lang='lat' dir='ltr'><strong>simul</strong></span> <span class='ocrx_word' id='word_1_428' title='bbox 1119 4206 1239 4261; x_wconf 8' lang='lat' dir='ltr'><strong>cum;</strong></span> <span class='ocrx_word' id='word_1_429' title='bbox 1289 4196 1426 4260; x_wconf 86' lang='lat' dir='ltr'><strong>regis</strong></span> <span class='ocrx_word' id='word_1_430' title='bbox 1452 4196 1692 4264; x_wconf 86' lang='lat' dir='ltr'><strong>imperio,</strong></span> <span class='ocrx_word' id='word_1_431' title='bbox 1726 4209 1782 4252; x_wconf 90' lang='lat' dir='ltr'><strong>ut</strong></span> <span class='ocrx_word' id='word_1_432' title='bbox 1809 4200 1981 4254; x_wconf 89' lang='lat' dir='ltr'><strong>nullus</strong></span> 
     </span>
    </p>
   </div>
   <div class='ocr_carea' id='block_1_60' title="bbox 438 4270 1981 4354">
    <p class='ocr_par' dir='ltr' id='par_1_60' title="bbox 438 4270 1981 4354">
     <span class='ocr_line' id='line_1_60' title="bbox 438 4270 1981 4354; baseline 0.017 -37"><span class='ocrx_word' id='word_1_433' title='bbox 438 4271 605 4335; x_wconf 83' lang='lat' dir='ltr'><strong>pretio</strong></span> <span class='ocrx_word' id='word_1_434' title='bbox 633 4270 757 4324; x_wconf 90' lang='lat' dir='ltr'><strong>dato</strong></span> <span class='ocrx_word' id='word_1_435' title='bbox 787 4273 849 4324; x_wconf 87' lang='lat' dir='ltr'><strong>ad</strong></span> <span class='ocrx_word' id='word_1_436' title='bbox 877 4279 1204 4330; x_wconf 86' lang='lat' dir='ltr'><strong>sacerdotale</strong></span> <span class='ocrx_word' id='word_1_437' title='bbox 1229 4280 1456 4335; x_wconf 83' lang='lat' dir='ltr'><strong>otﬁcium</strong></span> <span class='ocrx_word' id='word_1_438' title='bbox 1478 4287 1864 4354; x_wconf 82' lang='lat' dir='ltr'><strong>admitteretur,</strong></span> <span class='ocrx_word' id='word_1_439' title='bbox 1890 4305 1981 4343; x_wconf 82' lang='lat' dir='ltr'><strong>ne-</strong></span> 
     </span>
    </p>
   </div>
   <div class='ocr_carea' id='block_1_61' title="bbox 436 4360 1980 4437">
    <p class='ocr_par' dir='ltr' id='par_1_61' title="bbox 436 4360 1980 4437">
     <span class='ocr_line' id='line_1_61' title="bbox 436 4360 1980 4437; baseline 0.013 -29"><span class='ocrx_word' id='word_1_440' title='bbox 436 4367 538 4422; x_wconf 89' lang='lat' dir='ltr'><strong>que</strong></span> <span class='ocrx_word' id='word_1_441' title='bbox 567 4373 657 4412; x_wconf 89' lang='lat' dir='ltr'><strong>eos</strong></span> <span class='ocrx_word' id='word_1_442' title='bbox 671 4360 760 4425; x_wconf 90' lang='lat' dir='ltr'><strong>qui</strong></span> <span class='ocrx_word' id='word_1_443' title='bbox 791 4372 842 4414; x_wconf 93' lang='lat' dir='ltr'><strong>ut</strong></span> <span class='ocrx_word' id='word_1_444' title='bbox 875 4363 981 4430; x_wconf 90' lang='lat' dir='ltr'><strong>lupi</strong></span> <span class='ocrx_word' id='word_1_445' title='bbox 1001 4380 1216 4429; x_wconf 87' lang='lat' dir='ltr'><strong>rapaces</strong></span> <span class='ocrx_word' id='word_1_446' title='bbox 1245 4384 1457 4422; x_wconf 76' lang='lat' dir='ltr'><strong>numera</strong></span> <span class='ocrx_word' id='word_1_447' title='bbox 1484 4373 1674 4437; x_wconf 86' lang='lat' dir='ltr'><strong>dando,</strong></span> <span class='ocrx_word' id='word_1_448' title='bbox 1700 4377 1980 4430; x_wconf 88' lang='lat' dir='ltr'><strong>mercanda</strong></span> 
     </span>
    </p>
   </div>
   <div class='ocr_carea' id='block_1_62' title="bbox 2092 1924 3667 2004">
    <p class='ocr_par' dir='ltr' id='par_1_62' title="bbox 2092 1924 3667 2004">
     <span class='ocr_line' id='line_1_62' title="bbox 2092 1924 3667 2004; baseline 0.011 -26"><span class='ocrx_word' id='word_1_449' title='bbox 2092 1924 2271 1990; x_wconf 90' lang='lat' dir='ltr'><strong>ducto,</strong></span> <span class='ocrx_word' id='word_1_450' title='bbox 2297 1926 2514 1996; x_wconf 88' lang='lat' dir='ltr'><strong>jamque</strong></span> <span class='ocrx_word' id='word_1_451' title='bbox 2539 1945 2604 1984; x_wconf 90' lang='lat' dir='ltr'><strong>eo</strong></span> <span class='ocrx_word' id='word_1_452' title='bbox 2631 1933 2946 2004; x_wconf 82' lang='lat' dir='ltr'><strong>presbytero</strong></span> <span class='ocrx_word' id='word_1_453' title='bbox 2973 1949 3004 1987; x_wconf 85' lang='lat' dir='ltr'><strong>a</strong></span> <span class='ocrx_word' id='word_1_454' title='bbox 3051 1935 3253 1992; x_wconf 89' lang='lat' dir='ltr'><strong>Domno</strong></span> <span class='ocrx_word' id='word_1_455' title='bbox 3282 1938 3520 1994; x_wconf 87' lang='lat' dir='ltr'><strong>Deodato</strong></span> <span class='ocrx_word' id='word_1_456' title='bbox 3538 1939 3667 2002; x_wconf 72' lang='lat' dir='ltr'><strong>Ma-</strong></span> 
     </span>
    </p>
   </div>
   <div class='ocr_carea' id='block_1_63' title="bbox 2091 2017 3668 2095">
    <p class='ocr_par' dir='ltr' id='par_1_63' title="bbox 2091 2017 3668 2095">
     <span class='ocr_line' id='line_1_63' title="bbox 2091 2017 3668 2095; baseline 0.01 -29"><span class='ocrx_word' id='word_1_457' title='bbox 2091 2017 2349 2069; x_wconf 88' lang='lat' dir='ltr'><strong>tascensis</strong></span> <span class='ocrx_word' id='word_1_458' title='bbox 2375 2019 2516 2071; x_wconf 81' lang='lat' dir='ltr'><strong>urbis</strong></span> <span class='ocrx_word' id='word_1_459' title='bbox 2533 2019 2782 2088; x_wconf 84' lang='lat' dir='ltr'><strong>episcOpo</strong></span> <span class='ocrx_word' id='word_1_460' title='bbox 2826 2022 3093 2088; x_wconf 83' lang='lat' dir='ltr'><strong>ordinato,</strong></span> <span class='ocrx_word' id='word_1_461' title='bbox 3125 2024 3258 2078; x_wconf 90' lang='lat' dir='ltr'><strong>inito</strong></span> <span class='ocrx_word' id='word_1_462' title='bbox 3299 2027 3532 2081; x_wconf 90' lang='lat' dir='ltr'><strong>concilio</strong></span> <span class='ocrx_word' id='word_1_463' title='bbox 3566 2044 3668 2095; x_wconf 85' lang='lat' dir='ltr'><strong>pa-</strong></span> 
     </span>
    </p>
   </div>
   <div class='ocr_carea' id='block_1_64' title="bbox 2096 2104 3669 2183">
    <p class='ocr_par' dir='ltr' id='par_1_64' title="bbox 2096 2104 3669 2183">
     <span class='ocr_line' id='line_1_64' title="bbox 2096 2104 3669 2183; baseline 0.01 -27"><span class='ocrx_word' id='word_1_464' title='bbox 2096 2104 2223 2156; x_wconf 88' lang='lat' dir='ltr'><strong>riter</strong></span> <span class='ocrx_word' id='word_1_465' title='bbox 2259 2105 2357 2158; x_wconf 82' lang='lat' dir='ltr'><strong>sub</strong></span> <span class='ocrx_word' id='word_1_466' title='bbox 2394 2104 2551 2183; x_wconf 78' lang='lat' dir='ltr'><strong>unius</strong></span> <span class='ocrx_word' id='word_1_467' title='bbox 2571 2106 2674 2161; x_wconf 87' lang='lat' dir='ltr'><strong>diei</strong></span> <span class='ocrx_word' id='word_1_468' title='bbox 2703 2109 2926 2163; x_wconf 90' lang='lat' dir='ltr'><strong>articulo</strong></span> <span class='ocrx_word' id='word_1_469' title='bbox 2955 2112 3300 2178; x_wconf 85' lang='lat' dir='ltr'><strong>apostolicam</strong></span> <span class='ocrx_word' id='word_1_470' title='bbox 3329 2115 3669 2171; x_wconf 84' lang='lat' dir='ltr'><strong>benedictio-</strong></span> 
     </span>
    </p>
   </div>
   <div class='ocr_carea' id='block_1_65' title="bbox 2091 2191 3666 2273">
    <p class='ocr_par' dir='ltr' id='par_1_65' title="bbox 2091 2191 3666 2273">
     <span class='ocr_line' id='line_1_65' title="bbox 2091 2191 3666 2273; baseline 0.011 -30"><span class='ocrx_word' id='word_1_471' title='bbox 2091 2206 2209 2244; x_wconf 91' lang='lat' dir='ltr'><strong>nem</strong></span> <span class='ocrx_word' id='word_1_472' title='bbox 2233 2191 2539 2248; x_wconf 36' lang='lat' dir='ltr'><strong>m‘eruerunt</strong></span> <span class='ocrx_word' id='word_1_473' title='bbox 2559 2197 2789 2262; x_wconf 88' lang='lat' dir='ltr'><strong>gratuito</strong></span> <span class='ocrx_word' id='word_1_474' title='bbox 2813 2214 2828 2251; x_wconf 90' lang='lat'><strong>:</strong></span> <span class='ocrx_word' id='word_1_475' title='bbox 2859 2200 3128 2254; x_wconf 84' lang='lat' dir='ltr'><strong>eratenim</strong></span> <span class='ocrx_word' id='word_1_476' title='bbox 3163 2209 3371 2269; x_wconf 90' lang='lat' dir='ltr'><strong>tempus</strong></span> <span class='ocrx_word' id='word_1_477' title='bbox 3395 2217 3502 2270; x_wconf 91' lang='lat' dir='ltr'><strong>quo</strong></span> <span class='ocrx_word' id='word_1_478' title='bbox 3518 2207 3666 2273; x_wconf 84' lang='lat' dir='ltr'><strong>apud</strong></span> 
     </span>
    </p>
   </div>
   <div class='ocr_carea' id='block_1_66' title="bbox 2091 2281 3656 2360">
    <p class='ocr_par' dir='ltr' id='par_1_66' title="bbox 2091 2281 3656 2360">
     <span class='ocr_line' id='line_1_66' title="bbox 2091 2281 3656 2360; baseline 0.011 -27"><span class='ocrx_word' id='word_1_479' title='bbox 2091 2281 2286 2336; x_wconf 85' lang='lat' dir='ltr'><strong>Gallias</strong></span> <span class='ocrx_word' id='word_1_480' title='bbox 2317 2283 2637 2351; x_wconf 80' lang='lat' dir='ltr'><strong>Rogationes</strong></span> <span class='ocrx_word' id='word_1_481' title='bbox 2667 2303 2698 2341; x_wconf 87' lang='lat' dir='ltr'><strong>a</strong></span> <span class='ocrx_word' id='word_1_482' title='bbox 2738 2298 2931 2344; x_wconf 91' lang='lat' dir='ltr'><strong>cuncto</strong></span> <span class='ocrx_word' id='word_1_483' title='bbox 2973 2292 3172 2360; x_wconf 91' lang='lat' dir='ltr'><strong>populo</strong></span> <span class='ocrx_word' id='word_1_484' title='bbox 3221 2293 3656 2350; x_wconf 84' lang='lat' dir='ltr'><strong>celebrabantur.</strong></span> 
     </span>
    </p>
   </div>
   <div class='ocr_carea' id='block_1_67' title="bbox 2089 2372 3659 2454">
    <p class='ocr_par' dir='ltr' id='par_1_67' title="bbox 2089 2372 3659 2454">
     <span class='ocr_line' id='line_1_67' title="bbox 2089 2372 3659 2454; baseline 0.009 -31"><span class='ocrx_word' id='word_1_485' title='bbox 2089 2372 2480 2428; x_wconf 83' lang='lat' dir='ltr'><strong>Convenientes</strong></span> <span class='ocrx_word' id='word_1_486' title='bbox 2520 2375 2682 2442; x_wconf 81' lang='lat' dir='ltr'><strong>igitur</strong></span> <span class='ocrx_word' id='word_1_487' title='bbox 2709 2379 2866 2431; x_wconf 88' lang='lat' dir='ltr'><strong>simul</strong></span> <span class='ocrx_word' id='word_1_488' title='bbox 2895 2381 2946 2433; x_wconf 93' lang='lat' dir='ltr'><strong>in</strong></span> <span class='ocrx_word' id='word_1_489' title='bbox 2967 2381 3234 2436; x_wconf 90' lang='lat' dir='ltr'><strong>civitatem</strong></span> <span class='ocrx_word' id='word_1_490' title='bbox 3259 2383 3659 2454; x_wconf 77' lang='lat' dir='ltr'><strong>Rothomagen-</strong></span> 
     </span>
    </p>
   </div>
   <div class='ocr_carea' id='block_1_68' title="bbox 2089 2463 3660 2534">
    <p class='ocr_par' dir='ltr' id='par_1_68' title="bbox 2089 2463 3660 2534">
     <span class='ocr_line' id='line_1_68' title="bbox 2089 2463 3660 2534; baseline 0.01 -23"><span class='ocrx_word' id='word_1_491' title='bbox 2089 2473 2200 2512; x_wconf 90' lang='lat' dir='ltr'><strong>sem</strong></span> <span class='ocrx_word' id='word_1_492' title='bbox 2232 2470 2421 2528; x_wconf 90' lang='lat' dir='ltr'><strong>quarto</strong></span> <span class='ocrx_word' id='word_1_493' title='bbox 2441 2463 2644 2516; x_wconf 81' lang='lat' dir='ltr'><strong>decimr</strong></span> <span class='ocrx_word' id='word_1_494' title='bbox 2668 2465 2754 2519; x_wconf 90' lang='lat' dir='ltr'><strong>die</strong></span> <span class='ocrx_word' id='word_1_495' title='bbox 2782 2467 2978 2522; x_wconf 85' lang='lat' dir='ltr'><strong>mensis</strong></span> <span class='ocrx_word' id='word_1_496' title='bbox 3001 2467 3165 2534; x_wconf 89' lang='lat' dir='ltr'><strong>tertii,</strong></span> <span class='ocrx_word' id='word_1_497' title='bbox 3187 2471 3341 2524; x_wconf 88' lang='lat' dir='ltr'><strong>tertio</strong></span> <span class='ocrx_word' id='word_1_498' title='bbox 3369 2486 3511 2526; x_wconf 86' lang='lat' dir='ltr'><strong>anno</strong></span> <span class='ocrx_word' id='word_1_499' title='bbox 3528 2472 3660 2527; x_wconf 63' lang='lat' dir='ltr'><strong>Cloo</strong></span> 
     </span>
    </p>
   </div>
   <div class='ocr_carea' id='block_1_69' title="bbox 2088 2549 3654 2622">
    <p class='ocr_par' dir='ltr' id='par_1_69' title="bbox 2088 2549 3654 2622">
     <span class='ocr_line' id='line_1_69' title="bbox 2088 2549 3654 2622; baseline 0.006 -20"><span class='ocrx_word' id='word_1_500' title='bbox 2088 2549 2265 2615; x_wconf 89' lang='lat' dir='ltr'><strong>dovei,</strong></span> <span class='ocrx_word' id='word_1_501' title='bbox 2292 2551 2560 2617; x_wconf 89' lang='lat' dir='ltr'><strong>juvenculi</strong></span> <span class='ocrx_word' id='word_1_502' title='bbox 2586 2553 2760 2608; x_wconf 87' lang='lat' dir='ltr'><strong>adhuc</strong></span> <span class='ocrx_word' id='word_1_503' title='bbox 2789 2555 2947 2622; x_wconf 89' lang='lat' dir='ltr'><strong>regis,</strong></span> <span class='ocrx_word' id='word_1_504' title='bbox 2990 2553 3077 2609; x_wconf 89' lang='lat' dir='ltr'><strong>die</strong></span> <span class='ocrx_word' id='word_1_505' title='bbox 3109 2557 3382 2612; x_wconf 91' lang='lat' dir='ltr'><strong>Dominico</strong></span> <span class='ocrx_word' id='word_1_506' title='bbox 3409 2567 3535 2612; x_wconf 91' lang='lat' dir='ltr'><strong>ante</strong></span> <span class='ocrx_word' id='word_1_507' title='bbox 3565 2560 3654 2612; x_wconf 80' lang='lat' dir='ltr'><strong>Li-</strong></span> 
     </span>
    </p>
   </div>
   <div class='ocr_carea' id='block_1_70' title="bbox 2088 2641 3656 2719">
    <p class='ocr_par' dir='ltr' id='par_1_70' title="bbox 2088 2641 3656 2719">
     <span class='ocr_line' id='line_1_70' title="bbox 2088 2641 3656 2719; baseline 0.01 -27"><span class='ocrx_word' id='word_1_508' title='bbox 2088 2642 2258 2694; x_wconf 89' lang='lat' dir='ltr'><strong>tanias</strong></span> <span class='ocrx_word' id='word_1_509' title='bbox 2285 2641 2420 2696; x_wconf 89' lang='lat' dir='ltr'><strong>inter</strong></span> <span class='ocrx_word' id='word_1_510' title='bbox 2431 2651 2669 2698; x_wconf 86' lang='lat' dir='ltr'><strong>catervas</strong></span> <span class='ocrx_word' id='word_1_511' title='bbox 2692 2646 2890 2715; x_wconf 91' lang='lat' dir='ltr'><strong>populi,</strong></span> <span class='ocrx_word' id='word_1_512' title='bbox 2910 2647 3048 2702; x_wconf 89' lang='lat' dir='ltr'><strong>inter</strong></span> <span class='ocrx_word' id='word_1_513' title='bbox 3077 2649 3286 2716; x_wconf 78' lang='lat' dir='ltr'><strong>agmina</strong></span> <span class='ocrx_word' id='word_1_514' title='bbox 3311 2653 3656 2719; x_wconf 85' lang='lat' dir='ltr'><strong>c&#39;ericorum,</strong></span> 
     </span>
    </p>
   </div>
   <div class='ocr_carea' id='block_1_71' title="bbox 2088 2730 3657 2812">
    <p class='ocr_par' dir='ltr' id='par_1_71' title="bbox 2088 2730 3657 2812">
     <span class='ocr_line' id='line_1_71' title="bbox 2088 2730 3657 2812; baseline 0.01 -30"><span class='ocrx_word' id='word_1_515' title='bbox 2088 2730 2226 2782; x_wconf 75' lang='lat' dir='ltr'><strong>inter</strong></span> <span class='ocrx_word' id='word_1_516' title='bbox 2254 2731 2446 2786; x_wconf 90' lang='lat' dir='ltr'><strong>choros</strong></span> <span class='ocrx_word' id='word_1_517' title='bbox 2475 2734 2808 2801; x_wconf 85' lang='lat' dir='ltr'><strong>psallentium</strong></span> <span class='ocrx_word' id='word_1_518' title='bbox 2837 2739 3134 2793; x_wconf 81' lang='lat' dir='ltr'><strong>consecrati</strong></span> <span class='ocrx_word' id='word_1_519' title='bbox 3181 2754 3362 2795; x_wconf 89' lang='lat' dir='ltr'><strong>sumus</strong></span> <span class='ocrx_word' id='word_1_520' title='bbox 3385 2744 3553 2812; x_wconf 83' lang='lat' dir='ltr'><strong>gratis</strong></span> <span class='ocrx_word' id='word_1_521' title='bbox 3583 2745 3657 2798; x_wconf 91' lang='lat' dir='ltr'><strong>ab</strong></span> 
     </span>
    </p>
   </div>
   <div class='ocr_carea' id='block_1_72' title="bbox 2085 2822 3662 2898">
    <p class='ocr_par' dir='ltr' id='par_1_72' title="bbox 2085 2822 3662 2898">
     <span class='ocr_line' id='line_1_72' title="bbox 2085 2822 3662 2898; baseline 0.011 -26"><span class='ocrx_word' id='word_1_522' title='bbox 2085 2822 2348 2890; x_wconf 88' lang='lat' dir='ltr'><strong>episcopis</strong></span> <span class='ocrx_word' id='word_1_523' title='bbox 2376 2824 2575 2891; x_wconf 88' lang='lat' dir='ltr'><strong>pariter</strong></span> <span class='ocrx_word' id='word_1_524' title='bbox 2594 2827 2871 2896; x_wconf 83' lang='lat' dir='ltr'><strong>episcopi,</strong></span> <span class='ocrx_word' id='word_1_525' title='bbox 2921 2843 3023 2898; x_wconf 87' lang='lat' dir='ltr'><strong>ego</strong></span> <span class='ocrx_word' id='word_1_526' title='bbox 3053 2829 3296 2885; x_wconf 82' lang='lat' dir='ltr'><strong>Rodomo</strong></span> <span class='ocrx_word' id='word_1_527' title='bbox 3327 2872 3343 2896; x_wconf 95' lang='lat'><strong>,</strong></span> <span class='ocrx_word' id='word_1_528' title='bbox 3399 2834 3487 2888; x_wconf 91' lang='lat' dir='ltr'><strong>ille</strong></span> <span class='ocrx_word' id='word_1_529' title='bbox 3543 2834 3662 2888; x_wconf 82' lang='lat' dir='ltr'><strong>No-</strong></span> 
     </span>
    </p>
   </div>
   <div class='ocr_carea' id='block_1_73' title="bbox 2085 2911 3658 2990">
    <p class='ocr_par' dir='ltr' id='par_1_73' title="bbox 2085 2911 3658 2990">
     <span class='ocr_line' id='line_1_73' title="bbox 2085 2911 3658 2990; baseline 0.014 -30"><span class='ocrx_word' id='word_1_530' title='bbox 2085 2915 2282 2964; x_wconf 87' lang='lat' dir='ltr'><strong>viomo.</strong></span> <span class='ocrx_word' id='word_1_531' title='bbox 2308 2911 2396 2966; x_wconf 91' lang='lat' dir='ltr'><strong>Sic</strong></span> <span class='ocrx_word' id='word_1_532' title='bbox 2413 2927 2540 2980; x_wconf 87' lang='lat' dir='ltr'><strong>ergo</strong></span> <span class='ocrx_word' id='word_1_533' title='bbox 2592 2916 2899 2986; x_wconf 88' lang='lat' dir='ltr'><strong>episcopatu</strong></span> <span class='ocrx_word' id='word_1_534' title='bbox 2945 2931 3193 2990; x_wconf 87' lang='lat' dir='ltr'><strong>suscepto</strong></span> <span class='ocrx_word' id='word_1_535' title='bbox 3219 2921 3285 2974; x_wconf 82' lang='lat' dir='ltr'><strong>ad</strong></span> <span class='ocrx_word' id='word_1_536' title='bbox 3325 2923 3509 2978; x_wconf 84' lang='lat' dir='ltr'><strong>sedem</strong></span> <span class='ocrx_word' id='word_1_537' title='bbox 3561 2941 3658 2981; x_wconf 82' lang='lat' dir='ltr'><strong>re-</strong></span> 
     </span>
    </p>
   </div>
   <div class='ocr_carea' id='block_1_74' title="bbox 2085 3002 3661 3079">
    <p class='ocr_par' dir='ltr' id='par_1_74' title="bbox 2085 3002 3661 3079">
     <span class='ocr_line' id='line_1_74' title="bbox 2085 3002 3661 3079; baseline 0.011 -31"><span class='ocrx_word' id='word_1_538' title='bbox 2085 3011 2303 3065; x_wconf 84' lang='lat' dir='ltr'><strong>means,</strong></span> <span class='ocrx_word' id='word_1_539' title='bbox 2334 3002 2542 3066; x_wconf 86' lang='lat' dir='ltr'><strong>qualem</strong></span> <span class='ocrx_word' id='word_1_540' title='bbox 2574 3017 2634 3055; x_wconf 90' lang='lat' dir='ltr'><strong>se</strong></span> <span class='ocrx_word' id='word_1_541' title='bbox 2680 3003 2893 3058; x_wconf 89' lang='lat' dir='ltr'><strong>demum</strong></span> <span class='ocrx_word' id='word_1_542' title='bbox 2939 3016 3304 3078; x_wconf 90' lang='lat' dir='ltr'><strong>quantumque</strong></span> <span class='ocrx_word' id='word_1_543' title='bbox 3345 3014 3661 3079; x_wconf 69' lang='lat' dir='ltr'><strong>praestiterit</strong></span> 
     </span>
    </p>
   </div>
   <div class='ocr_carea' id='block_1_75' title="bbox 2084 3091 3648 3168">
    <p class='ocr_par' dir='ltr' id='par_1_75' title="bbox 2084 3091 3648 3168">
     <span class='ocr_line' id='line_1_75' title="bbox 2084 3091 3648 3168; baseline 0.01 -25"><span class='ocrx_word' id='word_1_544' title='bbox 2084 3091 2203 3158; x_wconf 88' lang='lat' dir='ltr'><strong>quis</strong></span> <span class='ocrx_word' id='word_1_545' title='bbox 2231 3091 2386 3158; x_wconf 86' lang='lat' dir='ltr'><strong>digne</strong></span> <span class='ocrx_word' id='word_1_546' title='bbox 2413 3095 2588 3148; x_wconf 86' lang='lat' dir='ltr'><strong>valeat</strong></span> <span class='ocrx_word' id='word_1_547' title='bbox 2613 3097 2910 3164; x_wconf 81' lang='lat' dir='ltr'><strong>explicare;</strong></span> <span class='ocrx_word' id='word_1_548' title='bbox 2935 3108 3026 3152; x_wconf 92' lang='lat' dir='ltr'><strong>aut</strong></span> <span class='ocrx_word' id='word_1_549' title='bbox 3051 3101 3169 3168; x_wconf 90' lang='lat' dir='ltr'><strong>quis</strong></span> <span class='ocrx_word' id='word_1_550' title='bbox 3191 3109 3336 3155; x_wconf 83' lang='lat' dir='ltr'><strong>tanta</strong></span> <span class='ocrx_word' id='word_1_551' title='bbox 3359 3105 3648 3158; x_wconf 81' lang='lat' dir='ltr'><strong>verborum</strong></span> 
     </span>
    </p>
   </div>
   <div class='ocr_carea' id='block_1_76' title="bbox 2085 3181 3658 3260">
    <p class='ocr_par' dir='ltr' id='par_1_76' title="bbox 2085 3181 3658 3260">
     <span class='ocr_line' id='line_1_76' title="bbox 2085 3181 3658 3260; baseline 0.009 -25"><span class='ocrx_word' id='word_1_552' title='bbox 2085 3183 2236 3250; x_wconf 79' lang='lat' dir='ltr'><strong>copia</strong></span> <span class='ocrx_word' id='word_1_553' title='bbox 2273 3181 2561 3240; x_wconf 87' lang='lat' dir='ltr'><strong>instructus</strong></span> <span class='ocrx_word' id='word_1_554' title='bbox 2585 3190 2816 3254; x_wconf 84' lang='lat' dir='ltr'><strong>existat;</strong></span> <span class='ocrx_word' id='word_1_555' title='bbox 2858 3190 2944 3245; x_wconf 90' lang='lat' dir='ltr'><strong>vel</strong></span> <span class='ocrx_word' id='word_1_556' title='bbox 2971 3206 3090 3260; x_wconf 65' lang='lat' dir='ltr'><strong>quae</strong></span> <span class='ocrx_word' id='word_1_557' title='bbox 3137 3193 3310 3248; x_wconf 89' lang='lat' dir='ltr'><strong>oratio</strong></span> <span class='ocrx_word' id='word_1_558' title='bbox 3360 3203 3521 3248; x_wconf 62' lang='lat' dir='ltr'><strong>tanta:</strong></span> <span class='ocrx_word' id='word_1_559' title='bbox 3575 3196 3658 3249; x_wconf 81' lang='lat' dir='ltr'><strong>af-</strong></span> 
     </span>
    </p>
   </div>
   <div class='ocr_carea' id='block_1_77' title="bbox 2083 3273 3650 3354">
    <p class='ocr_par' dir='ltr' id='par_1_77' title="bbox 2083 3273 3650 3354">
     <span class='ocr_line' id='line_1_77' title="bbox 2083 3273 3650 3354; baseline 0.011 -31"><span class='ocrx_word' id='word_1_560' title='bbox 2083 3273 2312 3328; x_wconf 76' lang='lat' dir='ltr'><strong>ﬂuentia:</strong></span> <span class='ocrx_word' id='word_1_561' title='bbox 2341 3277 2580 3332; x_wconf 87' lang='lat' dir='ltr'><strong>ubertate</strong></span> <span class='ocrx_word' id='word_1_562' title='bbox 2608 3280 2905 3344; x_wconf 82' lang='lat' dir='ltr'><strong>exundans,</strong></span> <span class='ocrx_word' id='word_1_563' title='bbox 2941 3297 3060 3350; x_wconf 73' lang='lat' dir='ltr'><strong>qua:</strong></span> <span class='ocrx_word' id='word_1_564' title='bbox 3087 3293 3280 3339; x_wconf 87' lang='lat' dir='ltr'><strong>cuncta</strong></span> <span class='ocrx_word' id='word_1_565' title='bbox 3331 3285 3448 3354; x_wconf 88' lang='lat' dir='ltr'><strong>ejus</strong></span> <span class='ocrx_word' id='word_1_566' title='bbox 3485 3286 3650 3350; x_wconf 86' lang='lat' dir='ltr'><strong>bona,</strong></span> 
     </span>
    </p>
   </div>
   <div class='ocr_carea' id='block_1_78' title="bbox 2085 3361 3652 3440">
    <p class='ocr_par' dir='ltr' id='par_1_78' title="bbox 2085 3361 3652 3440">
     <span class='ocr_line' id='line_1_78' title="bbox 2085 3361 3652 3440; baseline 0.01 -27"><span class='ocrx_word' id='word_1_567' title='bbox 2085 3369 2142 3414; x_wconf 91' lang='lat' dir='ltr'><strong>ut</strong></span> <span class='ocrx_word' id='word_1_568' title='bbox 2168 3361 2339 3424; x_wconf 87' lang='lat' dir='ltr'><strong>decet,</strong></span> <span class='ocrx_word' id='word_1_569' title='bbox 2372 3374 2536 3432; x_wconf 88' lang='lat' dir='ltr'><strong>queat</strong></span> <span class='ocrx_word' id='word_1_570' title='bbox 2561 3367 2844 3434; x_wconf 89' lang='lat' dir='ltr'><strong>prosequi?</strong></span> <span class='ocrx_word' id='word_1_571' title='bbox 2894 3368 3038 3422; x_wconf 85' lang='lat' dir='ltr'><strong>Idem</strong></span> <span class='ocrx_word' id='word_1_572' title='bbox 3066 3385 3279 3440; x_wconf 88' lang='lat' dir='ltr'><strong>semper</strong></span> <span class='ocrx_word' id='word_1_573' title='bbox 3305 3374 3554 3430; x_wconf 89' lang='lat' dir='ltr'><strong>robustus</strong></span> <span class='ocrx_word' id='word_1_574' title='bbox 3583 3375 3652 3428; x_wconf 88' lang='lat' dir='ltr'><strong>ad</strong></span> 
     </span>
    </p>
   </div>
   <div class='ocr_carea' id='block_1_79' title="bbox 2083 3449 3645 3537">
    <p class='ocr_par' dir='ltr' id='par_1_79' title="bbox 2083 3449 3645 3537">
     <span class='ocr_line' id='line_1_79' title="bbox 2083 3449 3645 3537; baseline 0.01 -37"><span class='ocrx_word' id='word_1_575' title='bbox 2083 3449 2288 3503; x_wconf 88' lang='lat' dir='ltr'><strong>virtutis</strong></span> <span class='ocrx_word' id='word_1_576' title='bbox 2316 3451 2621 3507; x_wconf 88' lang='lat' dir='ltr'><strong>instantiam</strong></span> <span class='ocrx_word' id='word_1_577' title='bbox 2665 3469 2724 3509; x_wconf 88' lang='lat' dir='ltr'><strong>se</strong></span> <span class='ocrx_word' id='word_1_578' title='bbox 2751 3471 3009 3512; x_wconf 71' lang='lat' dir='ltr'><strong>exercens</strong></span> <span class='ocrx_word' id='word_1_579' title='bbox 3039 3495 3056 3519; x_wconf 86' lang='lat'><strong>,</strong></span> <span class='ocrx_word' id='word_1_580' title='bbox 3105 3461 3534 3537; x_wconf 86' lang='lat' dir='ltr'><strong>constantissime</strong></span> <span class='ocrx_word' id='word_1_581' title='bbox 3591 3461 3645 3516; x_wconf 88' lang='lat' dir='ltr'><strong>in</strong></span> 
     </span>
    </p>
   </div>
   <div class='ocr_carea' id='block_1_80' title="bbox 2088 3542 3649 3612">
    <p class='ocr_par' dir='ltr' id='par_1_80' title="bbox 2088 3542 3649 3612">
     <span class='ocr_line' id='line_1_80' title="bbox 2088 3542 3649 3612; baseline 0.01 -24"><span class='ocrx_word' id='word_1_582' title='bbox 2088 3547 2268 3606; x_wconf 76' lang='lat' dir='ltr'><strong>empto</strong></span> <span class='ocrx_word' id='word_1_583' title='bbox 2297 3542 2572 3608; x_wconf 91' lang='lat' dir='ltr'><strong>proposito</strong></span> <span class='ocrx_word' id='word_1_584' title='bbox 2611 3545 3018 3612; x_wconf 89' lang='lat' dir='ltr'><strong>perseverabat;</strong></span> <span class='ocrx_word' id='word_1_585' title='bbox 3049 3546 3238 3600; x_wconf 87' lang='lat' dir='ltr'><strong>eadem</strong></span> <span class='ocrx_word' id='word_1_586' title='bbox 3269 3548 3322 3601; x_wconf 91' lang='lat' dir='ltr'><strong>in</strong></span> <span class='ocrx_word' id='word_1_587' title='bbox 3351 3550 3514 3603; x_wconf 91' lang='lat' dir='ltr'><strong>corde</strong></span> <span class='ocrx_word' id='word_1_588' title='bbox 3543 3551 3649 3604; x_wconf 86' lang='lat' dir='ltr'><strong>hu-</strong></span> 
     </span>
    </p>
   </div>
   <div class='ocr_carea' id='block_1_81' title="bbox 2081 3629 3654 3708">
    <p class='ocr_par' dir='ltr' id='par_1_81' title="bbox 2081 3629 3654 3708">
     <span class='ocr_line' id='line_1_81' title="bbox 2081 3629 3654 3708; baseline 0.01 -29"><span class='ocrx_word' id='word_1_589' title='bbox 2081 3629 2294 3694; x_wconf 89' lang='lat' dir='ltr'><strong>militas,</strong></span> <span class='ocrx_word' id='word_1_590' title='bbox 2326 3633 2512 3687; x_wconf 87' lang='lat' dir='ltr'><strong>eadem</strong></span> <span class='ocrx_word' id='word_1_591' title='bbox 2533 3633 2587 3687; x_wconf 92' lang='lat' dir='ltr'><strong>in</strong></span> <span class='ocrx_word' id='word_1_592' title='bbox 2617 3636 2762 3689; x_wconf 88' lang='lat' dir='ltr'><strong>vultu</strong></span> <span class='ocrx_word' id='word_1_593' title='bbox 2792 3639 3024 3704; x_wconf 86' lang='lat' dir='ltr'><strong>gravitas</strong></span> <span class='ocrx_word' id='word_1_594' title='bbox 3077 3647 3210 3700; x_wconf 88' lang='lat' dir='ltr'><strong>erat,</strong></span> <span class='ocrx_word' id='word_1_595' title='bbox 3238 3637 3479 3692; x_wconf 90' lang='lat' dir='ltr'><strong>eamdem</strong></span> <span class='ocrx_word' id='word_1_596' title='bbox 3524 3655 3654 3708; x_wconf 82' lang='lat' dir='ltr'><strong>pau-</strong></span> 
     </span>
    </p>
   </div>
   <div class='ocr_carea' id='block_1_82' title="bbox 2083 3720 3648 3798">
    <p class='ocr_par' dir='ltr' id='par_1_82' title="bbox 2083 3720 3648 3798">
     <span class='ocr_line' id='line_1_82' title="bbox 2083 3720 3648 3798; baseline 0.009 -28"><span class='ocrx_word' id='word_1_597' title='bbox 2083 3720 2295 3786; x_wconf 88' lang='lat' dir='ltr'><strong>peribus</strong></span> <span class='ocrx_word' id='word_1_598' title='bbox 2321 3737 2523 3787; x_wconf 90' lang='lat' dir='ltr'><strong>curam,</strong></span> <span class='ocrx_word' id='word_1_599' title='bbox 2557 3725 2801 3796; x_wconf 86' lang='lat' dir='ltr'><strong>eamdem</strong></span> <span class='ocrx_word' id='word_1_600' title='bbox 2853 3734 2912 3779; x_wconf 91' lang='lat' dir='ltr'><strong>ut</strong></span> <span class='ocrx_word' id='word_1_601' title='bbox 2937 3727 3081 3796; x_wconf 85' lang='lat' dir='ltr'><strong>prius</strong></span> <span class='ocrx_word' id='word_1_602' title='bbox 3107 3729 3528 3784; x_wconf 71' lang='lat' dir='ltr'><strong>Sollicitudinem</strong></span> <span class='ocrx_word' id='word_1_603' title='bbox 3547 3744 3648 3798; x_wconf 88' lang='lat' dir='ltr'><strong>ge-</strong></span> 
     </span>
    </p>
   </div>
   <div class='ocr_carea' id='block_1_83' title="bbox 2080 3809 3651 3879">
    <p class='ocr_par' dir='ltr' id='par_1_83' title="bbox 2080 3809 3651 3879">
     <span class='ocr_line' id='line_1_83' title="bbox 2080 3809 3651 3879; baseline 0.008 -19"><span class='ocrx_word' id='word_1_604' title='bbox 2080 3809 2466 3869; x_wconf 87' lang='lat' dir='ltr'><strong>rebat..eadem</strong></span> <span class='ocrx_word' id='word_1_605' title='bbox 2496 3813 2714 3866; x_wconf 89' lang='lat' dir='ltr'><strong>dilectio</strong></span> <span class='ocrx_word' id='word_1_606' title='bbox 2747 3815 2977 3868; x_wconf 67' lang='lat' dir='ltr'><strong>fraterna</strong></span> <span class='ocrx_word' id='word_1_607' title='bbox 3005 3855 3021 3879; x_wconf 91' lang='lat'><strong>,</strong></span> <span class='ocrx_word' id='word_1_608' title='bbox 3061 3817 3246 3869; x_wconf 89' lang='lat' dir='ltr'><strong>eadem</strong></span> <span class='ocrx_word' id='word_1_609' title='bbox 3277 3820 3470 3872; x_wconf 90' lang='lat' dir='ltr'><strong>mentis</strong></span> <span class='ocrx_word' id='word_1_610' title='bbox 3515 3834 3651 3873; x_wconf 77' lang='lat' dir='ltr'><strong>con-</strong></span> 
     </span>
    </p>
   </div>
   <div class='ocr_carea' id='block_1_84' title="bbox 2079 3898 3649 3975">
    <p class='ocr_par' dir='ltr' id='par_1_84' title="bbox 2079 3898 3649 3975">
     <span class='ocr_line' id='line_1_84' title="bbox 2079 3898 3649 3975; baseline 0.008 -27"><span class='ocrx_word' id='word_1_611' title='bbox 2079 3899 2271 3950; x_wconf 84' lang='lat' dir='ltr'><strong>stantia</strong></span> <span class='ocrx_word' id='word_1_612' title='bbox 2303 3898 2476 3953; x_wconf 89' lang='lat' dir='ltr'><strong>eidem</strong></span> <span class='ocrx_word' id='word_1_613' title='bbox 2503 3904 2867 3968; x_wconf 86' lang='lat' dir='ltr'><strong>permanebat,</strong></span> <span class='ocrx_word' id='word_1_614' title='bbox 2891 3904 2990 3957; x_wconf 90' lang='lat' dir='ltr'><strong>nisi</strong></span> <span class='ocrx_word' id='word_1_615' title='bbox 3019 3904 3162 3971; x_wconf 91' lang='lat' dir='ltr'><strong>quod</strong></span> <span class='ocrx_word' id='word_1_616' title='bbox 3189 3907 3508 3975; x_wconf 89' lang='lat' dir='ltr'><strong>episcopalis</strong></span> <span class='ocrx_word' id='word_1_617' title='bbox 3526 3923 3649 3961; x_wconf 85' lang='lat' dir='ltr'><strong>am-</strong></span> 
     </span>
    </p>
   </div>
   <div class='ocr_carea' id='block_1_85' title="bbox 2076 3987 3645 4061">
    <p class='ocr_par' dir='ltr' id='par_1_85' title="bbox 2076 3987 3645 4061">
     <span class='ocr_line' id='line_1_85' title="bbox 2076 3987 3645 4061; baseline 0.008 -22"><span class='ocrx_word' id='word_1_618' title='bbox 2076 3987 2228 4052; x_wconf 88' lang='lat' dir='ltr'><strong>bitio,</strong></span> <span class='ocrx_word' id='word_1_619' title='bbox 2259 4003 2377 4055; x_wconf 70' lang='lat' dir='ltr'><strong>qua:</strong></span> <span class='ocrx_word' id='word_1_620' title='bbox 2411 3991 2617 4045; x_wconf 67' lang='lat' dir='ltr'><strong>thlCl&#39;iS</strong></span> <span class='ocrx_word' id='word_1_621' title='bbox 2651 4007 2857 4061; x_wconf 75' lang='lat' dir='ltr'><strong>pompa:</strong></span> <span class='ocrx_word' id='word_1_622' title='bbox 2895 3994 3188 4048; x_wconf 79' lang='lat' dir='ltr'><strong>fomentum</strong></span> <span class='ocrx_word' id='word_1_623' title='bbox 3234 3996 3645 4051; x_wconf 85' lang='lat' dir='ltr'><strong>subministrare</strong></span> 
     </span>
    </p>
   </div>
   <div class='ocr_carea' id='block_1_86' title="bbox 2076 4076 3642 4149">
    <p class='ocr_par' dir='ltr' id='par_1_86' title="bbox 2076 4076 3642 4149">
     <span class='ocr_line' id='line_1_86' title="bbox 2076 4076 3642 4149; baseline 0.006 -19"><span class='ocrx_word' id='word_1_624' title='bbox 2076 4076 2232 4138; x_wconf 89' lang='lat' dir='ltr'><strong>solet,</strong></span> <span class='ocrx_word' id='word_1_625' title='bbox 2264 4079 2312 4132; x_wconf 92' lang='lat' dir='ltr'><strong>ei</strong></span> <span class='ocrx_word' id='word_1_626' title='bbox 2339 4079 2456 4146; x_wconf 92' lang='lat' dir='ltr'><strong>plus</strong></span> <span class='ocrx_word' id='word_1_627' title='bbox 2475 4080 2705 4134; x_wconf 90' lang='lat' dir='ltr'><strong>studium</strong></span> <span class='ocrx_word' id='word_1_628' title='bbox 2736 4081 3048 4149; x_wconf 71' lang='lat' dir='ltr'><strong>abjectior&#39;;</strong></span> <span class='ocrx_word' id='word_1_629' title='bbox 3076 4083 3316 4137; x_wconf 81' lang='lat' dir='ltr'><strong>exhibuit</strong></span> <span class='ocrx_word' id='word_1_630' title='bbox 3343 4125 3358 4148; x_wconf 95' lang='lat'><strong>,</strong></span> <span class='ocrx_word' id='word_1_631' title='bbox 3410 4093 3464 4137; x_wconf 90' lang='lat' dir='ltr'><strong>et</strong></span> <span class='ocrx_word' id='word_1_632' title='bbox 3497 4086 3642 4140; x_wconf 88' lang='lat' dir='ltr'><strong>unde</strong></span> 
     </span>
    </p>
   </div>
   <div class='ocr_carea' id='block_1_87' title="bbox 2079 4167 3645 4242">
    <p class='ocr_par' dir='ltr' id='par_1_87' title="bbox 2079 4167 3645 4242">
     <span class='ocr_line' id='line_1_87' title="bbox 2079 4167 3645 4242; baseline 0.007 -24"><span class='ocrx_word' id='word_1_633' title='bbox 2079 4167 2167 4219; x_wconf 91' lang='lat' dir='ltr'><strong>alii</strong></span> <span class='ocrx_word' id='word_1_634' title='bbox 2201 4168 2264 4220; x_wconf 89' lang='lat' dir='ltr'><strong>ad</strong></span> <span class='ocrx_word' id='word_1_635' title='bbox 2290 4176 2496 4236; x_wconf 88' lang='lat' dir='ltr'><strong>tempus</strong></span> <span class='ocrx_word' id='word_1_636' title='bbox 2516 4171 2762 4224; x_wconf 91' lang='lat' dir='ltr'><strong>videntur</strong></span> <span class='ocrx_word' id='word_1_637' title='bbox 2781 4173 2988 4237; x_wconf 83' lang='lat' dir='ltr'><strong>extolli,</strong></span> <span class='ocrx_word' id='word_1_638' title='bbox 3011 4173 3134 4227; x_wconf 88' lang='lat' dir='ltr'><strong>inde</strong></span> <span class='ocrx_word' id='word_1_639' title='bbox 3173 4173 3255 4226; x_wconf 89' lang='lat' dir='ltr'><strong>his</strong></span> <span class='ocrx_word' id='word_1_640' title='bbox 3276 4173 3504 4242; x_wconf 87' lang='lat' dir='ltr'><strong>amplius</strong></span> <span class='ocrx_word' id='word_1_641' title='bbox 3526 4184 3645 4228; x_wconf 86' lang='lat' dir='ltr'><strong>stu-</strong></span> 
     </span>
    </p>
   </div>
   <div class='ocr_carea' id='block_1_88' title="bbox 2079 4256 3647 4330">
    <p class='ocr_par' dir='ltr' id='par_1_88' title="bbox 2079 4256 3647 4330">
     <span class='ocr_line' id='line_1_88' title="bbox 2079 4256 3647 4330; baseline 0.006 -22"><span class='ocrx_word' id='word_1_642' title='bbox 2079 4256 2194 4308; x_wconf 90' lang='lat' dir='ltr'><strong>duit</strong></span> <span class='ocrx_word' id='word_1_643' title='bbox 2217 4257 2504 4310; x_wconf 90' lang='lat' dir='ltr'><strong>humiliari.</strong></span> <span class='ocrx_word' id='word_1_644' title='bbox 2524 4259 2648 4311; x_wconf 80' lang='lat' dir='ltr'><strong>Erat</strong></span> <span class='ocrx_word' id='word_1_645' title='bbox 2677 4260 2856 4326; x_wconf 88' lang='lat' dir='ltr'><strong>itaque</strong></span> <span class='ocrx_word' id='word_1_646' title='bbox 2873 4260 3085 4316; x_wconf 86' lang='lat' dir='ltr'><strong>Christo</strong></span> <span class='ocrx_word' id='word_1_647' title='bbox 3112 4277 3324 4330; x_wconf 89' lang='lat' dir='ltr'><strong>semper</strong></span> <span class='ocrx_word' id='word_1_648' title='bbox 3347 4261 3647 4329; x_wconf 85' lang='lat' dir='ltr'><strong>subjectus,</strong></span> 
     </span>
    </p>
   </div>
   <div class='ocr_carea' id='block_1_89' title="bbox 2079 4345 3694 4420">
    <p class='ocr_par' dir='ltr' id='par_1_89' title="bbox 2079 4345 3694 4420">
     <span class='ocr_line' id='line_1_89' title="bbox 2079 4345 3694 4420; baseline 0.007 -22"><span class='ocrx_word' id='word_1_649' title='bbox 2079 4352 2133 4398; x_wconf 88' lang='lat' dir='ltr'><strong>et</strong></span> <span class='ocrx_word' id='word_1_650' title='bbox 2161 4345 2441 4400; x_wconf 85' lang='lat' dir='ltr'><strong>devotione</strong></span> <span class='ocrx_word' id='word_1_651' title='bbox 2467 4357 2722 4415; x_wconf 85' lang='lat' dir='ltr'><strong>armatus,</strong></span> <span class='ocrx_word' id='word_1_652' title='bbox 2748 4349 2990 4404; x_wconf 86' lang='lat' dir='ltr'><strong>doctrina</strong></span> <span class='ocrx_word' id='word_1_653' title='bbox 3016 4353 3333 4420; x_wconf 75' lang='lat' dir='ltr'><strong>przeriputts,</strong></span> <span class='ocrx_word' id='word_1_654' title='bbox 3363 4352 3644 4418; x_wconf 84' lang='lat' dir='ltr'><strong>pontiﬁcio</strong></span> <span class='ocrx_word' id='word_1_655' title='bbox 3684 4387 3694 4393; x_wconf 93' lang='lat'><strong><em>-</em></strong></span> 
     </span>
    </p>
   </div>
   <div class='ocr_carea' id='block_1_90' title="bbox 433 4433 3641 4534">
    <p class='ocr_par' dir='ltr' id='par_1_90' title="bbox 433 4433 3641 4534">
     <span class='ocr_line' id='line_1_90' title="bbox 433 4433 3641 4534; baseline 0.006 -58"><span class='ocrx_word' id='word_1_656' title='bbox 433 4449 718 4500; x_wconf 53' lang='lat' dir='ltr'><strong>censebam</strong></span> <span class='ocrx_word' id='word_1_657' title='bbox 745 4453 880 4505; x_wconf 70' lang='lat' dir='ltr'><strong>dom</strong></span> <span class='ocrx_word' id='word_1_658' title='bbox 903 4453 1129 4521; x_wconf 48' lang='lat' dir='ltr'><strong>Spiritus</strong></span> <span class='ocrx_word' id='word_1_659' title='bbox 1157 4461 1344 4519; x_wconf 47' lang='lat' dir='ltr'><strong>sane“,</strong></span> <span class='ocrx_word' id='word_1_660' title='bbox 1363 4461 1452 4513; x_wconf 68' lang='lat' dir='ltr'><strong>sed</strong></span> <span class='ocrx_word' id='word_1_661' title='bbox 1487 4462 1580 4515; x_wconf 63' lang='lat' dir='ltr'><strong>hos</strong></span> <span class='ocrx_word' id='word_1_662' title='bbox 1598 4468 1770 4530; x_wconf 51' lang='lat' dir='ltr'><strong>potius</strong></span> <span class='ocrx_word' id='word_1_663' title='bbox 1789 4467 1876 4534; x_wconf 65' lang='lat' dir='ltr'><strong>qui</strong></span> <span class='ocrx_word' id='word_1_664' title='bbox 1899 4483 1977 4521; x_wconf 68' lang='lat' dir='ltr'><strong>es_</strong></span> <span class='ocrx_word' id='word_1_665' title='bbox 2011 4460 2058 4517; x_wconf 71' lang='grc' dir='ltr'><strong>ι)</strong></span> <span class='ocrx_word' id='word_1_666' title='bbox 2080 4433 2283 4532; x_wconf 79' lang='lat' dir='ltr'><strong>dignus,</strong></span> <span class='ocrx_word' id='word_1_667' title='bbox 2317 4436 2523 4534; x_wconf 76' lang='lat' dir='ltr'><strong>humilis</strong></span> <span class='ocrx_word' id='word_1_668' title='bbox 2575 4454 2625 4534; x_wconf 67' lang='lat' dir='ltr'><strong>tu</strong></span> <span class='ocrx_word' id='word_1_669' title='bbox 2669 4438 2868 4493; x_wconf 90' lang='lat' dir='ltr'><strong>honore</strong></span> <span class='ocrx_word' id='word_1_670' title='bbox 2921 4442 3215 4534; x_wconf 72' lang='lat' dir='ltr'><strong>recusando</strong></span> <span class='ocrx_word' id='word_1_671' title='bbox 3237 4481 3264 4534; x_wconf 36' lang='lat'><strong>..</strong></span> <span class='ocrx_word' id='word_1_672' title='bbox 3299 4441 3557 4534; x_wconf 78' lang='lat' dir='ltr'><strong>subditus</strong></span> <span class='ocrx_word' id='word_1_673' title='bbox 3583 4461 3641 4496; x_wconf 86' lang='lat' dir='ltr'><strong>tn</strong></span> 
     </span>
    </p>
   </div>
   <div class='ocr_carea' id='block_1_91' title="bbox 434 4536 1976 4622">
    <p class='ocr_par' dir='ltr' id='par_1_91' title="bbox 434 4536 1976 4622">
     <span class='ocr_line' id='line_1_91' title="bbox 434 4536 1976 4622; baseline 0.016 -36"><span class='ocrx_word' id='word_1_674' title='bbox 434 4536 690 4589; x_wconf 74' lang='lat' dir='ltr'><strong>sentboni</strong></span> <span class='ocrx_word' id='word_1_675' title='bbox 722 4543 1002 4596; x_wconf 85' lang='lat' dir='ltr'><strong>testimonii</strong></span> <span class='ocrx_word' id='word_1_676' title='bbox 1036 4547 1130 4597; x_wconf 86' lang='lat' dir='ltr'><strong>viri</strong></span> <span class='ocrx_word' id='word_1_677' title='bbox 1161 4556 1213 4600; x_wconf 92' lang='lat' dir='ltr'><strong>et</strong></span> <span class='ocrx_word' id='word_1_678' title='bbox 1236 4548 1710 4618; x_wconf 68' lang='lat' dir='ltr'><strong>irrepzrltcnsibilis</strong></span> <span class='ocrx_word' id='word_1_679' title='bbox 1740 4559 1877 4622; x_wconf 63' lang='lat' dir='ltr'><strong>vittc,</strong></span> <span class='ocrx_word' id='word_1_680' title='bbox 1909 4557 1976 4610; x_wconf 86' lang='lat' dir='ltr'><strong>ad</strong></span> 
     </span>
    </p>
   </div>
   <div class='ocr_carea' id='block_1_92' title="bbox 431 4624 1311 4698">
    <p class='ocr_par' dir='ltr' id='par_1_92' title="bbox 431 4624 1311 4698">
     <span class='ocr_line' id='line_1_92' title="bbox 431 4624 1311 4698; baseline 0.015 -22"><span class='ocrx_word' id='word_1_681' title='bbox 431 4624 658 4679; x_wconf 78' lang='lat' dir='ltr'><strong>ofﬁcium</strong></span> <span class='ocrx_word' id='word_1_682' title='bbox 687 4629 1019 4694; x_wconf 69' lang='lat' dir='ltr'><strong>pontﬁcatus</strong></span> <span class='ocrx_word' id='word_1_683' title='bbox 1040 4634 1311 4698; x_wconf 85' lang='lat' dir='ltr'><strong>eligerent.</strong></span> 
     </span>
    </p>
   </div>
   <div class='ocr_carea' id='block_1_93' title="bbox 1041 4744 1358 4805">
    <p class='ocr_par' dir='ltr' id='par_1_93' title="bbox 1041 4744 1358 4805">
     <span class='ocr_line' id='line_1_93' title="bbox 1041 4744 1358 4805; baseline 0.025 -8"><span class='ocrx_word' id='word_1_684' title='bbox 1041 4744 1259 4800; x_wconf 81' lang='lat' dir='ltr'><strong>CAPUT</strong></span> <span class='ocrx_word' id='word_1_685' title='bbox 1297 4750 1358 4805; x_wconf 90' lang='lat' dir='ltr'><strong>ll.</strong></span> 
     </span>
    </p>
   </div>
   <div class='ocr_carea' id='block_1_94' title="bbox 747 4831 1669 4910">
    <p class='ocr_par' dir='ltr' id='par_1_94' title="bbox 747 4831 1669 4910">
     <span class='ocr_line' id='line_1_94' title="bbox 747 4831 1669 4910; baseline 0.014 -28"><span class='ocrx_word' id='word_1_686' title='bbox 747 4831 823 4884; x_wconf 84' lang='lat' dir='ltr'><strong>De</strong></span> <span class='ocrx_word' id='word_1_687' title='bbox 852 4833 1169 4887; x_wconf 78' lang='lat' dir='ltr'><strong>ordinatione</strong></span> <span class='ocrx_word' id='word_1_688' title='bbox 1206 4839 1517 4906; x_wconf 62' lang='lat' dir='ltr'><strong>episcopatus</strong></span> <span class='ocrx_word' id='word_1_689' title='bbox 1543 4843 1669 4910; x_wconf 73' lang='lat' dir='ltr'><strong>ejus.</strong></span> 
     </span>
    </p>
   </div>
   <div class='ocr_carea' id='block_1_95' title="bbox 500 4937 1972 5009">
    <p class='ocr_par' dir='ltr' id='par_1_95' title="bbox 500 4937 1972 5009">
     <span class='ocr_line' id='line_1_95' title="bbox 500 4937 1972 5009; baseline 0.012 -19"><span class='ocrx_word' id='word_1_690' title='bbox 500 4937 701 4992; x_wconf 70' lang='lat' dir='ltr'><strong>Exinde</strong></span> <span class='ocrx_word' id='word_1_691' title='bbox 726 4938 880 5004; x_wconf 85' lang='lat' dir='ltr'><strong>igitur</strong></span> <span class='ocrx_word' id='word_1_692' title='bbox 917 4943 1187 5007; x_wconf 84' lang='lat' dir='ltr'><strong>elegerunt</strong></span> <span class='ocrx_word' id='word_1_693' title='bbox 1218 4961 1277 4996; x_wconf 84' lang='lat' dir='ltr'><strong>cx</strong></span> <span class='ocrx_word' id='word_1_694' title='bbox 1313 4951 1496 5000; x_wconf 78' lang='lat' dir='ltr'><strong>merito</strong></span> <span class='ocrx_word' id='word_1_695' title='bbox 1522 4953 1818 5007; x_wconf 86' lang='lat' dir='ltr'><strong>sanctitatis</strong></span> <span class='ocrx_word' id='word_1_696' title='bbox 1843 4970 1972 5009; x_wconf 88' lang='lat' dir='ltr'><strong>cun-</strong></span> 
     </span>
    </p>
   </div>
   <div class='ocr_carea' id='block_1_96' title="bbox 430 5028 1969 5100">
    <p class='ocr_par' dir='ltr' id='par_1_96' title="bbox 430 5028 1969 5100">
     <span class='ocr_line' id='line_1_96' title="bbox 430 5028 1969 5100; baseline 0.017 -26"><span class='ocrx_word' id='word_1_697' title='bbox 430 5028 527 5080; x_wconf 75' lang='lat' dir='ltr'><strong>ctis</strong></span> <span class='ocrx_word' id='word_1_698' title='bbox 550 5029 698 5081; x_wconf 87' lang='lat' dir='ltr'><strong>bonis</strong></span> <span class='ocrx_word' id='word_1_699' title='bbox 726 5031 974 5095; x_wconf 82' lang='lat' dir='ltr'><strong>operibus</strong></span> <span class='ocrx_word' id='word_1_700' title='bbox 1004 5035 1272 5097; x_wconf 70' lang='lat' dir='ltr'><strong>prteditum</strong></span> <span class='ocrx_word' id='word_1_701' title='bbox 1304 5039 1363 5089; x_wconf 87' lang='lat' dir='ltr'><strong>ad</strong></span> <span class='ocrx_word' id='word_1_702' title='bbox 1393 5059 1461 5091; x_wconf 57' lang='lat' dir='ltr'><strong>sui</strong></span> <span class='ocrx_word' id='word_1_703' title='bbox 1483 5044 1718 5096; x_wconf 83' lang='lat' dir='ltr'><strong>cnlotale</strong></span> <span class='ocrx_word' id='word_1_704' title='bbox 1740 5046 1969 5100; x_wconf 71' lang='lat' dir='ltr'><strong>ofﬁcium</strong></span> 
     </span>
    </p>
   </div>
   <div class='ocr_carea' id='block_1_97' title="bbox 431 5119 1971 5204">
    <p class='ocr_par' dir='ltr' id='par_1_97' title="bbox 431 5119 1971 5204">
     <span class='ocr_line' id='line_1_97' title="bbox 431 5119 1971 5204; baseline 0.018 -39"><span class='ocrx_word' id='word_1_705' title='bbox 431 5126 666 5170; x_wconf 72' lang='lat' dir='ltr'><strong>sanctum</strong></span> <span class='ocrx_word' id='word_1_706' title='bbox 700 5119 916 5185; x_wconf 66' lang='lat' dir='ltr'><strong>liligium</strong></span> <span class='ocrx_word' id='word_1_707' title='bbox 941 5122 1047 5186; x_wconf 87' lang='lat' dir='ltr'><strong>jam</strong></span> <span class='ocrx_word' id='word_1_708' title='bbox 1079 5124 1270 5179; x_wconf 89' lang='lat' dir='ltr'><strong>lumine</strong></span> <span class='ocrx_word' id='word_1_709' title='bbox 1302 5130 1553 5184; x_wconf 79' lang='lat' dir='ltr'><strong>radiatum</strong></span> <span class='ocrx_word' id='word_1_710' title='bbox 1580 5173 1593 5192; x_wconf 95' lang='lat'><strong>,</strong></span> <span class='ocrx_word' id='word_1_711' title='bbox 1645 5147 1692 5186; x_wconf 87' lang='lat' dir='ltr'><strong>ut</strong></span> <span class='ocrx_word' id='word_1_712' title='bbox 1723 5149 1971 5204; x_wconf 70' lang='lat' dir='ltr'><strong>prmessel</strong></span> 
     </span>
    </p>
   </div>
   <div class='ocr_carea' id='block_1_98' title="bbox 429 5205 1968 5297">
    <p class='ocr_par' dir='ltr' id='par_1_98' title="bbox 429 5205 1968 5297">
     <span class='ocr_line' id='line_1_98' title="bbox 429 5205 1968 5297; baseline 0.018 -41"><span class='ocrx_word' id='word_1_713' title='bbox 429 5205 674 5258; x_wconf 72' lang='lat' dir='ltr'><strong>E&quot;t&#39;lesi;c</strong></span> <span class='ocrx_word' id='word_1_714' title='bbox 731 5209 1172 5277; x_wconf 73' lang='lat' dir='ltr'><strong>NovimnagCnsi:</strong></span> <span class='ocrx_word' id='word_1_715' title='bbox 1222 5221 1518 5272; x_wconf 58' lang='lat' dir='ltr'><strong>decesserat</strong></span> <span class='ocrx_word' id='word_1_716' title='bbox 1571 5224 1707 5277; x_wconf 84' lang='lat' dir='ltr'><strong>cnim</strong></span> <span class='ocrx_word' id='word_1_717' title='bbox 1763 5228 1814 5279; x_wconf 90' lang='lat' dir='ltr'><strong>in</strong></span> <span class='ocrx_word' id='word_1_718' title='bbox 1856 5230 1968 5297; x_wconf 88' lang='lat' dir='ltr'><strong>ipso</strong></span> 
     </span>
    </p>
   </div>
   <div class='ocr_carea' id='block_1_99' title="bbox 429 5294 1966 5383">
    <p class='ocr_par' dir='ltr' id='par_1_99' title="bbox 429 5294 1966 5383">
     <span class='ocr_line' id='line_1_99' title="bbox 429 5294 1966 5383; baseline 0.018 -40"><span class='ocrx_word' id='word_1_719' title='bbox 429 5294 550 5345; x_wconf 90' lang='lat' dir='ltr'><strong>anni</strong></span> <span class='ocrx_word' id='word_1_720' title='bbox 574 5295 770 5347; x_wconf 85' lang='lat' dir='ltr'><strong>circulo</strong></span> <span class='ocrx_word' id='word_1_721' title='bbox 797 5299 1052 5352; x_wconf 79' lang='lat' dir='ltr'><strong>Acbarius</strong></span> <span class='ocrx_word' id='word_1_722' title='bbox 1083 5303 1311 5368; x_wconf 65' lang='lat' dir='ltr'><strong>pI-reiata‘</strong></span> <span class='ocrx_word' id='word_1_723' title='bbox 1342 5308 1483 5358; x_wconf 80' lang='lat' dir='ltr'><strong>urbis</strong></span> <span class='ocrx_word' id='word_1_724' title='bbox 1511 5313 1747 5366; x_wconf 85' lang='lat' dir='ltr'><strong>antistes.</strong></span> <span class='ocrx_word' id='word_1_725' title='bbox 1781 5314 1966 5383; x_wconf 82' lang='lat' dir='ltr'><strong>Elege-</strong></span> 
     </span>
    </p>
   </div>
   <div class='ocr_carea' id='block_1_100' title="bbox 429 5393 1967 5474">
    <p class='ocr_par' dir='ltr' id='par_1_100' title="bbox 429 5393 1967 5474">
     <span class='ocr_line' id='line_1_100' title="bbox 429 5393 1967 5474; baseline 0.018 -40"><span class='ocrx_word' id='word_1_726' title='bbox 429 5393 548 5436; x_wconf 87' lang='lat' dir='ltr'><strong>t-unt</strong></span> <span class='ocrx_word' id='word_1_727' title='bbox 575 5394 750 5437; x_wconf 88' lang='lat' dir='ltr'><strong>autem</strong></span> <span class='ocrx_word' id='word_1_728' title='bbox 773 5401 885 5437; x_wconf 90' lang='lat' dir='ltr'><strong>cum</strong></span> <span class='ocrx_word' id='word_1_729' title='bbox 916 5403 979 5440; x_wconf 92' lang='lat' dir='ltr'><strong>eo</strong></span> <span class='ocrx_word' id='word_1_730' title='bbox 1002 5395 1384 5447; x_wconf 82' lang='lat' dir='ltr'><strong>etAudocnum</strong></span> <span class='ocrx_word' id='word_1_731' title='bbox 1441 5401 1670 5453; x_wconf 80' lang='lat' dir='ltr'><strong>sodalem</strong></span> <span class='ocrx_word' id='word_1_732' title='bbox 1716 5407 1832 5472; x_wconf 81' lang='lat' dir='ltr'><strong>ejus</strong></span> <span class='ocrx_word' id='word_1_733' title='bbox 1877 5409 1967 5474; x_wconf 88' lang='lat' dir='ltr'><strong>qui</strong></span> 
     </span>
    </p>
   </div>
   <div class='ocr_carea' id='block_1_101' title="bbox 429 5472 1963 5561">
    <p class='ocr_par' dir='ltr' id='par_1_101' title="bbox 429 5472 1963 5561">
     <span class='ocr_line' id='line_1_101' title="bbox 429 5472 1963 5561; baseline 0.018 -43"><span class='ocrx_word' id='word_1_734' title='bbox 429 5472 712 5523; x_wconf 83' lang='lat' dir='ltr'><strong>vocabatur</strong></span> <span class='ocrx_word' id='word_1_735' title='bbox 731 5472 894 5537; x_wconf 87' lang='lat' dir='ltr'><strong>Dado,</strong></span> <span class='ocrx_word' id='word_1_736' title='bbox 921 5485 1238 5540; x_wconf 74' lang='lat' dir='ltr'><strong>utprzeesset</strong></span> <span class='ocrx_word' id='word_1_737' title='bbox 1261 5482 1505 5534; x_wconf 61' lang='lat' dir='ltr'><strong>Ecclesia:</strong></span> <span class='ocrx_word' id='word_1_738' title='bbox 1532 5472 1963 5561; x_wconf 68' lang='lat' dir='ltr'><strong>liuthomagCusi.</strong></span> 
     </span>
    </p>
   </div>
   <div class='ocr_carea' id='block_1_102' title="bbox 428 5554 1967 5640">
    <p class='ocr_par' dir='ltr' id='par_1_102' title="bbox 428 5554 1967 5640">
     <span class='ocr_line' id='line_1_102' title="bbox 428 5554 1967 5640; baseline 0.023 -35"><span class='ocrx_word' id='word_1_739' title='bbox 428 5554 538 5611; x_wconf 88' lang='lat' dir='ltr'><strong>lloc</strong></span> <span class='ocrx_word' id='word_1_740' title='bbox 567 5574 691 5628; x_wconf 87' lang='lat' dir='ltr'><strong>ergo</strong></span> <span class='ocrx_word' id='word_1_741' title='bbox 723 5564 877 5617; x_wconf 80' lang='lat' dir='ltr'><strong>modo</strong></span> <span class='ocrx_word' id='word_1_742' title='bbox 903 5566 1170 5622; x_wconf 84' lang='lat' dir='ltr'><strong>auriﬁcem</strong></span> <span class='ocrx_word' id='word_1_743' title='bbox 1201 5571 1416 5625; x_wconf 85' lang='lat' dir='ltr'><strong>invitum</strong></span> <span class='ocrx_word' id='word_1_744' title='bbox 1455 5575 1728 5633; x_wconf 69' lang='lat' dir='ltr'><strong>(lClOthill</strong></span> <span class='ocrx_word' id='word_1_745' title='bbox 1777 5588 1967 5640; x_wconf 75' lang='lat' dir='ltr'><strong>consti-</strong></span> 
     </span>
    </p>
   </div>
   <div class='ocr_carea' id='block_1_103' title="bbox 2079 4523 3642 4594">
    <p class='ocr_par' dir='ltr' id='par_1_103' title="bbox 2079 4523 3642 4594">
     <span class='ocr_line' id='line_1_103' title="bbox 2079 4523 3642 4594; baseline 0.007 -21"><span class='ocrx_word' id='word_1_746' title='bbox 2079 4523 2431 4590; x_wconf 87' lang='lat' dir='ltr'><strong>suscipiendo,</strong></span> <span class='ocrx_word' id='word_1_747' title='bbox 2461 4526 2606 4576; x_wconf 77' lang='lat' dir='ltr'><strong>exsul</strong></span> <span class='ocrx_word' id='word_1_748' title='bbox 2625 4535 2968 4593; x_wconf 89' lang='lat' dir='ltr'><strong>spontaneus,</strong></span> <span class='ocrx_word' id='word_1_749' title='bbox 3003 4527 3105 4580; x_wconf 85' lang='lat' dir='ltr'><strong>lide</strong></span> <span class='ocrx_word' id='word_1_750' title='bbox 3127 4527 3481 4594; x_wconf 88' lang='lat' dir='ltr'><strong>plenissimus,</strong></span> <span class='ocrx_word' id='word_1_751' title='bbox 3504 4531 3642 4584; x_wconf 80' lang='lat' dir='ltr'><strong>obc-</strong></span> 
     </span>
    </p>
   </div>
   <div class='ocr_carea' id='block_1_104' title="bbox 2078 4608 3642 4683">
    <p class='ocr_par' dir='ltr' id='par_1_104' title="bbox 2078 4608 3642 4683">
     <span class='ocr_line' id='line_1_104' title="bbox 2078 4608 3642 4683; baseline 0.008 -24"><span class='ocrx_word' id='word_1_752' title='bbox 2078 4608 2225 4662; x_wconf 91' lang='lat' dir='ltr'><strong>diens</strong></span> <span class='ocrx_word' id='word_1_753' title='bbox 2257 4609 2306 4662; x_wconf 92' lang='lat' dir='ltr'><strong>in</strong></span> <span class='ocrx_word' id='word_1_754' title='bbox 2339 4611 2425 4663; x_wconf 89' lang='lat' dir='ltr'><strong>Dei</strong></span> <span class='ocrx_word' id='word_1_755' title='bbox 2447 4613 2743 4679; x_wconf 72' lang='lat' dir='ltr'><strong>pum-enus,</strong></span> <span class='ocrx_word' id='word_1_756' title='bbox 2767 4613 3010 4681; x_wconf 81' lang='lat' dir='ltr'><strong>credulus</strong></span> <span class='ocrx_word' id='word_1_757' title='bbox 3033 4615 3084 4667; x_wconf 89' lang='lat' dir='ltr'><strong>in</strong></span> <span class='ocrx_word' id='word_1_758' title='bbox 3117 4618 3390 4683; x_wconf 86' lang='lat' dir='ltr'><strong>promissis</strong></span> <span class='ocrx_word' id='word_1_759' title='bbox 3412 4659 3427 4682; x_wconf 90' lang='lat'><strong>,</strong></span> <span class='ocrx_word' id='word_1_760' title='bbox 3481 4633 3642 4683; x_wconf 84' lang='lat' dir='ltr'><strong>pere-</strong></span> 
     </span>
    </p>
   </div>
   <div class='ocr_carea' id='block_1_105' title="bbox 2077 4698 3635 4772">
    <p class='ocr_par' dir='ltr' id='par_1_105' title="bbox 2077 4698 3635 4772">
     <span class='ocr_line' id='line_1_105' title="bbox 2077 4698 3635 4772; baseline 0.005 -23"><span class='ocrx_word' id='word_1_761' title='bbox 2077 4710 2169 4762; x_wconf 89' lang='lat' dir='ltr'><strong>gre</strong></span> <span class='ocrx_word' id='word_1_762' title='bbox 2198 4698 2449 4765; x_wconf 88' lang='lat' dir='ltr'><strong>locuples,</strong></span> <span class='ocrx_word' id='word_1_763' title='bbox 2481 4701 2530 4752; x_wconf 89' lang='lat' dir='ltr'><strong>iu</strong></span> <span class='ocrx_word' id='word_1_764' title='bbox 2565 4701 2818 4753; x_wconf 84' lang='lat' dir='ltr'><strong>industria</strong></span> <span class='ocrx_word' id='word_1_765' title='bbox 2847 4702 3037 4768; x_wconf 74' lang='lat' dir='ltr'><strong>solcrs,</strong></span> <span class='ocrx_word' id='word_1_766' title='bbox 3069 4704 3119 4755; x_wconf 90' lang='lat' dir='ltr'><strong>in</strong></span> <span class='ocrx_word' id='word_1_767' title='bbox 3142 4719 3306 4772; x_wconf 89' lang='lat' dir='ltr'><strong>opere</strong></span> <span class='ocrx_word' id='word_1_768' title='bbox 3337 4706 3545 4767; x_wconf 80' lang='lat' dir='ltr'><strong>ducitis,</strong></span> <span class='ocrx_word' id='word_1_769' title='bbox 3579 4706 3635 4758; x_wconf 82' lang='lat' dir='ltr'><strong>in</strong></span> 
     </span>
    </p>
   </div>
   <div class='ocr_carea' id='block_1_106' title="bbox 2077 4776 3635 4858">
    <p class='ocr_par' dir='ltr' id='par_1_106' title="bbox 2077 4776 3635 4858">
     <span class='ocr_line' id='line_1_106' title="bbox 2077 4776 3635 4858; baseline 0.005 -23"><span class='ocrx_word' id='word_1_770' title='bbox 2077 4798 2170 4850; x_wconf 87' lang='lat' dir='ltr'><strong>spe</strong></span> <span class='ocrx_word' id='word_1_771' title='bbox 2197 4785 2530 4852; x_wconf 83' lang='lat' dir='ltr'><strong>lungauimis,</strong></span> <span class='ocrx_word' id='word_1_772' title='bbox 2558 4776 2621 4839; x_wconf 88' lang='lat' dir='ltr'><strong>in</strong></span> <span class='ocrx_word' id='word_1_773' title='bbox 2639 4787 2905 4855; x_wconf 90' lang='lat' dir='ltr'><strong>colloquio</strong></span> <span class='ocrx_word' id='word_1_774' title='bbox 2933 4791 3165 4858; x_wconf 87' lang='lat' dir='ltr'><strong>sapiens.</strong></span> <span class='ocrx_word' id='word_1_775' title='bbox 3195 4793 3242 4843; x_wconf 91' lang='lat' dir='ltr'><strong>in</strong></span> <span class='ocrx_word' id='word_1_776' title='bbox 3271 4790 3492 4843; x_wconf 87' lang='lat' dir='ltr'><strong>consilio</strong></span> <span class='ocrx_word' id='word_1_777' title='bbox 3510 4806 3635 4858; x_wconf 84' lang='lat' dir='ltr'><strong>pru-</strong></span> 
     </span>
    </p>
   </div>
   <div class='ocr_carea' id='block_1_107' title="bbox 2077 4871 3631 4946">
    <p class='ocr_par' dir='ltr' id='par_1_107' title="bbox 2077 4871 3631 4946">
     <span class='ocr_line' id='line_1_107' title="bbox 2077 4871 3631 4946; baseline 0.006 -21"><span class='ocrx_word' id='word_1_778' title='bbox 2077 4871 2228 4937; x_wconf 87' lang='lat' dir='ltr'><strong>dens,</strong></span> <span class='ocrx_word' id='word_1_779' title='bbox 2257 4875 2310 4928; x_wconf 89' lang='lat' dir='ltr'><strong>in</strong></span> <span class='ocrx_word' id='word_1_780' title='bbox 2340 4876 2658 4942; x_wconf 71' lang='lat' dir='ltr'><strong>corrigendo</strong></span> <span class='ocrx_word' id='word_1_781' title='bbox 2687 4877 2989 4943; x_wconf 87' lang='lat' dir='ltr'><strong>vehemens,</strong></span> <span class='ocrx_word' id='word_1_782' title='bbox 3040 4880 3091 4933; x_wconf 92' lang='lat' dir='ltr'><strong>in</strong></span> <span class='ocrx_word' id='word_1_783' title='bbox 3123 4879 3389 4946; x_wconf 87' lang='lat' dir='ltr'><strong>diligendo</strong></span> <span class='ocrx_word' id='word_1_784' title='bbox 3418 4881 3631 4943; x_wconf 86' lang='lat' dir='ltr'><strong>ardens,</strong></span> 
     </span>
    </p>
   </div>
   <div class='ocr_carea' id='block_1_108' title="bbox 2074 4961 3633 5036">
    <p class='ocr_par' dir='ltr' id='par_1_108' title="bbox 2074 4961 3633 5036">
     <span class='ocr_line' id='line_1_108' title="bbox 2074 4961 3633 5036; baseline 0.009 -24"><span class='ocrx_word' id='word_1_785' title='bbox 2074 4961 2125 5013; x_wconf 89' lang='lat' dir='ltr'><strong>in</strong></span> <span class='ocrx_word' id='word_1_786' title='bbox 2155 4963 2391 5018; x_wconf 88' lang='lat' dir='ltr'><strong>adversis</strong></span> <span class='ocrx_word' id='word_1_787' title='bbox 2431 4966 2656 5033; x_wconf 88' lang='lat' dir='ltr'><strong>patiens,</strong></span> <span class='ocrx_word' id='word_1_788' title='bbox 2685 4966 2734 5020; x_wconf 90' lang='lat' dir='ltr'><strong>in</strong></span> <span class='ocrx_word' id='word_1_789' title='bbox 2776 4970 3025 5036; x_wconf 89' lang='lat' dir='ltr'><strong>periculis</strong></span> <span class='ocrx_word' id='word_1_790' title='bbox 3055 4969 3228 5032; x_wconf 81' lang='lat' dir='ltr'><strong>fortis,</strong></span> <span class='ocrx_word' id='word_1_791' title='bbox 3253 4970 3303 5021; x_wconf 92' lang='lat' dir='ltr'><strong>in</strong></span> <span class='ocrx_word' id='word_1_792' title='bbox 3341 4971 3633 5035; x_wconf 73' lang='lat' dir='ltr'><strong>disciplinis</strong></span> 
     </span>
    </p>
   </div>
   <div class='ocr_carea' id='block_1_109' title="bbox 2073 5056 3626 5127">
    <p class='ocr_par' dir='ltr' id='par_1_109' title="bbox 2073 5056 3626 5127">
     <span class='ocr_line' id='line_1_109' title="bbox 2073 5056 3626 5127; baseline 0.007 -24"><span class='ocrx_word' id='word_1_793' title='bbox 2073 5065 2399 5114; x_wconf 83' lang='lat' dir='ltr'><strong>mansuetus,</strong></span> <span class='ocrx_word' id='word_1_794' title='bbox 2417 5056 2466 5108; x_wconf 90' lang='lat' dir='ltr'><strong>in</strong></span> <span class='ocrx_word' id='word_1_795' title='bbox 2489 5057 2839 5127; x_wconf 65' lang='lat' dir='ltr'><strong>eleemosynis</strong></span> <span class='ocrx_word' id='word_1_796' title='bbox 2855 5060 3048 5126; x_wconf 88' lang='lat' dir='ltr'><strong>largus,</strong></span> <span class='ocrx_word' id='word_1_797' title='bbox 3078 5059 3128 5110; x_wconf 93' lang='lat' dir='ltr'><strong>in</strong></span> <span class='ocrx_word' id='word_1_798' title='bbox 3155 5060 3343 5114; x_wconf 89' lang='lat' dir='ltr'><strong>studiis</strong></span> <span class='ocrx_word' id='word_1_799' title='bbox 3363 5061 3626 5123; x_wconf 87' lang='lat' dir='ltr'><strong>assiduus,</strong></span> 
     </span>
    </p>
   </div>
   <div class='ocr_carea' id='block_1_110' title="bbox 2074 5146 3629 5212">
    <p class='ocr_par' dir='ltr' id='par_1_110' title="bbox 2074 5146 3629 5212">
     <span class='ocr_line' id='line_1_110' title="bbox 2074 5146 3629 5212; baseline 0.005 -19"><span class='ocrx_word' id='word_1_800' title='bbox 2074 5154 2216 5196; x_wconf 90' lang='lat' dir='ltr'><strong>metu</strong></span> <span class='ocrx_word' id='word_1_801' title='bbox 2243 5146 2428 5198; x_wconf 88' lang='lat' dir='ltr'><strong>mortis</strong></span> <span class='ocrx_word' id='word_1_802' title='bbox 2453 5146 2728 5210; x_wconf 57' lang='lat' dir='ltr'><strong>soll&#39;citua,</strong></span> <span class='ocrx_word' id='word_1_803' title='bbox 2750 5151 2798 5201; x_wconf 92' lang='lat' dir='ltr'><strong>in</strong></span> <span class='ocrx_word' id='word_1_804' title='bbox 2833 5150 3019 5201; x_wconf 89' lang='lat' dir='ltr'><strong>timore</strong></span> <span class='ocrx_word' id='word_1_805' title='bbox 3051 5148 3140 5199; x_wconf 89' lang='lat' dir='ltr'><strong>Dci</strong></span> <span class='ocrx_word' id='word_1_806' title='bbox 3162 5150 3406 5212; x_wconf 79' lang='lat' dir='ltr'><strong>eximius,</strong></span> <span class='ocrx_word' id='word_1_807' title='bbox 3440 5150 3488 5201; x_wconf 91' lang='lat' dir='ltr'><strong>in</strong></span> <span class='ocrx_word' id='word_1_808' title='bbox 3539 5165 3629 5202; x_wconf 85' lang='lat' dir='ltr'><strong>re-</strong></span> 
     </span>
    </p>
   </div>
   <div class='ocr_carea' id='block_1_111' title="bbox 2073 5231 3630 5306">
    <p class='ocr_par' dir='ltr' id='par_1_111' title="bbox 2073 5231 3630 5306">
     <span class='ocr_line' id='line_1_111' title="bbox 2073 5231 3630 5306; baseline 0.006 -24"><span class='ocrx_word' id='word_1_809' title='bbox 2073 5231 2265 5298; x_wconf 88' lang='lat' dir='ltr'><strong>ligione</strong></span> <span class='ocrx_word' id='word_1_810' title='bbox 2297 5237 2619 5301; x_wconf 85' lang='lat' dir='ltr'><strong>magniﬁcus,</strong></span> <span class='ocrx_word' id='word_1_811' title='bbox 2654 5237 2703 5289; x_wconf 95' lang='lat' dir='ltr'><strong>in</strong></span> <span class='ocrx_word' id='word_1_812' title='bbox 2730 5237 2992 5306; x_wconf 77' lang='lat' dir='ltr'><strong>exsequiis</strong></span> <span class='ocrx_word' id='word_1_813' title='bbox 3012 5240 3234 5292; x_wconf 85' lang='lat' dir='ltr'><strong>devotus</strong></span> <span class='ocrx_word' id='word_1_814' title='bbox 3255 5277 3270 5301; x_wconf 96' lang='lat'><strong>,</strong></span> <span class='ocrx_word' id='word_1_815' title='bbox 3321 5240 3370 5289; x_wconf 92' lang='lat' dir='ltr'><strong>in</strong></span> <span class='ocrx_word' id='word_1_816' title='bbox 3422 5239 3630 5290; x_wconf 82' lang='lat' dir='ltr'><strong>miseri-</strong></span> 
     </span>
    </p>
   </div>
   <div class='ocr_carea' id='block_1_112' title="bbox 2073 5324 3623 5394">
    <p class='ocr_par' dir='ltr' id='par_1_112' title="bbox 2073 5324 3623 5394">
     <span class='ocr_line' id='line_1_112' title="bbox 2073 5324 3623 5394; baseline 0.003 -19"><span class='ocrx_word' id='word_1_817' title='bbox 2073 5324 2249 5376; x_wconf 85' lang='lat' dir='ltr'><strong>cordia</strong></span> <span class='ocrx_word' id='word_1_818' title='bbox 2275 5326 2550 5392; x_wconf 79' lang='lat' dir='ltr'><strong>gloriosus,</strong></span> <span class='ocrx_word' id='word_1_819' title='bbox 2585 5328 2635 5379; x_wconf 89' lang='lat' dir='ltr'><strong>itt</strong></span> <span class='ocrx_word' id='word_1_820' title='bbox 2693 5328 2970 5394; x_wconf 84' lang='lat' dir='ltr'><strong>disciplina</strong></span> <span class='ocrx_word' id='word_1_821' title='bbox 2999 5336 3244 5381; x_wconf 89' lang='lat' dir='ltr'><strong>strenuus</strong></span> <span class='ocrx_word' id='word_1_822' title='bbox 3264 5365 3280 5390; x_wconf 90' lang='lat'><strong>,</strong></span> <span class='ocrx_word' id='word_1_823' title='bbox 3340 5326 3623 5381; x_wconf 78' lang='lat' dir='ltr'><strong>excellenti</strong></span> 
     </span>
    </p>
   </div>
   <div class='ocr_carea' id='block_1_113' title="bbox 2069 5410 3619 5482">
    <p class='ocr_par' dir='ltr' id='par_1_113' title="bbox 2069 5410 3619 5482">
     <span class='ocr_line' id='line_1_113' title="bbox 2069 5410 3619 5482; baseline 0.005 -22"><span class='ocrx_word' id='word_1_824' title='bbox 2069 5410 2277 5477; x_wconf 71' lang='lat' dir='ltr'><strong>ingenio</strong></span> <span class='ocrx_word' id='word_1_825' title='bbox 2307 5415 2574 5480; x_wconf 72' lang='lat' dir='ltr'><strong>prmditus,</strong></span> <span class='ocrx_word' id='word_1_826' title='bbox 2601 5414 2806 5480; x_wconf 75' lang='lat' dir='ltr'><strong>iustitia</strong></span> <span class='ocrx_word' id='word_1_827' title='bbox 2839 5415 3074 5482; x_wconf 79' lang='lat' dir='ltr'><strong>insignis,</strong></span> <span class='ocrx_word' id='word_1_828' title='bbox 3097 5416 3378 5470; x_wconf 87' lang='lat' dir='ltr'><strong>severitate</strong></span> <span class='ocrx_word' id='word_1_829' title='bbox 3408 5415 3619 5469; x_wconf 86' lang='lat' dir='ltr'><strong>terribi-</strong></span> 
     </span>
    </p>
   </div>
   <div class='ocr_carea' id='block_1_114' title="bbox 2069 5498 3619 5574">
    <p class='ocr_par' dir='ltr' id='par_1_114' title="bbox 2069 5498 3619 5574">
     <span class='ocr_line' id='line_1_114' title="bbox 2069 5498 3619 5574; baseline 0.004 -25"><span class='ocrx_word' id='word_1_830' title='bbox 2069 5498 2151 5558; x_wconf 53' lang='lat' dir='ltr'><strong>lis,</strong></span> <span class='ocrx_word' id='word_1_831' title='bbox 2185 5501 2247 5551; x_wconf 86' lang='lat' dir='ltr'><strong>ad</strong></span> <span class='ocrx_word' id='word_1_832' title='bbox 2279 5504 2501 5568; x_wconf 86' lang='lat' dir='ltr'><strong>gratiam</strong></span> <span class='ocrx_word' id='word_1_833' title='bbox 2533 5513 2824 5570; x_wconf 86' lang='lat' dir='ltr'><strong>promptus,</strong></span> <span class='ocrx_word' id='word_1_834' title='bbox 2859 5507 2921 5558; x_wconf 91' lang='lat' dir='ltr'><strong>ad</strong></span> <span class='ocrx_word' id='word_1_835' title='bbox 2955 5505 3329 5573; x_wconf 86' lang='lat' dir='ltr'><strong>ignoscendum</strong></span> <span class='ocrx_word' id='word_1_836' title='bbox 3359 5514 3571 5574; x_wconf 88' lang='lat' dir='ltr'><strong>paratus</strong></span> <span class='ocrx_word' id='word_1_837' title='bbox 3600 5543 3619 5568; x_wconf 94' lang='lat'><strong>,</strong></span> 
     </span>
    </p>
   </div>
   <div class='ocr_carea' id='block_1_115' title="bbox 2071 5587 3614 5664">
    <p class='ocr_par' dir='ltr' id='par_1_115' title="bbox 2071 5587 3614 5664">
     <span class='ocr_line' id='line_1_115' title="bbox 2071 5587 3614 5664; baseline 0.003 -26"><span class='ocrx_word' id='word_1_838' title='bbox 2071 5587 2364 5644; x_wconf 86' lang='lat' dir='ltr'><strong>humilitate</strong></span> <span class='ocrx_word' id='word_1_839' title='bbox 2393 5606 2650 5656; x_wconf 89' lang='lat' dir='ltr'><strong>sunmtus,</strong></span> <span class='ocrx_word' id='word_1_840' title='bbox 2691 5595 3050 5662; x_wconf 88' lang='lat' dir='ltr'><strong>hospitalitate</strong></span> <span class='ocrx_word' id='word_1_841' title='bbox 3074 5594 3368 5664; x_wconf 69' lang='lat' dir='ltr'><strong>pratcipuus</strong></span> <span class='ocrx_word' id='word_1_842' title='bbox 3391 5636 3405 5660; x_wconf 88' lang='lat'><strong>,</strong></span> <span class='ocrx_word' id='word_1_843' title='bbox 3448 5592 3614 5643; x_wconf 85' lang='lat' dir='ltr'><strong>nutri-</strong></span> 
     </span>
    </p>
   </div>
   <div class='ocr_carea' id='block_1_116' title="bbox 498 5711 2135 5804">
    <p class='ocr_par' dir='ltr' id='par_1_116' title="bbox 498 5711 2135 5804">
     <span class='ocr_line' id='line_1_116' title="bbox 498 5711 2135 5804; baseline 0.016 -41"><span class='ocrx_word' id='word_1_844' title='bbox 498 5720 522 5747; x_wconf 65' lang='lat'><em>“</em></span> <span class='ocrx_word' id='word_1_845' title='bbox 565 5711 1029 5787; x_wconf 77' lang='lat' dir='ltr'><strong>Transligeritanis.</strong></span> <span class='ocrx_word' id='word_1_846' title='bbox 1064 5719 1148 5773; x_wconf 87' lang='lat' dir='ltr'><strong>Sic</strong></span> <span class='ocrx_word' id='word_1_847' title='bbox 1170 5738 1223 5774; x_wconf 72' lang='lat' dir='ltr'><strong>cc</strong></span> <span class='ocrx_word' id='word_1_848' title='bbox 1239 5723 1329 5777; x_wconf 68' lang='lat' dir='ltr'><strong>lex</strong></span> <span class='ocrx_word' id='word_1_849' title='bbox 1360 5727 1412 5778; x_wconf 81' lang='lat' dir='ltr'><strong>S.</strong></span> <span class='ocrx_word' id='word_1_850' title='bbox 1443 5728 1575 5782; x_wconf 61' lang='lat' dir='ltr'><strong>.Xud.</strong></span> <span class='ocrx_word' id='word_1_851' title='bbox 1603 5729 1767 5798; x_wconf 69' lang='lat' dir='ltr'><strong>liditi,</strong></span> <span class='ocrx_word' id='word_1_852' title='bbox 1812 5733 2135 5804; x_wconf 66' lang='lat' dir='ltr'><strong>Ligcritanfs.</strong></span> 
     </span>
    </p>
   </div>
  </div>
