3934 6228
277 355 400 415 513

1819 343 1991 402 VITA.

3411 349 3516 412 5M

276 479 380 523 tor
407 471 579 540 gregis
630 465 915 538 piissimus,
941 471 1125 533 pastor
1148 463 1396 518 Ecclesitc
1418 459 1702 530 providus,
1758 460 1868 512 dis-
1896 463 1943 518 Α
1975 465 2176 511 tatores
2225 457 2341 526 cjus
2391 458 2520 530 fieri,
2551 458 2852 527 cupiebant.
2901 460 3030 526 Quis
3078 462 3221 516 enim
3261 473 3404 518 esset
3448 467 3519 519 Ita

278 567 547 625 pensator
578 555 763 619 ﬁdelis,
790 553 1100 607 moderator
1139 550 1355 619 insignis
1386 590 1403 616 ,
1443 548 1696 602 delictum
1740 561 1863 616 pro-

279 649 468 715 prium
498 661 707 709 cavens,
737 644 971 697 alienum
998 651 1054 695 ut
1079 656 1234 694 suum
1266 640 1468 708 lugens,
1485 637 1625 707 plebi
1661 636 1861 689 monita

281 738 562 804 praebens,
595 734 895 800 Christique
921 741 1183 801 praecepta
1204 729 1436 796 docens,"
1455 736 1731 796 protervos
1758 740 1864 778 non

278 829 460 879 armis
483 825 575 880 sed
616 824 871 894 patientia
928 823 1165 886 vincens,
1196 821 1457 888 superbos
1503 817 1696 872 Christi
1738 816 1866 885 jugo

278 913 609 966 suavissimo
633 914 865 966 subdens
891 929 905 962 :
931 925 1148 979 semper
1170 911 1312 963 enim
1363 909 1414 961 in
1441 907 1710 975 obsequiis
1736 920 1867 973 pau-

279 1019 505 1071 perum,
530 1004 580 1056 in
603 1002 870 1070 diligentia
898 1002 1301 1070 peregrinorum
1320 996 1721 1066 infatigabiliter
1748 1011 1870 1064 per-

278 1093 540 1154 durabat,
567 1100 724 1158 atque
748 1093 819 1144 ita
850 1090 928 1144 eis
958 1105 1115 1145 suum
1143 1088 1480 1158 impendebat
1510 1086 1825 1149 obsequium
1851 1124 1866 1151 ,

283 1191 353 1233 ut.
383 1184 483 1236 nisi
507 1184 623 1250 quis
651 1180 922 1236 fundatam
954 1182 1007 1234 in
1049 1181 1264 1235 Christo
1315 1179 1539 1233 haberet
1593 1186 1826 1231 mentem
1855 1216 1868 1238 ,

281 1275 480 1341 procul
512 1273 665 1326 dubio
690 1273 968 1340 despectui
998 1274 1221 1327 duceret
1244 1272 1367 1325 talia
1395 1271 1475 1324 vel
1506 1269 1869 1338 coaequalibus

281 1366 554 1432 praebere,
579 1363 754 1431 qualia
777 1363 823 1416 is
847 1361 1246 1430 jngiterluridis
1267 1375 1330 1414 ac
1355 1360 1516 1414 scalis
1542 1367 1598 1412 et
1624 1357 1869 1425 despica-

282 1455 492 1508 bilibus
513 1453 816 1507 exhibebat.
868 1452 1106 1520 Denique
1158 1452 1303 1505 omni
1357 1448 1643 1518 episcopali
1680 1462 1870 1516 pompa

281 1543 614 1611 postposita,
645 1543 967 1613 populorum
999 1542 1212 1609 agmine
1240 1548 1551 1608 contempto
1577 1579 1592 1604 ,
1641 1538 1870 1592 clerico-

281 1646 410 1685 rum
443 1631 736 1699 frequentia
758 1640 973 1699 spreta,
1026 1629 1395 1684 famulantium
1425 1629 1694 1696 obsequiis
1738 1625 1863 1680 reli-

281 1721 417 1780 ctis,
444 1735 737 1789 pauperum
764 1735 982 1788 semper
1017 1720 1455 1789 captivorumque
1501 1719 1869 1772 delectabatur

1967 545 2285 612 obstinatus,
2317 549 2408 616 qui
2431 547 2547 615 ejus
2586 549 2902 602 modestiam
2925 551 3134 606 intuens
3166 567 3272 606 non
3303 554 3518 607 confes-

1967 636 2057 688 tim
2095 637 2402 691 admirando
2431 639 2871 708 obstupesceret?
2925 650 3022 709 aut
3067 641 3182 710 quis
3225 657 3480 710 arrogans
3504 683 3520 708 ,

1967 726 2197 779 sobriam
2227 727 2339 795 ejus
2368 728 2525 780 vitam
2553 731 2922 798 considerans,
2953 747 3058 785 non
3090 732 3228 788 illico
3258 733 3324 785 ad
3350 735 3520 802 acqui-

1969 823 2130 868 tatem
2160 818 2501 884 seinctipsum
2530 821 2904 874 converteret?
2934 819 3224 875 Crescebat
3271 823 3519 876 nimirum

1968 904 2019 957 in
2053 920 2118 958 eo
2147 906 2386 972 quotidie
2416 909 2594 976 opinio
2627 908 2925 962 famulatrix
2958 911 3246 976 virtutum;
3295 912 3522 964 semina-

1968 995 2060 1048 bat
2091 996 2139 1049 in
2167 996 2372 1063 plebem
2403 998 2560 1051 verba
2599 1000 2830 1053 veritatis
2861 1001 3032 1054 fructu
3060 1000 3180 1054 fidei
3223 1003 3524 1056 redundau-

1971 1086 2063 1148 tia,
2125 1087 2411 1140 suilieienti
2464 1089 2576 1139 sale
2626 1091 2862 1153 condita,
2918 1099 2972 1142 et
3020 1091 3163 1142 velut
3219 1091 3526 1145 aromaticis

1972 1178 2252 1242 unguentis
2281 1176 2448 1228 infusa
2477 1195 2488 1227 :
2522 1192 2620 1230 nec
2663 1186 2778 1230 erat
2805 1183 2917 1246 t'jUa
2958 1179 3094 1232 fama
3124 1190 3373 1232 cententa
3421 1184 3524 1235 cir-

1971 1264 2260 1331 cumiectas
2307 1273 2509 1316 tantum
2565 1265 2764 1319 Gallias
2812 1268 3111 1332 illustrare,
3170 1268 3262 1320 sed
3315 1277 3528 1324 exteras

1973 1358 2154 1422 utique
2202 1356 2523 1428 provincias,
2552 1355 2824 1425 implebat,
2857 1358 3166 1412 meritorum
3198 1363 3363 1426 gratia
3396 1375 3528 1426 pia:-

1971 1453 2235 1497 currente.
2271 1444 2416 1498 inter
2443 1442 2789 1499 barbarorum
2817 1448 3076 1516 siquidem
3109 1448 3350 1504 fremitus
3378 1450 3527 1517 quasi

1971 1533 2189 1600 signifer
2228 1534 2587 1601 belligerator,
2633 1550 2896 1606 corporeo
2946 1539 3140 1593 timore
3187 1539 3380 1600 nudus,
3430 1540 3524 1593 sed

1972 1621 2092 1676 ﬁdei
2124 1623 2335 1678 fervore
2376 1627 2605 1678 vestibus
2632 1640 2690 1679 se
2719 1628 3015 1694 ingerebat,
3045 1628 3238 1681 Christi
3268 1628 3528 1682 charitate

1970 1730 2212 1782 securus,
2243 1715 2690 1785 adversantesque
2720 1718 2818 1771 sibi
2853 1717 3062 1772 fortiter
3080 1720 3391 1786 superabat,
3423 1735 3530 1772 non

281 1811 614 1872 consortiis;
641 1809 1036 1863 habebatenim
1081 1817 1472 1876 sequestratum
1503 1814 1760 1861 statutum
1790 1809 1866 1859 lo-
1896 1800 1941 1859 Β
1967 1821 2222 1873 corporea
2254 1805 2416 1861 lorica
2465 1809 2710 1873 amictus,
2753 1808 2844 1861 sed
2877 1805 2997 1860 ﬁdei
3047 1814 3241 1862 virtute
3291 1809 3526 1861 indutus.

282 1915 434 1962 rum,
464 1899 516 1952 in
546 1915 652 1969 quo
673 1898 836 1953 certis
871 1899 1170 1968 quibusque
1196 1897 1383 1969 diebus
1411 1910 1609 1964 egenos
1631 1912 1694 1950 ac
1722 1895 1868 1949 dehi-

283 1988 370 2042 les
399 1989 780 2050 intromittens,
805 1988 918 2056 ipse
941 1996 999 2041 ut
1044 1988 1240 2041 dudum
1267 1994 1620 2041 consueverat
1645 1985 1871 2039 famulo.

283 2093 411 2131 rum
447 2093 596 2133 more
619 2087 867 2146 satagens
909 2079 1042 2132 satis
1068 2078 1148 2131 eis
1173 2077 1366 2130 devote
1409 2075 1704 2137 serviebat,
1761 2075 1872 2143 ipse

284 2168 615 2234 squallentia
644 2169 819 2235 capita
864 2165 1068 2229 lavans,
1101 2166 1426 2232 incomptam
1467 2177 1530 2216 ac
1579 2163 1872 2216 deformem

285 2259 566 2312 Ca-sariem
595 2272 748 2310 manu
780 2256 995 2326 propria
1027 2255 1223 2309 radens
1245 2293 1260 2320 ,
1313 2263 1604 2323 potumque
1655 2247 1873 2322 singulis

287 2364 353 2402 ac
381 2349 564 2402 cibum
593 2357 710 2416 post
734 2348 1066 2415 diligentiam
1124 2347 1385 2415 prtebens,
1417 2349 1607 2399 omnes
1641 2346 1876 2400 clemen-

286 2448 374 2492 ter
397 2439 757 2502 refocillabat;
784 2435 984 2492 deinde
1011 2436 1252 2504 singulos
1301 2444 1611 2490 muneratos
1634 2476 1650 2500 ,
1705 2438 1874 2489 mulus

287 2528 460 2580 etiam
486 2528 702 2582 vestitos
725 2525 966 2594 gratiﬁce
992 2525 1294 2579 dimittebat
1325 2567 1340 2588 ,
1393 2524 1605 2593 illisque
1655 2539 1722 2578 ex
1769 2541 1871 2578 una

288 2627 453 2685 parte
482 2617 812 2678 exeuntibus,
847 2617 1001 2679 alios,
1024 2616 1070 2670 si
1093 2615 1382 2679 adessent,
1410 2630 1476 2668 ex
1517 2611 1683 2668 altera
1716 2624 1870 2684 parte

289 2707 582 2760 intromitti
616 2705 834 2774 iubebat
860 2723 876 2770 ;
907 2705 1101 2773 quibus
1138 2704 1383 2758 similiter
1408 2715 1597 2758 cuncta
1653 2705 1875 2773 explens

293 2796 680 2862 benignissime
707 2794 1002 2849 refovebat.
1057 2795 1443 2864 Nonnunquam
1485 2810 1613 2849 vero
1665 2795 1875 2849 etiamsi

293 2889 529 2956 plurima
561 2888 711 2942 turba
739 2886 1320 2950 conﬂueret,similiter
1347 2887 1596 2941 omnibus
1609 2886 1868 2941 faciebat:

294 2979 526 3046 singulis
552 2989 724 3032 tamen
755 2979 942 3032 diebus
967 2980 1319 3032 constitutum
1344 2977 1734 3033 duodenarium
1777 2995 1878 3032 nu-

297 3085 510 3124 merum
536 3069 827 3134 reficiebat,
859 3071 974 3137 ipse
996 3070 1308 3137 plerumque
1337 3085 1456 3121 cum
1481 3069 1559 3121 eis
1589 3069 1720 3122 hora
1745 3084 1875 3122 cono

1967 1902 2011 1949 υ
2039 1899 2248 1965 quoties
2272 1900 2341 1950 ob
2389 1899 2626 1951 veritatis
2673 1900 3020 1954 assertionem
3063 1909 3299 1967 paratam
3349 1900 3532 1952 habuit

1972 1997 2220 2053 mortem,
2247 1988 2571 2057 fecissetque
2602 1993 2731 2043 satis
2765 1993 2922 2053 votis,
2953 1991 2996 2044 si
3045 1993 3358 2045 contulisset
3411 2006 3530 2044 sors

1975 2081 2262 2148 temporis!
2289 2080 2394 2134 Sed
2423 2081 2544 2134 licet
2588 2080 2635 2134 ei
2694 2082 2828 2134 ratio
2862 2082 3115 2149 temporis
3166 2098 3272 2135 non
3300 2083 3534 2152 potuerit

1973 2180 2128 2239 priest
2165 2187 2222 2226 re
2269 2173 2604 2243 martyrium,
2648 2174 2869 2240 gloriam
2925 2183 3096 2225 tamen
3130 2175 3380 2242 maitvris
3431 2189 3533 2226 non

1973 2263 2167 2327 amisit,
2213 2264 2338 2330 quia
2389 2279 2486 2331 pro
2525 2279 2622 2331 spe
2670 2267 2986 2317 aeternitatis
3008 2264 3206 2332 iugiter
3239 2265 3533 2327 laboravit;

1976 2369 2155 2406 verum
2179 2354 2224 2406 si
2251 2354 2299 2406 ei
2356 2353 2666 2406 herouianis
2700 2353 3048 2421 Decuinisque
3099 2356 3445 2423 temporibus,
3481 2355 3535 2408 in

1974 2444 2060 2496 illa
2087 2457 2205 2511 qua:
2235 2451 2360 2496 tunc
2381 2446 2584 2514 exstitit
2602 2446 2855 2497 dimicare
2871 2445 3249 2511 congressione
3274 2446 3530 2509 licuisset,

1971 2546 2192 2585 securus
2220 2534 2464 2595 dixerim,
2521 2544 2713 2602 sponte
2755 2535 3040 2601 equuleum
3089 2536 3434 2599 aScendisSct,
3480 2539 3536 2590 et

1975 2621 2114 2676 ultro
2159 2637 2218 2676 se
2267 2638 2362 2689 pro
2405 2623 2617 2678 Christo
2670 2625 2876 2692 ignibus
2924 2625 3212 2689 intuli~sct,
3263 2627 3538 2694 libensque

1976 2713 2204 2783 palmam
2249 2714 2522 2781 sanguinis
2552 2724 2881 2784 (ccupassct.
2932 2715 3041 2770 Sed
3085 2732 3388 2784 quanquam
3437 2717 3536 2770 ista

1918 2805 2079 2877 {non
2108 2804 2309 2872 tulerit,
2335 2805 2764 2872 implevittamea
2795 2806 2954 2859 etiam
2977 2806 3092 2860 sine
3121 2815 3537 2876 cruorcniarty-

1930 2930 1932 2932 -
1975 2895 2136 2961 rium,
2166 2896 2288 2948 dum
2319 2894 2632 2949 fortitudine
2656 2897 2961 2960 roboratus,
2996 2896 3045 2948 in
3081 2895 3270 2963 vigiliis
3299 2895 3537 2959 sedu'us,

1976 2986 2028 3038 in
2071 2986 2287 3053 jejuniis
2316 2988 2577 3051 assiduus,
2635 2989 2792 3053 fidem
2826 2993 3108 3055 servando,
3154 3006 3366 3046 cursum
3399 3008 3535 3045 con-

1977 3077 2312 3139 summando,
2345 3079 2633 3145 repo.~itaui
2682 3079 2782 3132 sibi
2837 3095 2864 3132 a
2897 3079 3110 3134 Christo
3137 3081 3353 3148 justitia:
3379 3095 3539 3134 coro-

297 3173 428 3226 κταρ
453 3159 518 3212 ad
545 3173 698 3211 “nam
722 3172 957 3211 mensam
990 3158 1188 3225 Pariter
1217 3157 1527 3220 εοηνῖνειτιδς
1572 3157 1646 3210 ila
1677 3160 1872 3211 dunla-
1897 3147 1946 3209 (ἶ
1979 3182 2099 3219 natu
2123 3168 2358 3236 quotidie
2383 3169 2731 3236 exspectabat
2761 3171 2987 3223 restitui.
3018 3147 3300 3238 Tanquam
3349 3187 3541 3240 specu-7

299 3263 412 3316 ut,
446 3259 504 3306 ut
526 3252 669 3320 prius
695 3251 917 3320 singulis
945 3266 1135 3321 aquam
1188 3251 1431 3304 manibus
1463 3251 1728 3317 funderet,
1762 3267 1874 3304 me-

302 3359 533 3412 rumque
561 3358 622 3396 ac
650 3357 838 3413 panem
868 3357 1026 3395 manu
1056 3340 1269 3409 propria
1299 3342 1578 3409 praeberet.
1611 3341 1715 3395 Sed
1745 3342 1872 3410 quid

300 3437 418 3488 hare
439 3435 638 3488 diutius
659 3432 924 3488 narrando
951 3433 1244 3485 immoror?
1272 3433 1368 3495 Ita,
1395 3432 1584 3494 fateor,
1609 3447 1874 3501 nunquam

302 3526 407 3578 vidi
436 3525 666 3578 studium
697 3526 923 3590 fervere,
955 3538 1215 3591 nusquam
1248 3523 1300 3577 in
1341 3523 1528 3577 Galliis
1574 3522 1876 3590 hujusmodi

300 3630 467 3682 opera
492 3615 666 3668 taliter
693 3630 720 3666 a
748 3628 1016 3684 quoquam
1040 3613 1216 3666 audivi
1238 3613 1442 3682 expleri
1467 3631 1479 3664 :
1514 3621 1696 3682 posset
1735 3614 1878 3668 enim

303 3704 430 3772 quis
459 3705 541 3757 vel
573 3720 689 3757 raro
714 3706 972 3773 arripere,
1003 3703 1095 3758 sed
1125 3705 1211 3757 vix
1241 3714 1333 3757 aut
1362 3703 1579 3758 diﬂicile
1622 3714 1879 3774 perpetuo

304 3803 522 3860 tenere;
555 3794 637 3847 bic
659 3809 785 3849 veno
813 3794 957 3863 quod
985 3794 1150 3848 semel
1173 3794 1470 3862 proposuit.
1500 3803 1762 3863 perpetuo
1792 3810 1878 3848 re-

304 3885 500 3950 tinuit;
541 3872 679 3952 quod
712 3887 941 3954 primum
983 3885 1092 3939 Deo
1121 3886 1290 3951 vovit,
1314 3887 1470 3940 nullis
1501 3886 1684 3939 mundi
1712 3899 1878 3951 nego-

307 3977 399 4031 tiis
421 3977 707 4045 obligavit;
737 3976 878 4044 quod
902 3977 953 4030 in
993 3974 1255 4046 principio
1309 3977 1571 4047 arripuit,
1619 3976 1685 4031 ad
1721 3976 1879 4032 linem

309 4083 484 4137 usque
513 4067 783 4138 perduxit.

914 4135 1138 4192 CAPUT
1178 4135 1263 4192 ΙΙΙ.

311 4229 523 4292 Quinta
559 4230 812 4284 fumantia
840 4229 1033 4300 plebem
1064 4229 1385 4350 cinnimissam
1445 4229 1606 4283 traxit
1629 4230 1697 4282 ad
1748 4230 1883 4284 viam

1011 4317 1065 4350 ta
1096 4315 1213 4350 uiis.

1011 4315 1213 4351 saturis.

387 4407 642 4461 Praeterea
679 4405 915 4476 pastoris
943 4423 1069 4460 cura
1118 4407 1398 4471 sollicitus,
1432 4408 1696 4463 lustrabat
1726 4409 1883 4464 urbes

1978 3259 2113 3312 lator
2142 3259 2337 3312 etenim
2369 3274 2396 3311 a
2435 3260 2659 3314 Domino
2685 3263 3028 3326 constitutus,
3061 3261 3389 3332 praedicabat
3416 3278 3538 3316 vcr-

1977 3351 2102 3404 bum
2129 3366 2250 3404 cum
2280 3351 2426 3404 omni
2445 3356 2763 3406 auctoritate
2788 3371 2798 3417 ;
2834 3355 3064 3408 instabat
3085 3355 3539 3428 sccundumdpoo

1978 3441 2176 3494 stoluni
2224 3431 2550 3509 opportune",
2584 3443 2886 3510 importune
2909 3460 2924 3499 :
2948 3458 3199 3511 arguens,
3231 3447 3540 3508 obsecrans,

1979 3533 2258 3600 increpans
2289 3532 2340 3584 in
2364 3533 2506 3586 omni
2527 3534 2777 3602 patientia
2797 3542 2852 3587 et
2875 3535 3138 3597 doctrina,
3168 3549 3386 3588 suavem
3405 3551 3542 3588 senio

1979 3639 2075 3693 per
2103 3624 2305 3678 habens
2354 3623 2421 3678 de
2450 3626 2532 3677 his
2559 3639 2675 3692 quae
2727 3625 2819 3676 Dei
2878 3634 3001 3678 sunt
3030 3625 3114 3678 vel
3168 3626 3541 3680 allocutionem

1980 3717 2168 3785 plebis,
2193 3715 2276 3769 vel
2302 3716 2617 3770 collationes
2645 3715 2892 3768 fraterna:
2920 3715 3319 3782 familiaritatis,
3359 3726 3547 3770 tenens

1979 3821 2190 3875 semper
2217 3808 2268 3860 in
2311 3807 2553 3860 doctrina
2601 3808 2831 3861 humana
2863 3811 3239 3863 auctoritatem
3293 3812 3546 3880 apostoli-

1980 3912 2117 3958 cam,
2152 3912 2249 3965 per
2273 3910 2432 3965 qoam
2461 3888 3040 3975 aggressustgentilium
3063 3901 3266 3969 prmlia,
3301 3910 3354 3953 et
3374 3903 3547 3968 gentis

1983 3989 2329 4042 ferocissima:
2359 4005 2544 4058 pacem
2563 3992 2756 4054 tenuit,
2781 3999 2835 4044 et
2856 3993 3132 4060 copiosum
3154 3992 3448 4046 exercitum
3480 3994 3547 4045 ad

1982 4079 2137 4133 tidem
2168 4078 2362 4132 Christi
2390 4081 2670 4143 convertit,
2700 4095 2761 4133 ac
2791 4080 2910 4134 lidci
2940 4082 3217 4136 catholico
3257 4082 3548 4135 intemera-

1983 4180 2034 4226 ta
2065 4181 2335 4226 consortia
2358 4171 2557 4240 jugher
2585 4172 2892 4224 custodit-it.

2591 4283 2816 4338 CAPUT
2858 4284 2942 4338 ιν.

2312 4372 2391 4426 De
2413 4373 2564 4426 laude
2590 4377 2698 4444 cjus
2721 4376 2918 4443 prolixe
2942 4377 3217 4446 descripta.

316 4500 398 4552 vel
457 4499 747 4566 municipia
803 4499 1215 4569 circumquaque
1262 4499 1362 4554 sibi
1409 4501 1732 4562 commissa;
1788 4501 1874 4554 sed

2055 4490 2196 4545 Sane
2221 4492 2264 4544 si
2293 4507 2452 4559 quem
2485 4494 2702 4546 vidisset
2731 4493 2964 4560 peccatis
2989 4493 3160 4545 noxiis
3190 4491 3550 4557 vulneratum,

314 4590 672 4644 Flandrcnses
724 4597 885 4653 atque
941 4589 1420 4658 Andoverpenses,
1474 4589 1782 4654 Frisiones,
1830 4601 1884 4644 et

314 4684 494 4746 Sucvi,
523 4693 577 4737 et
601 4681 814 4735 barbari
841 4681 1039 4750 quique
1059 4681 1200 4734 circa
1219 4684 1378 4734 maris
1400 4682 1578 4736 littora
1607 4681 1880 4749 degentes,

315 4793 448 4845 quos
478 4775 625 4830 velut
647 4776 698 4828 in
726 4773 979 4828 extremis
1005 4781 1238 4828 remotos
1267 4775 1442 4829 nullus
1485 4775 1661 4830 adhuc
1693 4778 1882 4844 pra-di-

317 4867 543 4921 cationis
597 4880 786 4918 vomer
847 4864 1210 4933 impresserat,
1264 4865 1436 4933 primo
1494 4879 1616 4919 eum
1699 4865 1882 4920 hostili

315 4959 492 5012 animo
530 4964 586 5009 et
653 4969 839 5008 aversa
894 4963 1074 5008 mente
1119 4962 1490 5022 susceperunt,
1543 4957 1882 5024 postmodum

315 5063 464 5107 vero,
494 5061 618 5100 cum
653 5044 908 5113 paulatim
936 5059 1030 5112 per
1059 5044 1279 5112 gratiam
1310 5045 1510 5099 Christi
1538 5046 1622 5100 his
1663 5047 1883 5101 verbum

312 5139 406 5194 Dei
438 5138 710 5191 insinuare
732 5135 1005 5204 coepisset,
1039 5151 1158 5204 pars
1192 5136 1422 5189 maxima
1473 5139 1635 5190 trucis
1660 5146 1714 5191 et
1760 5139 1885 5192 bar-

313 5231 431 5284 bari
477 5229 688 5298 populi,
721 5228 920 5282 relictis
970 5229 1145 5293 idolis,
1197 5243 1457 5284 conversa
1486 5236 1568 5282 est
1598 5231 1662 5282 ad
1700 5246 1884 5284 verum

315 5323 505 5381 Deum,
533 5318 857 5386 Christoque
885 5317 1157 5386 subjecta;
1207 5319 1394 5387 sicque
1446 5318 1656 5372 demum
1691 5317 1884 5374 factum

315 5427 398 5467 est
459 5422 516 5465 ut
565 5411 716 5479 quasi
764 5413 974 5466 coalitus
1018 5409 1195 5464 lumen
1243 5419 1543 5473 ostensum,
1591 5418 1682 5464 aut
1709 5411 1886 5473 radius

316 5503 534 5569 quidam
560 5499 690 5554 solis
711 5513 1016 5564 erumpens,
1046 5508 1206 5553 totam
1236 5501 1403 5568 partis
1427 5501 1566 5554 illius
1589 5501 1884 5555 barbariem

318 5594 631 5647 illustraret.
665 5591 796 5645 Nam
845 5602 900 5644 et
932 5592 1028 5659 ipsi
1059 5591 1149 5658 qui
1177 5607 1298 5645 eum
1350 5589 1521 5658 primo
1551 5591 1696 5645 velut
1741 5591 1883 5647 fero-

319 5684 551 5734 Pissittu‘.
600 5680 783 5735 bestia:
829 5680 1133 5747 discerpere
1176 5680 1491 5748 cupierant,
1545 5684 1883 5751 postmodum

323 5773 664 5826 attendentes
689 5771 802 5838 ejus
835 5770 1122 5826 bonitatem
1153 5785 1212 5823 ac
1251 5772 1740 5839 mansuetudinem,
1768 5773 1882 5828 imi-

1987 4592 2040 4637 el
2065 4584 2270 4650 sagittis
2322 4584 2521 4637 diaboli
2559 4582 2847 4646 confixum,
2891 4600 3018 4637 mox
3047 4585 3333 4639 adhibebat
3359 4586 3548 4652 dignas

1985 4677 2294 4730 curationes
2345 4693 2676 4739 sermonum,
2706 4687 2762 4730 et
2791 4677 2937 4731 verbi
2991 4676 3083 4730 Dei
3110 4678 3325 4731 salubre
3377 4680 3551 4732 medi-

1993 4773 2296 4818 camentum
2365 4766 2654 4819 ostendens
2701 4777 2889 4820 contra
2933 4767 3154 4820 vulnera
3203 4767 3554 4822 incantatoris

1983 4856 2217 4914 salutare
2267 4857 2525 4924 malagma
2586 4855 2981 4920 confessionis,
3037 4857 3553 4927 iudisciplinationcs

1985 4957 2197 5014 quoque
2220 4955 2274 4998 et
2302 4947 2751 5016 transgressiones
2773 4962 2992 5000 suorum
3024 4961 3057 4999 a
3087 4949 3274 5015 regula
3325 4948 3551 5000 honesta

1987 5036 2070 5089 vel
2095 5047 2262 5103 recta,
2293 5045 2348 5090 et
2397 5039 2653 5106 arguebat
2695 5038 3011 5104 clementer,
3059 5046 3114 5091 et
3163 5038 3423 5092 tolerabat
3453 5054 3552 5108 pa—

1988 5131 2181 5184 tienter
2206 5145 2220 5192 ;
2246 5138 2468 5196 eratque
2499 5131 2550 5183 in
2582 5144 2647 5186 eo
2674 5131 2806 5185 mira
2837 5131 2889 5184 in
2919 5131 3127 5184 cunctis
3166 5131 3417 5200 operibus
3445 5133 3552 5184 dis-

1985 5223 2174 5284 cretio,
2204 5230 2257 5275 ct
2303 5221 2571 5275 imitabilis
2601 5235 2726 5289 erga
2775 5235 2962 5275 omnes
2990 5221 3226 5276 dilectio.
3266 5221 3397 5275 Erat
3425 5235 3552 5288 ergo

1985 5312 2182 5382 Eligius
2209 5328 2372 5383 opere
2400 5326 2596 5380 castus,
2631 5314 2733 5368 lide
2765 5313 3078 5379 catholicus,
3109 5314 3374 5368 charitate
3398 5313 3552 5367 ditiu-

1985 5421 2094 5471 sus,
2128 5408 2179 5460 in
2212 5407 2596 5460 tentationibus
2623 5414 2828 5469 cautus,
2857 5405 2908 5457 in
2953 5405 3056 5458 tide
3098 5405 3448 5468 firmissimus,
3498 5404 3552 5456 in

1986 5499 2236 5568 operibus
2260 5497 2415 5552 bonis
2431 5507 2732 5566 promptus,
2760 5497 2812 5548 in
2855 5510 3108 5552 sermone
3134 5495 3458 5558 verissimus,
3497 5494 3549 5546 in

1982 5589 2186 5660 judicio
2207 5591 2395 5657 justus,
2428 5590 2477 5642 in
2503 5587 2726 5641 consilio
2760 5588 3034 5654 providus,
3068 5589 3120 5640 in
3150 5587 3391 5640 bonitate
3419 5598 3552 5639 con-

1986 5683 2218 5750 spicuus,
2246 5682 2295 5735 in
2326 5680 2584 5732 charitate
2617 5677 2920 5746 pra-clarus,
2953 5678 3060 5730 Deo
3083 5676 3267 5730 sedule
3291 5675 3550 5734 serviens,

1988 5784 2228 5832 errantes
2246 5773 2532 5841 corrigens,
2558 5781 2829 5828 correctos
2853 5772 3057 5834 fovens,
3088 5769 3385 5827 obstinatos
3404 5783 3550 5834 sper-
