3912 6360
455 449 559 505 515

1622 448 1680 502 S.
1724 447 1921 502 ELIGII
1960 447 2238 503 NOVIOM.
2282 450 2493 506 EPISC.

3376 22 3859 345 ’π’-π

3576 454 3677 510 ’518

454 575 607 624 nens,
640 558 863 614 humiles
887 571 1102 627 semper
1141 557 1367 625 diligens
1399 572 1413 610 :
1445 558 1771 612 exuberabat
1796 571 2016 625 quoque
2044 560 2092 617 Α
2118 572 2181 611 ex
2215 562 2336 625 hoc,
2368 570 2425 614 ut
2452 563 2526 615 rei
2551 562 2731 617 docuit
2761 562 2954 627 exitus,
3003 571 3182 618 mente
3210 566 3470 629 tumidus,
3524 568 3677 623 corde

451 652 506 705 in
536 666 601 705 eo
625 652 920 705 constantia
955 650 1093 713 fidei,
1123 652 1327 717 paritas
1355 648 1677 715 dilectionis,
1730 649 2014 703 sinceritas

452 743 629 813 pacis,
680 756 830 795 amor
884 740 1180 802 charitatis,
1236 749 1396 807 atque
1442 740 1505 791 ad
1553 748 1807 794 mternam
1849 738 2010 788 vitam

448 832 705 885 doctrina:
732 846 841 884 sua:
873 830 1011 883 lilios
1036 830 1147 897 jugi
1174 829 1348 881 studio
1378 828 1624 889 inritans,
1654 842 1790 893 quos
1811 826 2013 877 erudie-

452 920 543 973 bat
588 922 826 977 hortatu,
880 920 1238 986 prmveniebat
1292 917 1562 983 exemplo,
1619 932 1736 983 qua:
1782 914 2011 968 docebat

443 1025 627 1078 agens,
648 1020 702 1062 et
728 1024 845 1077 qua:
873 1011 1061 1075 agebat
1083 1008 1302 1068 docens,
1329 1022 1426 1059 nec
1449 1004 1591 1057 aliud
1611 1019 1703 1058 ore
1735 1018 2008 1072 promens,

444 1099 591 1154 aliud
620 1100 786 1157 corde
813 1100 1051 1161 volvens,
1105 1097 1199 1150 sed
1248 1098 1387 1162 quod
1429 1111 1520 1149 ore
1569 1095 1797 1148 docebat
1844 1108 2009 1161 opere

441 1193 859 1256 corroborabat;
892 1203 946 1245 et
971 1193 1129 1259 quale
1175 1191 1407 1247 habebat
1446 1190 1687 1250 verbum,
1745 1187 1907 1239 talem
1955 1179 2009 1236 et

442 1284 625 1347 vitam;
657 1283 868 1351 qualem
890 1283 1051 1335 etiam
1080 1282 1263 1343 vitam,
1301 1280 1406 1332 tale
1436 1294 1647 1347 quoque
1681 1285 1735 1331 et
1764 1277 2003 1329 verbum.

439 1374 658 1427 Summa
707 1372 904 1439 quippe
948 1371 1190 1423 bonitate
1234 1370 1473 1422 subditos
1501 1368 1748 1435 regebat;
1801 1380 2006 1418 summa

435 1466 723 1519 severitate
774 1464 1120 1529 semetipsum
1172 1460 1501 1525 damnabat,
1550 1474 1657 1512 non
1708 1457 1843 1512 satis
1889 1466 2007 1509 erat

436 1554 691 1609 terribilis
720 1555 773 1607 in
798 1552 1085 1618 subjectis;
1114 1552 1332 1604 nimium
1360 1551 1513 1605 valde
1535 1559 1781 1603 austerus
1811 1549 1864 1601 in
1888 1548 2005 1616 pia-

432 1645 585 1709 culis,
621 1645 673 1695 iu
718 1658 777 1696 se
806 1644 1053 1695 seriabat
1078 1656 1381 1703 censuram,
1416 1641 1466 1691 in
1520 1640 1652 1692 alios
1693 1639 2006 1705 praeferebat

428 1735 727 1803 justitiam,
775 1734 949 1799 rigore
1004 1732 1253 1785 utebatur
1283 1732 1333 1782 in
1386 1730 1716 1782 discussione
1759 1727 2001 1793 justitiir,

433 1823 795 1878 misericordia
824 1823 876 1874 in
926 1822 1241 1873 definitione
1294 1819 1597 1880 sententiae,
1643 1816 2005 1869 districtiones

2118 660 2436 715 protervus,
2488 659 2647 719 atque
2700 654 2911 705 actione
2958 652 3261 721 dissipatus,
3308 656 3403 721 qui
3456 656 3674 709 audacia

2116 743 2543 810 prtesuinptionis
2568 757 2675 795 sure
2722 744 2991 812 deceptus,
3021 746 3183 814 erepit
3213 745 3386 799 verbis
3417 747 3677 800 extollere

2112 844 2141 881 a
2172 844 2230 884 se
2264 846 2458 899 corpus
2487 832 2737 899 martyris
2759 833 2994 899 Quintini
3032 842 3085 886 et
3116 833 3307 903 inquiri
3338 848 3500 901 posse
3526 845 3581 887 et
3605 836 3675 886 in-

2112 920 2309 981 veniri;
2342 920 2433 973 sed
2458 930 2513 973 ut
2542 930 2595 973 et
2622 922 2735 988 ejus
2766 924 3087 990 proterviam
3130 923 3272 976 illico
3303 932 3360 977 et
3390 922 3548 989 Eligii
3574 938 3679 976 nic-

2112 1006 2211 1057 rita
2244 1016 2459 1060 omnum
2520 1008 2775 1061 Dominus
2820 1009 3138 1074 declararet,
3190 1026 3314 1065 mox
3365 1021 3424 1062 ut
3483 1019 3673 1062 termini

2110 1098 2317 1147 sarculo
2359 1096 2577 1149 scabere
2598 1098 2779 1165 coapit,
2812 1100 3150 1151 manubrium
3183 1100 3394 1154 fossorii
3431 1100 3675 1154 manibus

2111 1184 2224 1251 ejus
2248 1185 2474 1251 inbaasit,
2508 1182 2692 1254 sicque
2754 1191 2915 1242 miser
2942 1206 3078 1258 opus
3106 1201 3487 1260 przesumptum
3520 1194 3676 1246 relin-

2109 1291 2301 1343 quens,
2326 1281 2578 1345 ‘sequenti
2604 1294 2818 1348 quoque
2839 1282 2923 1334 die
2970 1283 3021 1334 in
3069 1284 3311 1338 manibus
3340 1285 3452 1337 suis
3482 1284 3673 1337 venui-

2109 1365 2207 1419 bus
2250 1367 2625 1422 ebullieritibus
2681 1371 3053 1424 miserabiliter
3109 1373 3374 1440 expiravit
3407 1390 3420 1424 :
3453 1388 3521 1425 ex
3572 1388 3673 1439 quo

2107 1455 2246 1508 fa'to
2299 1465 2474 1509 tantus
2520 1460 2678 1511 timor
2727 1460 2960 1512 adolevit
3005 1462 3056 1512 in
3116 1465 3335 1529 populo,
3387 1470 3447 1514 ut
3505 1464 3675 1515 trullas

2106 1544 2359 1615 deinceps
2406 1548 2648 1612 quamvis
2694 1549 2983 1616 probabilis
3023 1551 3144 1602 vine
3204 1561 3397 1618 prmter
3436 1550 3671 1617 fligiu‘u

2108 1633 2409 1701 bujusmodi
2440 1638 2711 1702 negotium
2734 1639 2955 1692 auderet
2985 1649 3260 1707 appetere.
3314 1640 3520 1707 Eligius
3549 1656 3671 1707 ergo

2108 1740 2233 1791 cura
2258 1727 2507 1792 pastorali
2536 1738 2806 1795 suscepta,
2838 1730 3018 1781 statim
3052 1731 3103 1781 in
3134 1731 3357 1782 exordio
3388 1746 3502 1782 sua:
3526 1736 3665 1782 ordi-

2108 1814 2337 1867 nationis
2354 1816 2517 1882 coepit
2546 1816 2818 1870 assiduare
2841 1829 2964 1883 erga
2993 1818 3167 1870 locmn
3193 1819 3340 1870 illum
3375 1837 3388 1869 :
3416 1829 3503 1872 est
3533 1822 3669 1872 enim

431 1929 809 1971 verocensura:
827 1926 1039 1980 semper
1061 1906 2002 1977 temperabatmisericordia,sciens
2038 1890 2244 1954 Bbaud
2292 1905 2479 1971 procul
2528 1904 2595 1957 ab
2626 1905 2757 1958 urbe
2802 1904 3207 1971 Vermandensi,
3257 1926 3309 1960 in
3357 1923 3422 1961 eo
3470 1912 3670 1963 soilicct

432 2008 687 2075 scriptum
740 2005 866 2071 quia
900 2004 949 2054 in
1002 2017 1069 2054 eo
1099 2000 1467 2068 quodjudicat
1510 2000 1651 2065 quis,
1682 1996 2003 2063 ju-iicandus

430 2109 515 2152 est
544 2116 557 2148 :
589 2106 641 2150 et
693 2094 835 2161 quod
883 2092 1121 2144 Potentes
1170 2098 1399 2159 potenter
1454 2097 1703 2141 tormenta
1742 2089 2003 2152 patientur

431 2186 587 2256 (Sap.
633 2199 707 2249 tx,
744 2183 825 2250 7),
858 2181 1081 2248 etquod
1108 2178 1372 2231 Iudicium
1425 2178 1519 2229 erit
1550 2176 1881 2227 durissimum
1921 2172 2000 2223 liis

427 2279 515 2349 qui
544 2286 769 2346 praesunt
818 2275 972 2343 (Sap.
1026 2288 1096 2332 vi,
1150 2273 1225 2339 li).
1262 2268 1384 2322 Ηωο
1410 2281 1538 2335 ergo
1585 2266 1771 2319 sedula
1822 2272 2002 2317 mente

430 2376 781 2438 pertractans,
818 2366 871 2417 in
925 2362 1069 2415 oinni
1101 2362 1317 2414 actione
1371 2359 1746 2413 discretionem
1806 2358 1995 2416 tenuit,

422 2477 523 2514 nec
550 2462 601 2512 in
628 2460 735 2511 ullo
763 2456 975 2525 penitus
1020 2454 1374 2521 intemperate
1399 2467 1458 2506 se
1486 2450 1671 2517 gessit,
1698 2445 1793 2500 sed
1820 2444 1998 2498 omnia

417 2552 702 2618 diligenter
718 2548 1069 2615 distinguens,
1095 2553 1151 2598 et
1180 2544 1234 2596 iu
1256 2542 1536 2610 disciplina
1564 2551 1619 2593 et
1650 2542 1700 2591 in
1735 2538 1996 2592 modestia

418 2643 634 2698 modum
657 2654 872 2708 semper
894 2653 957 2690 ac
986 2642 1471 2708 temperamentum
1492 2631 1746 2686 servavit.

1034 2744 1260 2799 CAPUT
1305 2745 1367 2797 V.

730 2840 803 2893 De
832 2838 1056 2893 caznobio
1086 2838 1334 2890 Noviimo
1367 2845 1677 2888 constructo.

474 2928 753 2989 Praeterea
780 2930 1070 2986 :edilieavit
1098 2932 1149 2983 in
1200 2931 1398 2997 oppido
1431 2928 1843 2994 Novioruagensr
1894 2941 1992 2979 an-

416 3012 656 3084 cillarum
679 3024 873 3077 Christi
899 3020 1304 3083 monasterium,
1330 3020 1418 3072 ubi
1447 3028 1501 3071 et
1523 3017 1989 3085 congregationem

417 3134 683 3187 magnam,
714 3125 768 3169 et
802 3116 921 3167 vita:
969 3112 1362 3165 insritutionem
1415 3109 1706 3163 districtam
1754 3106 1984 3170 indidit;

416 3223 572 3266 teme
614 3221 829 3277 quoque
857 3204 1097 3258 redditus
1123 3199 1454 3255 sufficienter
1476 3199 1764 3265 delegavit,
1795 3210 1852 3251 et
1872 3212 1987 3251 om-

418 3302 505 3353 nia
552 3316 670 3367 qu;e
698 3304 878 3350 essent
922 3293 1250 3347 monasterio
1275 3290 1574 3346 necessaria
1623 3290 1807 3343 solerti
1859 3288 1989 3341 Satis

415 3405 542 3445 cura
567 3388 817 3456 providit.
853 3384 957 3438 Sed
980 3392 1035 3436 et
1066 3383 1169 3434 alia
1203 3381 1368 3433 multa
1409 3379 1731 3434 monasteria
1760 3392 1989 3447 quaeque

416 3482 532 3548 ejus
557 3492 743 3545 opere,
778 3488 1008 3544 quaeque
1067 3487 1197 3525 vero
1251 3468 1589 3523 institutione
1645 3483 1673 3520 a
1717 3466 1989 3534 discipulis

414 3572 531 3638 ejus
592 3574 899 3623 constructa
958 3565 1117 3618 hodie
1170 3563 1310 3615 intra
1371 3559 1575 3613 Gallias
1630 3568 1926 3613 noscuntur
1971 3572 1985 3608 :

420 3676 543 3716 nam
577 3660 726 3712 multi
772 3674 838 3711 ex
870 3654 1149 3723 discipulis
1178 3653 1294 3719 ejus
1322 3650 1577 3705 ecclesias
1608 3647 1983 3706 condiderunt,

415 3752 565 3805 multi
618 3749 945 3803 monasteria
976 3745 1268 3799 salubriter
1294 3750 1568 3801 rexerunt,
1618 3740 1777 3793 multi
1824 3740 1983 3791 etiam

415 3845 467 3896 in
513 3841 749 3909 regimen
800 3836 1107 3907 episcopale
1134 3833 1408 3888 sublimnti
1454 3832 1710 3887 Ectlesiis
1762 3832 1988 3897 pnel'ue-

418 3943 563 3989 runt.

1016 3994 1238 4051 CAPUT
1282 3993 1369 4047 Vl.

416 4114 489 4168 De
512 4102 685 4166 inultis
707 4112 770 4164 ab
798 4127 855 4163 eo
886 4122 1180 4163 sanctorum
1209 4106 1424 4173 prolatis
1455 4103 1755 4173 corporibus
1780 4117 1797 4164 ;
1845 4110 1897 4153 et
1926 4100 1987 4151 de:

860 4182 1149 4233 intentione
1177 4177 1238 4231 8.
1275 4177 1530 4242 Quintini.

486 4280 627 4351 lluic'
662 4297 841 4363 itaque
871 4297 985 4349 viro
1030 4292 1365 4347 sanctissimo
1416 4293 1553 4343 inter
1580 4298 1771 4343 crctera
1820 4288 1985 4341 virtu-

414 4399 525 4442 tum
556 4403 771 4441 suarum
825 4386 1104 4447 miracula,
1137 4383 1186 4435 id
1234 4383 1395 4434 etiam
1452 4397 1479 4432 a
1513 4380 1734 4432 Domino
1764 4394 1986 4431 conces-

412 4493 530 4531 ευιιι
560 4486 674 4530 erat
733 4484 788 4527 ιιι
817 4482 1123 4527 sanctorum
1161 4481 1322 4538 lllﬂl‘l}
1338 4486 1451 4521 l‘lllll
1476 4485 1719 4538 corpora,
1744 4484 1859 4536 (lllll‘.
1892 4482 1988 4535 per

2104 1992 2221 2045 loco
2246 1994 2332 2044 tibi
2354 1994 2623 2059 quondam
2656 2003 2858 2063 martyr
2884 2009 2949 2047 ex
2981 1992 3141 2047 fluvio
3190 1996 3436 2049 elevatus
3471 1998 3539 2047 ab
3572 1996 3671 2047 liu-

2102 2082 2245 2134 sebia
2294 2082 2344 2134 in
2418 2092 2599 2135 monte
2649 2083 2821 2135 fuerat
2867 2084 3177 2136 tumulatus.
3234 2082 3433 2151 Eligius
3493 2086 3671 2153 imque

2101 2171 2283 2223 divino
2308 2180 2437 2223 nutu
2496 2172 2778 2239 instigatus
2827 2173 3080 2225 volvebat
3133 2172 3181 2224 in
3240 2176 3439 2236 animo,
3472 2178 3566 2227 sed
3620 2186 3672 2227 rt

2102 2260 2265 2311 libere
2314 2260 2678 2328 proclamabat
2724 2260 2921 2328 populo
2974 2276 3079 2311 non
3112 2260 3217 2312 illic
3248 2262 3431 2314 haberi
3477 2278 3670 2326 corpus

2100 2364 2205 2416 quo
2237 2365 2355 2400 eum
2382 2350 2497 2401 loco
2529 2351 2884 2401 venerabatur
2922 2350 3171 2418 populus,
3203 2352 3295 2402 sed
3328 2365 3447 2404 esse
3490 2354 3667 2419 politis

2100 2442 2149 2491 in
2181 2448 2330 2507 parte
2353 2439 2593 2490 ulterius.
2642 2438 2882 2506 Cumque
2929 2440 3018 2491 diu
3071 2439 3376 2506 liujnsmodi
3430 2444 3669 2493 Cun'llltt

2097 2538 2329 2582 mentem
2354 2527 2469 2593 ejus
2491 2529 2809 2593 stimularet,
2832 2528 2995 2595 coepit
3020 2528 3231 2580 tandem
3259 2531 3436 2596 sagaci
3491 2532 3667 2596 inqui-

2096 2620 2291 2673 sitione
2320 2634 2415 2687 per
2437 2619 2665 2671 basilica:
2699 2619 3059 2686 pavimentum
3080 2620 3182 2672 huc
3206 2620 3435 2686 illucque
3463 2630 3669 2673 teneare

2095 2711 2262 2764 sicubi
2292 2719 2559 2763 sacratum
2586 2712 2853 2760 tumulum
2878 2720 3060 2777 posset
3083 2709 3490 2776 deprehendere
3529 2753 3537 2760 .
3578 2711 3667 2761 sml

2094 2816 2215 2855 cum
2247 2800 2548 2854 nullatenus
2577 2800 2825 2851 indicium
2883 2799 3069 2851 tumuli
3116 2800 3396 2869 reperiret,
3429 2800 3595 2870 Cu'pil
3640 2817 3666 2851 a

2092 2891 2345 2944 fratribus
2372 2890 2585 2943 destitui
2640 2891 3085 2957 prosequentibus
3137 2905 3256 2943 cum
3311 2902 3549 2943 tremore
3601 2907 3668 2942 tn-

2095 2983 2308 3034 teritum
2338 2981 2494 3042 illius,
2526 2980 2613 3047 qui
2670 2980 2867 3032 dudum
2925 2981 3385 3047 investigationem
3432 2985 3665 3050 superba

2091 3082 2273 3126 mente
2323 3071 2651 3139 concipiens,
2709 3070 2918 3136 lugubri
2978 3081 3150 3125 morte
3198 3072 3361 3123 vitam
3420 3071 3663 3135 littlSSi‘l;

2092 3180 2301 3220 necnon
2328 3172 2383 3218 et
2419 3164 2789 3231 antiquitatem
2819 3163 3061 3230 corporis
3113 3162 3510 3232 longinquitate
3555 3164 3663 3231 jam

2015 3228 2059 3288 ς’
2093 3257 2348 3322 temporis
2370 3253 2692 3320 consumpti,
2727 3261 2888 3320 atque
2916 3228 3002 3303 ‘ad
3031 3228 3257 3304 nihilum
3307 3228 3358 3303 in
3386 3228 3663 3320 pulverem

2088 3346 2289 3411 redacti
2313 3344 2653 3411 objicientes,
2680 3344 3014 3395 conabantur
3042 3356 3168 3395 eum
3198 3357 3228 3394 a
3257 3351 3437 3410 coepto
3469 3351 3665 3396 mentis

2086 3437 2362 3506 prOpOsilo
2394 3447 2669 3486 revocare.

2157 3551 2397 3619 Cumque
2420 3552 2467 3604 ei
2500 3550 2799 3603 istiusmodi
2834 3549 3215 3617 impedimenta
3246 3565 3275 3600 a
3302 3548 3557 3601 fratribus
3572 3549 3669 3602 ob-

2090 3642 2120 3653 .-

2083 3642 2389 3709 jiicrentur,
2444 3644 2602 3695 altius
2661 3643 2748 3697 ille
2795 3642 3151 3709 ingemiscens
3190 3643 3410 3694 aiebat:
3466 3642 3664 3708 Nolite,

2088 3737 2299 3802 fratres,
2329 3753 2528 3806 qmeso,
2563 3738 2729 3791 nolite
2751 3736 3010 3802 impedire
3048 3736 3390 3789 devotionem
3447 3752 3660 3795 meam;

2088 3840 2209 3878 nam
2237 3839 2336 3891 ego
2364 3826 2527 3879 credo
2553 3829 2603 3878 in
2635 3827 2944 3878 Creatorem
2990 3840 3186 3887 meum,
3232 3826 3373 3891 quod
3422 3842 3515 3878 me
3561 3842 3664 3878 non

2088 3915 2393 3980 dignabitur
2426 3923 2573 3967 tanto
2607 3916 2881 3978 thesauro,
2917 3922 3233 3981 tantumque
3265 3916 3394 3968 milii
3439 3918 3661 3969 deside-

2088 4016 2205 4058 rato
2234 4006 2507 4059 fraudare.
2542 4006 2690 4059 Tunc
2713 4020 2840 4073 ergo
2863 4008 3121 4060 atte..tins
3138 4008 3431 4075 persistens
3467 4009 3665 4061 levavit

2090 4097 2389 4153 triduanum
2430 4096 2717 4165 jejunium,
2748 4107 2911 4167 atque
2962 4100 3174 4152 enixius
3201 4098 3399 4152 Christi
3451 4098 3666 4153 Domini

2088 4190 2415 4244 divinitatem
2460 4207 2582 4245 cum
2636 4192 2883 4260 lacrymis
2933 4206 3185 4251 exomnis,
3238 4194 3386 4243 \'0\'l|.
3432 4209 3546 4245 non
3602 4207 3660 4244 sc

2090 4288 2234 4355 prius
2263 4286 2551 4353 quidquam
2586 4287 2851 4338 alimonize
2877 4294 3244 4352 accepturum,
3297 4300 3458 4353 quam
3496 4302 3667 4339 inere-

2090 4388 2237 4431 retur
2266 4377 2628 4430 desideratum
2662 4379 2939 4445 percipere
2962 4387 3141 4431 votum
3176 4394 3187 4429 :
3230 4390 3377 4429 tanta
3428 4394 3664 4445 namque

2089 4480 2204 4521 erat
2231 4469 2275 4521 ei
2311 4466 2463 4532 lidrs,
2495 4477 2747 4535 tantaque
2776 4467 3095 4530 constantia,
3136 4476 3193 4519 ut
3216 4468 3543 4533 plerumque
3589 4466 3664 4519 sic

412 4577 489 4621 tot
513 4568 705 4619 szecula
734 4564 909 4617 abdita
956 4562 1163 4629 populis
1210 4560 1465 4612 liuet-aius
1512 4561 1863 4623 habebantur,
1914 4574 1979 4609 eo
2011 4557 2329 4619 Dfacienda
2361 4559 2695 4625 praeveniret,
2748 4567 2996 4625 tanquam
3046 4558 3155 4621 jam
3204 4556 3343 4608 farta
3393 4558 3660 4616 crederet,

417 4657 771 4724 investigante
802 4669 865 4707 ac
893 4654 1057 4706 nimio
1088 4652 1280 4705 ardore
1313 4651 1430 4703 lidei
1464 4652 1745 4716 indagante
1774 4649 1980 4717 patefa-

412 4764 494 4807 cta
543 4752 939 4819 proderentur:
997 4746 1259 4814 siquidem
1310 4744 1561 4797 nonnulla
1597 4746 1986 4795 venerabantur

412 4844 559 4913 prius
606 4840 837 4909 ipopulo
866 4838 915 4889 in
970 4837 1098 4890 locis
1137 4836 1328 4901 quibus
1361 4850 1464 4886 non
1514 4842 1687 4895 erant,
1722 4841 1774 4884 et
1806 4844 1983 4884 tamen

412 4933 592 5002 quoin
624 4931 744 4983 loco
775 4930 971 4981 certius
994 4928 1208 4979 humata
1233 4933 1559 4990 tegerentur,
1586 4937 1802 4993 prorsus
1834 4922 1986 4989 igno-

411 5027 649 5081 labatur.
688 5020 762 5072 Ex
811 5036 875 5073 eo
906 5033 1034 5085 ergo
1085 5027 1327 5085 tempore
1357 5032 1462 5083 quo
1496 5018 1693 5083 Eligius
1743 5015 1981 5084 pontifex

410 5124 778 5178 consecratus,
810 5121 864 5164 et
888 5110 1135 5165 Ecclesia:
1160 5120 1341 5178 pastor
1371 5117 1451 5163 est
1472 5109 1647 5173 datus,
1677 5111 1741 5163 ab
1763 5124 1827 5163 eo
1852 5125 1987 5162 non-

413 5207 554 5259 nulla
586 5206 799 5257 inventa
832 5202 1041 5269 populis
1070 5209 1198 5253 sunt
1224 5199 1525 5265 declarata;
1557 5216 1620 5253 ex
1655 5199 1845 5266 quibus
1874 5198 1986 5266 pri-

413 5311 556 5347 mum
604 5310 665 5346 ac
722 5306 985 5346 suuunum
1034 5297 1278 5343 sanctum
1337 5300 1624 5358 martyrem
1673 5290 1981 5353 Quintilium

414 5390 463 5442 in
500 5385 759 5454 principio
789 5382 1136 5451 episc0patus
1163 5382 1243 5435 sui
1275 5382 1463 5449 grandi
1512 5381 1760 5433 instantia
1792 5382 1985 5447 QUIBle

412 5491 547 5543 tum,
580 5477 706 5529 olim
738 5488 951 5542 quoque
992 5474 1248 5542 celatum,
1302 5472 1568 5540 promovit
1596 5472 1769 5540 palam
1804 5474 1852 5523 in
1888 5488 1983 5539 pu-

413 5570 631 5623 blicum.
684 5565 923 5631 Denique
973 5566 1281 5633 priusquam
1341 5562 1541 5629 Eligius
1590 5564 1826 5630 ejusdem
1881 5563 1981 5617 lori

411 5660 567 5711 datus
596 5662 735 5707 esset
759 5656 1062 5723 episcopus,
1094 5654 1299 5708 exstitit
1329 5653 1543 5722 quidam
1575 5655 1653 5706 vir
1684 5655 1979 5721 improbus,

414 5744 673 5797 vocabulo
726 5743 1024 5809 .ilaurinus,
1079 5755 1135 5795 ut
1201 5744 1482 5796 videbatur
1535 5744 1747 5811 pepulis
1800 5745 1981 5797 habitu

414 5832 715 5899 religiosus,
751 5841 939 5887 cantor
997 5834 1047 5886 in
1100 5834 1240 5899 regis
1273 5832 1471 5901 palatio
1524 5832 1788 5899 laudatus,
1820 5841 1979 5903 atque

2088 4662 2247 4721 atque
2299 4664 2680 4718 nonnunquam
2730 4648 2800 4700 ita
2830 4664 2950 4699 cum
3000 4647 3152 4712 Deo,
3206 4648 3662 4715 quemadmodum

2088 4759 2207 4797 cum
2243 4750 2459 4796 terreno
2490 4756 2587 4793 suo
2618 4741 2931 4806 loqueretur
2956 4738 3197 4801 domino,
3230 4753 3293 4790 ac
3329 4738 3663 4806 propesitum

2086 4836 2228 4905 quod
2250 4838 2362 4903 ipse
2387 4842 2663 4896 statueret,
2702 4832 2749 4883 id
2783 4830 2949 4884 Deum
2973 4830 3247 4898 complere
3302 4830 3665 4884 indubitanter

2088 4925 2333 4979 crederet
2381 4939 2392 4974 :
2446 4926 2585 4974 unde
2632 4921 2789 4972 etiam
2844 4935 3053 4973 cum‘a
3106 4920 3282 4972 multis
3346 4920 3663 4973 debui-tare-

2090 5002 2191 5080 tur,
2247 5015 2493 5067 dicebat:
2542 5012 2643 5075 Tu,
2696 5012 2885 5079 inquit,
2939 5011 3169 5065 Domine
3212 5010 3360 5074 Jesu,
3405 5013 3499 5076 qui
3552 5027 3664 5064 ont~

2092 5109 2174 5165 nia
2204 5108 2341 5158 nesti
2373 5104 2676 5172 priusquam
2705 5104 2854 5161 liant,
2907 5102 3094 5156 tuscis
3143 5101 3286 5169 quod
3334 5102 3438 5153 η’δί
3494 5103 3665 5154 mani-

2089 5199 2341 5251 festatum
2372 5196 2675 5249 ostenderis
2724 5196 2852 5248 mihi
2904 5210 3102 5261 corpus
3151 5194 3311 5259 hujus
3358 5196 3541 5248 sancti
3590 5194 3661 5247 tui

2088 5290 2262 5353 testis,
2286 5288 2376 5355 qui
2412 5298 2631 5355 propter
2661 5300 2857 5338 nomen
2886 5294 3133 5337 sanctum
3158 5293 3307 5336 tuum
3339 5300 3533 5353 passos
3560 5294 3660 5346 εει.

2087 5396 2389 5449 quanquam
2446 5380 2544 5431 sint
2595 5380 2875 5442 indignus,
2925 5380 3200 5444 nunquam
3251 5384 3431 5431 tamen
3493 5378 3662 5447 plebis

2088 5472 2243 5541 lmjus
2289 5470 2657 5538 episcopatum
2701 5482 2899 5535 geram,
2930 5466 3027 5521 sed
3056 5465 3205 5522 exsul
3240 5468 3421 5534 potius
3446 5466 3516 5521 ab
3561 5467 3661 5522 ha:

2088 5562 2355 5631 provincia
2382 5560 2563 5628 procul
2588 5559 2855 5621 secedam,
2897 5556 2985 5609 ubi
3042 5565 3097 5608 ut
3127 5558 3347 5621 dignum
3389 5568 3477 5612 est
3525 5558 3662 5613 inter

2086 5654 2286 5707 bestias
2309 5652 2525 5705 moriar.
2552 5650 2686 5715 Quid
2718 5650 2882 5702 multa
2909 5648 2930 5699 ?
2953 5656 3133 5718 empto
3160 5652 3309 5717 operi
3346 5650 3659 5719 persistens.

2086 5760 2205 5797 cum
2238 5743 2509 5810 adjutores
2551 5744 2665 5810 ejus
2696 5756 2789 5809 per
2840 5740 3046 5794 diversa
3092 5741 3335 5797 cocleam
3386 5744 3505 5797 loca
3552 5753 3663 5799 ten-

2090 5835 2251 5889 tando
2278 5834 2659 5897 discurrerent,
2686 5834 2991 5902 nullamque
3023 5833 3329 5890 inveniendi
3375 5851 3529 5905 spent
3568 5849 3661 5893 ca-

3550 6150 3849 6339 Η
