3934 6228
194 397 303 452 sn

1716 383 1886 439 Vl'l‘A.

3312 371 3415 430 MS

198 516 425 577 petent,
449 505 644 561 leniter
665 505 756 559 ille
797 517 988 559 omnes
1009 517 1376 572 compescens,
1402 516 1562 556 unum
1591 501 1668 555 eis
1694 500 1772 554 lo-
1799 511 1845 564 Α
1875 493 2266 562 Crispinianum
2300 509 2368 548 ex
2414 491 2640 562 quadam
2691 498 2874 564 crypta
2923 490 3159 560 prolatos
3201 491 3423 546 mirilli-e

198 613 358 662 cum,
384 612 494 664 quo
519 596 662 650 nulla
685 610 809 648 esse
859 595 1094 662 suspicio
1115 602 1347 663 poterat,
1378 596 1427 646 in
1470 593 1771 661 posteriore

200 686 455 741 ecclesiae
488 695 638 754 parte
663 683 1023 747 eil'odiendnm
1047 686 1310 750 designat.
1342 682 1489 736 Tunc
1531 685 1771 736 omnium

201 775 400 830 labore
445 775 518 828 ibi
569 788 830 829 converso
882 773 1108 826 libenter
1159 773 1320 841 jussis
1365 773 1770 840 obtemperant,

204 864 533 932 defensaque
569 863 679 932 jam
711 863 762 916 in
787 861 953 915 altum
987 862 1121 914 ultra
1147 862 1307 929 pedes
1327 861 1508 915 decem
1539 876 1628 912 seu
1662 875 1774 912 am-

207 953 359 1022 plius
387 963 548 1016 terra,
569 954 636 1004 ab
659 965 757 1018 spe
779 950 971 1002 iterum
996 949 1295 1002 inveniendi
1325 950 1567 1015 corporis
1601 948 1771 1000 desti-

211 1051 438 1094 tuuntur
466 1050 658 1095 etcum
686 1039 841 1092 tertia
870 1037 980 1105 jam
1011 1053 1116 1090 nox
1148 1039 1317 1090 media
1349 1038 1604 1102 fluxisset,
1628 1053 1776 1089 arre-

211 1138 315 1196 pto
366 1127 560 1195 Eligius
606 1127 843 1188 sarculo,
896 1127 1203 1194 rejectoque
1246 1126 1568 1194 amphibato,
1621 1129 1779 1194 cmpit

213 1218 353 1271 totis
381 1218 579 1272 viribus
607 1233 730 1270 cum
774 1217 949 1270 cereis
976 1228 1028 1270 et
1066 1201 1185 1270 cum
1217 1215 1550 1284 lampadibus
1586 1227 1777 1270 terram

213 1308 422 1361 sanctis
458 1305 694 1377 effodere
746 1308 1038 1361 manibus:
1086 1322 1309 1373 cumque
1362 1307 1631 1374 paululum
1677 1309 1778 1359 ima

213 1395 382 1450 fossa:
407 1395 704 1458 declinans,
738 1396 791 1448 in
831 1395 972 1449 latus
1017 1409 1257 1448 cavernae
1293 1397 1512 1449 scabere
1564 1402 1778 1448 humum

216 1483 494 1552 cepisset,
527 1497 647 1556 mox
692 1482 891 1550 reperit
943 1483 1190 1536 cutnbum
1246 1497 1376 1536 sane
1420 1486 1780 1550 veterrimum,

218 1582 496 1641 tegentem
525 1588 718 1641 corpus
764 1575 1210 1628 sacratumJ‘unc
1246 1575 1444 1642 gaudio
1474 1591 1665 1642 magno
1697 1593 1805 1635 re-,

219 1666 422 1730 pletus,
452 1678 570 1717 cum
601 1663 981 1732 sarculoquem
1009 1680 1165 1718 manu
1194 1667 1455 1733 gestabat,
1481 1669 1784 1722 avidissime

221 1750 364 1805 latus
410 1752 622 1807 ferisset
682 1753 942 1820 sepulcri,
993 1754 1272 1808 confestim
1334 1755 1505 1810 forato
1555 1759 1778 1818 tumulo,

1872 585 2195 652 composuit,
2225 597 2516 651 eorumque
2545 583 2851 636 memoriam
2882 582 3072 649 insigni
3103 591 3420 636 ornamento

1875 671 2168 727 decoravit.
2219 671 2435 726 Necnon
2487 682 2542 726 et
2571 670 2824 726 Belvacus
2855 671 3161 740 municipio,
3209 673 3422 726 beatum

1875 781 2162 838 martyrem
2221 777 2242 803 ο
2290 766 2617 829 Lucianum,
2660 765 2918 834 collegam
2948 766 3212 833 quondam
3255 768 3425 820 sancti

1875 856 2113 920 Quintilii
2160 855 2428 907 inventum
2454 854 2696 907 similiter
2724 853 3003 908 fabricavit
3029 863 3186 922 atque
3211 870 3423 924 compo-

1875 946 1980 1000 suit
2013 961 2025 997 :
2065 946 2156 998 sed
2184 954 2237 998 et
2261 947 2392 997 alias
2417 960 2572 1013 quam
2602 945 2793 998 multas
2822 945 3096 998 memoriis
3119 954 3422 999 sanctorum

1877 1036 2132 1103 impendit
2161 1036 2476 1100 diligentias,
2516 1049 2633 1102 quae
2661 1051 2799 1088 nunc
2825 1050 2930 1088 non
2979 1034 3178 1092 sufficit
3209 1047 3399 1090 narran

1881 1127 1945 1179 tis
1969 1125 2215 1180 evolvere
2243 1126 2438 1191 lingua.

2454 1213 2678 1267 CAPUT
2719 1212 2852 1266 Vill.

2076 1309 2274 1370 Quanto
2315 1306 2484 1358 labore
2513 1306 2648 1371 apud
2674 1305 2912 1358 barbaros
2943 1305 3225 1358 desudavit.

1951 1414 2167 1467 Multum
2202 1410 2450 1481 praeterea
2481 1414 2532 1467 in
2564 1413 2805 1468 Flandris
2840 1415 3134 1484 laboravit,
3184 1417 3295 1487 jugi
3348 1419 3425 1472 in-

1881 1506 2074 1557 stantia
2123 1506 2448 1571 Andoverpis
2493 1505 2781 1572 pugnavit,
2839 1506 3136 1575 multosque
3183 1523 3435 1563 erroneus

1883 1593 2087 1647 Suevos
2109 1595 2398 1658 convertit;
2425 1594 2546 1648 fana
2598 1593 2846 1646 nonnulla
2876 1591 3069 1650 Christi
3098 1597 3282 1668 clypeo
3309 1615 3430 1666 pro-

1884 1692 2056 1735 tectus
2083 1697 2202 1735 cum
2227 1681 2515 1748 apostolica
2545 1681 2860 1735 auctoritate
2889 1681 3175 1748 destruxit;
3209 1685 3434 1740 idolola-

1885 1771 2038 1823 triam
2061 1786 2270 1838 quoque
2293 1771 2483 1824 diversi
2505 1771 2712 1838 generis
2741 1771 3032 1839 ubicunque
3059 1772 3288 1838 invenit,
3319 1775 3436 1828 fun-

220 1851 373 1900 tanta
402 1843 582 1896 odoris
623 1841 915 1908 fragrantia
939 1858 1057 1896 cum
1089 1843 1349 1896 immenso
1377 1845 1574 1897 lumine
1621 1861 1684 1897 ex
1717 1862 1782 1898 eo

1895 1861 2024 1912 ditus
2044 1861 2268 1938 subruit.
2294 1859 2436 1913 lnter
2463 1861 2576 1914 haec
2599 1869 2774 1914 autem
2803 1875 2919 1914 cum
2972 1875 3178 1930 semper
3206 1863 3435 1916 sobriam

220 1932 483 1994 manavit,
512 1939 566 1983 ut
587 1931 747 1985 etiam
782 1933 894 2000 ipse
915 1942 1130 1987 sanctus
1161 1926 1360 2000 Eligius
1391 1934 1594 2001 fulgore
1626 1936 1783 1988 lumi-

221 2023 307 2076 nis
336 2021 612 2089 odoreque
658 2022 1004 2076 inenarrabili
1059 2023 1332 2092 perculsus
1371 2026 1456 2076 vix
1500 2027 1811 2079 subsistere'

221 2113 506 2179 potuisset.
537 2111 666 2164 Nam
689 2120 744 2164 et
786 2113 974 2178 globus
998 2112 1314 2181 splendoris,
1345 2115 1430 2180 qui
1489 2128 1553 2165 ex
1589 2120 1788 2167 tumulo

222 2201 290 2252 ad
313 2202 481 2253 ictum
507 2200 746 2253 ferientis
792 2202 1068 2267 processit,
1123 2211 1326 2253 tantam
1358 2203 1460 2252 vim
1491 2217 1599 2270 suge
1631 2205 1789 2254 clari-

223 2289 353 2343 t'atis
396 2291 630 2358 sparsit,
689 2297 749 2342 ut
801 2300 1112 2344 cunctorum
1154 2295 1460 2343 .astantium
1517 2294 1790 2346 obtutibus

224 2381 503 2434 oculorum
531 2379 747 2445 retusis,
781 2389 982 2448 partem
1035 2382 1320 2435 niaximant
1373 2384 1606 2449 regionis
1654 2384 1791 2437 illius

223 2470 276 2522 in
299 2470 404 2523 diei
421 2469 730 2523 'claritatem
753 2479 1011 2534 mutaret;
1037 2470 1176 2522 unde
1207 2486 1393 2524 omnes
1433 2487 1569 2538 quos
1600 2471 1789 2525 eadem

221 2559 357 2611 hora
400 2559 624 2626 vigilare
666 2566 983 2623 contigerat,
1013 2559 1208 2624 quique
1241 2557 1315 2610 rei
1366 2574 1580 2633 causam
1639 2559 1786 2625 igno-

221 2649 452 2713 rabant,
491 2662 736 2716 magnum
791 2649 1056 2716 quoddam
1104 2649 1283 2702 datum
1335 2651 1544 2704 caelitus
1585 2652 1791 2718 signum

223 2736 588 2790 aestimabant.
620 2736 748 2790 Erat
777 2739 918 2790 enim
962 2748 1218 2791 transacta
1249 2741 1422 2792 media
1453 2756 1579 2804 nox,
1608 2751 1660 2792 et
1688 2757 1791 2793 uox

224 2827 444 2895 quidem
467 2826 694 2879 obscura
723 2826 877 2878 valde
899 2834 952 2878 et
976 2825 1284 2892 caliginosa,
1333 2829 1424 2881 sed
1471 2834 1793 2896 proceiente

221 2916 437 2983 fulgore
457 2916 606 2982 quasi
627 2913 715 2967 lux
737 2914 842 2968 diei
873 2915 938 2967 ad
988 2923 1194 2986 tempus
1241 2917 1584 2985 resplenduit,
1612 2928 1694 2972 .et
1741 2922 1791 2972 in
1825 2929 1846 2942 ··

223 3013 477 3071 tempore
503 3003 716 3056 claritas
755 3004 993 3056 recessit.
1027 3002 1175 3057 Tunc
1203 2995 1328 3072 ergo
1352 3021 1559 3058 sacrum
1607 3009 1794 3059 inven-

223 3100 344 3143 tum
373 3105 570 3160 corpus
610 3089 808 3159 Eligius
845 3106 966 3144 cum
1017 3094 1212 3158 gaudio
1258 3095 1586 3162 lacrytttull.“
1637 3111 1783 3147 exos.

1886 1947 2142 2013 religiosis
2166 1948 2446 2000 virtutibus
2476 1956 2680 2001 teneret
2706 1948 3036 2016 disciplinam
3071 1953 3100 2015 ,‘
3141 1949 3443 2019 frequenter

1887 2037 1953 2088 ab
1984 2038 2187 2103 ingrato
2217 2045 2270 2089 et
2299 2033 2498 2103 perfido
2525 2035 2725 2103 pupulo
2776 2037 3072 2097 lacessitus,
3106 2046 3160 2090 et
3188 2054 3321 2106 pene
3349 2056 3438 2093 us-

1889 2141 1990 2192 que
2013 2127 2076 2178 ad
2105 2127 2475 2178 contume'iam
2508 2134 2857 2193 provocatus,
2887 2127 3204 2183 nullatenus
3224 2144 3252 2181 a
3271 2143 3442 2197 C(Bpla

1889 2216 2128 2268 doctrina
2162 2218 2460 2277 aret‘batur,
2493 2220 2588 2269 sed
2638 2218 2808 2290 inagis
2839 2215 2963 2283 ipse'
3000 2217 3132 2271 lenis
3153 2257 3168 2280 ,
3217 2223 3445 2286 patiens,

1892 2303 2123 2361 humilis,
2152 2313 2204 2355 et
2235 2304 2374 2355 mitis
2399 2344 2413 2366 ,
2472 2321 2567 2372 pro
2595 2307 2670 2357 eis
2703 2307 2980 2360 Dominum
3025 2308 3444 2374 deprecabatur:

1893 2411 2014 2447 nam
2043 2410 2160 2449 eum
2192 2398 2603 2464 circumquaque
2633 2411 2753 2465 rura
2801 2388 3071 2460 lustraret,
3107 2400 3446 2454 inenarrabiti

1892 2487 2184 2539 subtilitate
2235 2487 2426 2540 blande
2476 2495 2634 2552 atque
2663 2489 2954 2556 composite
2999 2488 3204 2543 desides
3258 2493 3448 2546 barba-
3489 2503 3492 2506 '

1894 2589 2070 2626 roruin
2102 2576 2325 2638 animos,
2357 2585 2409 2628 et
2440 2578 2612 2628 minus
2645 2577 2711 2629 de
2733 2592 2825 2645 spe
2873 2578 3045 2630 futura
3075 2578 3448 2641 sollicitos,so-

1895 2664 2010 2714 lerti
2043 2665 2168 2716 satis
2195 2664 2366 2716 studio
2397 2665 2571 2719 verbis
2604 2666 2808 2719 blandis
2843 2667 3112 2720 nitebatur
3138 2668 3409 2722 stimulare
3429 2708 3446 2735 ,

1895 2760 2053 2818 atque
2084 2753 2148 2802 ad
2177 2768 2410 2806 amorem
2437 2768 2680 2821 superna:
2731 2757 2911 2822 patrne
2931 2759 3265 2823 accendere;
3315 2774 3446 2826 pne-
3516 2790 3530 2798 -

1896 2843 2074 2894 (Μελίη-ε
2101 2842 2305 2894 infestis
2335 2858 2516 2909 pacem
2539 2883 2553 2908 ,
2607 2844 2848 2898 violentis
2875 2845 3104 2913 quietem
3130 2889 3143 2908 ,
3189 2847 3452 2903 ferocibus

1899 2936 2207 2996 lenitatem;
2268 2936 2462 2987 docens
2507 2950 2692 2988 omnes
2739 2936 2790 2988 in
2845 2950 3004 2988 unutn
3052 2935 3116 2988 ad
3166 2935 3450 3006 Ecclesiam

1899 3023 2061 3084 coire,
2096 3025 2412 3074 monasteria
2436 3032 2764 3087 construere,
2792 3033 2950 3091 atque
2979 3025 3032 3078 in
3059 3025 3212 3079 bonis
3242 3026 3446 3081 actibus

1901 3111 2008 3164 Deo
2039 3115 2217 3165 sedule
2240 3115 2455 3166 servire.
2490 3113 2568 3167 Ad
2615 3115 2766 3181 cujus
2795 3115 3043 3170 videlicet
3071 3118 3336 3171 hortatum
3377 3120 3448 3171 ita

223 3184 464 3246 colatur,
496 3196 557 3234 ac
595 3182 661 3235 de
709 3181 968 3249 profunda
1027 3183 1213 3236 tellure
1264 3184 1492 3245 elevato,
1541 3187 1792 3253 reliquias

1899 3204 2148 3256 i‘ionnulla
2178 3213 2470 3270 permutata
2488 3215 2568 3258 est
2590 3205 2942 3271 barbaries,ut
2962 3207 3137 3262 subito
3154 3209 3203 3261 in
3227 3210 3376 3263 arido
3400 3220 3453 3265 et

225 3273 334 3326 sibi
405 3272 758 3339 undecunque
826 3271 1170 3338 concupivit,
1224 3276 1558 3339 segregavit,
1606 3275 1793 3328 dentes

225 3362 396 3414 etiam
426 3376 523 3430 pro
548 3360 911 3428 languentium
939 3361 1144 3414 medela
1166 3377 1197 3415 e
1244 3363 1458 3415 maxilla
1488 3373 1671 3416 sancta
1702 3366 1795 3418 ab-

227 3452 406 3514 stulit,
436 3461 596 3517 atque
626 3451 675 3503 in
721 3451 901 3504 radice
927 3449 1101 3502 dentis
1129 3459 1276 3517 gutta
1304 3452 1575 3517 sanguinis
1607 3453 1791 3505 exivit.

225 3540 687 3608 Ctavos_quoque
740 3538 889 3592 mine
932 3539 1326 3605 magnitudinis,
1373 3553 1508 3606 quos
1557 3550 1797 3607 tempore

226 3629 501 3697 passionis
551 3628 666 3695 ejus
704 3635 1076 3695 persecutores
1129 3628 1341 3696 corpori
1369 3628 1668 3693 iulixerant,
1727 3644 1790 3683 ex

226 3719 462 3772 cerebro
488 3717 800 3784 ueterisque
822 3717 1042 3771 artubus
1069 3717 1387 3784 abstractos,
1419 3720 1516 3771 sini
1564 3735 1663 3787 pro
1710 3735 1794 3774 re-

229 3807 421 3876 liquiis
474 3805 850 3874 sequestravit.
913 3803 1149 3874 Cap'llos
1192 3808 1354 3860 etiam
1414 3808 1797 3876 pulcherrimos

226 3895 478 3964 reliquiis
505 3889 791 3964 separatos
806 3893 1089 3961 delegavit.
1117 3895 1314 3950 Deinde
1344 3896 1646 3951 holoserico
1677 3892 1798 3965 pre-

231 3986 529 4039 tiosissima
573 3983 884 4038 obvolutum
913 3985 1376 4054 compositumque
1419 3986 1808 4043 honestissime-

228 4089 440 4144 corpus
464 4087 667 4127 summa
692 4086 815 4126 cum
843 4071 1118 4140 diligentia
1145 4075 1278 4127 citra
1331 4075 1501 4130 altare
1546 4085 1797 4146 transpo-

229 4163 374 4228 suit;
400 4162 636 4215 tumbam
652 4161 882 4229 denique
898 4176 965 4216 ex
985 4177 1119 4240 auro
1144 4171 1470 4232 argentoque
1491 4175 1547 4219 et
1569 4169 1799 4234 gemmis

228 4252 375 4306 miro
421 4265 585 4322 opere
624 4251 854 4318 desuper
893 4250 1188 4306 fabricavit.
1238 4250 1529 4308 Ecclesiam
1561 4270 1793 4324 quoque,

229 4355 356 4410 qua
382 4343 575 4408 exigua
619 4338 969 4392 conventibus
1016 4341 1194 4408 populi
1246 4342 1544 4409 videbatur,
1595 4346 1798 4402 eximio

197 4431 459 4502 repittcio
505 4430 812 4500 ampliatam
834 4430 1130 4486 decoravit.
1176 4431 1295 4501 Ipse
1325 4434 1538 4489 demum
1593 4451 1660 4491 ex
1708 4454 1798 4493 re-

235 4528 440 4597 liquiis,
471 4541 602 4596 quas
626 4541 657 4579 a
685 4534 875 4580 sancto
917 4541 1144 4595 corpore
1164 4535 1612 4594 sequestraverat,
1633 4531 1798 4584 multa
1832 4506 1882 4566 D

237 4624 357 4676 loca
375 4618 632 4684 condivit,
647 4617 1122 4686 multimodamque
1141 4616 1396 4671 medelam
1417 4619 1638 4674 diversis
1652 4619 1804 4688 :egri-

237 4712 486 4766 tudinnm
501 4709 849 4774 incommodis
871 4707 1084 4762 easdem
1099 4709 1448 4778 impartiendo
1459 4712 1702 4780 praebuit.

839 4814 1064 4870 CAPUT
1099 4815 1209 4870 Vll.

310 4906 392 4960 De
409 4907 695 4960 inventione
723 4905 785 4959 S.
814 4903 1046 4958 Piatonis
1067 4906 1386 4977 aliorumque
1404 4917 1722 4964 sanctorum.

313 4996 446 5050 Post
471 4995 584 5050 hac
605 4993 763 5048 simili
786 4996 944 5048 modo
972 4993 1156 5061 grandi
1187 4995 1370 5050 labore
1390 5005 1552 5066 atque
1591 5000 1802 5054 instan-

245 5089 316 5141 tia
341 5085 546 5140 invenit
584 5087 635 5137 in
692 5085 962 5138 territorio
1007 5081 1440 5154 Medenantense,
1486 5088 1604 5143 vico
1636 5088 1814 5145 'Saci--

247 5179 399 5243 linio,
457 5186 697 5231 sanctum
739 5183 1028 5245 martyrem
1077 5174 1374 5242 Piatonem,
1424 5179 1511 5232 cui
1556 5181 1802 5239 similiter

250 5269 432 5323 clavos
457 5267 695 5337 prolixos
717 5279 785 5318 ex
809 5279 1034 5333 corpore
1079 5265 1284 5320 ablatos
1311 5267 1518 5335 populis
1543 5268 1599 5323 in
1645 5285 1802 5341 argu-

253 5365 489 5413 mentum
517 5353 854 5410 monstravit.
900 5355 1103 5422 Corpus
1144 5355 1394 5424 denique,
1415 5357 1558 5412 sicut
1602 5368 1804 5432 marty-

255 5465 366 5502 rem
394 5448 591 5514 decuit,
620 5447 896 5515 eleganter
915 5449 1245 5516 composuit;
1275 5456 1437 5516 atque
1475 5450 1806 5506 mausoleum

259 5539 460 5592 urbane
505 5536 737 5604 desuper
779 5535 1075 5589 fabricavit.
1134 5534 1435 5592 Suessionis
1467 5554 1680 5608 quoque
1727 5543 1806 5596 ci-

261 5631 454 5692 vitate,
474 5635 684 5682 sanctos
707 5636 971 5696 martyres
998 5637 1052 5681 et
1095 5640 1128 5695 g
1164 5643 1378 5683 rmanos
1429 5629 1725 5701 Crispinum
1755 5640 1810 5687 et

333 5792 355 5817 ι
393 5784 684 5836 Lemnum.
735 5779 948 5836 Lucium
998 5779 1187 5849 legitur
1217 5781 1270 5838 in
1317 5781 1496 5843 codice
1525 5783 1582 5840 S.
1621 5783 1879 5840 Audoeni.

1896 3296 2159 3359 squalenti
2177 3310 2362 3361 campo
2393 3295 2658 3348 videretur
2680 3293 2900 3348 fecunda
2931 3309 3083 3364 seges
3107 3305 3161 3350 et
3183 3297 3446 3351 uberrima

1897 3386 2085 3439 messis
2103 3384 2430 3438 surrexisse:
2457 3384 2662 3438 videres
2674 3386 2971 3453 complures
2997 3385 3062 3438 ad
3092 3386 3450 3453 paenitentiam

1899 3486 2129 3533 currere,
2164 3483 2293 3538 opes
2321 3472 2638 3538 pauperibus
2667 3484 2905 3538 erogare,
2931 3470 3204 3527 libertates
3244 3474 3454 3528 familiae

1898 3565 2046 3624 dare,
2079 3562 2289 3628 aliaque
2336 3561 2721 3629 quamplurima
2758 3562 3021 3616 bonorum
3074 3578 3292 3633 operum
3321 3582 3448 3635 pra:-

1898 3667 2050 3726 cepta
2079 3657 2292 3710 sectari.
2324 3652 2368 3707 Ο
2421 3655 2602 3724 quanti
2651 3655 2801 3721 Eligii
2853 3656 3108 3710 industria
3159 3660 3226 3712 ab
3275 3675 3456 3714 errore

1899 3748 2170 3817 gentilium
2240 3746 2481 3806 retracti,
2540 3739 2824 3798 venerabili
2877 3744 3001 3797 Chri
3036 3746 3070 3797 ti
3119 3745 3287 3812 juncti
3329 3759 3452 3802 Sunt

1900 3840 2074 3908 gregi!
2109 3838 2302 3902 Quanti
2324 3837 2623 3905 exemplum
2647 3837 2759 3903 ejus
2789 3838 2990 3902 secuti,
3046 3853 3233 3894 omnes
3272 3844 3450 3896 szeculi

1899 3930 2174 3984 illecebras
2202 3936 2545 3996 respuentes,
2597 3926 2805 3980 beatam
2859 3928 3241 3982 monachorum
3293 3932 3455 3984 vitam

1899 4029 2024 4073 sunt
2050 4018 2254 4087 adepti!
2311 4019 2533 4082 Quanta:
2577 4016 2762 4084 puella:
2817 4030 2882 4069 eo
2928 4017 3179 4070 suadente
3221 4020 3457 4073 carnales

1900 4109 2109 4175 nuptias
2136 4114 2472 4174 spreverunt,
2502 4114 2557 4158 ut
2600 4105 2651 4158 in
2708 4103 2887 4157 matris
2934 4103 3182 4160 Ecclesia:
3234 4118 3458 4177 receptat

1900 4199 2102 4266 gremio
2129 4197 2324 4250 Christi
2347 4210 2556 4263 spunsm
2581 4195 2750 4260 digna:
2777 4194 3133 4248 haberentur!
3165 4194 3332 4261 Quam
3362 4213 3457 4253 co-

1900 4287 2106 4356 piosum
2138 4286 2299 4340 etiam
2332 4298 2518 4351 agmen
2561 4287 2834 4349 utriusque
2880 4298 3040 4338 sexus
3062 4287 3213 4338 annis
3241 4285 3459 4354 singulis

1903 4379 1955 4431 in
1989 4378 2224 4432 Paschali
2269 4374 2624 4437 solemnitate,
2655 4372 2798 4440 quod
2826 4387 2923 4442 per
2950 4382 3114 4426 totum
3144 4389 3341 4429 annum
3369 4391 3459 4431 ac-

1904 4469 2116 4537 quirere
2145 4475 2354 4534 pn'erat
2381 4505 2395 4528 ,
2442 4465 2684 4519 manibus
2731 4464 2957 4534 propriis
2995 4465 3260 4532 baptizans
3303 4482 3459 4523 sacro

1903 4557 2047 4611 fonte
2074 4554 2350 4609 abluebat!
2387 4549 2710 4609 Extrahebat
2739 4555 2878 4606 enim
2913 4562 3016 4606 tam
3051 4553 3278 4610 dulciter
3294 4571 3454 4624 quam

1902 4647 2123 4700 viriliter
2145 4661 2174 4698 a
2205 4645 2442 4700 faucibus
2470 4643 2664 4698 inimici
2687 4642 2973 4697 viros-cum
3005 4637 3334 4710 mulieribus,
3363 4660 3454 4702 se-

1903 4752 1996 4790 nes
2021 4749 2140 4790 cum
2163 4734 2462 4802 juvenibus,-
2487 4732 2828 4799 salubriaque
2867 4733 3066 4786 monita
3117 4734 3325 4791 assidue
3357 4743 3458 4792 tra-

1901 4831 2052 4892 dens,
2079 4829 2383 4882 innumeros
2400 4824 2825 4881 convertebatad
2853 4827 2988 4879 viam
3008 4825 3211 4882 salutis.
3239 4828 3455 4884 Videres

1904 4919 2216 4990 plerumque
2241 4918 2380 4972 inter
2400 4917 2593 4970 multas
2613 4914 2890 4969 infantium
2919 4915 3099 4970 turbas
3117 4930 3250 4973 anus
3271 4918 3456 4974 decre-

1906 5011 2014 5080 pita
2044 5010 2192 5064 valde
2219 5015 2412 5071 :etate,
2460 5014 2649 5072 cuncta
2701 5005 2955 5060 tremulas
2998 5007 3254 5072 membra,
3291 5023 3480 5073 cane-.

1905 5108 2088 5154 scente
2107 5097 2298 5166 capite,
2327 5105 2508 5163 rugata
2554 5093 2746 5161 fronte,
2773 5109 2974 5149 necnon
3028 5097 3170 5152 viros
3218 5097 3454 5165 ejusdem

1903 5187 2192 5243 senectutis
2221 5186 2317 5239 sub
2343 5184 2582 5238 manibus
2610 5183 2723 5254 ejus
2767 5185 2817 5237 in
2865 5183 3013 5240 fonte
3048 5201 3201 5240 sacro
3247 5193 3455 5247 renasci

1906 5271 2321 5343 quodammodo,
2361 5287 2423 5326 ac
2451 5272 2625 5327 subito
2654 5273 2784 5326 albis
2823 5272 3034 5328 indutos
3065 5278 3332 5332 renovari.
3365 5277 3456 5334 Vi-

1908 5366 1992 5419 dei
2003 5379 2062 5419 es
2076 5374 2131 5418 et
2145 5363 2422 5417 nonnullos
2437 5363 2502 5416 ad
2515 5363 2900 5418 confessionem
2915 5364 3202 5432 piaminum
3229 5381 3454 5422 concur-

1909 5465 2104 5519 rentes,
2137 5464 2191 5508 et
2210 5455 2413 5522 sagittis
2436 5454 2632 5508 inimici
2657 5453 2884 5518 saucios,
2913 5454 2982 5508 ita
3006 5457 3072 5508 ab
3104 5455 3272 5523 Eligio
3296 5457 3453 5510 veluti

1910 5560 1939 5598 a
1964 5545 2282 5612 peritissimo
2311 5543 2514 5598 melico
2542 5542 2715 5596 redire
2766 5557 2942 5609 sanos,
2968 5554 3024 5598 ut
3072 5544 3210 5597 nulla
3247 5544 3357 5613 jam
3403 5546 3454 5599 in

1909 5631 1986 5690 eis
2016 5634 2320 5689 cicatricum
2348 5636 2564 5688 vulnera
2593 5643 2947 5698 remanerent,
2995 5632 3241 5704 nullaque
3266 5634 3454 5704 prioris
