3934 6228
465 347 608 431 tto

1675 349 1734 404 S.
1779 340 1984 404 ELIGII
2022 341 2300 400 NOVIO“.
2345 342 2547 400 EPISC.

3633 341 3758 395 δεῖ)

502 474 670 540 culpze
690 483 783 525 eos
808 465 1092 522 delectatio
1117 464 1482 521 comitaretur.
1537 462 1643 519 Sed
1689 465 1817 532 quid
1865 463 2066 517 diutius
2093 462 2140 518 Α
2170 461 2220 512 in
2249 460 2461 512 Christo
2499 455 2714 510 fundata
2742 495 2757 520 ,
2813 449 3049 508 co-leStia
3093 459 3273 522 potius
3317 467 3480 521 quam
3527 465 3759 510 terrena

505 559 800 617 immorer?
838 556 1115 612 manifeste
1171 556 1312 610 enim
1364 564 1419 608 et
1455 556 1731 609 evidenter
1785 555 1970 607 aderat
2014 554 2066 606 ei

501 654 677 707 divina
703 651 892 719 gratia,
915 665 1019 718 qua
1039 639 1343 702 innumeros
1360 645 1424 698 ad
1451 645 1802 702 imitationem
1819 645 1902 698 sui
1932 659 2062 712 pro-

500 747 743 800 vocabat.
767 744 933 798 Porro
964 739 1373 807 resplendebant
1399 739 1450 790 in
1480 752 1546 792 eo
1575 737 1798 790 virtutes
1823 735 2061 788 eximite:

501 836 758 889 modestia
789 847 910 886 eum
933 829 1246 884 verecundia
1279 862 1294 892 ι
1348 828 1609 896 sapientia
1637 841 1757 878 cum
1811 823 2064 891 simplici-

500 936 640 991 tate,
692 923 950 980 severitas
998 936 1117 974 cmn
1170 919 1607 981 mansuetudine,
1651 915 1892 970 doctrina
1938 929 2059 968 cum

498 1017 816 1079 humilitate,
849 1011 1114 1065 humilitas
1135 1025 1256 1064 cum
1288 1011 1495 1076 rigore;
1539 1015 1594 1061 et
1619 1021 1740 1060 cum
1770 1014 1913 1060 esset
1941 1005 2060 1059 aliis

499 1107 820 1166 misericors,
847 1103 943 1158 sibi
977 1101 1075 1170 ipsi
1099 1108 1215 1153 erat
1240 1099 1551 1152 durissimus
1575 1113 1589 1161 ;
1614 1096 1821 1150 caeteris
1843 1109 2057 1164 quoque

501 1199 636 1266 pius,
666 1195 764 1248 sibi
787 1192 1102 1247 abstinendo
1124 1204 1372 1250 severus;
1420 1187 1664 1242 omnibus
1696 1187 1868 1253 largus
1892 1224 1906 1246 ,
1961 1181 2063 1236 sibi

500 1289 598 1341 soli
630 1286 935 1339 restrictus:
968 1283 1108 1335 inter
1155 1279 1306 1346 cujus
1337 1277 1601 1346 colloquia
1652 1289 1802 1330 saera
1851 1288 2061 1342 semper

499 1375 820 1429 resonabant
845 1371 1038 1433 verba;
1083 1370 1173 1439 qui
1218 1367 1284 1422 de
1310 1382 1440 1436 pace
1469 1366 1747 1430 sollicitus,
1776 1365 1842 1417 de
1893 1363 2066 1416 salute

498 1469 681 1538 patria:
708 1466 967 1526 curiosus,
1008 1462 1094 1515 die
1112 1457 1384 1538 noctuque
1414 1474 1509 1528 pro
1563 1457 1744 1525 quiete
1793 1454 2064 1510 Ecclesia-

467 1537 614 1628 in...
644 1570 760 1622 qua:
792 1555 985 1619 ubique
1007 1537 1158 1614 sunt,
1185 1565 1250 1604 ac
1299 1565 1396 1619 pro
1421 1563 1552 1617 pace
1601 1547 1898 1617 principum
1940 1558 2066 1610 sup-

500 1648 764 1716 plicabat;
796 1646 986 1712 cuique
1015 1654 1074 1698 ut
1101 1641 1415 1696 vocabulum
1447 1639 1694 1694 nominis,
1728 1637 1798 1689 ita
1826 1642 1881 1687 et
1904 1634 2066 1686 virtus

501 1736 660 1788 animi
690 1744 746 1788 et
772 1733 1066 1788 caelestium
1092 1731 1378 1800 gratiarum
1408 1725 1798 1794 magniﬁcentia
1843 1737 2066 1778 concor—

497 1827 677 1880 dabat.
1262 1854 1294 1864 ,ρ

1107 1873 1331 1964 CAPUT
1370 1907 1461 1962 ix.
1586 1968 1596 1977 ,

497 2003 613 2072 Qua
640 2003 878 2058 doctrina
906 2000 956 2054 in
985 1999 1170 2069 papqu
1199 1999 1442 2066 polleret;
1488 1995 1666 2061 quibus
1695 1993 1947 2061 praecipue
1970 1992 2068 2057 ﬂo-

1047 2100 1174 2142 reret
1207 2087 1488 2140 virtutibus.

567 2183 696 2240 Nam
727 2183 844 2253 quis
871 2181 986 2246 ejus
1006 2167 1385 2232 abuﬁdantiam
1433 2173 1655 2241 rigantis
1709 2170 1903 2238 ingenii
1937 2184 2068 2223 con-

500 2277 683 2332 tendat
710 2274 958 2329 evolvere
984 2289 997 2335 ;
1022 2278 1113 2323 aut
1136 2268 1254 2336 quis
1283 2267 1396 2335 ejus
1415 2267 1552 2319 bona
1583 2265 1757 2319 verbis
1786 2263 1958 2317 valeat
1977 2277 2069 2314 ex-

495 2366 729 2438 plicare?
757 2363 924 2429 Quam
945 2360 1044 2415 fuit
1069 2362 1120 2414 in
1153 2360 1345 2413 timore
1374 2358 1466 2412 Dei
1509 2356 1756 2410 fundatus
1785 2391 1800 2416 ,
1859 2355 1913 2407 iu
1958 2353 2068 2406 dis-

497 2457 732 2511 sertione
758 2452 1028 2523 providus,
1062 2451 1114 2504 in
1140 2448 1369 2504 consilio
1413 2445 1708 2516 profundus
1734 2483 1749 2509 ,
1810 2443 1862 2496 in
1905 2456 2066 2496 causa

497 2547 676 2602 saeculi
703 2546 959 2612 eloquens
988 2583 1003 2607 ,
1054 2543 1106 2594 in
1155 2539 1352 2593 virtute
1407 2535 1718 2590 humilitatis
1767 2531 2018 2586 mirabilis
2049 2573 2065 2598 ,

497 2649 701 2695 astutus
719 2639 870 2706 juxta
902 2635 1242 2703 I’rophetam,
1271 2639 1326 2684 et
1367 2628 1621 2699 prudens,
1651 2625 1913 2682 columba:
1939 2625 2068 2678 sitn-

497 2732 787 2801 plicitatem
816 2743 919 2780 non
937 2723 1222 2779 amittens?
1244 2720 1288 2775 Ο
1308 2719 1663 2776 venerabilem
1686 2716 1879 2770 Christi
1895 2729 2068 2768 sacer-

495 2821 706 2875 dotem!
749 2834 782 2871 ο
810 2815 1118 2871 imitabilem
1158 2815 1329 2876 virum
1359 2812 1576 2881 pietate,
1618 2806 1983 2863 misericordia
2015 2813 2069 2857 et

2169 549 2497 612 desiderans,
2517 551 2798 600 humanam
2823 543 3060 597 studiose
3074 543 3275 611 sprevit
3302 531 3759 603 oblectationem,

2169 652 2230 695 ut
2259 650 2436 711 posset
2469 641 2667 694 habere
2713 638 2944 690 divinam
2996 637 3046 688 in
3082 635 3386 690 coelestibus
3415 635 3763 689 consolatio-

2170 749 2292 786 nem
2320 750 2330 783 :
2361 733 2498 785 inter
2553 728 2853 797 hujusntodi
2895 728 3075 795 itaque
3111 720 3459 780 institutionis
3485 734 3758 779 exercitia

2171 825 2251 875 vir
2279 823 2465 875 beatus
2499 834 2566 873 ex
2592 820 2734 873 dono
2761 818 2930 877 sancti
2964 815 3195 885 Spiritus
3243 815 3503 868 virtutum
3552 827 3761 883 opera-

2168 913 2326 966 batur
2355 912 2599 980 insignia.

2780 997 3006 1053 CAPUT
3045 996 3119 1052 Χ.

2309 1093 2376 1146 In
2405 1093 2686 1146 Prorincire
2722 1103 2892 1159 partes
2943 1089 3312 1143 dwntoniacum
3343 1085 3600 1142 liberavit.

2237 1187 2400 1253 Igitur
2421 1185 2660 1254 quodam
2687 1182 2927 1252 tempore
2951 1195 3111 1236 causa
3138 1180 3345 1235 exstitit
3372 1188 3433 1233 ut
3467 1178 3759 1244 regionem

2168 1293 2286 1346 qua:
2317 1276 2529 1345 proprie
2552 1274 2833 1329 Provincia
2861 1270 3228 1338 nuncupatur,
3271 1269 3418 1322 adire
3447 1267 3756 1321 debuisset.

2169 1371 2408 1438 Cumque
2451 1369 2537 1422 die
2571 1365 2801 1436 quadam
2842 1379 2962 1418 cum
3000 1362 3163 1416 nobili
3200 1376 3298 1414 suo
3331 1349 3592 1414 comitatu
3644 1357 3762 1410 iter

2170 1471 2332 1523 agens
2362 1462 2536 1522 partes
2568 1451 2806 1518 ejusdem
2853 1447 3151 1502 Provincite
3188 1451 3516 1514 peragraret,
3554 1454 3764 1496 occur-

2170 1547 2240 1599 rit
2266 1547 2316 1599 ei
2347 1546 2436 1596 vir
2453 1541 2665 1611 quidam
2704 1538 2978 1594 immundo
3025 1546 3081 1591 et
3129 1536 3285 1590 nimis
3327 1526 3467 1588 saevo
3502 1532 3760 1600 repletus

2172 1637 2380 1706 spiritu.
2422 1634 2469 1688 ls
2500 1649 2620 1689 eum
2635 1632 2865 1685 vidisset
2912 1638 3156 1683 sanetum
3183 1629 3372 1689 virum,
3402 1625 3596 1678 timore
3626 1638 3760 1692 per—

2173 1732 2365 1788 culsus,
2400 1734 2456 1781 et
2481 1739 2735 1794 spumans
2782 1738 2846 1778 ac
2895 1723 3099 1792 pallens
3126 1721 3257 1774 dixit
3285 1719 3349 1773 ad
3405 1734 3566 1773 eum:
3604 1715 3756 1782 Quid

2096 1801 2146 1864 Β
2173 1821 2259 1874 hic
2285 1831 2361 1883 tu,
2401 1817 2571 1886 Eligi?
2620 1815 2700 1869 Ad
2739 1829 2899 1884 quem
2930 1825 3221 1866 conversus
3273 1816 3492 1864 sanctus
3545 1804 3761 1870 Eligius

2171 1913 2340 1968 dixit:
2380 1911 2448 1964 Et
2471 1909 2597 1979 quid
2626 1908 2691 1962 ad
2722 1915 2792 1972 te,
2825 1903 3246 1958 it't‘imundissime
3274 1900 3517 1955 diabolo?
3553 1898 3612 1951 In
3645 1913 3756 1950 tm—

2143 2006 2315 2058 'ntine
2343 2003 2470 2056 Jesu
2516 1999 2715 2054 Christi
2760 1999 3114 2058 obmutesce,
3165 2004 3221 2047 et
3265 1994 3349 2046 exi
3405 1993 3472 2044 ab
3526 1991 3620 2043 illo
3651 2008 3663 2040 :
3698 1999 3760 2040 et

2169 2097 2426 2152 continuo
2454 2093 2802 2147 vehementer
2828 2089 3144 2154 discerpens
3197 2083 3498 2178 hominem,
3517 2081 3653 2135 exiit
3683 2080 3760 2132 ab

2168 2201 2235 2240 eo
2267 2183 2592 2255 (quindecim
2641 2194 2770 2234 vero
2817 2177 2972 2232 annis
3016 2175 3373 2232 obsederatet
3411 2173 3760 2227 cruciat-erat

2169 2279 2342 2333 virum
2368 2271 2746 2345 pessimusi’rie
2775 2267 3056 2339 spiritus);
3104 2268 3284 2321 statim
3335 2279 3461 2332 ergo
3506 2264 3760 2332 pristina

2169 2366 2382 2422 sanitati
2415 2363 2692 2421 restitutus
2723 2362 2887 2415 homo
2914 2358 3146 2412 surrexit
3175 2356 3475 2420 incolumis,
3508 2364 3562 2407 et
3583 2367 3760 2408 sanus

2169 2457 2342 2512 factus
2371 2462 2454 2510 est
2478 2470 2546 2509 ex
2575 2453 2662 2507 illa
2690 2455 2843 2506 hora.

2777 2539 3001 2596 CAPUT
3046 2537 3140 2592 XI.

2243 2635 2506 2704 Quomodo
2530 2636 2584 2688 in
2615 2634 2735 2687 villa
2762 2631 3008 2699 Ampucio
3029 2629 3392 2694 dwmoniosom
3415 2623 3675 2678 liberavit.

2240 2727 2518 2782 Profectus
2544 2726 2702 2794 igitur
2758 2721 2959 2789 Eligius
2987 2719 3202 2788 devenit
3240 2718 3294 2771 in
3341 2715 3523 2769 villam
3551 2727 3756 2782 quamo-

2167 2819 2308 2880 dam,
2338 2833 2456 2885 quae
2483 2823 2700 2870 vocatur
2729 2811 3042 2879 Ampucius,
3077 2822 3195 2876 quae
3222 2808 3336 2885 sita_
3355 2813 3438 2859 est
3480 2817 3652 2871 super
3677 2801 3758 2854 ri-

497 2913 912 2987 cltarttate,qutze
940 2906 1179 2977 quotidie
1200 2905 1360 2959 etiam
1383 2903 1435 2956 in
1465 2900 1713 2971 perfectis
1738 2897 1988 2966 frigescit,
2014 2896 2066 2949 in
2169 2876 2555 2980 pam'u'umiuis
2583 2876 2850 2980 Rhodani,
2879 2909 2932 2956 et
2983 2901 3216 2971 pertinet
3243 2876 3337 2950 ad.
3355 2895 3610 2966 praedium
3645 2895 3754 2948 Er.

497 3022 564 3061 eo
589 3016 766 3060 tamen
795 3017 960 3069 usque
981 3002 1043 3052 ad
1075 2999 1234 3052 linem
1264 3005 1419 3050 aucta
1451 2996 1502 3048 in
1549 2993 1662 3047 dies
1692 3003 2069 3061 perseverave-

497 3097 597 3150 rit!
630 3095 756 3160 Quis
788 3105 1014 3158 namque
1033 3089 1149 3157 ejus
1178 3084 1661 3148 mansuetudinem,
1697 3083 1818 3151 quis
1861 3080 2065 3150 purita-

2173 2975 2456 3054 elienberti'
2493 2976 2832 3050 illustrissimi
2883 2991 3002 3045 viri.
3056 2990 3187 3044 Erat
3216 2997 3392 3043 autem
3428 2975 3499 3042 ibi
3546 2987 3755 3042 femina

2176 3086 2678 3159 quiedamiufestum
2699 3083 2786 3136 diu
2813 3082 3106 3136 dmmonem
3134 3081 3372 3150 patiens;
3403 3095 3510 3152 quo
3539 3080 3594 3134 in
3621 3079 3756 3135 loco

501 3197 626 3248 tem,
658 3182 775 3251 quis
812 3182 1030 3251 spiritus
1060 3178 1344 3242 fervorem,
1375 3175 1494 3244 quis
1518 3173 1917 3233 discretionem,
1947 3169 2065 3237 quis

2178 3182 2370 3250 Eligius
2426 3178 2683 3234 orationis
2740 3177 2906 3244 gratia
2954 3175 3225 3228 basilicam
3281 3174 3568 3242 ingressus,
3621 3187 3756 3228 eum

499 3276 903 3344 benignitatem,
920 3272 1039 3340 quis
1065 3279 1334 3340 postremo
1359 3268 1540 3335 jugem
1571 3261 2069 3317 meditationemdie

501 3376 770 3432 noctuque
796 3365 850 3418 in
872 3361 1154 3432 praeceptis
1173 3357 1368 3412 divinis
1389 3397 1404 3422 ,
1459 3353 1637 3408 verbis
1665 3352 1859 3422 poterit
1896 3349 2068 3418 expli-

497 3459 664 3513 care?
692 3457 841 3522 Quis,
871 3455 1104 3522 inquam,
1133 3465 1199 3506 eo
1231 3450 1283 3503 in
1335 3460 1498 3516 opere
1527 3444 1619 3500 Dei
1673 3442 1990 3512 promptior,
2018 3441 2068 3493 iu

497 3551 744 3606 oratione
798 3547 1106 3610 ferventior,
1137 3544 1187 3596 in
1244 3542 1475 3595 lectione
1537 3535 1920 3600 sollieitior,in
1978 3547 2070 3586 so-

499 3645 725 3700 brietate
772 3639 980 3709 parcior
1009 3676 1025 3702 ,
1095 3635 1148 3688 in
1197 3632 1547 3702 lacrymarum
1595 3622 1838 3693 largitate
1892 3623 2072 3702 profu-

498 3738 628 3799 sior,
652 3734 704 3787 in
726 3744 954 3800 corpore
981 3725 1257 3782 honestior
1283 3764 1298 3789 ,
1356 3722 1407 3776 in
1457 3719 1618 3775 corde
1669 3714 1964 3778 sincerior,
2020 3713 2071 3766 iu

501 3824 910 3883 mansuetudine
961 3819 1306 3880 moderatior,
1342 3816 1392 3869 itt
1424 3811 1836 3880 compunctione
1860 3807 2072 3860 ferven-

503 3922 628 3982 tior,
663 3918 716 3971 in
751 3915 1013 3970 cbaritate
1034 3907 1313 3978 joeundior
1338 3904 1512 3974 potuit
1541 3917 1768 3970 unquam
1807 3897 2072 3953 inveniri?

572 4009 876 4076 Praecipuas
903 4005 1132 4071 denique
1159 4002 1384 4055 virtutes
1412 4010 1529 4065 qua:
1559 4002 1775 4064 possent
1803 3991 2074 4046 hominem

508 4102 576 4156 ad
599 4098 847 4156 culminis
865 4091 1235 4150 celsitudinem
1272 4089 1499 4143 libenter
1518 4085 1814 4146 sublevare,
1846 4081 2075 4151 pruden-

503 4197 629 4246 tiam
653 4189 876 4249 scilicet,
926 4184 1208 4254 justitiam,
1249 4179 1613 4234 fortitudinem
1661 4184 1716 4230 et
1766 4183 2071 4243 temperan-

504 4286 652 4348 tiam,
679 4282 749 4334 ita
775 4279 827 4332 in
857 4293 914 4331 se
942 4289 1234 4336 connexas,
1257 4272 1464 4340 sibique
1505 4275 1692 4322 mutuo
1740 4267 2074 4319 cohaerentes

502 4371 833 4432 excoluit,ut
861 4381 995 4436 pene
1027 4365 1076 4418 in
1108 4363 1329 4430 singulis
1354 4362 1642 4415 emineret:
1667 4357 1852 4411 habuit
1882 4369 2073 4424 nempe

505 4463 841 4532 prudentiam
873 4459 924 4511 in
953 4454 1327 4519 discernendo,
1354 4452 1610 4520 justitiam
1640 4453 1692 4505 in
1739 4449 2031 4518 judicando
2051 4488 2066 4513 ,

508 4558 557 4608 in
605 4559 821 4621 arrepto
847 4551 1125 4619 proposito
1164 4545 1549 4608 fortitudinem,
1577 4545 1625 4596 in
1655 4544 1911 4611 qualitate
1959 4541 2069 4596 dis-

505 4646 757 4703 cretiouis
783 4641 1208 4711 temperantiam.
1240 4637 1374 4703 Quid
1431 4636 1570 4690 enim
1617 4650 1686 4688 eo
1732 4633 2072 4704 prudentius,

507 4741 597 4807 qui
625 4742 933 4802 contempta
962 4731 1140 4784 mundi
1167 4728 1391 4783 stultitia
1421 4728 1690 4781 Christum
1717 4732 1931 4778 secutus
1951 4731 2032 4776 est
2057 4759 2071 4785 ,

511 4829 602 4883 Dei
634 4827 879 4879 virtutem
910 4831 966 4876 et
1012 4819 1105 4875 Dei
1132 4819 1446 4888 sapienti-am
1539 4817 1674 4883 Quid
1720 4814 1938 4882 justius,
1982 4813 2072 4880 qui

509 4915 973 4976 ou-misubstantia
1002 4911 1327 4981 pauperibus
1353 4910 1631 4964 distributa
1664 4949 1679 4974 ,
1733 4907 1914 4960 docuit
1943 4903 2073 4958 divi-

512 5013 611 5063 tias
640 5009 709 5063 ob
737 5007 930 5061 Christi
961 5005 1298 5059 dilectionem
1325 5009 1536 5070 penltus
1577 5015 1694 5055 esse
1722 5008 2074 5054 contemnen-

509 5101 637 5155 das?
661 5099 796 5164 Quid
828 5095 1035 5160 fortius,
1063 5095 1153 5164 qui
1205 5093 1342 5146 inter
1393 5095 1714 5146 Francorum
1769 5099 2076 5159 protervam

511 5200 723 5259 gentem
747 5189 1109 5253 barbarosque
1139 5183 1416 5247 nationes,
1460 5177 1514 5235 et
1541 5183 1901 5248 arrogantium
1948 5195 2077 5248 pro-

515 5288 699 5336 brosas
727 5277 1077 5333 contumelias
1126 5275 1370 5344 Spiritum
1407 5288 1619 5341 semper
1671 5272 1904 5326 servavit
1941 5266 2079 5324 invi-

513 5372 694 5428 ctum?
727 5369 863 5434 Quid
915 5367 1298 5435 temperautius
1392 5364 1482 5432 qui
1525 5365 1779 5419 nobilium
1827 5362 2078 5416 felicitate

515 5473 711 5532 spreta,
745 5459 930 5512 maluit
960 5461 1012 5511 in
1043 5456 1411 5510 humiliomius
1439 5464 1554 5509 tuto
1599 5470 1782 5523 gressu
1815 5467 2036 5525 pergere
2062 5493 2080 5520 ,

515 5567 673 5621 quant
709 5549 940 5620 pendulo
971 5550 1140 5618 gradu
1176 5549 1229 5602 in
1275 5547 1585 5601 sublimibus
1631 5546 1922 5602 fluctuare?
1963 5545 2078 5598 Ma-

515 5657 749 5711 gnopere
781 5641 979 5695 etenim
1009 5639 1314 5707 concupivit
1340 5639 1478 5693 inter
1500 5641 1742 5694 homines
1767 5656 1884 5695 esse
1916 5640 2083 5708 inglo-

517 5735 627 5787 tias
678 5743 734 5787 ut
761 5748 940 5788 coram
977 5732 1084 5786 Deo
1117 5739 1399 5800 appareret
1449 5731 1744 5799 gloriosus;
1795 5743 2079 5803 menteque

2170 3277 2411 3328 oratione
2433 3269 2644 3336 expleta
2685 3267 3077 3333 regrederetur,
3108 3280 3397 3320 occurrens
3452 3265 3500 3319 ei
3554 3265 3760 3319 mulier

2171 3365 2337 3433 empit
2363 3377 2556 3416 nomen
2589 3360 2701 3428 ejus
2725 3358 2964 3412 crebrius
3005 3365 3166 3425 atque
3215 3357 3531 3410 insolentius
3578 3358 3756 3412 incla-

2171 3470 2338 3509 mare.
2371 3451 2520 3506 Tuuc
2548 3451 2746 3517 Eligius
2783 3448 3075 3517 respiciens
3123 3461 3275 3512 eam,
3305 3446 3558 3499 misertus
3595 3445 3755 3513 ejus,

2173 3547 2289 3599 lixis
2319 3546 2369 3598 in
2404 3552 2597 3598 terram
2640 3541 2864 3610 genibus
2894 3538 3086 3602 oravit,
3119 3536 3312 3591 deinde
3339 3549 3632 3589 conversus
3687 3535 3755 3588 ad

2173 3652 2289 3689 eam
2322 3636 2484 3689 dixit:
2526 3633 2727 3702 Adjuro
2756 3640 2840 3697 te,
2889 3631 3122 3698 maligne
3151 3627 3370 3698 spiritus
3397 3669 3411 3692 ,
3457 3642 3553 3698 per
3583 3626 3758 3680 Deum

2174 3726 2386 3780 Patrem
2406 3725 2850 3793 omnipotentem,
2865 3729 2921 3775 et
2949 3735 3045 3790 per
3065 3717 3244 3774 Jesum
3261 3717 3528 3773 Christum
3554 3717 3757 3772 Filium

2174 3816 2392 3886 ejus,‘et
2418 3831 2513 3885 per
2557 3814 2816 3884 Spiritum
2845 3821 3092 3866 sanctum
3125 3807 3464 3880 paraclitum,
3496 3815 3556 3860 ut
3583 3807 3758 3875 ipsius

2174 3910 2371 3962 virtute
2401 3907 2611 3974 fugatus
2637 3903 2879 3958 discedas
2908 3901 2978 3956 ab
3026 3900 3130 3956 hoe
3154 3899 3370 3954 vasculo
3404 3897 3550 3967 quod
3607 3898 3757 3952 obsi—

2175 4001 2269 4055 des
2295 3998 2561 4067 captivum
2589 4014 2600 4048 :
2636 3993 2990 4050 etconfestim
3022 3991 3087 4045 ad
3117 3991 3236 4060 ejus
3289 3991 3509 4043 verbum
3551 3987 3758 4043 collisit

2175 4089 2392 4159 spiritus
2422 4087 2696 4141 mulierem
2725 4085 2775 4136 in
2801 4093 3024 4148 terram,
3051 4090 3107 4135 et
3140 4080 3278 4135 facta
3327 4089 3408 4134 est
3436 4081 3584 4134 velut
3606 4094 3756 4133 mor-

2177 4191 2301 4247 tua;
2335 4180 2521 4249 sicque
2559 4178 2667 4231 vim
2699 4175 2984 4229 maximam
3033 4173 3242 4242 patiens
3263 4171 3496 4235 daemon,
3526 4180 3582 4224 et
3620 4187 3752 4224 san-

2173 4274 2389 4342 guinem
2414 4285 2506 4337 per
2546 4283 2608 4322 os
2637 4266 2875 4320 mulieris
2917 4280 2982 4318 ex
3031 4262 3256 4318 internis
3307 4261 3598 4316 visceribus
3627 4274 3758 4328 ege-

2174 4380 2316 4425 rens.
2345 4362 2599 4417 confusus
2619 4358 2784 4414 exivit
2805 4357 2869 4410 ab
2897 4371 2983 4422 ea,
3007 4362 3060 4410 et
3090 4353 3293 4422 aufugit
3334 4369 3364 4407 a
3414 4352 3550 4408 facie
3580 4353 3756 4407 homi-

2178 4454 2258 4508 nis
2290 4452 2405 4507 Dei.
2439 4449 2588 4503 Tune
2616 4457 2833 4501 sanctus
2862 4445 3064 4512 Eligitts
3107 4443 3269 4512 jussit
3315 4441 3538 4496 allevari
3561 4434 3755 4496 mulie-

2179 4563 2310 4610 rem,
2329 4556 2382 4599 et
2410 4541 2732 4598 benedicens
2753 4551 2944 4605 aquam
2968 4549 3090 4589 cum
3119 4535 3243 4590 oleo
3266 4535 3412 4588 dedit
3433 4536 3479 4589 ei
3513 4535 3566 4587 in
3601 4541 3752 4603 potu.

2178 4649 2233 4694 et
2253 4653 2372 4692 eum
2404 4639 2688 4705 gustasset,
2721 4627 3118 4693 refocillataest
3163 4626 3340 4680 anima
3377 4624 3516 4694 ejus.
3546 4636 3604 4679 et
3626 4641 3755 4679 sana

2179 4729 2316 4784 facta
2347 4736 2429 4783 est
2456 4741 2524 4780 ex
2558 4738 2619 4778 ea
2646 4723 2801 4776 hora.

2784 4809 3009 4866 CAPUT
3049 4807 3164 4864 XII.

2283 4908 2350 4963 Ut
2377 4909 2631 4978 cognitam
2660 4906 2712 4958 in
2749 4903 2931 4972 spiritu
2965 4914 3176 4955 causam
3219 4899 3343 4971 furti
3370 4899 3636 4954 indicarit.

2251 5000 2435 5070 Neque
2459 4997 2586 5052 illud
2610 4993 3035 5066 praetereundum
3064 5000 3213 5061 puto,
3238 4978 3482 5062 quamvis
3507 4992 3580 5044 sit
3609 4992 3757 5059 igno-

2180 5096 2306 5160 bile,
2365 5093 2505 5162 quod
2553 5092 2743 5147 eodem
2785 5090 2976 5144 itinere
3015 5086 3097 5139 vir
3141 5085 3330 5140 beatus
3384 5084 3758 5152 experimento

2180 5193 2527 5256 cognoverat.
2560 5183 2747 5250 itaque
2775 5195 2895 5236 eum
2926 5173 3255 5233 sufﬁcienter
3293 5184 3488 5232 cuncta
3521 5190 3620 5244 pro
3641 5173 3758 5244 qui-

2181 5279 2586 5336 busadvenerat
2628 5274 2918 5344 explesset,
2944 5271 3295 5338 omnibusque
3337 5269 3438 5323 sibi
3469 5271 3660 5325 amicis
3706 5276 3759 5322 et

2183 5371 2450 5442 episcopis
2479 5369 2530 5423 in
2566 5366 2860 5422 Provincia:
2889 5364 3128 5434 partibus
3155 5361 3409 5427 visitatis,
3464 5376 3677 5416 necnon
3707 5371 3757 5414 et

2181 5463 2344 5519 demo
2376 5461 2582 5530 Aspasii
2626 5457 2825 5514 sobolis
2851 5454 3029 5510 Iovini
3068 5450 3501 5507 Christianissimi
3532 5451 3635 5506 viri
3681 5451 3760 5504 ln-

2185 5563 2374 5616 stra-ta,
2407 5559 2561 5621 parat
2587 5552 2695 5615 jam
2729 5546 2928 5616 Eligius
2955 5559 3074 5598 cum
3103 5543 3215 5597 suis
3236 5542 3485 5598 omnibus
3514 5555 3766 5596 remeare

2187 5644 2251 5698 ad
2284 5645 2516 5713 propria.
2552 5641 2830 5694 Postremo
2855 5637 3013 5705 igitur
3058 5635 3297 5692 omnium
3333 5648 3455 5688 cum
3479 5632 3624 5701 apud
3655 5630 3754 5684 Au-

2188 5736 2443 5790 relianum
2490 5734 2812 5789 l'zrccusem
2855 5728 3163 5798 episcopum
3208 5722 3457 5784 convivio
3497 5731 3756 5794 peracto.
