3934 6228
196 388 288 441 591

1729 385 1901 439 γιτΑ.

3313 384 3419 440 522

196 497 365 550 eidem
395 494 514 548 vale
550 493 727 548 dicere
755 499 994 561 pararet,
1022 492 1243 560 contigit
1269 501 1325 546 ut
1354 493 1488 548 inter
1525 502 1762 562 satagen—
1786 503 1832 556 Α
1865 505 1922 548 ιιι
1951 511 2074 550 vere
2104 495 2366 548 Christum
2392 508 2510 552 esse
2540 494 2591 548 in
2618 494 2746 563 ipsis
2775 497 2879 550 tlde
2907 498 3110 565 integra
3137 497 3411 560 crederet,

193 586 328 639 tium
353 593 699 651 utrorumque
723 582 1076 651 frequentiam
1103 575 1483 646 ministrorum,
1519 598 1652 637 unus
1691 596 1758 635 ex

195 671 410 727 {animis
436 673 554 741 ejus
581 687 828 737 cannam,
859 687 982 727 cum
1010 687 1114 738 qua
1144 671 1402 727 camelutn
1455 672 1761 725 onerarintn

196 774 381 815 secum
409 775 620 831 semper
665 761 862 816 ducere
895 769 1264 826 consueverat,
1294 761 1466 815 subito
1499 762 1741 828 perderet

199 857 268 906 ob
297 855 441 922 quod
468 856 517 909 in
546 856 757 909 diversa
811 855 1128 920 discurrens,
1159 856 1419 924 prolixius
1474 863 1499 889 ⁸
1554 859 1767 910 arcebat

201 945 326 997 iter.
369 945 522 999 Tunc
544 941 745 1013 Eligius
775 945 947 999 accito
976 943 1041 998 ad
1069 959 1128 999 se
1155 946 1410 999 secretius
1440 945 1658 1009 famulo,
1686 947 1764 1000 in-

201 1035 347 1091 dicat
368 1037 420 1090 ei
457 1036 724 1090 hominem
753 1035 832 1089 sui
863 1034 1139 1090 conscium
1165 1034 1320 1099 furti;
1361 1035 1512 1102 jubet
1555 1035 1770 1105 insuper

201 1125 426 1180 dicens:
459 1124 619 1191 Vade,
648 1125 838 1194 inquit,
872 1123 926 1178 in
971 1122 1114 1177 illam
1161 1137 1282 1190 quae
1318 1121 1467 1190 juxta
1517 1124 1768 1179 cetimum

200 1215 308 1268 sita
335 1223 418 1269 est
455 1228 638 1285 rupem
667 1253 683 1279 ,
740 1214 847 1269 illic
873 1215 1012 1270 inter
1032 1228 1219 1282 vepres
1275 1215 1508 1282 reperies
1555 1214 1768 1284 ligatum

201 1305 390 1372 funda,
414 1313 471 1358 et
490 1307 802 1359 absconsum
829 1305 976 1373 quod
1003 1305 1225 1374 quatris;
1253 1304 1535 1372 soluteque
1566 1317 1651 1367 eo,
1684 1317 1770 1356 ac-

204 1393 334 1459 cipe
361 1392 500 1462 quod
529 1401 673 1446 tuum
705 1401 808 1458 est,
839 1402 894 1447 et
947 1395 1145 1461 absque
1176 1392 1279 1446 ulla
1326 1390 1540 1459 injuria,
1572 1391 1771 1458 absque

209 1481 377 1533 verbo
401 1480 560 1533 etiam
586 1481 754 1546 gravi,
787 1481 952 1534 redde
976 1481 1177 1534 homini
1225 1481 1318 1534 tibi
1344 1479 1648 1548 designato,
1707 1493 1772 1533 ex

205 1585 320 1638 quo
352 1570 540 1638 ligatus
569 1578 780 1624 tenetur
819 1570 1150 1625 fundibalum
1177 1589 1187 1623 :
1217 1573 1357 1641 quod
1387 1555 1507 1625 cum
1563 1572 1653 1626 ille
1702 1570 1774 1627 le-

203 1660 399 1724 cisset,
427 1660 588 1714 nimio
627 1661 710 1713 fur
738 1659 944 1728 pudore
989 1667 1149 1727 atque
1199 1667 1416 1727 stupore
1454 1661 1726 1727 perculsus
1757 1699 1770 1722 ,

205 1749 426 1802 veniam
454 1748 574 1802 facti
597 1749 676 1802 sui
703 1749 1039 1816 precabatur,
1082 1747 1310 1803 oiicrens
1337 1747 1552 1817 insuper
1574 1747 1773 1802 homini

207 1837 632 1905 redemptionem
658 1838 871 1906 piaculi.

807 1985 1034 2042 CAPUT
1058 1987 1195 2042 XIII.

344 2093 466 2158 Qua
492 2095 691 2149 demum
719 2097 1034 2151 institutione
1061 2099 1378 2167 semetipsum
1405 2098 1622 2152 excolui;

281 2206 413 2260 Post
463 2206 574 2261 hsce
603 2207 760 2273 igitur
807 2205 1004 2275 Eligius
1050 2207 1117 2261 ad
1171 2207 1353 2262 urbem
1402 2210 1666 2277 propriam
1697 2223 1780 2263 re—

209 2306 452 2360 gressus,
483 2295 830 2350 institutionis
857 2311 966 2350 sua:
998 2312 1234 2350 normam
1260 2298 1498 2365 quotidie
1527 2313 1780 2365 augmen-

211 2384 370 2436 tabat
390 2383 446 2435 in
472 2383 694 2445 melius,
751 2383 974 2452 diligens
1021 2385 1072 2438 in
1118 2384 1301 2454 primis
1355 2385 1518 2439 Deum
1556 2401 1622 2439 ex
1667 2394 1779 2441 toto

209 2471 399 2537 corde,
428 2484 496 2525 ex
527 2480 636 2525 tota
662 2473 838 2526 anima
865 2514 881 2537 ,
935 2481 1096 2543 atque
1149 2488 1213 2529 es
1249 2482 1359 2528 tota
1406 2477 1602 2528 virtute
1643 2491 1733 2531 sua
1765 2494 1778 2541 ;

209 2563 405 2617 deinde
435 2564 734 2632 proximum
781 2563 919 2619 sicut
943 2566 1319 2634 semetipsum;
1353 2566 1404 2618 in
1434 2565 1548 2632 lege
1579 2566 1780 2619 Domini

208 2654 334 2707 sine
361 2653 673 2707 lassitudine
702 2653 1008 2721 persistens,
1037 2668 1212 2708 mores
1242 2656 1412 2708 bonos
1454 2652 1595 2706 nulla
1625 2654 1780 2708 noxia

211 2743 625 2797 conversatione
682 2743 1032 2811 inquinabat;
1087 2745 1248 2799 vitam
1298 2745 1642 2814 temporalem
1684 2757 1780 2812 pro

211 2832 406 2886 exsilio
432 2831 652 2895 ducens,
680 2832 842 2885 vitam
873 2842 1128 2887 aeternam
1170 2831 1315 2888 omni
1356 2834 1779 2902 concupiscentia

212 2909 444 2988 spiritali
504 2919 846 2976 desiderabat
910 2920 1091 2992 [actus
1135 2923 1255 2975 vita:
1303 2937 1412 2976 sua:
1459 2923 1603 2978 omni
1657 2924 1782 2978 hora

213 3014 547 3077 custodiens,
571 3013 781 3067 oculum
808 3014 1002 3066 mentis
1024 3027 1132 3068 sua:
1177 3013 1242 3068 ad
1269 3013 1432 3069 Deum
1454 3028 1661 3086 semper
1693 3015 1783 3068 dc~

217 3102 694 3174 ﬁxnmhabebat];
747 3104 814 3156 ab
845 3103 1088 3159 omnibus
1127 3119 1247 3173 quae
1277 3104 1361 3160 lex
1407 3115 1551 3159 vetat
1597 3107 1778 3161 SOICI‘I!

216 3207 351 3248 cura
371 3193 659 3254 abstinens,
688 3206 718 3244 a
741 3192 1062 3257 cogitatione
1102 3207 1315 3262 quoque
1361 3195 1515 3248 noxia
1554 3197 1776 3248 animau-

216 3283 530 3347 revocabat,
559 3280 732 3333 sciens
759 3269 1024 3332 hominem
1047 3287 1103 3333 et
1128 3281 1193 3333 de
1238 3281 1643 3346 cogitationibus
1695 3282 1799 3352 ju-'

215 3370 506 3425 dicandum
531 3386 543 3419 :
577 3369 706 3422 nihil
737 3378 996 3436 pra-terea
1016 3368 1082 3422 de
1105 3383 1163 3422 se
1183 3383 1523 3436 praesumens,
1553 3370 1786 3439 nihilque

218 3461 488 3518 boni‘sibi
512 3459 776 3526 tribuens,
808 3460 944 3512 bona
990 3473 1021 3513 a
1064 3473 1122 3514 so
1168 3457 1306 3514 facta
1350 3461 1529 3530 divino
1583 3463 1785 3515 muneri

218 3552 548 3608 ascribebat.
575 3550 827 3605 Odientes
857 3550 1014 3604 etiam
1048 3550 1115 3604 ad
1156 3565 1340 3619 pacem
1365 3550 1592 3604 invitatis
1618 3591 1632 3615 ,
1676 3551 1786 3604 dis--

218 3644 416 3698 eordes
433 3642 503 3696 ad
528 3640 868 3697 concordiam
891 3636 1207 3706 revocabat;
1253 3640 1525 3696 consilium
1553 3648 1608 3693 et
1656 3654 1788 3708 opus

219 3747 382 3788 suum
415 3745 627 3800 semper
655 3730 721 3784 ad
751 3729 915 3784 Deum
959 3740 1292 3794 convertens,
1324 3730 1541 3784 inomni
1595 3737 1784 3783 conatu

220 3835 325 3874 suo
351 3819 543 3873 Christi
573 3817 825 3872 auxilium
855 3816 1124 3885 flagitabat
1155 3835 1167 3870 :
1226 3819 1386 3887 pedes
1409 3819 1524 3888 ejus
1576 3835 1788 3891 semper

222 3912 414 3965 directi
440 3910 506 3963 ad
533 3909 1002 3977 cvangelizandum
1034 3894 1216 3978 paceni
1243 3949 1258 3970 ,
1305 3910 1369 3963 ad
1420 3911 1786 3980 evangelizan-

222 4001 353 4053 dum
378 4000 538 4062 bona,
568 3998 668 4053 sub
691 3998 868 4068 specie
895 3999 1137 4063 honesta,
1169 3999 1344 4052 animo
1390 3998 1618 4066 benigno
1645 4000 1786 4053 ince-

222 4087 417 4152 debat;
444 4102 508 4140 ac
532 4089 672 4141 sicut
694 4087 862 4141 lidelis
890 4103 1074 4142 servus
1113 4096 1168 4140 et
1197 4088 1424 4156 prudens
1460 4103 1617 4157 quem
1658 4103 1786 4142 con-

225 4179 405 4232 stituit
438 4177 684 4232 Dominus
727 4183 888 4247 super
934 4175 1181 4230 familiam
1227 4191 1408 4243 snam,
1461 4185 1515 4230 ttt
1546 4178 1632 4230 det
1688 4176 1788 4230 illis

228 4267 411 4322 cibum
439 4268 493 4321 in
524 4276 766 4337 tempore
793 4267 1115 4334 necessario,
1131 4269 1206 4322 sic
1233 4267 1484 4337 populum
1513 4266 1610 4322 sibi
1639 4281 1786 4321 com—

231 4357 456 4410 issum
483 4357 802 4412 omnimodis
825 4356 1109 4413 festinabat
1133 4359 1356 4428 spiritali
1388 4359 1607 4413 reticere
1630 4359 1784 4421 cibo;

1861 591 1914 636 et
1943 599 2046 636 non
2071 593 2174 636 tam
2202 583 2304 638 illis
2331 581 2472 651 quod
2495 581 2821 647 conferebat,
2864 597 3028 650 quam
3054 583 3153 654 ipsi
3205 581 3416 638 Christo

1861 685 1919 723 se
1951 671 2136 724 eadem
2165 670 2409 724 conferre
2435 669 2708 750 gauderet.
2756 671 2885 740 Ipsis
2932 671 3148 740 quidem
3204 671 3416 726 fenera-

1839 763 1951 821 ,bat
1978 762 2174 826 cibum,
2201 770 2255 816 et
2276 762 2445 818 oculis
2491 763 2809 833 suspiciebat
2851 764 3075 827 caelum;
3134 763 3261 832 ipsis
3319 763 3419 817 ali.

1864 865 2038 909 menta
2061 854 2345 923 praebebat,
2377 863 2431 908 et
2458 856 2722 910 Christum
2752 871 2870 910 cum
2895 854 3084 909 ﬁducia
3114 854 3420 918 invocabat;

1865 945 2014 999 ulnas
2041 945 2287 1000 tendebat
2327 946 2378 998 in
2415 946 2626 1012 dando,
2669 947 2966 1003 mercedem
3021 946 3204 1014 procul
3259 946 3421 1007 dubio

1867 1041 2180 1100 exspectans
2210 1047 2274 1088 ex
2323 1034 2430 1087 alto
2459 1037 2469 1084 Ξ
2504 1049 2626 1088 nam
2655 1043 2910 1103 quantam
2959 1035 3151 1089 molem
3181 1033 3426 1088 substan-

1870 1126 1953 1176 tia:
1983 1121 2177 1190 Eligius
2198 1123 2500 1191 disperserit
2526 1138 2707 1177 amore
2747 1123 3187 1188 Deis'tccensus,
3251 1137 3425 1177 meum

1872 1221 2073 1266 tantum
2101 1229 2206 1266 tton
2235 1219 2316 1267 est
2343 1213 2564 1278 referre,
2596 1221 2790 1268 norunt
2818 1212 2931 1267 an
2966 1221 3128 1281 atque
3149 1222 3430 1268 senserunt

1869 1317 2054 1356 omnes
2084 1317 2220 1370 pene
2244 1312 2471 1373 quatuor
2489 1304 2609 1358 caeli
2659 1303 2843 1372 plagae.
2892 1304 3042 1369 Quod
3071 1305 3212 1359 enim
3243 1318 3427 1359 monii-

1870 1392 2089 1446 sterium
2113 1406 2219 1446 non
2241 1393 2355 1458 ejus
2388 1393 2687 1461 penetravit
2741 1393 3123 1463 eleemosyna?
3173 1402 3266 1446 aut
3309 1392 3424 1461 quis

1873 1482 2184 1538 clericorum
2246 1497 2350 1535 non
2406 1482 2522 1550 ejus
2584 1483 2875 1538 substantia
2930 1483 3254 1537 refocillatus
3308 1483 3424 1537 est?

1872 1574 1988 1641 quis
2010 1573 2320 1642 peregrinus
2354 1587 2458 1626 non
2485 1573 2596 1639 ejus
2617 1585 2698 1626 est
2726 1581 2969 1642 receptus
3018 1572 3284 1640 hospitio?
3336 1581 3429 1624 aut

1873 1663 2073 1730 quibus
2091 1662 2308 1716 advenis
2335 1677 2438 1715 non
2453 1677 2605 1715 suum
2633 1663 2890 1729 impendit
2913 1662 3256 1730 obsequium?
3285 1659 3431 1726 Quos

1874 1752 2232 1806 curiosissime
2248 1753 2491 1806 omnibus
2514 1752 2991 1820 locis-perquirens,
3007 1753 3256 1805 damnum
3277 1767 3428 1804 suum

1809 1829 1853 1885 Β
1883 1841 2118 1908 putabat,
2149 1842 2190 1894 si
2220 1842 2498 1910 quisquam
2525 1842 2711 1896 debilis
2754 1850 2844 1894 aut
2887 1843 3128 1897 esuriens
3179 1840 3432 1897 beneﬂcio

1877 1938 2268 1986 sustentaretur
2296 1931 2512 1986 alterius
2538 1950 2550 1983 z
2581 1932 2943 1986 ardentissima
2972 1934 3166 2000 quippe
3195 1930 3296 1985 ﬁde
3325 1941 3436 1985 toto

1879 2020 2139 2075 Salvatori
2188 2020 2363 2074 animo
2391 2022 2737 2088 conjunctus,
2775 2019 3030 2075 reddebat
3083 2023 3132 2073 ei
3177 2021 3320 2087 quod
3370 2022 3436 2072 ab

1880 2113 1994 2179 ipso
2023 2120 2322 2180 acceperat,
2355 2126 2417 2165 ac
2465 2126 2559 2180 per
2587 2111 2822 2178 singulos
2851 2110 2970 2178 ejus
3021 2109 3245 2162 famulos
3290 2107 3437 2162 Chri-

1878 2212 2014 2256 stutn
2041 2216 2100 2254 se
2129 2201 2307 2255 videre
2330 2200 2573 2267 credens,
2595 2199 2848 2268 quidquid
2895 2201 2946 2252 in
2976 2199 3094 2251 illos
3135 2197 3395 2252 conferret
3423 2239 3436 2258 ,

1879 2293 2161 2346 contulisse
2189 2307 2246 2345 se
2272 2293 2324 2344 in
2352 2293 2516 2367 Deum
2544 2292 2843 2355 laetabatur,
2876 2290 3004 2344 illud
3026 2305 3236 2358 semper
3265 2291 3438 2342 revol-

1881 2374 2178 2453 vens'quod
2200 2381 2450 2438 Dominus
2481 2384 2532 2436 in
2563 2382 2852 2452 Evangelio
2898 2383 3061 2436 dicit:
3091 2382 3235 2436 Beati
3286 2383 3435 2435 mise-
3489 2418 3493 2424 ι

1880 2477 2141 2538 ricordes,
2194 2477 2432 2542 quoniam
2486 2476 2584 2542 ipsi
2628 2475 3030 2528 misericordiam
3075 2483 3440 2541 consequentur

1881 2568 2092 2636 (.llatllt.
2124 2583 2173 2632 ν,
2199 2562 2272 2638 7).
2307 2567 2372 2620 Et
2393 2563 2555 2620 illud:
2587 2563 2730 2620 Sicut
2759 2581 2891 2634 aqua
2919 2566 3198 2632 exstinguit
3232 2567 3398 2632 ignem
3425 2604 3438 2624 ,

1882 2656 1953 2706 ita
1983 2658 2296 2731 eleetnosyna
2311 2655 2586 2723 exstinguit
2611 2664 2869 2722 peccatum
2899 2653 3085 2724 (Eccli.
3118 2670 3192 2716 ιιι,
3221 2653 3333 2716 55).
3375 2653 3441 2704 Et.

1883 2745 2010 2798 illud
2041 2763 2052 2796 :
2103 2743 2279 2796 Facite
2307 2743 2443 2797 vobis
2475 2746 2663 2799 amicos
2692 2743 2754 2795 de
2797 2744 2969 2813 iniquo
3008 2757 3320 2805 mammona,
3352 2743 3437 2810 qui

1883 2848 1967 2888 vos
1991 2832 2233 2902 recipiant
2261 2834 2311 2886 in
2341 2841 2529 2887 interna
2551 2832 2875 2885 tabernacula
2904 2831 3051 2901 (Luc.
3084 2849 3200 2897 XVI,
3229 2832 3303 2899 9).
3353 2832 3437 2892 Et.

1887 2926 2016 2978 Date
2040 2927 2400 2994 elecntosynam
2424 2963 2440 2990 ,
2492 2933 2540 2975 et
2588 2939 2700 2977 ecce
2728 2924 2900 2976 omnia
2947 2921 3135 2974 munda
3161 2930 3278 2974 sunt
3308 2922 3442 2975 vobis

1888 3015 2031 3084 (ch.
2065 3030 2133 3078 χι,
2165 3013 2274 3081 Η).
2309 3010 2620 3080 Ilujusmodi
2656 3010 2853 3074 Eligius
2881 3008 3067 3064 studiis
3098 3008 3440 3070 exercitatus,

1887 3105 2063 3160 divina
2083 3119 2202 3158 eum
2229 3104 2395 3171 gratia
2423 3102 2777 3158 comitabatur
2807 3101 3036 3155 uberius.

2456 3250 2678 3304 CAPUT
2716 3249 2851 3304 XIV.

1888 3365 1954 3420 Ut
1984 3367 2202 3435 patriam
2229 3366 2447 3419 revisens
2487 3365 2760 3430 Bituricus,
2799 3337 2911 3419 ieos
2948 3381 3150 3421 carcere
3190 3366 3438 3422 liberavit.

1955 3475 2188 3544 Denique
2215 3475 2442 3544 quodam
2476 3484 2732 3544 tempore,
2765 3475 2956 3531 an‘ectu
2997 3477 3206 3545 pietatis
3244 3487 3296 3532 et
3345 3493 3440 3547 pa-

1885 3563 2066 3618 storali
2098 3577 2223 3617 cura
2272 3562 2547 3626 sollicitus,
2579 3571 2798 3616 venerat
2834 3564 2883 3617 ei
2914 3565 2964 3616 in
2995 3565 3227 3617 animum
3273 3566 3444 3619 solum

1886 3648 2184 3726 proprium‘
2206 3657 2436 3718 paterna:
2487 3649 2860 3717 possessionis,
2889 3651 3156 3705 civitatem
3201 3651 3445 3706 Lemovi-

1887 3742 2056 3795 cinam
2102 3740 2336 3794 visitare.
2379 3737 2612 3793 Audiens
2659 3737 2796 3793 enim
2828 3749 3066 3794 sanctam
3110 3739 3302 3795 famam
3334 3756 3437 3796 mo-

1888 3833 2240 3887 naueriornm
2266 3844 2362 3883 suo
2378 3828 2490 3897 jam
2520 3829 2765 3897 exemplo
2795 3830 2846 3882 in
2876 3829 3060 3884 eadem
3091 3832 3219 3884 urbe
3248 3833 3446 3885 consti-

1887 3933 2157 3985 tutorum,
2215 3920 2550 3974 desiderabat
2601 3934 2922 3988 magnopere
2983 3922 3201 3989 proprio
3257 3922 3444 3976 eadem

1886 4028 2108 4070 cernere
2128 4013 2344 4080 intuitu,
2369 4021 2424 4067 et
2450 4011 2716 4080 praecipue
2743 4011 2812 4065 ob
2839 4014 3144 4067 monasterii
3175 4015 3258 4068 sui
3285 4030 3448 4068 vene-

1886 4102 2106 4156 rabilem
2159 4113 2318 4172 atque
2364 4101 2611 4156 omnibus
2665 4100 2972 4156 imitabilem
3021 4102 3445 4165 institutionem,

1886 4206 2043 4260 quam
2075 4189 2237 4247 nimio
2277 4192 2539 4248 desiderio
2582 4189 2842 4244 aestuabat
2873 4207 2885 4240 :
2918 4191 3170 4244 comitatu
3208 4207 3326 4244 cum
3357 4191 3445 4243 Bio

1890 4282 2084 4337 turicas
2129 4283 2341 4337 civitate
2395 4281 2882 4351 appropinquaret,
2931 4278 3146 4332 directis
3200 4280 3251 4332 in
3306 4280 3444 4333 viam

1890 4371 2093 4426 cunctis
2118 4370 2402 4425 comitibus
2441 4369 2570 4434 suis,
2603 4368 2714 4437 ipse
2757 4382 2878 4422 cum
2927 4366 3109 4436 paucis
3156 4369 3446 4422 destinatus

231 4447 531 4543 clementer
553 4449 773 4540 docens,
794 4448 993 4543 optime
1021 4448 1303 4514 instruens,
1329 4464 1359 4502 a
1404 4448 1790 4503 consuetudine
1816 4485 1868 4543 Ι)
1891 4470 2005 4518 era;
2034 4460 2098 4522 ad
2116 4527 2119 4530 _
2139 4460 2446 4514 memoriam
2475 4460 2691 4528 Sujpicii
2717 4459 3040 4515 confessoris
3069 4459 3093 4497 b
3124 4475 3296 4515 orare.
3329 4459 3445 4526 ρηο

233 4535 492 4608 peccandi
519 4546 627 4591 tcta
651 4535 839 4591 omnes
867 4535 1061 4588 virtute
1111 4537 1381 4592 retrahere
1412 4539 1606 4593 nitens.
1666 4539 1790 4592 Erat

234 4635 496 4698 partem
515 4625 700 4693 spiritu
730 4623 958 4687 fervens,
976 4623 1328 4678 sollicitudine
1352 4628 1592 4694 impiger,
1625 4628 1791 4680 mori-

236 4720 338 4773 bus
356 4719 549 4780 clarus,
571 4716 821 4782 operibus
845 4722 1085 4777 ornatus,
1113 4714 1362 4781 omnique
1388 4718 1648 4771 suavitate
1667 4733 1794 4771 cou-

237 4808 495 4876 spientis:
520 4805 570 4857 in
607 4802 852 4858 oratione
879 4803 1141 4870 assiduus,
1173 4805 1222 4856 in
1262 4803 1477 4870 jejuniis
1504 4806 1748 4859 strenuus
1776 4847 1791 4869 ,

238 4896 296 4950 in
330 4895 678 4966 eleemosynis
717 4894 917 4962 largus,
939 4901 1099 4964 atque
1120 4896 1190 4949 ita
1212 4895 1351 4950 inter
1375 4893 1565 4949 divites
1591 4902 1794 4962 et'pa’u-

239 4998 402 5052 pares
430 4983 648 5047 modius,
678 4992 736 5037 nt
757 4999 1020 5053 pauperes
1049 4999 1166 5039 eum
1196 4987 1344 5055 quasi
1367 4994 1588 5056 patrem,
1607 4985 1796 5040 divit-'5

242 5071 395 5141 quasi
415 5071 742 5140 superiorem
773 5073 871 5126 sibi
899 5074 1224 5141 aspicerent;
1253 5074 1367 5143 ipse
1411 5075 1552 5129 enim
1596 5091 1699 5129 non
1730 5077 1794 5130 ad

243 5172 490 5228 personat
515 5160 826 5229 potentiam,
855 5160 946 5213 sed
978 5162 1148 5227 pctius
1173 5162 1236 5214 ad
1255 5178 1459 5216 morum
1486 5164 1796 5230 elegantiam

246 5247 571 5312 attendebat,
601 5257 658 5302 et
684 5257 835 5302 tanto
863 5262 1290 5315 unumquemque
1339 5253 1652 5307 eminentius
1698 5255 1794 5308 ho-

249 5338 496 5400 norabat,
524 5347 726 5408 quanto
757 5335 934 5392 vivere
958 5338 1188 5391 sanctius
1217 5337 1496 5392 didicerat.
1525 5342 1656 5406 Erga
1679 5357 1799 5407 ege-

249 5440 580 5496 nosquoqne
607 5437 663 5482 et
691 5427 924 5480 advenas
960 5427 1031 5480 ita
1077 5439 1136 5481 se
1162 5427 1446 5481 sollicitum
1476 5428 1751 5481 exhibebat
1782 5471 1796 5494 ,

327 5607 356 5636 ³
389 5596 608 5654 Arcebat
626 5598 744 5652 iter.
773 5597 864 5653 Sic
901 5599 1061 5652 codex
1083 5599 1140 5654 S.
1183 5601 1318 5655 And.
1353 5603 1488 5658 Editi
1513 5604 1793 5658 arcebatur.

253 5667 335 5750 Es
367 5669 554 5726 eodem
578 5670 755 5750 capite
773 5681 813 5723 Α
829 5666 959 5720 Ididi
986 5682 1101 5735 quae
1139 5673 1289 5725 uicis
1317 5673 1511 5727 inclusa
1547 5673 1697 5727 vides
1712 5689 1797 5728 ca-

259 5745 370 5808 pite
387 5745 648 5808 sequenti.

536 5829 809 5888 Panos"
860 5822 1222 5884 LXXXV-ll.

1894 4563 2010 4604 cum
2055 4549 2402 4617 pervenisset,
2452 4547 2693 4601 oratione
2743 4547 2902 4609 facta,
2952 4546 3099 4598 audit
3146 4547 3445 4615 complures

1894 4645 2061 4706 nuper
2087 4637 2270 4691 mortis
2307 4637 2566 4692 sententia
2611 4637 2885 4689 damnatos
2923 4635 3088 4688 teneri
3134 4629 3194 4687 in
3230 4650 3445 4688 carcere

1896 4726 2057 4781 liscali
2095 4729 2334 4790 vinctos;
2371 4725 2746 4780 interfecerant
2801 4724 2941 4778 enim
2984 4727 3262 4795 quemdam
3294 4727 3446 4778 lisca-

1895 4819 1996 4872 lem
2021 4819 2247 4886 judicent
2267 4859 2281 4883 ,
2312 4825 2365 4869 et
2394 4816 2586 4869 idclrco
2615 4814 2944 4869 habebantur
2987 4816 3038 4867 in
3068 4814 3308 4869 vinculis.
3339 4815 3446 4868 Eli~

1895 4889 2010 4977 gius
2037 4923 2162 4977 ergo
2192 4918 2394 4959 memor
2422 4904 2564 4958 verbi
2615 4905 2818 4959 Domini
2845 4903 3066 4956 dicentis
3099 4921 3108 4954 ε
3138 4902 3200 4957 1η
3244 4919 3446 4957 carcere

1894 5013 2051 5060 erant,
2081 5005 2128 5048 et
2155 4994 2358 5048 venistis
2387 4994 2451 5044 ad
2480 5009 2557 5046 me
2586 4993 2796 5063 (Matth.
2826 5008 2950 5056 xxv,
2983 4990 3106 5059 36);
3138 5002 3226 5046 et:
3263 4991 3442 5057 Quan-

1896 5086 1984 5136 diu
2013 5082 2198 5150 feriatis
2219 5081 2390 5134 unica:
2416 5083 2637 5134 minimis
2666 5081 2806 5144 meis,
2838 5080 2961 5134 milii
2991 5081 3176 5151 fecistis
3208 5079 3368 5150 (Ibid.
3393 5096 3439 5131 ιι.

1896 5175 2008 5240 40),
2038 5179 2189 5240 rogat
2211 5185 2269 5226 se
2295 5171 2484 5242 deduci
2513 5173 2577 5226 ad
2607 5187 2730 5234 eos;
2757 5171 2848 5225 sed
2879 5188 2998 5226 cum
3026 5172 3442 5241 appropinquas-

1896 5273 1975 5317 set
2022 5260 2276 5317 custodiat
2328 5263 2588 5328 carceris,
2643 5277 2764 5316 mox
2815 5263 3009 5315 milites
3065 5269 3442 5328 consurgentes

1896 5352 2208 5406 obstiterunt
2257 5352 2305 5406 ei
2361 5354 2715 5408 vehementer.
2773 5366 2869 5404 nec
2921 5352 3273 5422 permiserunt
3316 5364 3437 5402 eum

1899 5441 2111 5516 propius
2139 5443 2393 5498 accedere
2424 5461 2435 5495 :
2466 5452 2590 5498 tunc
2617 5442 2706 5496 ille
2733 5451 2951 5498 nitestus
2991 5443 3272 5496 admodum
3303 5439 3438 5493 indi-

1904 5652 1920 5660 -
1966 5609 1992 5680 le
2026 5609 2205 5665 Orare.
2237 5610 2310 5666 Ita
2338 5612 2495 5666 malui
2524 5627 2640 5665 cum
2663 5613 2843 5669 codice
2870 5613 2924 5665 S.
2959 5611 3087 5665 And.
3118 5624 3276 5680 quam
3307 5618 3361 5663 ut
3389 5610 3439 5666 itt

1899 5679 2060 5749 priori
2089 5681 2339 5745 editione,
2369 5680 2602 5733 adorare.

2902 5830 2971 5880 17
