  <div class='ocr_page' id='page_1' title='image "/cluster/home/n/w/nwhite01/storage/ocr_20150623/87-88/uva.x000827073/269.png"; bbox 0 0 3934 6228; ppageno 0'>
   <div class='ocr_carea' id='block_1_1' title="bbox 582 332 685 385">
    <p class='ocr_par' dir='ltr' id='par_1_1' title="bbox 582 332 685 385">
     <span class='ocr_line' id='line_1_1' title="bbox 582 332 685 385; baseline 0.019 -2"><span class='ocrx_word' id='word_1_1' title='bbox 582 332 685 385; x_wconf 62' lang='lat'><strong>523</strong></span> 
     </span>
    </p>
   </div>
   <div class='ocr_carea' id='block_1_2' title="bbox 1767 322 2631 381">
    <p class='ocr_par' dir='ltr' id='par_1_2' title="bbox 1767 322 2631 381">
     <span class='ocr_line' id='line_1_2' title="bbox 1767 322 2631 381; baseline 0.003 -2"><span class='ocrx_word' id='word_1_2' title='bbox 1767 327 1821 379; x_wconf 85' lang='lat' dir='ltr'><strong>S.</strong></span> <span class='ocrx_word' id='word_1_3' title='bbox 1869 323 2063 378; x_wconf 76' lang='lat' dir='ltr'><strong>ELIGll</strong></span> <span class='ocrx_word' id='word_1_4' title='bbox 2106 322 2382 379; x_wconf 75' lang='lat' dir='ltr'><strong>NOVIOM.</strong></span> <span class='ocrx_word' id='word_1_5' title='bbox 2428 326 2631 381; x_wconf 72' lang='lat' dir='ltr'><strong>EPISC.</strong></span> 
     </span>
    </p>
   </div>
   <div class='ocr_carea' id='block_1_3' title="bbox 3710 336 3818 392">
    <p class='ocr_par' dir='ltr' id='par_1_3' title="bbox 3710 336 3818 392">
     <span class='ocr_line' id='line_1_3' title="bbox 3710 336 3818 392; baseline 0.037 -4"><span class='ocrx_word' id='word_1_6' title='bbox 3710 336 3818 392; x_wconf 73' lang='lat' dir='ltr'><strong>52l</strong></span> 
     </span>
    </p>
   </div>
   <div class='ocr_carea' id='block_1_4' title="bbox 508 428 3819 513">
    <p class='ocr_par' dir='ltr' id='par_1_4' title="bbox 508 428 3819 513">
     <span class='ocr_line' id='line_1_4' title="bbox 508 428 3819 513; baseline 0.001 -20"><span class='ocrx_word' id='word_1_7' title='bbox 508 488 511 493; x_wconf 74' lang='lat'><strong>,</strong></span> <span class='ocrx_word' id='word_1_8' title='bbox 578 454 873 510; x_wconf 71' lang='lat' dir='ltr'><strong>gnatusque</strong></span> <span class='ocrx_word' id='word_1_9' title='bbox 900 440 1076 494; x_wconf 89' lang='lat' dir='ltr'><strong>animo</strong></span> <span class='ocrx_word' id='word_1_10' title='bbox 1104 437 1364 503; x_wconf 88' lang='lat' dir='ltr'><strong>discessit,</strong></span> <span class='ocrx_word' id='word_1_11' title='bbox 1396 444 1451 492; x_wconf 90' lang='lat' dir='ltr'><strong>et</strong></span> <span class='ocrx_word' id='word_1_12' title='bbox 1494 443 1724 507; x_wconf 66' lang='lat' dir='ltr'><strong>coeptum</strong></span> <span class='ocrx_word' id='word_1_13' title='bbox 1772 437 1870 490; x_wconf 90' lang='lat' dir='ltr'><strong>iter</strong></span> <span class='ocrx_word' id='word_1_14' title='bbox 1912 436 2132 505; x_wconf 85' lang='lat' dir='ltr'><strong>peregit.</strong></span> <span class='ocrx_word' id='word_1_15' title='bbox 2162 428 2212 498; x_wconf 74' lang='grc' dir='ltr'><strong>Ἀ</strong></span> <span class='ocrx_word' id='word_1_16' title='bbox 2242 437 2335 503; x_wconf 89' lang='lat' dir='ltr'><strong>tis;</strong></span> <span class='ocrx_word' id='word_1_17' title='bbox 2368 438 2625 508; x_wconf 82' lang='lat' dir='ltr'><strong>refugium</strong></span> <span class='ocrx_word' id='word_1_18' title='bbox 2649 450 2730 495; x_wconf 89' lang='lat' dir='ltr'><strong>est</strong></span> <span class='ocrx_word' id='word_1_19' title='bbox 2755 440 3192 513; x_wconf 70' lang='lat' dir='ltr'><strong>delinquentium,</strong></span> <span class='ocrx_word' id='word_1_20' title='bbox 3232 460 3335 498; x_wconf 79' lang='lat' dir='ltr'><strong>non</strong></span> <span class='ocrx_word' id='word_1_21' title='bbox 3366 446 3485 500; x_wconf 84' lang='lat' dir='ltr'><strong>dam</strong></span> <span class='ocrx_word' id='word_1_22' title='bbox 3511 447 3631 499; x_wconf 82' lang='lat' dir='ltr'><strong>.:tlit</strong></span> <span class='ocrx_word' id='word_1_23' title='bbox 3672 460 3819 500; x_wconf 82' lang='lat' dir='ltr'><strong>con-</strong></span> 
     </span>
    </p>
   </div>
   <div class='ocr_carea' id='block_1_5' title="bbox 579 524 2134 597">
    <p class='ocr_par' dir='ltr' id='par_1_5' title="bbox 579 524 2134 597">
     <span class='ocr_line' id='line_1_5' title="bbox 579 524 2134 597; baseline -0.006 -12"><span class='ocrx_word' id='word_1_24' title='bbox 579 532 794 585; x_wconf 83' lang='lat' dir='ltr'><strong>Factum</strong></span> <span class='ocrx_word' id='word_1_25' title='bbox 820 538 1093 585; x_wconf 22' lang='lat' dir='ltr'><strong>est‘autem</strong></span> <span class='ocrx_word' id='word_1_26' title='bbox 1118 542 1238 582; x_wconf 85' lang='lat' dir='ltr'><strong>cum</strong></span> <span class='ocrx_word' id='word_1_27' title='bbox 1266 526 1596 597; x_wconf 74' lang='lat' dir='ltr'><strong>pervenisset</strong></span> <span class='ocrx_word' id='word_1_28' title='bbox 1618 524 1681 579; x_wconf 91' lang='lat' dir='ltr'><strong>ad</strong></span> <span class='ocrx_word' id='word_1_29' title='bbox 1711 525 1885 579; x_wconf 86' lang='lat' dir='ltr'><strong>locum</strong></span> <span class='ocrx_word' id='word_1_30' title='bbox 1910 524 2134 579; x_wconf 84' lang='lat' dir='ltr'><strong>destina-</strong></span> 
     </span>
    </p>
   </div>
   <div class='ocr_carea' id='block_1_6' title="bbox 580 619 2132 689">
    <p class='ocr_par' dir='ltr' id='par_1_6' title="bbox 580 619 2132 689">
     <span class='ocr_line' id='line_1_6' title="bbox 580 619 2132 689; baseline -0.001 -12"><span class='ocrx_word' id='word_1_31' title='bbox 580 636 708 687; x_wconf 91' lang='lat' dir='ltr'><strong>tum,</strong></span> <span class='ocrx_word' id='word_1_32' title='bbox 741 630 1097 679; x_wconf 86' lang='lat' dir='ltr'><strong>commoratus</strong></span> <span class='ocrx_word' id='word_1_33' title='bbox 1122 629 1202 676; x_wconf 86' lang='lat' dir='ltr'><strong>est</strong></span> <span class='ocrx_word' id='word_1_34' title='bbox 1230 619 1536 689; x_wconf 80' lang='lat' dir='ltr'><strong>aliquandiu</strong></span> <span class='ocrx_word' id='word_1_35' title='bbox 1563 619 1701 689; x_wconf 88' lang='lat' dir='ltr'><strong>apud</strong></span> <span class='ocrx_word' id='word_1_36' title='bbox 1729 620 1908 674; x_wconf 87' lang='lat' dir='ltr'><strong>urbem</strong></span> <span class='ocrx_word' id='word_1_37' title='bbox 1942 621 2132 675; x_wconf 80' lang='lat' dir='ltr'><strong>Lemo-</strong></span> 
     </span>
    </p>
   </div>
   <div class='ocr_carea' id='block_1_7' title="bbox 578 709 2132 779">
    <p class='ocr_par' dir='ltr' id='par_1_7' title="bbox 578 709 2132 779">
     <span class='ocr_line' id='line_1_7' title="bbox 578 709 2132 779; baseline -0.002 -13"><span class='ocrx_word' id='word_1_38' title='bbox 578 714 738 779; x_wconf 84' lang='lat' dir='ltr'><strong>vicas,</strong></span> <span class='ocrx_word' id='word_1_39' title='bbox 784 721 840 769; x_wconf 84' lang='lat' dir='ltr'><strong>et</strong></span> <span class='ocrx_word' id='word_1_40' title='bbox 865 713 1128 768; x_wconf 86' lang='lat' dir='ltr'><strong>circuiens</strong></span> <span class='ocrx_word' id='word_1_41' title='bbox 1156 711 1335 765; x_wconf 84' lang='lat' dir='ltr'><strong>omnia</strong></span> <span class='ocrx_word' id='word_1_42' title='bbox 1362 710 1683 765; x_wconf 88' lang='lat' dir='ltr'><strong>monasteria</strong></span> <span class='ocrx_word' id='word_1_43' title='bbox 1720 717 1828 764; x_wconf 88' lang='lat' dir='ltr'><strong>tam</strong></span> <span class='ocrx_word' id='word_1_44' title='bbox 1874 709 2008 764; x_wconf 86' lang='lat' dir='ltr'><strong>infra</strong></span> <span class='ocrx_word' id='word_1_45' title='bbox 2040 726 2132 765; x_wconf 85' lang='lat' dir='ltr'><strong>ur-</strong></span> 
     </span>
    </p>
   </div>
   <div class='ocr_carea' id='block_1_8' title="bbox 577 788 2153 873">
    <p class='ocr_par' dir='ltr' id='par_1_8' title="bbox 577 788 2153 873">
     <span class='ocr_line' id='line_1_8' title="bbox 577 788 2153 873; baseline -0.003 -14"><span class='ocrx_word' id='word_1_46' title='bbox 577 805 696 859; x_wconf 92' lang='lat' dir='ltr'><strong>bem</strong></span> <span class='ocrx_word' id='word_1_47' title='bbox 733 819 893 873; x_wconf 90' lang='lat' dir='ltr'><strong>quam</strong></span> <span class='ocrx_word' id='word_1_48' title='bbox 923 803 976 857; x_wconf 91' lang='lat' dir='ltr'><strong>in</strong></span> <span class='ocrx_word' id='word_1_49' title='bbox 1021 802 1339 857; x_wconf 92' lang='lat' dir='ltr'><strong>suburbanis</strong></span> <span class='ocrx_word' id='word_1_50' title='bbox 1374 802 1495 866; x_wconf 88' lang='lat' dir='ltr'><strong>sita,</strong></span> <span class='ocrx_word' id='word_1_51' title='bbox 1523 800 1867 856; x_wconf 88' lang='lat' dir='ltr'><strong>devotissime</strong></span> <span class='ocrx_word' id='word_1_52' title='bbox 1893 788 2153 855; x_wconf 84' lang='lat' dir='ltr'><strong>omnium-</strong></span> 
     </span>
    </p>
   </div>
   <div class='ocr_carea' id='block_1_9' title="bbox 575 894 2132 960">
    <p class='ocr_par' dir='ltr' id='par_1_9' title="bbox 575 894 2132 960">
     <span class='ocr_line' id='line_1_9' title="bbox 575 894 2132 960; baseline -0.003 -7"><span class='ocrx_word' id='word_1_53' title='bbox 575 897 972 953; x_wconf 88' lang='lat' dir='ltr'><strong>benedictiones</strong></span> <span class='ocrx_word' id='word_1_54' title='bbox 1010 894 1307 960; x_wconf 88' lang='lat' dir='ltr'><strong>hauriebat,</strong></span> <span class='ocrx_word' id='word_1_55' title='bbox 1338 895 1562 950; x_wconf 88' lang='lat' dir='ltr'><strong>visitatis</strong></span> <span class='ocrx_word' id='word_1_56' title='bbox 1590 895 1749 949; x_wconf 90' lang='lat' dir='ltr'><strong>etiam</strong></span> <span class='ocrx_word' id='word_1_57' title='bbox 1798 896 1850 949; x_wconf 86' lang='lat' dir='ltr'><strong>in</strong></span> <span class='ocrx_word' id='word_1_58' title='bbox 1881 910 1979 950; x_wconf 92' lang='lat' dir='ltr'><strong>suo</strong></span> <span class='ocrx_word' id='word_1_59' title='bbox 2014 910 2132 949; x_wconf 86' lang='lat' dir='ltr'><strong>mo-</strong></span> 
     </span>
    </p>
   </div>
   <div class='ocr_carea' id='block_1_10' title="bbox 575 984 2135 1047">
    <p class='ocr_par' dir='ltr' id='par_1_10' title="bbox 575 984 2135 1047">
     <span class='ocr_line' id='line_1_10' title="bbox 575 984 2135 1047; baseline 0.001 -8"><span class='ocrx_word' id='word_1_60' title='bbox 575 987 809 1043; x_wconf 78' lang='lat' dir='ltr'><strong>nasterio</strong></span> <span class='ocrx_word' id='word_1_61' title='bbox 838 986 1105 1047; x_wconf 87' lang='lat' dir='ltr'><strong>fratribus.</strong></span> <span class='ocrx_word' id='word_1_62' title='bbox 1137 1000 1342 1041; x_wconf 83' lang='lat' dir='ltr'><strong>necnon</strong></span> <span class='ocrx_word' id='word_1_63' title='bbox 1370 992 1425 1041; x_wconf 89' lang='lat' dir='ltr'><strong>et</strong></span> <span class='ocrx_word' id='word_1_64' title='bbox 1450 984 1685 1041; x_wconf 87' lang='lat' dir='ltr'><strong>secundo</strong></span> <span class='ocrx_word' id='word_1_65' title='bbox 1714 984 1912 1039; x_wconf 82' lang='lat' dir='ltr'><strong>eisdem</strong></span> <span class='ocrx_word' id='word_1_66' title='bbox 1942 986 2135 1041; x_wconf 91' lang='lat' dir='ltr'><strong>abbate</strong></span> 
     </span>
    </p>
   </div>
   <div class='ocr_carea' id='block_1_11' title="bbox 573 1077 2135 1149">
    <p class='ocr_par' dir='ltr' id='par_1_11' title="bbox 573 1077 2135 1149">
     <span class='ocr_line' id='line_1_11' title="bbox 573 1077 2135 1149; baseline -0.001 -15"><span class='ocrx_word' id='word_1_67' title='bbox 573 1079 864 1145; x_wconf 79' lang='lat' dir='ltr'><strong>constituto</strong></span> <span class='ocrx_word' id='word_1_68' title='bbox 894 1081 1061 1149; x_wconf 79' lang='lat' dir='ltr'><strong>(prior</strong></span> <span class='ocrx_word' id='word_1_69' title='bbox 1086 1077 1227 1133; x_wconf 88' lang='lat' dir='ltr'><strong>enim</strong></span> <span class='ocrx_word' id='word_1_70' title='bbox 1255 1078 1319 1132; x_wconf 91' lang='lat' dir='ltr'><strong>ad</strong></span> <span class='ocrx_word' id='word_1_71' title='bbox 1345 1080 1713 1148; x_wconf 83' lang='lat' dir='ltr'><strong>episcopatum</strong></span> <span class='ocrx_word' id='word_1_72' title='bbox 1742 1087 1930 1145; x_wconf 91' lang='lat' dir='ltr'><strong>captus</strong></span> <span class='ocrx_word' id='word_1_73' title='bbox 1969 1078 2135 1133; x_wconf 88' lang='lat' dir='ltr'><strong>babe-</strong></span> 
     </span>
    </p>
   </div>
   <div class='ocr_carea' id='block_1_12' title="bbox 570 1160 2125 1245">
    <p class='ocr_par' dir='ltr' id='par_1_12' title="bbox 570 1160 2125 1245">
     <span class='ocr_line' id='line_1_12' title="bbox 570 1160 2125 1245; baseline -0.001 -22"><span class='ocrx_word' id='word_1_74' title='bbox 570 1168 747 1245; x_wconf 79' lang='lat' dir='ltr'><strong>batur)</strong></span> <span class='ocrx_word' id='word_1_75' title='bbox 792 1177 1012 1239; x_wconf 86' lang='lat' dir='ltr'><strong>paterna</strong></span> <span class='ocrx_word' id='word_1_76' title='bbox 1059 1169 1298 1238; x_wconf 86' lang='lat' dir='ltr'><strong>singulos</strong></span> <span class='ocrx_word' id='word_1_77' title='bbox 1340 1168 1698 1224; x_wconf 86' lang='lat' dir='ltr'><strong>sollicitudine</strong></span> <span class='ocrx_word' id='word_1_78' title='bbox 1734 1160 2125 1235; x_wconf 69' lang='lat' dir='ltr'><strong>cimmonebat,</strong></span> 
     </span>
    </p>
   </div>
   <div class='ocr_carea' id='block_1_13' title="bbox 574 1259 2132 1331">
    <p class='ocr_par' dir='ltr' id='par_1_13' title="bbox 574 1259 2132 1331">
     <span class='ocr_line' id='line_1_13' title="bbox 574 1259 2132 1331; baseline 0.001 -19"><span class='ocrx_word' id='word_1_79' title='bbox 574 1264 792 1317; x_wconf 81' lang='lat' dir='ltr'><strong>hortans</strong></span> <span class='ocrx_word' id='word_1_80' title='bbox 812 1276 994 1317; x_wconf 89' lang='lat' dir='ltr'><strong>omnes</strong></span> <span class='ocrx_word' id='word_1_81' title='bbox 1014 1262 1215 1318; x_wconf 85' lang='lat' dir='ltr'><strong>servire</strong></span> <span class='ocrx_word' id='word_1_82' title='bbox 1237 1261 1347 1316; x_wconf 90' lang='lat' dir='ltr'><strong>Deo</strong></span> <span class='ocrx_word' id='word_1_83' title='bbox 1375 1261 1427 1313; x_wconf 89' lang='lat' dir='ltr'><strong>in</strong></span> <span class='ocrx_word' id='word_1_84' title='bbox 1454 1260 1698 1325; x_wconf 84' lang='lat' dir='ltr'><strong>veritate,</strong></span> <span class='ocrx_word' id='word_1_85' title='bbox 1723 1269 1773 1313; x_wconf 90' lang='lat' dir='ltr'><strong>et</strong></span> <span class='ocrx_word' id='word_1_86' title='bbox 1793 1259 2132 1331; x_wconf 76' lang='lat' dir='ltr'><strong>simplicitate</strong></span> 
     </span>
    </p>
   </div>
   <div class='ocr_carea' id='block_1_14' title="bbox 538 1350 2129 1420">
    <p class='ocr_par' dir='ltr' id='par_1_14' title="bbox 538 1350 2129 1420">
     <span class='ocr_line' id='line_1_14' title="bbox 538 1350 2129 1420; baseline -0.001 -15"><span class='ocrx_word' id='word_1_87' title='bbox 538 1352 762 1417; x_wconf 68' lang='lat' dir='ltr'><strong>&#39;cordis,</strong></span> <span class='ocrx_word' id='word_1_88' title='bbox 793 1351 1136 1420; x_wconf 87' lang='lat' dir='ltr'><strong>quotidieque</strong></span> <span class='ocrx_word' id='word_1_89' title='bbox 1176 1352 1232 1405; x_wconf 90' lang='lat' dir='ltr'><strong>in</strong></span> <span class='ocrx_word' id='word_1_90' title='bbox 1278 1350 1469 1404; x_wconf 89' lang='lat' dir='ltr'><strong>melius</strong></span> <span class='ocrx_word' id='word_1_91' title='bbox 1519 1350 1835 1415; x_wconf 78' lang='lat' dir='ltr'><strong>coalescere,</strong></span> <span class='ocrx_word' id='word_1_92' title='bbox 1875 1360 1929 1403; x_wconf 91' lang='lat' dir='ltr'><strong>ct</strong></span> <span class='ocrx_word' id='word_1_93' title='bbox 1974 1365 2129 1404; x_wconf 86' lang='lat' dir='ltr'><strong>acce-</strong></span> 
     </span>
    </p>
   </div>
   <div class='ocr_carea' id='block_1_15' title="bbox 573 1426 2131 1509">
    <p class='ocr_par' dir='ltr' id='par_1_15' title="bbox 573 1426 2131 1509">
     <span class='ocr_line' id='line_1_15' title="bbox 573 1426 2131 1509; baseline -0.001 -18"><span class='ocrx_word' id='word_1_94' title='bbox 573 1452 713 1507; x_wconf 82' lang='lat' dir='ltr'><strong>ptum</strong></span> <span class='ocrx_word' id='word_1_95' title='bbox 744 1441 1070 1509; x_wconf 88' lang='lat' dir='ltr'><strong>propositum</strong></span> <span class='ocrx_word' id='word_1_96' title='bbox 1097 1439 1242 1494; x_wconf 90' lang='lat' dir='ltr'><strong>omni</strong></span> <span class='ocrx_word' id='word_1_97' title='bbox 1269 1438 1515 1492; x_wconf 77' lang='lat' dir='ltr'><strong>instantia</strong></span> <span class='ocrx_word' id='word_1_98' title='bbox 1539 1438 1602 1492; x_wconf 89' lang='lat' dir='ltr'><strong>ad</strong></span> <span class='ocrx_word' id='word_1_99' title='bbox 1632 1439 1787 1492; x_wconf 82' lang='lat' dir='ltr'><strong>finem</strong></span> <span class='ocrx_word' id='word_1_100' title='bbox 1814 1426 1983 1508; x_wconf 82' lang='lat' dir='ltr'><strong>usque</strong></span> <span class='ocrx_word' id='word_1_101' title='bbox 2012 1454 2131 1507; x_wconf 43' lang='lat' dir='ltr'><strong>pera</strong></span> 
     </span>
    </p>
   </div>
   <div class='ocr_carea' id='block_1_16' title="bbox 569 1526 2130 1599">
    <p class='ocr_par' dir='ltr' id='par_1_16' title="bbox 569 1526 2130 1599">
     <span class='ocr_line' id='line_1_16' title="bbox 569 1526 2130 1599; baseline 0.003 -21"><span class='ocrx_word' id='word_1_102' title='bbox 569 1530 784 1584; x_wconf 77' lang='lat' dir='ltr'><strong>ducere.</strong></span> <span class='ocrx_word' id='word_1_103' title='bbox 814 1526 975 1586; x_wconf 77' lang='lat' dir='ltr'><strong>Venit</strong></span> <span class='ocrx_word' id='word_1_104' title='bbox 1019 1538 1195 1583; x_wconf 89' lang='lat' dir='ltr'><strong>autem</strong></span> <span class='ocrx_word' id='word_1_105' title='bbox 1243 1536 1295 1583; x_wconf 92' lang='lat' dir='ltr'><strong>et</strong></span> <span class='ocrx_word' id='word_1_106' title='bbox 1322 1529 1386 1582; x_wconf 90' lang='lat' dir='ltr'><strong>ad</strong></span> <span class='ocrx_word' id='word_1_107' title='bbox 1414 1528 1666 1598; x_wconf 77' lang='lat' dir='ltr'><strong>praedium</strong></span> <span class='ocrx_word' id='word_1_108' title='bbox 1695 1537 1972 1599; x_wconf 88' lang='lat' dir='ltr'><strong>parentum</strong></span> <span class='ocrx_word' id='word_1_109' title='bbox 2002 1543 2130 1584; x_wconf 91' lang='lat' dir='ltr'><strong>suo-</strong></span> 
     </span>
    </p>
   </div>
   <div class='ocr_carea' id='block_1_17' title="bbox 568 1619 2129 1694">
    <p class='ocr_par' dir='ltr' id='par_1_17' title="bbox 568 1619 2129 1694">
     <span class='ocr_line' id='line_1_17' title="bbox 568 1619 2129 1694; baseline -0.001 -20"><span class='ocrx_word' id='word_1_110' title='bbox 568 1633 722 1682; x_wconf 82' lang='lat' dir='ltr'><strong>rum;</strong></span> <span class='ocrx_word' id='word_1_111' title='bbox 755 1634 874 1694; x_wconf 86' lang='lat' dir='ltr'><strong>nam</strong></span> <span class='ocrx_word' id='word_1_112' title='bbox 902 1629 954 1673; x_wconf 88' lang='lat' dir='ltr'><strong>et</strong></span> <span class='ocrx_word' id='word_1_113' title='bbox 982 1620 1052 1673; x_wconf 87' lang='lat' dir='ltr'><strong>ibi</strong></span> <span class='ocrx_word' id='word_1_114' title='bbox 1078 1619 1189 1688; x_wconf 88' lang='lat' dir='ltr'><strong>jam</strong></span> <span class='ocrx_word' id='word_1_115' title='bbox 1220 1619 1513 1674; x_wconf 69' lang='lat' dir='ltr'><strong>habebafur</strong></span> <span class='ocrx_word' id='word_1_116' title='bbox 1541 1619 1919 1674; x_wconf 85' lang='lat' dir='ltr'><strong>monasterium</strong></span> <span class='ocrx_word' id='word_1_117' title='bbox 1951 1634 1978 1673; x_wconf 90' lang='lat' dir='ltr'><strong>a</strong></span> <span class='ocrx_word' id='word_1_118' title='bbox 2009 1632 2129 1687; x_wconf 84' lang='lat' dir='ltr'><strong>ger-</strong></span> 
     </span>
    </p>
   </div>
   <div class='ocr_carea' id='block_1_18' title="bbox 568 1710 2128 1781">
    <p class='ocr_par' dir='ltr' id='par_1_18' title="bbox 568 1710 2128 1781">
     <span class='ocr_line' id='line_1_18' title="bbox 568 1710 2128 1781; baseline 0.004 -20"><span class='ocrx_word' id='word_1_119' title='bbox 568 1728 726 1767; x_wconf 86' lang='lat' dir='ltr'><strong>mano</strong></span> <span class='ocrx_word' id='word_1_120' title='bbox 752 1711 868 1779; x_wconf 86' lang='lat' dir='ltr'><strong>ejus</strong></span> <span class='ocrx_word' id='word_1_121' title='bbox 896 1710 1060 1764; x_wconf 83' lang='lat' dir='ltr'><strong>Alicio</strong></span> <span class='ocrx_word' id='word_1_122' title='bbox 1090 1711 1142 1764; x_wconf 91' lang='lat' dir='ltr'><strong>in</strong></span> <span class='ocrx_word' id='word_1_123' title='bbox 1182 1712 1296 1780; x_wconf 89' lang='lat' dir='ltr'><strong>ipso</strong></span> <span class='ocrx_word' id='word_1_124' title='bbox 1324 1712 1488 1781; x_wconf 88' lang='lat' dir='ltr'><strong>patris</strong></span> <span class='ocrx_word' id='word_1_125' title='bbox 1522 1710 1615 1775; x_wconf 81' lang='lat' dir='ltr'><strong>sui</strong></span> <span class='ocrx_word' id='word_1_126' title='bbox 1632 1710 1969 1766; x_wconf 87' lang='lat' dir='ltr'><strong>tabernaculo</strong></span> <span class='ocrx_word' id='word_1_127' title='bbox 1996 1727 2128 1767; x_wconf 86' lang='lat' dir='ltr'><strong>con-</strong></span> 
     </span>
    </p>
   </div>
   <div class='ocr_carea' id='block_1_19' title="bbox 2235 525 3819 609">
    <p class='ocr_par' dir='ltr' id='par_1_19' title="bbox 2235 525 3819 609">
     <span class='ocr_line' id='line_1_19' title="bbox 2235 525 3819 609; baseline 0.008 -31"><span class='ocrx_word' id='word_1_128' title='bbox 2235 525 2547 594; x_wconf 83' lang='lat' dir='ltr'><strong>fugientium</strong></span> <span class='ocrx_word' id='word_1_129' title='bbox 2569 547 2583 596; x_wconf 89' lang='lat'><strong>;</strong></span> <span class='ocrx_word' id='word_1_130' title='bbox 2607 531 2862 585; x_wconf 85' lang='lat' dir='ltr'><strong>orationis</strong></span> <span class='ocrx_word' id='word_1_131' title='bbox 2882 541 2963 587; x_wconf 84' lang='lat' dir='ltr'><strong>est</strong></span> <span class='ocrx_word' id='word_1_132' title='bbox 2982 533 3151 596; x_wconf 89' lang='lat' dir='ltr'><strong>locus,</strong></span> <span class='ocrx_word' id='word_1_133' title='bbox 3176 534 3282 589; x_wconf 80' lang='lat' dir='ltr'><strong>nun</strong></span> <span class='ocrx_word' id='word_1_134' title='bbox 3301 538 3563 591; x_wconf 88' lang='lat' dir='ltr'><strong>latronum</strong></span> <span class='ocrx_word' id='word_1_135' title='bbox 3584 554 3819 609; x_wconf 81' lang='lat' dir='ltr'><strong>specus.</strong></span> 
     </span>
    </p>
   </div>
   <div class='ocr_carea' id='block_1_20' title="bbox 2233 617 3820 696">
    <p class='ocr_par' dir='ltr' id='par_1_20' title="bbox 2233 617 3820 696">
     <span class='ocr_line' id='line_1_20' title="bbox 2233 617 3820 696; baseline 0.007 -24"><span class='ocrx_word' id='word_1_136' title='bbox 2233 617 2338 673; x_wconf 85' lang='lat' dir='ltr'><strong>Sed</strong></span> <span class='ocrx_word' id='word_1_137' title='bbox 2367 634 2486 674; x_wconf 92' lang='lat' dir='ltr'><strong>cum</strong></span> <span class='ocrx_word' id='word_1_138' title='bbox 2534 622 2664 676; x_wconf 82' lang='lat' dir='ltr'><strong>nihil</strong></span> <span class='ocrx_word' id='word_1_139' title='bbox 2693 622 2832 692; x_wconf 89' lang='lat' dir='ltr'><strong>apud</strong></span> <span class='ocrx_word' id='word_1_140' title='bbox 2879 638 2972 679; x_wconf 90' lang='lat' dir='ltr'><strong>eos</strong></span> <span class='ocrx_word' id='word_1_141' title='bbox 3000 641 3176 680; x_wconf 82' lang='lat' dir='ltr'><strong>sermo</strong></span> <span class='ocrx_word' id='word_1_142' title='bbox 3207 626 3320 695; x_wconf 86' lang='lat' dir='ltr'><strong>ejus</strong></span> <span class='ocrx_word' id='word_1_143' title='bbox 3352 629 3654 696; x_wconf 82' lang='lat' dir='ltr'><strong>proliceret,</strong></span> <span class='ocrx_word' id='word_1_144' title='bbox 3706 630 3820 684; x_wconf 87' lang='lat' dir='ltr'><strong>ite-</strong></span> 
     </span>
    </p>
   </div>
   <div class='ocr_carea' id='block_1_21' title="bbox 2232 713 3823 789">
    <p class='ocr_par' dir='ltr' id='par_1_21' title="bbox 2232 713 3823 789">
     <span class='ocr_line' id='line_1_21' title="bbox 2232 713 3823 789; baseline 0.007 -25"><span class='ocrx_word' id='word_1_145' title='bbox 2232 726 2347 766; x_wconf 88' lang='lat' dir='ltr'><strong>rum</strong></span> <span class='ocrx_word' id='word_1_146' title='bbox 2376 714 2453 767; x_wconf 91' lang='lat' dir='ltr'><strong>ait</strong></span> <span class='ocrx_word' id='word_1_147' title='bbox 2481 732 2493 766; x_wconf 90' lang='lat'><strong>:</strong></span> <span class='ocrx_word' id='word_1_148' title='bbox 2538 713 2791 770; x_wconf 88' lang='lat' dir='ltr'><strong>Dominus</strong></span> <span class='ocrx_word' id='word_1_149' title='bbox 2819 716 2956 771; x_wconf 89' lang='lat' dir='ltr'><strong>Deus</strong></span> <span class='ocrx_word' id='word_1_150' title='bbox 2986 717 3159 771; x_wconf 81' lang='lat' dir='ltr'><strong>videat</strong></span> <span class='ocrx_word' id='word_1_151' title='bbox 3187 719 3330 787; x_wconf 83' lang='lat' dir='ltr'><strong>quod</strong></span> <span class='ocrx_word' id='word_1_152' title='bbox 3369 721 3688 789; x_wconf 77' lang='lat' dir='ltr'><strong>aperantini,</strong></span> <span class='ocrx_word' id='word_1_153' title='bbox 3716 736 3823 775; x_wconf 79' lang='lat' dir='ltr'><strong>vos</strong></span> 
     </span>
    </p>
   </div>
   <div class='ocr_carea' id='block_1_22' title="bbox 2231 802 3825 881">
    <p class='ocr_par' dir='ltr' id='par_1_22' title="bbox 2231 802 3825 881">
     <span class='ocr_line' id='line_1_22' title="bbox 2231 802 3825 881; baseline 0.006 -25"><span class='ocrx_word' id='word_1_154' title='bbox 2231 802 2275 856; x_wconf 88' lang='lat' dir='ltr'><strong>si</strong></span> <span class='ocrx_word' id='word_1_155' title='bbox 2303 803 2515 873; x_wconf 87' lang='lat' dir='ltr'><strong>quidem</strong></span> <span class='ocrx_word' id='word_1_156' title='bbox 2545 820 2631 859; x_wconf 93' lang='lat' dir='ltr'><strong>me</strong></span> <span class='ocrx_word' id='word_1_157' title='bbox 2660 806 2842 861; x_wconf 88' lang='lat' dir='ltr'><strong>audire</strong></span> <span class='ocrx_word' id='word_1_158' title='bbox 2878 808 3147 872; x_wconf 82' lang='lat' dir='ltr'><strong>renuistis,</strong></span> <span class='ocrx_word' id='word_1_159' title='bbox 3179 810 3358 864; x_wconf 88' lang='lat' dir='ltr'><strong>audiet</strong></span> <span class='ocrx_word' id='word_1_160' title='bbox 3391 812 3551 866; x_wconf 86' lang='lat' dir='ltr'><strong>credo</strong></span> <span class='ocrx_word' id='word_1_161' title='bbox 3596 814 3691 867; x_wconf 85' lang='lat' dir='ltr'><strong>ille</strong></span> <span class='ocrx_word' id='word_1_162' title='bbox 3722 814 3825 881; x_wconf 89' lang='lat' dir='ltr'><strong>qui</strong></span> 
     </span>
    </p>
   </div>
   <div class='ocr_carea' id='block_1_23' title="bbox 2232 892 3822 971">
    <p class='ocr_par' dir='ltr' id='par_1_23' title="bbox 2232 892 3822 971">
     <span class='ocr_line' id='line_1_23' title="bbox 2232 892 3822 971; baseline 0.007 -27"><span class='ocrx_word' id='word_1_163' title='bbox 2232 906 2501 960; x_wconf 88' lang='lat' dir='ltr'><strong>nunquam</strong></span> <span class='ocrx_word' id='word_1_164' title='bbox 2548 892 2867 964; x_wconf 87' lang='lat' dir='ltr'><strong>derelinquit</strong></span> <span class='ocrx_word' id='word_1_165' title='bbox 2918 907 3192 965; x_wconf 85' lang='lat' dir='ltr'><strong>sperantes</strong></span> <span class='ocrx_word' id='word_1_166' title='bbox 3220 900 3271 951; x_wconf 92' lang='lat' dir='ltr'><strong>in</strong></span> <span class='ocrx_word' id='word_1_167' title='bbox 3316 915 3393 954; x_wconf 90' lang='lat' dir='ltr'><strong>se.</strong></span> <span class='ocrx_word' id='word_1_168' title='bbox 3428 898 3547 956; x_wconf 82' lang='lat' dir='ltr'><strong>Mox</strong></span> <span class='ocrx_word' id='word_1_169' title='bbox 3574 916 3715 971; x_wconf 62' lang='lat' dir='ltr'><strong>ego</strong></span> <span class='ocrx_word' id='word_1_170' title='bbox 3748 902 3822 955; x_wconf 78' lang='lat' dir='ltr'><strong>ad</strong></span> 
     </span>
    </p>
   </div>
   <div class='ocr_carea' id='block_1_24' title="bbox 2231 984 3819 1065">
    <p class='ocr_par' dir='ltr' id='par_1_24' title="bbox 2231 984 3819 1065">
     <span class='ocr_line' id='line_1_24' title="bbox 2231 984 3819 1065; baseline 0.006 -27"><span class='ocrx_word' id='word_1_171' title='bbox 2231 984 2385 1038; x_wconf 90' lang='lat' dir='ltr'><strong>solita</strong></span> <span class='ocrx_word' id='word_1_172' title='bbox 2417 987 2655 1065; x_wconf 70' lang='lat' dir='ltr'><strong>prmsidia</strong></span> <span class='ocrx_word' id='word_1_173' title='bbox 2679 999 2997 1045; x_wconf 87' lang='lat' dir='ltr'><strong>convertens</strong></span> <span class='ocrx_word' id='word_1_174' title='bbox 3021 1006 3096 1056; x_wconf 90' lang='lat' dir='ltr'><strong>se,</strong></span> <span class='ocrx_word' id='word_1_175' title='bbox 3122 994 3413 1060; x_wconf 75' lang='lat' dir='ltr'><strong>prostravit</strong></span> <span class='ocrx_word' id='word_1_176' title='bbox 3432 1010 3491 1049; x_wconf 90' lang='lat' dir='ltr'><strong>se</strong></span> <span class='ocrx_word' id='word_1_177' title='bbox 3518 996 3568 1048; x_wconf 89' lang='lat' dir='ltr'><strong>in</strong></span> <span class='ocrx_word' id='word_1_178' title='bbox 3602 1006 3819 1049; x_wconf 86' lang='lat' dir='ltr'><strong>terram</strong></span> 
     </span>
    </p>
   </div>
   <div class='ocr_carea' id='block_1_25' title="bbox 2231 1073 3824 1152">
    <p class='ocr_par' dir='ltr' id='par_1_25' title="bbox 2231 1073 3824 1152">
     <span class='ocr_line' id='line_1_25' title="bbox 2231 1073 3824 1152; baseline 0.008 -25"><span class='ocrx_word' id='word_1_179' title='bbox 2231 1073 2369 1128; x_wconf 90' lang='lat' dir='ltr'><strong>inter</strong></span> <span class='ocrx_word' id='word_1_180' title='bbox 2397 1075 2565 1131; x_wconf 85' lang='lat' dir='ltr'><strong>altare</strong></span> <span class='ocrx_word' id='word_1_181' title='bbox 2586 1086 2639 1130; x_wconf 90' lang='lat' dir='ltr'><strong>et</strong></span> <span class='ocrx_word' id='word_1_182' title='bbox 2676 1078 2995 1138; x_wconf 81' lang='lat' dir='ltr'><strong>confessoris</strong></span> <span class='ocrx_word' id='word_1_183' title='bbox 3024 1082 3359 1148; x_wconf 86' lang='lat' dir='ltr'><strong>memoriam,</strong></span> <span class='ocrx_word' id='word_1_184' title='bbox 3404 1093 3565 1152; x_wconf 88' lang='lat' dir='ltr'><strong>atque</strong></span> <span class='ocrx_word' id='word_1_185' title='bbox 3592 1085 3824 1139; x_wconf 71' lang='lat' dir='ltr'><strong>enixius</strong></span> 
     </span>
    </p>
   </div>
   <div class='ocr_carea' id='block_1_26' title="bbox 2230 1162 3825 1241">
    <p class='ocr_par' dir='ltr' id='par_1_26' title="bbox 2230 1162 3825 1241">
     <span class='ocr_line' id='line_1_26' title="bbox 2230 1162 3825 1241; baseline 0.007 -25"><span class='ocrx_word' id='word_1_186' title='bbox 2230 1162 2508 1219; x_wconf 89' lang='lat' dir='ltr'><strong>Dominum</strong></span> <span class='ocrx_word' id='word_1_187' title='bbox 2550 1167 2899 1236; x_wconf 86' lang='lat' dir='ltr'><strong>supplicavit;</strong></span> <span class='ocrx_word' id='word_1_188' title='bbox 2954 1177 3005 1222; x_wconf 91' lang='lat' dir='ltr'><strong>et</strong></span> <span class='ocrx_word' id='word_1_189' title='bbox 3058 1185 3177 1223; x_wconf 90' lang='lat' dir='ltr'><strong>cum</strong></span> <span class='ocrx_word' id='word_1_190' title='bbox 3228 1172 3300 1227; x_wconf 83' lang='lat' dir='ltr'><strong>ab</strong></span> <span class='ocrx_word' id='word_1_191' title='bbox 3346 1173 3593 1227; x_wconf 89' lang='lat' dir='ltr'><strong>oratione</strong></span> <span class='ocrx_word' id='word_1_192' title='bbox 3643 1183 3825 1241; x_wconf 83' lang='lat' dir='ltr'><strong>caput</strong></span> 
     </span>
    </p>
   </div>
   <div class='ocr_carea' id='block_1_27' title="bbox 2230 1255 3817 1323">
    <p class='ocr_par' dir='ltr' id='par_1_27' title="bbox 2230 1255 3817 1323">
     <span class='ocr_line' id='line_1_27' title="bbox 2230 1255 3817 1323; baseline 0.007 -16"><span class='ocrx_word' id='word_1_193' title='bbox 2230 1255 2512 1323; x_wconf 88' lang='lat' dir='ltr'><strong>elevasset,</strong></span> <span class='ocrx_word' id='word_1_194' title='bbox 2542 1257 2718 1309; x_wconf 86' lang='lat' dir='ltr'><strong>statim</strong></span> <span class='ocrx_word' id='word_1_195' title='bbox 2748 1257 3031 1313; x_wconf 85' lang='lat' dir='ltr'><strong>confractae</strong></span> <span class='ocrx_word' id='word_1_196' title='bbox 3058 1269 3257 1315; x_wconf 76' lang='lat' dir='ltr'><strong>catena:</strong></span> <span class='ocrx_word' id='word_1_197' title='bbox 3281 1261 3332 1313; x_wconf 93' lang='lat' dir='ltr'><strong>in</strong></span> <span class='ocrx_word' id='word_1_198' title='bbox 3363 1271 3557 1316; x_wconf 89' lang='lat' dir='ltr'><strong>terram</strong></span> <span class='ocrx_word' id='word_1_199' title='bbox 3590 1264 3817 1317; x_wconf 82' lang='lat' dir='ltr'><strong>cecide-</strong></span> 
     </span>
    </p>
   </div>
   <div class='ocr_carea' id='block_1_28' title="bbox 2229 1344 3821 1420">
    <p class='ocr_par' dir='ltr' id='par_1_28' title="bbox 2229 1344 3821 1420">
     <span class='ocr_line' id='line_1_28' title="bbox 2229 1344 3821 1420; baseline 0.008 -26"><span class='ocrx_word' id='word_1_200' title='bbox 2229 1352 2372 1407; x_wconf 90' lang='lat' dir='ltr'><strong>runt,</strong></span> <span class='ocrx_word' id='word_1_201' title='bbox 2405 1344 2700 1413; x_wconf 80' lang='lat' dir='ltr'><strong>cunctaque</strong></span> <span class='ocrx_word' id='word_1_202' title='bbox 2727 1362 2844 1415; x_wconf 79' lang='lat' dir='ltr'><strong>quae</strong></span> <span class='ocrx_word' id='word_1_203' title='bbox 2876 1349 3240 1417; x_wconf 79' lang='lat' dir='ltr'><strong>imposuerant</strong></span> <span class='ocrx_word' id='word_1_204' title='bbox 3269 1352 3521 1420; x_wconf 83' lang='lat' dir='ltr'><strong>ligamina</strong></span> <span class='ocrx_word' id='word_1_205' title='bbox 3551 1354 3821 1407; x_wconf 76' lang='lat' dir='ltr'><strong>euntibus</strong></span> 
     </span>
    </p>
   </div>
   <div class='ocr_carea' id='block_1_29' title="bbox 2231 1434 3819 1512">
    <p class='ocr_par' dir='ltr' id='par_1_29' title="bbox 2231 1434 3819 1512">
     <span class='ocr_line' id='line_1_29' title="bbox 2231 1434 3819 1512; baseline 0.008 -29"><span class='ocrx_word' id='word_1_206' title='bbox 2231 1434 2528 1488; x_wconf 87' lang='lat' dir='ltr'><strong>astantibus</strong></span> <span class='ocrx_word' id='word_1_207' title='bbox 2550 1444 2674 1489; x_wconf 87' lang='lat' dir='ltr'><strong>sunt</strong></span> <span class='ocrx_word' id='word_1_208' title='bbox 2711 1446 2905 1507; x_wconf 82' lang='lat' dir='ltr'><strong>magno</strong></span> <span class='ocrx_word' id='word_1_209' title='bbox 2936 1439 3135 1508; x_wconf 84' lang='lat' dir='ltr'><strong>impetu</strong></span> <span class='ocrx_word' id='word_1_210' title='bbox 3168 1442 3407 1512; x_wconf 86' lang='lat' dir='ltr'><strong>disrupta</strong></span> <span class='ocrx_word' id='word_1_211' title='bbox 3439 1453 3599 1511; x_wconf 87' lang='lat' dir='ltr'><strong>atque</strong></span> <span class='ocrx_word' id='word_1_212' title='bbox 3628 1446 3819 1498; x_wconf 78' lang='lat' dir='ltr'><strong>disso-</strong></span> 
     </span>
    </p>
   </div>
   <div class='ocr_carea' id='block_1_30' title="bbox 2231 1519 3817 1600">
    <p class='ocr_par' dir='ltr' id='par_1_30' title="bbox 2231 1519 3817 1600">
     <span class='ocr_line' id='line_1_30' title="bbox 2231 1519 3817 1600; baseline 0.008 -27"><span class='ocrx_word' id='word_1_213' title='bbox 2231 1519 2340 1573; x_wconf 91' lang='lat' dir='ltr'><strong>luta</strong></span> <span class='ocrx_word' id='word_1_214' title='bbox 2371 1539 2382 1573; x_wconf 96' lang='lat'>:</span> <span class='ocrx_word' id='word_1_215' title='bbox 2412 1524 2553 1591; x_wconf 89' lang='lat' dir='ltr'><strong>quod</strong></span> <span class='ocrx_word' id='word_1_216' title='bbox 2580 1525 2775 1580; x_wconf 89' lang='lat' dir='ltr'><strong>milites</strong></span> <span class='ocrx_word' id='word_1_217' title='bbox 2822 1527 3081 1596; x_wconf 82' lang='lat' dir='ltr'><strong>videntes,</strong></span> <span class='ocrx_word' id='word_1_218' title='bbox 3115 1531 3315 1598; x_wconf 80' lang='lat' dir='ltr'><strong>ingenti</strong></span> <span class='ocrx_word' id='word_1_219' title='bbox 3362 1542 3505 1587; x_wconf 88' lang='lat' dir='ltr'><strong>metu</strong></span> <span class='ocrx_word' id='word_1_220' title='bbox 3551 1535 3817 1600; x_wconf 68' lang='lat' dir='ltr'><strong>lCTCUlai,</strong></span> 
     </span>
    </p>
   </div>
   <div class='ocr_carea' id='block_1_31' title="bbox 2228 1611 3820 1690">
    <p class='ocr_par' dir='ltr' id='par_1_31' title="bbox 2228 1611 3820 1690">
     <span class='ocr_line' id='line_1_31' title="bbox 2228 1611 3820 1690; baseline 0.006 -25"><span class='ocrx_word' id='word_1_221' title='bbox 2228 1611 2703 1690; x_wconf 27' lang='lat' dir='ltr'><strong>confestimque-ad</strong></span> <span class='ocrx_word' id='word_1_222' title='bbox 2726 1618 2889 1685; x_wconf 80' lang='lat' dir='ltr'><strong>pedes</strong></span> <span class='ocrx_word' id='word_1_223' title='bbox 2912 1621 3081 1675; x_wconf 90' lang='lat' dir='ltr'><strong>sancti</strong></span> <span class='ocrx_word' id='word_1_224' title='bbox 3104 1620 3255 1688; x_wconf 85' lang='lat' dir='ltr'><strong>Etigii</strong></span> <span class='ocrx_word' id='word_1_225' title='bbox 3280 1622 3564 1689; x_wconf 90' lang='lat' dir='ltr'><strong>pervoluti,</strong></span> <span class='ocrx_word' id='word_1_226' title='bbox 3592 1620 3820 1677; x_wconf 76' lang='lat' dir='ltr'><strong>veniam</strong></span> 
     </span>
    </p>
   </div>
   <div class='ocr_carea' id='block_1_32' title="bbox 2230 1702 3819 1778">
    <p class='ocr_par' dir='ltr' id='par_1_32' title="bbox 2230 1702 3819 1778">
     <span class='ocr_line' id='line_1_32' title="bbox 2230 1702 3819 1778; baseline 0.008 -23"><span class='ocrx_word' id='word_1_227' title='bbox 2230 1702 2353 1758; x_wconf 85' lang='lat' dir='ltr'><strong>facti</strong></span> <span class='ocrx_word' id='word_1_228' title='bbox 2409 1707 2491 1759; x_wconf 90' lang='lat' dir='ltr'><strong>sui</strong></span> <span class='ocrx_word' id='word_1_229' title='bbox 2539 1707 2910 1774; x_wconf 84' lang='lat' dir='ltr'><strong>precabantur,</strong></span> <span class='ocrx_word' id='word_1_230' title='bbox 2964 1709 3245 1766; x_wconf 86' lang='lat' dir='ltr'><strong>dicentes:</strong></span> <span class='ocrx_word' id='word_1_231' title='bbox 3282 1712 3661 1778; x_wconf 76' lang='lat' dir='ltr'><strong>Peccavimus,</strong></span> <span class='ocrx_word' id='word_1_232' title='bbox 3718 1714 3819 1767; x_wconf 87' lang='lat' dir='ltr'><strong>do—</strong></span> 
     </span>
    </p>
   </div>
   <div class='ocr_carea' id='block_1_33' title="bbox 568 1782 3821 1872">
    <p class='ocr_par' dir='ltr' id='par_1_33' title="bbox 568 1782 3821 1872">
     <span class='ocr_line' id='line_1_33' title="bbox 568 1782 3821 1872; baseline 0.001 -17"><span class='ocrx_word' id='word_1_233' title='bbox 568 1810 857 1867; x_wconf 88' lang='lat' dir='ltr'><strong>structum;</strong></span> <span class='ocrx_word' id='word_1_234' title='bbox 887 1800 1061 1868; x_wconf 86' lang='lat' dir='ltr'><strong>ibique</strong></span> <span class='ocrx_word' id='word_1_235' title='bbox 1082 1800 1339 1865; x_wconf 77' lang='lat' dir='ltr'><strong>similiter</strong></span> <span class='ocrx_word' id='word_1_236' title='bbox 1364 1799 1613 1856; x_wconf 80' lang='lat' dir='ltr'><strong>fratribus</strong></span> <span class='ocrx_word' id='word_1_237' title='bbox 1642 1800 1936 1867; x_wconf 86' lang='lat' dir='ltr'><strong>conventis,</strong></span> <span class='ocrx_word' id='word_1_238' title='bbox 1969 1808 2129 1869; x_wconf 87' lang='lat' dir='ltr'><strong>atque</strong></span> <span class='ocrx_word' id='word_1_239' title='bbox 2164 1782 2208 1840; x_wconf 73' lang='grc' dir='ltr'><strong>Β</strong></span> <span class='ocrx_word' id='word_1_240' title='bbox 2231 1796 2375 1848; x_wconf 76' lang='lat' dir='ltr'><strong>mine</strong></span> <span class='ocrx_word' id='word_1_241' title='bbox 2414 1808 2584 1865; x_wconf 76' lang='lat' dir='ltr'><strong>pater,</strong></span> <span class='ocrx_word' id='word_1_242' title='bbox 2628 1798 2808 1868; x_wconf 82' lang='lat' dir='ltr'><strong>inique</strong></span> <span class='ocrx_word' id='word_1_243' title='bbox 2852 1800 3077 1869; x_wconf 78' lang='lat' dir='ltr'><strong>egimus,</strong></span> <span class='ocrx_word' id='word_1_244' title='bbox 3108 1802 3286 1857; x_wconf 76' lang='lat' dir='ltr'><strong>&#39;stulte</strong></span> <span class='ocrx_word' id='word_1_245' title='bbox 3331 1805 3590 1872; x_wconf 82' lang='lat' dir='ltr'><strong>gessimus</strong></span> <span class='ocrx_word' id='word_1_246' title='bbox 3639 1808 3698 1858; x_wconf 87' lang='lat' dir='ltr'><strong>in</strong></span> <span class='ocrx_word' id='word_1_247' title='bbox 3752 1824 3821 1860; x_wconf 88' lang='lat' dir='ltr'><strong>co</strong></span> 
     </span>
    </p>
   </div>
   <div class='ocr_carea' id='block_1_34' title="bbox 568 1884 2133 1962">
    <p class='ocr_par' dir='ltr' id='par_1_34' title="bbox 568 1884 2133 1962">
     <span class='ocr_line' id='line_1_34' title="bbox 568 1884 2133 1962; baseline -0.003 -13"><span class='ocrx_word' id='word_1_248' title='bbox 568 1896 857 1949; x_wconf 87' lang='lat' dir='ltr'><strong>clementer</strong></span> <span class='ocrx_word' id='word_1_249' title='bbox 908 1894 1216 1961; x_wconf 82' lang='lat' dir='ltr'><strong>consulatis,</strong></span> <span class='ocrx_word' id='word_1_250' title='bbox 1268 1884 1418 1962; x_wconf 84' lang='lat' dir='ltr'><strong>parat</strong></span> <span class='ocrx_word' id='word_1_251' title='bbox 1475 1899 1811 1961; x_wconf 89' lang='lat' dir='ltr'><strong>postremum</strong></span> <span class='ocrx_word' id='word_1_252' title='bbox 1833 1892 2027 1945; x_wconf 80' lang='lat' dir='ltr'><strong>reverti</strong></span> <span class='ocrx_word' id='word_1_253' title='bbox 2065 1892 2133 1945; x_wconf 90' lang='lat' dir='ltr'><strong>ad</strong></span> 
     </span>
    </p>
   </div>
   <div class='ocr_carea' id='block_1_35' title="bbox 566 1972 2133 2051">
    <p class='ocr_par' dir='ltr' id='par_1_35' title="bbox 566 1972 2133 2051">
     <span class='ocr_line' id='line_1_35' title="bbox 566 1972 2133 2051; baseline -0.003 -12"><span class='ocrx_word' id='word_1_254' title='bbox 566 1984 832 2039; x_wconf 84' lang='lat' dir='ltr'><strong>civitatem</strong></span> <span class='ocrx_word' id='word_1_255' title='bbox 864 1997 1047 2047; x_wconf 86' lang='lat' dir='ltr'><strong>suam;</strong></span> <span class='ocrx_word' id='word_1_256' title='bbox 1078 1990 1133 2037; x_wconf 91' lang='lat' dir='ltr'><strong>et</strong></span> <span class='ocrx_word' id='word_1_257' title='bbox 1162 1994 1280 2036; x_wconf 88' lang='lat' dir='ltr'><strong>cum</strong></span> <span class='ocrx_word' id='word_1_258' title='bbox 1325 1981 1512 2051; x_wconf 84' lang='lat' dir='ltr'><strong>procul</strong></span> <span class='ocrx_word' id='word_1_259' title='bbox 1556 1972 1595 2034; x_wconf 55' lang='lat' dir='ltr'><strong>a&#39;</strong></span> <span class='ocrx_word' id='word_1_260' title='bbox 1614 1979 1857 2034; x_wconf 86' lang='lat' dir='ltr'><strong>Bituricis</strong></span> <span class='ocrx_word' id='word_1_261' title='bbox 1887 1980 1989 2034; x_wconf 91' lang='lat' dir='ltr'><strong>iter</strong></span> <span class='ocrx_word' id='word_1_262' title='bbox 2015 1995 2133 2036; x_wconf 63' lang='lat' dir='ltr'><strong>caro</strong></span> 
     </span>
    </p>
   </div>
   <div class='ocr_carea' id='block_1_36' title="bbox 567 2066 2183 2144">
    <p class='ocr_par' dir='ltr' id='par_1_36' title="bbox 567 2066 2183 2144">
     <span class='ocr_line' id='line_1_36' title="bbox 567 2066 2183 2144; baseline -0.001 -17"><span class='ocrx_word' id='word_1_263' title='bbox 567 2076 759 2144; x_wconf 84' lang='lat' dir='ltr'><strong>percti,</strong></span> <span class='ocrx_word' id='word_1_264' title='bbox 780 2074 945 2128; x_wconf 84' lang='lat' dir='ltr'><strong>voluit</strong></span> <span class='ocrx_word' id='word_1_265' title='bbox 981 2075 1173 2129; x_wconf 88' lang='lat' dir='ltr'><strong>iterum</strong></span> <span class='ocrx_word' id='word_1_266' title='bbox 1204 2066 1467 2125; x_wconf 76' lang='lat' dir='ltr'><strong>divertere</strong></span> <span class='ocrx_word' id='word_1_267' title='bbox 1498 2070 1563 2124; x_wconf 92' lang='lat' dir='ltr'><strong>ad</strong></span> <span class='ocrx_word' id='word_1_268' title='bbox 1609 2070 1876 2129; x_wconf 87' lang='lat' dir='ltr'><strong>civitatem</strong></span> <span class='ocrx_word' id='word_1_269' title='bbox 1902 2088 1915 2137; x_wconf 92' lang='lat'><strong>;</strong></span> <span class='ocrx_word' id='word_1_270' title='bbox 1946 2080 2145 2125; x_wconf 69' lang='lat' dir='ltr'><strong>sttmu-‘</strong></span> <span class='ocrx_word' id='word_1_271' title='bbox 2178 2128 2183 2135; x_wconf 60' lang='grc'><em>,</em></span> 
     </span>
    </p>
   </div>
   <div class='ocr_carea' id='block_1_37' title="bbox 566 2163 2129 2233">
    <p class='ocr_par' dir='ltr' id='par_1_37' title="bbox 566 2163 2129 2233">
     <span class='ocr_line' id='line_1_37' title="bbox 566 2163 2129 2233; baseline -0.001 -14"><span class='ocrx_word' id='word_1_272' title='bbox 566 2166 708 2220; x_wconf 85' lang='lat' dir='ltr'><strong>labat</strong></span> <span class='ocrx_word' id='word_1_273' title='bbox 736 2168 877 2221; x_wconf 84' lang='lat' dir='ltr'><strong>en&#39;m</strong></span> <span class='ocrx_word' id='word_1_274' title='bbox 903 2166 1137 2220; x_wconf 84' lang='lat' dir='ltr'><strong>animum</strong></span> <span class='ocrx_word' id='word_1_275' title='bbox 1167 2164 1303 2233; x_wconf 88' lang='lat' dir='ltr'><strong>ejus,</strong></span> <span class='ocrx_word' id='word_1_276' title='bbox 1336 2163 1585 2231; x_wconf 90' lang='lat' dir='ltr'><strong>quoniam</strong></span> <span class='ocrx_word' id='word_1_277' title='bbox 1607 2176 1729 2218; x_wconf 88' lang='lat' dir='ltr'><strong>reos</strong></span> <span class='ocrx_word' id='word_1_278' title='bbox 1754 2163 1843 2233; x_wconf 89' lang='lat' dir='ltr'><strong>qui</strong></span> <span class='ocrx_word' id='word_1_279' title='bbox 1873 2164 2129 2219; x_wconf 86' lang='lat' dir='ltr'><strong>teneban-</strong></span> 
     </span>
    </p>
   </div>
   <div class='ocr_carea' id='block_1_38' title="bbox 563 2243 2130 2323">
    <p class='ocr_par' dir='ltr' id='par_1_38' title="bbox 563 2243 2130 2323">
     <span class='ocr_line' id='line_1_38' title="bbox 563 2243 2130 2323; baseline -0.001 -15"><span class='ocrx_word' id='word_1_280' title='bbox 563 2263 651 2309; x_wconf 88' lang='lat' dir='ltr'><strong>tur</strong></span> <span class='ocrx_word' id='word_1_281' title='bbox 679 2256 729 2308; x_wconf 92' lang='lat' dir='ltr'><strong>in</strong></span> <span class='ocrx_word' id='word_1_282' title='bbox 760 2267 996 2318; x_wconf 84' lang='lat' dir='ltr'><strong>carcere,</strong></span> <span class='ocrx_word' id='word_1_283' title='bbox 1045 2253 1174 2307; x_wconf 77' lang='lat' dir='ltr'><strong>nihil</strong></span> <span class='ocrx_word' id='word_1_284' title='bbox 1204 2252 1348 2323; x_wconf 84' lang='lat' dir='ltr'><strong>prius</strong></span> <span class='ocrx_word' id='word_1_285' title='bbox 1371 2252 1587 2321; x_wconf 89' lang='lat' dir='ltr'><strong>juvatus</strong></span> <span class='ocrx_word' id='word_1_286' title='bbox 1630 2252 1835 2319; x_wconf 89' lang='lat' dir='ltr'><strong>fuisset,</strong></span> <span class='ocrx_word' id='word_1_287' title='bbox 1884 2267 1983 2307; x_wconf 90' lang='lat' dir='ltr'><strong>nec</strong></span> <span class='ocrx_word' id='word_1_288' title='bbox 2011 2243 2130 2322; x_wconf 87' lang='lat' dir='ltr'><strong>qui-</strong></span> 
     </span>
    </p>
   </div>
   <div class='ocr_carea' id='block_1_39' title="bbox 564 2336 1351 2401">
    <p class='ocr_par' dir='ltr' id='par_1_39' title="bbox 564 2336 1351 2401">
     <span class='ocr_line' id='line_1_39' title="bbox 564 2336 1351 2401; baseline 0.003 -5"><span class='ocrx_word' id='word_1_289' title='bbox 564 2347 729 2399; x_wconf 84' lang='lat' dir='ltr'><strong>visset</strong></span> <span class='ocrx_word' id='word_1_290' title='bbox 758 2344 985 2399; x_wconf 88' lang='lat' dir='ltr'><strong>liberare</strong></span> <span class='ocrx_word' id='word_1_291' title='bbox 1008 2358 1121 2401; x_wconf 88' lang='lat' dir='ltr'><strong>eos.</strong></span> <span class='ocrx_word' id='word_1_292' title='bbox 1349 2336 1351 2338; x_wconf 67' lang='grc'><em>’</em></span> 
     </span>
    </p>
   </div>
   <div class='ocr_carea' id='block_1_40' title="bbox 632 2453 2133 2525">
    <p class='ocr_par' dir='ltr' id='par_1_40' title="bbox 632 2453 2133 2525">
     <span class='ocr_line' id='line_1_40' title="bbox 632 2453 2133 2525; baseline -0.001 -16"><span class='ocrx_word' id='word_1_293' title='bbox 632 2453 710 2510; x_wconf 92' lang='lat' dir='ltr'><strong>Ob</strong></span> <span class='ocrx_word' id='word_1_294' title='bbox 738 2455 840 2511; x_wconf 91' lang='lat' dir='ltr'><strong>hoc</strong></span> <span class='ocrx_word' id='word_1_295' title='bbox 882 2470 1007 2525; x_wconf 88' lang='lat' dir='ltr'><strong>ergo</strong></span> <span class='ocrx_word' id='word_1_296' title='bbox 1036 2455 1135 2511; x_wconf 89' lang='lat' dir='ltr'><strong>iter</strong></span> <span class='ocrx_word' id='word_1_297' title='bbox 1162 2471 1347 2525; x_wconf 83' lang='lat' dir='ltr'><strong>agens,</strong></span> <span class='ocrx_word' id='word_1_298' title='bbox 1392 2455 1709 2524; x_wconf 89' lang='lat' dir='ltr'><strong>precabatur</strong></span> <span class='ocrx_word' id='word_1_299' title='bbox 1748 2455 2029 2511; x_wconf 90' lang='lat' dir='ltr'><strong>Dominum</strong></span> <span class='ocrx_word' id='word_1_300' title='bbox 2075 2463 2133 2508; x_wconf 92' lang='lat' dir='ltr'><strong>ut</strong></span> 
     </span>
    </p>
   </div>
   <div class='ocr_carea' id='block_1_41' title="bbox 562 2544 2130 2615">
    <p class='ocr_par' dir='ltr' id='par_1_41' title="bbox 562 2544 2130 2615">
     <span class='ocr_line' id='line_1_41' title="bbox 562 2544 2130 2615; baseline -0.002 -14"><span class='ocrx_word' id='word_1_301' title='bbox 562 2554 826 2601; x_wconf 76' lang='lat' dir='ltr'><strong>convento</strong></span> <span class='ocrx_word' id='word_1_302' title='bbox 871 2561 1088 2602; x_wconf 79' lang='lat' dir='ltr'><strong>carcere</strong></span> <span class='ocrx_word' id='word_1_303' title='bbox 1119 2562 1223 2603; x_wconf 82' lang='lat' dir='ltr'><strong>non</strong></span> <span class='ocrx_word' id='word_1_304' title='bbox 1263 2553 1536 2615; x_wconf 88' lang='lat' dir='ltr'><strong>pateretur</strong></span> <span class='ocrx_word' id='word_1_305' title='bbox 1565 2544 1800 2600; x_wconf 88' lang='lat' dir='ltr'><strong>laborem</strong></span> <span class='ocrx_word' id='word_1_306' title='bbox 1842 2550 1992 2599; x_wconf 88' lang='lat' dir='ltr'><strong>suum</strong></span> <span class='ocrx_word' id='word_1_307' title='bbox 2021 2544 2130 2599; x_wconf 85' lang='lat' dir='ltr'><strong>fru-</strong></span> 
     </span>
    </p>
   </div>
   <div class='ocr_carea' id='block_1_42' title="bbox 562 2636 2128 2706">
    <p class='ocr_par' dir='ltr' id='par_1_42' title="bbox 562 2636 2128 2706">
     <span class='ocr_line' id='line_1_42' title="bbox 562 2636 2128 2706; baseline -0.001 -14"><span class='ocrx_word' id='word_1_308' title='bbox 562 2647 670 2692; x_wconf 89' lang='lat' dir='ltr'><strong>stra</strong></span> <span class='ocrx_word' id='word_1_309' title='bbox 697 2651 1027 2692; x_wconf 89' lang='lat' dir='ltr'><strong>consumere.</strong></span> <span class='ocrx_word' id='word_1_310' title='bbox 1060 2636 1155 2690; x_wconf 88' lang='lat' dir='ltr'><strong>Die</strong></span> <span class='ocrx_word' id='word_1_311' title='bbox 1183 2636 1343 2706; x_wconf 79' lang='lat' dir='ltr'><strong>igitur</strong></span> <span class='ocrx_word' id='word_1_312' title='bbox 1371 2650 1473 2706; x_wconf 90' lang='lat' dir='ltr'><strong>qua</strong></span> <span class='ocrx_word' id='word_1_313' title='bbox 1500 2636 1830 2706; x_wconf 78' lang='lat' dir='ltr'><strong>ingressurus</strong></span> <span class='ocrx_word' id='word_1_314' title='bbox 1861 2644 1975 2691; x_wconf 88' lang='lat' dir='ltr'><strong>erat</strong></span> <span class='ocrx_word' id='word_1_315' title='bbox 2001 2636 2128 2691; x_wconf 65' lang='lat' dir='ltr'><strong>citi-</strong></span> 
     </span>
    </p>
   </div>
   <div class='ocr_carea' id='block_1_43' title="bbox 563 2728 2128 2797">
    <p class='ocr_par' dir='ltr' id='par_1_43' title="bbox 563 2728 2128 2797">
     <span class='ocr_line' id='line_1_43' title="bbox 563 2728 2128 2797; baseline 0.001 -16"><span class='ocrx_word' id='word_1_316' title='bbox 563 2736 749 2790; x_wconf 78' lang='lat' dir='ltr'><strong>tatem,</strong></span> <span class='ocrx_word' id='word_1_317' title='bbox 778 2743 898 2797; x_wconf 80' lang='lat' dir='ltr'><strong>cum</strong></span> <span class='ocrx_word' id='word_1_318' title='bbox 927 2728 1076 2782; x_wconf 80' lang='lat' dir='ltr'><strong>valde</strong></span> <span class='ocrx_word' id='word_1_319' title='bbox 1119 2728 1352 2784; x_wconf 91' lang='lat' dir='ltr'><strong>diluculo</strong></span> <span class='ocrx_word' id='word_1_320' title='bbox 1392 2729 1653 2784; x_wconf 88' lang='lat' dir='ltr'><strong>elevasset</strong></span> <span class='ocrx_word' id='word_1_321' title='bbox 1680 2729 1865 2784; x_wconf 91' lang='lat' dir='ltr'><strong>oculos</strong></span> <span class='ocrx_word' id='word_1_322' title='bbox 1892 2744 2019 2783; x_wconf 89' lang='lat' dir='ltr'><strong>suos</strong></span> <span class='ocrx_word' id='word_1_323' title='bbox 2061 2728 2128 2782; x_wconf 89' lang='lat' dir='ltr'><strong>ad</strong></span> 
     </span>
    </p>
   </div>
   <div class='ocr_carea' id='block_1_44' title="bbox 561 2805 2125 2887">
    <p class='ocr_par' dir='ltr' id='par_1_44' title="bbox 561 2805 2125 2887">
     <span class='ocr_line' id='line_1_44' title="bbox 561 2805 2125 2887; baseline -0.003 -13"><span class='ocrx_word' id='word_1_324' title='bbox 561 2805 779 2886; x_wconf 76' lang='lat' dir='ltr'><strong>emittm,</strong></span> <span class='ocrx_word' id='word_1_325' title='bbox 811 2817 946 2874; x_wconf 84' lang='lat' dir='ltr'><strong>facta</strong></span> <span class='ocrx_word' id='word_1_326' title='bbox 984 2826 1067 2874; x_wconf 86' lang='lat' dir='ltr'><strong>est</strong></span> <span class='ocrx_word' id='word_1_327' title='bbox 1092 2819 1261 2887; x_wconf 88' lang='lat' dir='ltr'><strong>caligo</strong></span> <span class='ocrx_word' id='word_1_328' title='bbox 1304 2826 1358 2874; x_wconf 90' lang='lat' dir='ltr'><strong>et</strong></span> <span class='ocrx_word' id='word_1_329' title='bbox 1388 2818 1580 2873; x_wconf 89' lang='lat' dir='ltr'><strong>nebula</strong></span> <span class='ocrx_word' id='word_1_330' title='bbox 1627 2819 1907 2873; x_wconf 88' lang='lat' dir='ltr'><strong>tenebrosa</strong></span> <span class='ocrx_word' id='word_1_331' title='bbox 1950 2818 2125 2881; x_wconf 88' lang='lat' dir='ltr'><strong>nimis,</strong></span> 
     </span>
    </p>
   </div>
   <div class='ocr_carea' id='block_1_45' title="bbox 562 2906 2127 2977">
    <p class='ocr_par' dir='ltr' id='par_1_45' title="bbox 562 2906 2127 2977">
     <span class='ocr_line' id='line_1_45' title="bbox 562 2906 2127 2977; baseline -0.003 -15"><span class='ocrx_word' id='word_1_332' title='bbox 562 2911 636 2964; x_wconf 90' lang='lat' dir='ltr'><strong>ita</strong></span> <span class='ocrx_word' id='word_1_333' title='bbox 664 2918 725 2965; x_wconf 91' lang='lat' dir='ltr'><strong>ut</strong></span> <span class='ocrx_word' id='word_1_334' title='bbox 750 2910 1077 2965; x_wconf 84' lang='lat' dir='ltr'><strong>habitatores</strong></span> <span class='ocrx_word' id='word_1_335' title='bbox 1106 2909 1337 2965; x_wconf 80' lang='lat' dir='ltr'><strong>civitatis</strong></span> <span class='ocrx_word' id='word_1_336' title='bbox 1364 2922 1464 2963; x_wconf 89' lang='lat' dir='ltr'><strong>nec</strong></span> <span class='ocrx_word' id='word_1_337' title='bbox 1491 2907 1555 2961; x_wconf 90' lang='lat' dir='ltr'><strong>ad</strong></span> <span class='ocrx_word' id='word_1_338' title='bbox 1582 2909 1809 2977; x_wconf 89' lang='lat' dir='ltr'><strong>spatium</strong></span> <span class='ocrx_word' id='word_1_339' title='bbox 1835 2907 1965 2976; x_wconf 87' lang='lat' dir='ltr'><strong>jacti</strong></span> <span class='ocrx_word' id='word_1_340' title='bbox 1995 2906 2127 2974; x_wconf 78' lang='lat' dir='ltr'><strong>lapi-</strong></span> 
     </span>
    </p>
   </div>
   <div class='ocr_carea' id='block_1_46' title="bbox 561 2997 2124 3071">
    <p class='ocr_par' dir='ltr' id='par_1_46' title="bbox 561 2997 2124 3071">
     <span class='ocr_line' id='line_1_46' title="bbox 561 2997 2124 3071; baseline -0.003 -16"><span class='ocrx_word' id='word_1_341' title='bbox 561 3002 641 3057; x_wconf 92' lang='lat' dir='ltr'><strong>dis</strong></span> <span class='ocrx_word' id='word_1_342' title='bbox 684 3000 869 3071; x_wconf 85' lang='lat' dir='ltr'><strong>procul</strong></span> <span class='ocrx_word' id='word_1_343' title='bbox 900 3000 1141 3057; x_wconf 91' lang='lat' dir='ltr'><strong>contueri</strong></span> <span class='ocrx_word' id='word_1_344' title='bbox 1173 3006 1409 3069; x_wconf 85' lang='lat' dir='ltr'><strong>possent.</strong></span> <span class='ocrx_word' id='word_1_345' title='bbox 1441 2997 1529 3053; x_wconf 92' lang='lat' dir='ltr'><strong>Sic</strong></span> <span class='ocrx_word' id='word_1_346' title='bbox 1557 3011 1685 3067; x_wconf 87' lang='lat' dir='ltr'><strong>ergo</strong></span> <span class='ocrx_word' id='word_1_347' title='bbox 1714 2998 1911 3066; x_wconf 86' lang='lat' dir='ltr'><strong>Eligius</strong></span> <span class='ocrx_word' id='word_1_348' title='bbox 1942 2998 2124 3052; x_wconf 87' lang='lat' dir='ltr'><strong>urbem</strong></span> 
     </span>
    </p>
   </div>
   <div class='ocr_carea' id='block_1_47' title="bbox 563 3090 2200 3191">
    <p class='ocr_par' dir='ltr' id='par_1_47' title="bbox 563 3090 2200 3191">
     <span class='ocr_line' id='line_1_47' title="bbox 563 3090 2200 3191; baseline -0.002 -43"><span class='ocrx_word' id='word_1_349' title='bbox 563 3097 861 3163; x_wconf 80' lang='lat' dir='ltr'><strong>ingressus,</strong></span> <span class='ocrx_word' id='word_1_350' title='bbox 912 3109 1041 3151; x_wconf 81' lang='lat' dir='ltr'><strong>cum</strong></span> <span class='ocrx_word' id='word_1_351' title='bbox 1085 3092 1564 3162; x_wconf 86' lang='lat' dir='ltr'><strong>appropinquasset</strong></span> <span class='ocrx_word' id='word_1_352' title='bbox 1612 3091 1804 3159; x_wconf 88' lang='lat' dir='ltr'><strong>januas</strong></span> <span class='ocrx_word' id='word_1_353' title='bbox 1854 3090 2123 3157; x_wconf 88' lang='lat' dir='ltr'><strong>carceris,</strong></span> <span class='ocrx_word' id='word_1_354' title='bbox 2154 3128 2200 3191; x_wconf 65' lang='grc' dir='ltr'><strong>ϐ</strong></span> 
     </span>
    </p>
   </div>
   <div class='ocr_carea' id='block_1_48' title="bbox 562 3180 2127 3253">
    <p class='ocr_par' dir='ltr' id='par_1_48' title="bbox 562 3180 2127 3253">
     <span class='ocr_line' id='line_1_48' title="bbox 562 3180 2127 3253; baseline -0.003 -13"><span class='ocrx_word' id='word_1_355' title='bbox 562 3186 837 3241; x_wconf 85' lang='lat' dir='ltr'><strong>confestim</strong></span> <span class='ocrx_word' id='word_1_356' title='bbox 862 3185 1006 3245; x_wconf 86' lang='lat' dir='ltr'><strong>velut</strong></span> <span class='ocrx_word' id='word_1_357' title='bbox 1036 3197 1223 3252; x_wconf 75' lang='lat' dir='ltr'><strong>magno</strong></span> <span class='ocrx_word' id='word_1_358' title='bbox 1248 3182 1483 3238; x_wconf 85' lang='lat' dir='ltr'><strong>ferientis</strong></span> <span class='ocrx_word' id='word_1_359' title='bbox 1514 3182 1760 3253; x_wconf 89' lang='lat' dir='ltr'><strong>impulsu,</strong></span> <span class='ocrx_word' id='word_1_360' title='bbox 1792 3180 1968 3236; x_wconf 89' lang='lat' dir='ltr'><strong>divino</strong></span> <span class='ocrx_word' id='word_1_361' title='bbox 1997 3192 2127 3235; x_wconf 89' lang='lat' dir='ltr'><strong>nutu</strong></span> 
     </span>
    </p>
   </div>
   <div class='ocr_carea' id='block_1_49' title="bbox 562 3271 2128 3343">
    <p class='ocr_par' dir='ltr' id='par_1_49' title="bbox 562 3271 2128 3343">
     <span class='ocr_line' id='line_1_49' title="bbox 562 3271 2128 3343; baseline -0.004 -11"><span class='ocrx_word' id='word_1_362' title='bbox 562 3275 845 3332; x_wconf 66' lang='lat' dir='ltr'><strong>confracta:</strong></span> <span class='ocrx_word' id='word_1_363' title='bbox 870 3283 995 3328; x_wconf 90' lang='lat' dir='ltr'><strong>sunt</strong></span> <span class='ocrx_word' id='word_1_364' title='bbox 1022 3288 1172 3338; x_wconf 84' lang='lat' dir='ltr'><strong>serae,</strong></span> <span class='ocrx_word' id='word_1_365' title='bbox 1196 3273 1434 3343; x_wconf 86' lang='lat' dir='ltr'><strong>dissipati</strong></span> <span class='ocrx_word' id='word_1_366' title='bbox 1457 3272 1718 3340; x_wconf 88' lang='lat' dir='ltr'><strong>cardines,</strong></span> <span class='ocrx_word' id='word_1_367' title='bbox 1742 3273 1875 3327; x_wconf 89' lang='lat' dir='ltr'><strong>ostia</strong></span> <span class='ocrx_word' id='word_1_368' title='bbox 1898 3271 2128 3326; x_wconf 87' lang='lat' dir='ltr'><strong>carceris</strong></span> 
     </span>
    </p>
   </div>
   <div class='ocr_carea' id='block_1_50' title="bbox 564 3361 2125 3433">
    <p class='ocr_par' dir='ltr' id='par_1_50' title="bbox 564 3361 2125 3433">
     <span class='ocr_line' id='line_1_50' title="bbox 564 3361 2125 3433; baseline -0.003 -16"><span class='ocrx_word' id='word_1_369' title='bbox 564 3364 847 3433; x_wconf 82' lang='lat' dir='ltr'><strong>patefacta,</strong></span> <span class='ocrx_word' id='word_1_370' title='bbox 882 3364 1166 3433; x_wconf 89' lang='lat' dir='ltr'><strong>omniaque</strong></span> <span class='ocrx_word' id='word_1_371' title='bbox 1208 3363 1419 3417; x_wconf 89' lang='lat' dir='ltr'><strong>vincula</strong></span> <span class='ocrx_word' id='word_1_372' title='bbox 1464 3362 1884 3431; x_wconf 76' lang='lat' dir='ltr'><strong>compediturum</strong></span> <span class='ocrx_word' id='word_1_373' title='bbox 1933 3361 2125 3415; x_wconf 88' lang='lat' dir='ltr'><strong>soluta.</strong></span> 
     </span>
    </p>
   </div>
   <div class='ocr_carea' id='block_1_51' title="bbox 567 3450 2127 3521">
    <p class='ocr_par' dir='ltr' id='par_1_51' title="bbox 567 3450 2127 3521">
     <span class='ocr_line' id='line_1_51' title="bbox 567 3450 2127 3521; baseline -0.002 -15"><span class='ocrx_word' id='word_1_374' title='bbox 567 3453 714 3506; x_wconf 89' lang='lat' dir='ltr'><strong>Tunc</strong></span> <span class='ocrx_word' id='word_1_375' title='bbox 757 3452 954 3520; x_wconf 85' lang='lat' dir='ltr'><strong>Eiigius</strong></span> <span class='ocrx_word' id='word_1_376' title='bbox 984 3466 1292 3507; x_wconf 90' lang='lat' dir='ltr'><strong>concessam</strong></span> <span class='ocrx_word' id='word_1_377' title='bbox 1319 3450 1416 3506; x_wconf 91' lang='lat' dir='ltr'><strong>sibi</strong></span> <span class='ocrx_word' id='word_1_378' title='bbox 1446 3451 1695 3506; x_wconf 88' lang='lat' dir='ltr'><strong>virtutem</strong></span> <span class='ocrx_word' id='word_1_379' title='bbox 1726 3452 1877 3521; x_wconf 89' lang='lat' dir='ltr'><strong>quasi</strong></span> <span class='ocrx_word' id='word_1_380' title='bbox 1908 3450 2036 3504; x_wconf 89' lang='lat' dir='ltr'><strong>nihil</strong></span> <span class='ocrx_word' id='word_1_381' title='bbox 2062 3451 2127 3504; x_wconf 87' lang='lat' dir='ltr'><strong>ad</strong></span> 
     </span>
    </p>
   </div>
   <div class='ocr_carea' id='block_1_52' title="bbox 566 3540 2122 3615">
    <p class='ocr_par' dir='ltr' id='par_1_52' title="bbox 566 3540 2122 3615">
     <span class='ocr_line' id='line_1_52' title="bbox 566 3540 2122 3615; baseline -0.004 -17"><span class='ocrx_word' id='word_1_382' title='bbox 566 3559 623 3598; x_wconf 86' lang='lat' dir='ltr'><strong>se</strong></span> <span class='ocrx_word' id='word_1_383' title='bbox 666 3542 920 3599; x_wconf 89' lang='lat' dir='ltr'><strong>simulans</strong></span> <span class='ocrx_word' id='word_1_384' title='bbox 961 3542 1244 3613; x_wconf 90' lang='lat' dir='ltr'><strong>pertinere,</strong></span> <span class='ocrx_word' id='word_1_385' title='bbox 1276 3542 1382 3597; x_wconf 92' lang='lat' dir='ltr'><strong>cito</strong></span> <span class='ocrx_word' id='word_1_386' title='bbox 1412 3556 1630 3596; x_wconf 86' lang='lat' dir='ltr'><strong>carcere</strong></span> <span class='ocrx_word' id='word_1_387' title='bbox 1659 3540 1897 3615; x_wconf 83' lang='lat' dir='ltr'><strong>discedit,</strong></span> <span class='ocrx_word' id='word_1_388' title='bbox 1929 3540 2018 3595; x_wconf 91' lang='lat' dir='ltr'><strong>dat</strong></span> <span class='ocrx_word' id='word_1_389' title='bbox 2041 3548 2122 3593; x_wconf 85' lang='lat' dir='ltr'><strong>ta-</strong></span> 
     </span>
    </p>
   </div>
   <div class='ocr_carea' id='block_1_53' title="bbox 568 3630 2122 3699">
    <p class='ocr_par' dir='ltr' id='par_1_53' title="bbox 568 3630 2122 3699">
     <span class='ocr_line' id='line_1_53' title="bbox 568 3630 2122 3699; baseline -0.003 -12"><span class='ocrx_word' id='word_1_390' title='bbox 568 3650 686 3687; x_wconf 89' lang='lat' dir='ltr'><strong>men</strong></span> <span class='ocrx_word' id='word_1_391' title='bbox 715 3632 821 3691; x_wconf 89' lang='lat' dir='ltr'><strong>reis</strong></span> <span class='ocrx_word' id='word_1_392' title='bbox 850 3632 1125 3687; x_wconf 89' lang='lat' dir='ltr'><strong>consilium</strong></span> <span class='ocrx_word' id='word_1_393' title='bbox 1154 3638 1211 3686; x_wconf 90' lang='lat' dir='ltr'><strong>ut</strong></span> <span class='ocrx_word' id='word_1_394' title='bbox 1234 3647 1357 3685; x_wconf 86' lang='lat' dir='ltr'><strong>mox</strong></span> <span class='ocrx_word' id='word_1_395' title='bbox 1400 3631 1734 3699; x_wconf 78' lang='lat' dir='ltr'><strong>egredientes</strong></span> <span class='ocrx_word' id='word_1_396' title='bbox 1781 3630 2122 3698; x_wconf 88' lang='lat' dir='ltr'><strong>ergastulum,</strong></span> 
     </span>
    </p>
   </div>
   <div class='ocr_carea' id='block_1_54' title="bbox 568 3719 2171 3790">
    <p class='ocr_par' dir='ltr' id='par_1_54' title="bbox 568 3719 2171 3790">
     <span class='ocr_line' id='line_1_54' title="bbox 568 3719 2171 3790; baseline 0 -13"><span class='ocrx_word' id='word_1_397' title='bbox 568 3722 803 3777; x_wconf 73' lang='lat' dir='ltr'><strong>ecclesia:</strong></span> <span class='ocrx_word' id='word_1_398' title='bbox 823 3728 1064 3790; x_wconf 88' lang='lat' dir='ltr'><strong>peterent</strong></span> <span class='ocrx_word' id='word_1_399' title='bbox 1086 3719 1392 3788; x_wconf 85' lang='lat' dir='ltr'><strong>confugium</strong></span> <span class='ocrx_word' id='word_1_400' title='bbox 1418 3736 1430 3770; x_wconf 91' lang='lat'>:</span> <span class='ocrx_word' id='word_1_401' title='bbox 1456 3729 1511 3773; x_wconf 90' lang='lat' dir='ltr'><strong>at</strong></span> <span class='ocrx_word' id='word_1_402' title='bbox 1532 3719 1603 3773; x_wconf 90' lang='lat' dir='ltr'><strong>illi</strong></span> <span class='ocrx_word' id='word_1_403' title='bbox 1626 3720 1825 3787; x_wconf 87' lang='lat' dir='ltr'><strong>egressi</strong></span> <span class='ocrx_word' id='word_1_404' title='bbox 1847 3722 1960 3775; x_wconf 90' lang='lat' dir='ltr'><strong>sine</strong></span> <span class='ocrx_word' id='word_1_405' title='bbox 1980 3737 2127 3777; x_wconf 90' lang='lat' dir='ltr'><strong>mora</strong></span> <span class='ocrx_word' id='word_1_406' title='bbox 2164 3754 2171 3761; x_wconf 73' lang='grc' dir='ltr'><strong>ο</strong></span> 
     </span>
    </p>
   </div>
   <div class='ocr_carea' id='block_1_55' title="bbox 570 3807 2121 3880">
    <p class='ocr_par' dir='ltr' id='par_1_55' title="bbox 570 3807 2121 3880">
     <span class='ocr_line' id='line_1_55' title="bbox 570 3807 2121 3880; baseline 0.002 -17"><span class='ocrx_word' id='word_1_407' title='bbox 570 3810 725 3863; x_wconf 83' lang='lat' dir='ltr'><strong>celeri</strong></span> <span class='ocrx_word' id='word_1_408' title='bbox 757 3825 911 3864; x_wconf 90' lang='lat' dir='ltr'><strong>cursu</strong></span> <span class='ocrx_word' id='word_1_409' title='bbox 941 3807 1003 3861; x_wconf 89' lang='lat' dir='ltr'><strong>ad</strong></span> <span class='ocrx_word' id='word_1_410' title='bbox 1048 3807 1315 3863; x_wconf 72' lang='lat' dir='ltr'><strong>basilicam</strong></span> <span class='ocrx_word' id='word_1_411' title='bbox 1346 3809 1487 3863; x_wconf 88' lang='lat' dir='ltr'><strong>beati</strong></span> <span class='ocrx_word' id='word_1_412' title='bbox 1533 3807 1752 3879; x_wconf 87' lang='lat' dir='ltr'><strong>Sulpicii</strong></span> <span class='ocrx_word' id='word_1_413' title='bbox 1801 3820 2121 3880; x_wconf 88' lang='lat' dir='ltr'><strong>properant;</strong></span> 
     </span>
    </p>
   </div>
   <div class='ocr_carea' id='block_1_56' title="bbox 571 3888 2125 3968">
    <p class='ocr_par' dir='ltr' id='par_1_56' title="bbox 571 3888 2125 3968">
     <span class='ocr_line' id='line_1_56' title="bbox 571 3888 2125 3968; baseline 0.003 -15"><span class='ocrx_word' id='word_1_414' title='bbox 571 3915 794 3967; x_wconf 89' lang='lat' dir='ltr'><strong>cmnqne</strong></span> <span class='ocrx_word' id='word_1_415' title='bbox 821 3907 997 3953; x_wconf 84' lang='lat' dir='ltr'><strong>essent</strong></span> <span class='ocrx_word' id='word_1_416' title='bbox 1034 3900 1211 3953; x_wconf 89' lang='lat' dir='ltr'><strong>omnia</strong></span> <span class='ocrx_word' id='word_1_417' title='bbox 1243 3900 1481 3954; x_wconf 72' lang='lat' dir='ltr'><strong>ecclesia:</strong></span> <span class='ocrx_word' id='word_1_418' title='bbox 1511 3900 1645 3954; x_wconf 76' lang='lat' dir='ltr'><strong>ostia</strong></span> <span class='ocrx_word' id='word_1_419' title='bbox 1674 3888 1940 3968; x_wconf 78' lang='lat' dir='ltr'><strong>obserata,</strong></span> <span class='ocrx_word' id='word_1_420' title='bbox 1970 3912 2024 3958; x_wconf 91' lang='lat' dir='ltr'><strong>et</strong></span> <span class='ocrx_word' id='word_1_421' title='bbox 2049 3903 2125 3957; x_wconf 80' lang='lat' dir='ltr'><strong>rei</strong></span> 
     </span>
    </p>
   </div>
   <div class='ocr_carea' id='block_1_57' title="bbox 577 3988 2126 4057">
    <p class='ocr_par' dir='ltr' id='par_1_57' title="bbox 577 3988 2126 4057">
     <span class='ocr_line' id='line_1_57' title="bbox 577 3988 2126 4057; baseline 0.002 -16"><span class='ocrx_word' id='word_1_422' title='bbox 577 3999 673 4042; x_wconf 76' lang='lat' dir='ltr'><strong>&#39;JllC</strong></span> <span class='ocrx_word' id='word_1_423' title='bbox 726 3991 948 4055; x_wconf 85' lang='lat' dir='ltr'><strong>illucque</strong></span> <span class='ocrx_word' id='word_1_424' title='bbox 988 3988 1469 4057; x_wconf 66' lang='lat' dir='ltr'><strong>circumspleTentes</strong></span> <span class='ocrx_word' id='word_1_425' title='bbox 1515 4002 1775 4055; x_wconf 82' lang='lat' dir='ltr'><strong>nusquam</strong></span> <span class='ocrx_word' id='word_1_426' title='bbox 1825 3990 2126 4045; x_wconf 83' lang='lat' dir='ltr'><strong>invenirent</strong></span> 
     </span>
    </p>
   </div>
   <div class='ocr_carea' id='block_1_58' title="bbox 570 4074 2126 4139">
    <p class='ocr_par' dir='ltr' id='par_1_58' title="bbox 570 4074 2126 4139">
     <span class='ocr_line' id='line_1_58' title="bbox 570 4074 2126 4139; baseline 0.004 -10"><span class='ocrx_word' id='word_1_427' title='bbox 570 4075 862 4139; x_wconf 81' lang='lat' dir='ltr'><strong>introitum,</strong></span> <span class='ocrx_word' id='word_1_428' title='bbox 896 4074 1061 4129; x_wconf 83' lang='lat' dir='ltr'><strong>fracta</strong></span> <span class='ocrx_word' id='word_1_429' title='bbox 1103 4085 1183 4130; x_wconf 87' lang='lat' dir='ltr'><strong>est</strong></span> <span class='ocrx_word' id='word_1_430' title='bbox 1213 4077 1387 4132; x_wconf 88' lang='lat' dir='ltr'><strong>subito</strong></span> <span class='ocrx_word' id='word_1_431' title='bbox 1432 4092 1534 4130; x_wconf 90' lang='lat' dir='ltr'><strong>una</strong></span> <span class='ocrx_word' id='word_1_432' title='bbox 1563 4092 1629 4130; x_wconf 86' lang='lat' dir='ltr'><strong>ex</strong></span> <span class='ocrx_word' id='word_1_433' title='bbox 1672 4077 1852 4132; x_wconf 89' lang='lat' dir='ltr'><strong>vitreis</strong></span> <span class='ocrx_word' id='word_1_434' title='bbox 1885 4082 2126 4135; x_wconf 84' lang='lat' dir='ltr'><strong>maximis</strong></span> 
     </span>
    </p>
   </div>
   <div class='ocr_carea' id='block_1_59' title="bbox 567 4167 2123 4238">
    <p class='ocr_par' dir='ltr' id='par_1_59' title="bbox 567 4167 2123 4238">
     <span class='ocr_line' id='line_1_59' title="bbox 567 4167 2123 4238; baseline 0.002 -18"><span class='ocrx_word' id='word_1_435' title='bbox 567 4184 683 4235; x_wconf 78' lang='lat' dir='ltr'><strong>qua:</strong></span> <span class='ocrx_word' id='word_1_436' title='bbox 717 4177 861 4220; x_wconf 85' lang='lat' dir='ltr'><strong>erant</strong></span> <span class='ocrx_word' id='word_1_437' title='bbox 895 4168 944 4220; x_wconf 89' lang='lat' dir='ltr'><strong>in</strong></span> <span class='ocrx_word' id='word_1_438' title='bbox 976 4169 1145 4221; x_wconf 83' lang='lat' dir='ltr'><strong>fronte</strong></span> <span class='ocrx_word' id='word_1_439' title='bbox 1175 4167 1423 4234; x_wconf 74' lang='lat' dir='ltr'><strong>basilicze,</strong></span> <span class='ocrx_word' id='word_1_440' title='bbox 1456 4168 1717 4237; x_wconf 89' lang='lat' dir='ltr'><strong>simulque</strong></span> <span class='ocrx_word' id='word_1_441' title='bbox 1742 4170 1935 4223; x_wconf 90' lang='lat' dir='ltr'><strong>ostium</strong></span> <span class='ocrx_word' id='word_1_442' title='bbox 1979 4179 2123 4238; x_wconf 80' lang='lat' dir='ltr'><strong>pate-</strong></span> 
     </span>
    </p>
   </div>
   <div class='ocr_carea' id='block_1_60' title="bbox 558 4257 2127 4335">
    <p class='ocr_par' dir='ltr' id='par_1_60' title="bbox 558 4257 2127 4335">
     <span class='ocr_line' id='line_1_60' title="bbox 558 4257 2127 4335; baseline 0.003 -25"><span class='ocrx_word' id='word_1_443' title='bbox 558 4257 759 4316; x_wconf 52' lang='lat' dir='ltr'><strong>Latum</strong></span> <span class='ocrx_word' id='word_1_444' title='bbox 788 4268 867 4312; x_wconf 70' lang='lat' dir='ltr'><strong>est</strong></span> <span class='ocrx_word' id='word_1_445' title='bbox 906 4271 1065 4313; x_wconf 87' lang='lat' dir='ltr'><strong>unum</strong></span> <span class='ocrx_word' id='word_1_446' title='bbox 1096 4274 1159 4319; x_wconf 77' lang='lat' dir='ltr'><strong>ex</strong></span> <span class='ocrx_word' id='word_1_447' title='bbox 1192 4260 1359 4335; x_wconf 82' lang='lat' dir='ltr'><strong>latere</strong></span> <span class='ocrx_word' id='word_1_448' title='bbox 1404 4259 1660 4325; x_wconf 60' lang='lat' dir='ltr'><strong>ecclesiae,</strong></span> <span class='ocrx_word' id='word_1_449' title='bbox 1694 4270 1853 4329; x_wconf 89' lang='lat' dir='ltr'><strong>atque</strong></span> <span class='ocrx_word' id='word_1_450' title='bbox 1895 4262 1966 4329; x_wconf 86' lang='lat' dir='ltr'><strong>ita</strong></span> <span class='ocrx_word' id='word_1_451' title='bbox 2012 4278 2127 4317; x_wconf 88' lang='lat' dir='ltr'><strong>car-</strong></span> 
     </span>
    </p>
   </div>
   <div class='ocr_carea' id='block_1_61' title="bbox 568 4350 2123 4425">
    <p class='ocr_par' dir='ltr' id='par_1_61' title="bbox 568 4350 2123 4425">
     <span class='ocr_line' id='line_1_61' title="bbox 568 4350 2123 4425; baseline 0.004 -20"><span class='ocrx_word' id='word_1_452' title='bbox 568 4351 733 4408; x_wconf 65' lang='lat' dir='ltr'><strong>C‘i-‘Jli</strong></span> <span class='ocrx_word' id='word_1_453' title='bbox 772 4350 1042 4403; x_wconf 72' lang='lat' dir='ltr'><strong>basilicam</strong></span> <span class='ocrx_word' id='word_1_454' title='bbox 1073 4352 1293 4420; x_wconf 86' lang='lat' dir='ltr'><strong>ingressi</strong></span> <span class='ocrx_word' id='word_1_455' title='bbox 1326 4354 1570 4407; x_wconf 82' lang='lat' dir='ltr'><strong>thronum</strong></span> <span class='ocrx_word' id='word_1_456' title='bbox 1599 4355 1779 4410; x_wconf 88' lang='lat' dir='ltr'><strong>altaris</strong></span> <span class='ocrx_word' id='word_1_457' title='bbox 1805 4364 1929 4410; x_wconf 87' lang='lat' dir='ltr'><strong>sunt</strong></span> <span class='ocrx_word' id='word_1_458' title='bbox 1959 4372 2123 4425; x_wconf 82' lang='lat' dir='ltr'><strong>expe-</strong></span> 
     </span>
    </p>
   </div>
   <div class='ocr_carea' id='block_1_62' title="bbox 2232 1886 3818 1964">
    <p class='ocr_par' dir='ltr' id='par_1_62' title="bbox 2232 1886 3818 1964">
     <span class='ocr_line' id='line_1_62' title="bbox 2232 1886 3818 1964; baseline 0.006 -25"><span class='ocrx_word' id='word_1_459' title='bbox 2232 1886 2375 1955; x_wconf 89' lang='lat' dir='ltr'><strong>quod</strong></span> <span class='ocrx_word' id='word_1_460' title='bbox 2416 1896 2599 1942; x_wconf 91' lang='lat' dir='ltr'><strong>contra</strong></span> <span class='ocrx_word' id='word_1_461' title='bbox 2633 1898 2683 1943; x_wconf 88' lang='lat' dir='ltr'><strong>te</strong></span> <span class='ocrx_word' id='word_1_462' title='bbox 2712 1891 3035 1947; x_wconf 85' lang='lat' dir='ltr'><strong>contendere</strong></span> <span class='ocrx_word' id='word_1_463' title='bbox 3058 1896 3487 1963; x_wconf 63' lang='lat' dir='ltr'><strong>pratsumpsitnus</strong></span> <span class='ocrx_word' id='word_1_464' title='bbox 3513 1912 3525 1947; x_wconf 93' lang='lat'>:</span> <span class='ocrx_word' id='word_1_465' title='bbox 3557 1895 3818 1964; x_wconf 63' lang='lat' dir='ltr'><strong>:rgstrsci-</strong></span> 
     </span>
    </p>
   </div>
   <div class='ocr_carea' id='block_1_63' title="bbox 2232 1974 3819 2055">
    <p class='ocr_par' dir='ltr' id='par_1_63' title="bbox 2232 1974 3819 2055">
     <span class='ocr_line' id='line_1_63' title="bbox 2232 1974 3819 2055; baseline 0.006 -24"><span class='ocrx_word' id='word_1_466' title='bbox 2232 1994 2350 2032; x_wconf 87' lang='lat' dir='ltr'><strong>mus</strong></span> <span class='ocrx_word' id='word_1_467' title='bbox 2379 1974 2535 2035; x_wconf 88' lang='lat' dir='ltr'><strong>modo</strong></span> <span class='ocrx_word' id='word_1_468' title='bbox 2560 1981 2701 2049; x_wconf 90' lang='lat' dir='ltr'><strong>quod</strong></span> <span class='ocrx_word' id='word_1_469' title='bbox 2729 1983 2868 2037; x_wconf 91' lang='lat' dir='ltr'><strong>male</strong></span> <span class='ocrx_word' id='word_1_470' title='bbox 2897 1985 3119 2051; x_wconf 88' lang='lat' dir='ltr'><strong>egimus,</strong></span> <span class='ocrx_word' id='word_1_471' title='bbox 3144 1986 3401 2054; x_wconf 86' lang='lat' dir='ltr'><strong>impietati</strong></span> <span class='ocrx_word' id='word_1_472' title='bbox 3427 2004 3474 2041; x_wconf 79' lang='lat' dir='ltr'><strong>n:</strong></span> <span class='ocrx_word' id='word_1_473' title='bbox 3497 1998 3624 2042; x_wconf 69' lang='lat' dir='ltr'><strong>stra:</strong></span> <span class='ocrx_word' id='word_1_474' title='bbox 3654 1991 3819 2055; x_wconf 79' lang='lat' dir='ltr'><strong>igno-</strong></span> 
     </span>
    </p>
   </div>
   <div class='ocr_carea' id='block_1_64' title="bbox 2230 2075 3819 2148">
    <p class='ocr_par' dir='ltr' id='par_1_64' title="bbox 2230 2075 3819 2148">
     <span class='ocr_line' id='line_1_64' title="bbox 2230 2075 3819 2148; baseline 0.004 -21"><span class='ocrx_word' id='word_1_475' title='bbox 2230 2087 2379 2127; x_wconf 84' lang='lat' dir='ltr'><strong>scere</strong></span> <span class='ocrx_word' id='word_1_476' title='bbox 2418 2082 2471 2129; x_wconf 90' lang='lat' dir='ltr'><strong>te</strong></span> <span class='ocrx_word' id='word_1_477' title='bbox 2510 2088 2776 2142; x_wconf 81' lang='lat' dir='ltr'><strong>rogamus.</strong></span> <span class='ocrx_word' id='word_1_478' title='bbox 2817 2075 2967 2131; x_wconf 85' lang='lat' dir='ltr'><strong>Tunc</strong></span> <span class='ocrx_word' id='word_1_479' title='bbox 3004 2076 3093 2131; x_wconf 89' lang='lat' dir='ltr'><strong>ille</strong></span> <span class='ocrx_word' id='word_1_480' title='bbox 3135 2078 3267 2132; x_wconf 87' lang='lat' dir='ltr'><strong>dixit</strong></span> <span class='ocrx_word' id='word_1_481' title='bbox 3303 2079 3371 2131; x_wconf 86' lang='lat' dir='ltr'><strong>ad</strong></span> <span class='ocrx_word' id='word_1_482' title='bbox 3411 2094 3551 2133; x_wconf 87' lang='lat' dir='ltr'><strong>eos:</strong></span> <span class='ocrx_word' id='word_1_483' title='bbox 3584 2080 3653 2133; x_wconf 75' lang='lat' dir='ltr'><strong>Et</strong></span> <span class='ocrx_word' id='word_1_484' title='bbox 3710 2094 3819 2148; x_wconf 71' lang='lat' dir='ltr'><strong>ego</strong></span> 
     </span>
    </p>
   </div>
   <div class='ocr_carea' id='block_1_65' title="bbox 2230 2162 3816 2236">
    <p class='ocr_par' dir='ltr' id='par_1_65' title="bbox 2230 2162 3816 2236">
     <span class='ocr_line' id='line_1_65' title="bbox 2230 2162 3816 2236; baseline 0.003 -21"><span class='ocrx_word' id='word_1_485' title='bbox 2230 2163 2352 2217; x_wconf 90' lang='lat' dir='ltr'><strong>novi</strong></span> <span class='ocrx_word' id='word_1_486' title='bbox 2376 2162 2516 2232; x_wconf 87' lang='lat' dir='ltr'><strong>quod</strong></span> <span class='ocrx_word' id='word_1_487' title='bbox 2546 2164 2854 2234; x_wconf 88' lang='lat' dir='ltr'><strong>iguoranter</strong></span> <span class='ocrx_word' id='word_1_488' title='bbox 2882 2165 3123 2233; x_wconf 81' lang='lat' dir='ltr'><strong>fecistis;</strong></span> <span class='ocrx_word' id='word_1_489' title='bbox 3155 2166 3409 2223; x_wconf 87' lang='lat' dir='ltr'><strong>Dominus</strong></span> <span class='ocrx_word' id='word_1_490' title='bbox 3436 2169 3576 2222; x_wconf 89' lang='lat' dir='ltr'><strong>enim</strong></span> <span class='ocrx_word' id='word_1_491' title='bbox 3609 2182 3816 2236; x_wconf 79' lang='lat' dir='ltr'><strong>opera-</strong></span> 
     </span>
    </p>
   </div>
   <div class='ocr_carea' id='block_1_66' title="bbox 2231 2255 3873 2330">
    <p class='ocr_par' dir='ltr' id='par_1_66' title="bbox 2231 2255 3873 2330">
     <span class='ocr_line' id='line_1_66' title="bbox 2231 2255 3873 2330; baseline 0.004 -24"><span class='ocrx_word' id='word_1_492' title='bbox 2231 2262 2377 2308; x_wconf 84' lang='lat' dir='ltr'><strong>ratus</strong></span> <span class='ocrx_word' id='word_1_493' title='bbox 2395 2263 2476 2308; x_wconf 90' lang='lat' dir='ltr'><strong>est</strong></span> <span class='ocrx_word' id='word_1_494' title='bbox 2493 2255 2634 2310; x_wconf 87' lang='lat' dir='ltr'><strong>sicut</strong></span> <span class='ocrx_word' id='word_1_495' title='bbox 2656 2257 2858 2323; x_wconf 89' lang='lat' dir='ltr'><strong>voluit;</strong></span> <span class='ocrx_word' id='word_1_496' title='bbox 2882 2258 2993 2327; x_wconf 90' lang='lat' dir='ltr'><strong>ipse</strong></span> <span class='ocrx_word' id='word_1_497' title='bbox 3014 2260 3103 2328; x_wconf 91' lang='lat' dir='ltr'><strong>qui</strong></span> <span class='ocrx_word' id='word_1_498' title='bbox 3134 2259 3230 2313; x_wconf 91' lang='lat' dir='ltr'><strong>hos</strong></span> <span class='ocrx_word' id='word_1_499' title='bbox 3252 2261 3467 2328; x_wconf 86' lang='lat' dir='ltr'><strong>eripuit,</strong></span> <span class='ocrx_word' id='word_1_500' title='bbox 3490 2261 3603 2330; x_wconf 84' lang='lat' dir='ltr'><strong>ipse</strong></span> <span class='ocrx_word' id='word_1_501' title='bbox 3627 2259 3814 2321; x_wconf 87' lang='lat' dir='ltr'><strong>vobis,</strong></span> <span class='ocrx_word' id='word_1_502' title='bbox 3860 2302 3873 2307; x_wconf 89' lang='lat'><strong>-</strong></span> 
     </span>
    </p>
   </div>
   <div class='ocr_carea' id='block_1_67' title="bbox 2230 2338 3818 2419">
    <p class='ocr_par' dir='ltr' id='par_1_67' title="bbox 2230 2338 3818 2419">
     <span class='ocr_line' id='line_1_67' title="bbox 2230 2338 3818 2419; baseline 0.004 -21"><span class='ocrx_word' id='word_1_503' title='bbox 2230 2338 2346 2409; x_wconf 80' lang='lat' dir='ltr'><strong>oro,</strong></span> <span class='ocrx_word' id='word_1_504' title='bbox 2375 2344 2758 2412; x_wconf 82' lang='lat' dir='ltr'><strong>indulgentiam</strong></span> <span class='ocrx_word' id='word_1_505' title='bbox 2790 2347 3009 2412; x_wconf 91' lang='lat' dir='ltr'><strong>tribuat,</strong></span> <span class='ocrx_word' id='word_1_506' title='bbox 3041 2360 3092 2403; x_wconf 92' lang='lat' dir='ltr'><strong>et</strong></span> <span class='ocrx_word' id='word_1_507' title='bbox 3120 2364 3150 2402; x_wconf 90' lang='lat' dir='ltr'><strong>a</strong></span> <span class='ocrx_word' id='word_1_508' title='bbox 3180 2350 3385 2407; x_wconf 84' lang='lat' dir='ltr'><strong>cunctis</strong></span> <span class='ocrx_word' id='word_1_509' title='bbox 3412 2352 3651 2419; x_wconf 89' lang='lat' dir='ltr'><strong>peccatis</strong></span> <span class='ocrx_word' id='word_1_510' title='bbox 3686 2367 3818 2418; x_wconf 72' lang='lat' dir='ltr'><strong>pro-</strong></span> 
     </span>
    </p>
   </div>
   <div class='ocr_carea' id='block_1_68' title="bbox 2231 2434 3817 2508">
    <p class='ocr_par' dir='ltr' id='par_1_68' title="bbox 2231 2434 3817 2508">
     <span class='ocr_line' id='line_1_68' title="bbox 2231 2434 3817 2508; baseline 0.005 -23"><span class='ocrx_word' id='word_1_511' title='bbox 2231 2434 2449 2502; x_wconf 89' lang='lat' dir='ltr'><strong>pitiatus</strong></span> <span class='ocrx_word' id='word_1_512' title='bbox 2478 2435 2719 2490; x_wconf 86' lang='lat' dir='ltr'><strong>absolvat</strong></span> <span class='ocrx_word' id='word_1_513' title='bbox 2750 2454 2762 2489; x_wconf 74' lang='grc' dir='ltr'><strong>ε</strong></span> <span class='ocrx_word' id='word_1_514' title='bbox 2797 2452 2919 2491; x_wconf 89' lang='lat' dir='ltr'><strong>nam</strong></span> <span class='ocrx_word' id='word_1_515' title='bbox 2946 2453 3053 2492; x_wconf 90' lang='lat' dir='ltr'><strong>non</strong></span> <span class='ocrx_word' id='word_1_516' title='bbox 3083 2453 3201 2507; x_wconf 89' lang='lat' dir='ltr'><strong>ego,</strong></span> <span class='ocrx_word' id='word_1_517' title='bbox 3236 2448 3292 2492; x_wconf 91' lang='lat' dir='ltr'><strong>ut</strong></span> <span class='ocrx_word' id='word_1_518' title='bbox 3333 2454 3429 2493; x_wconf 89' lang='lat' dir='ltr'><strong>vos</strong></span> <span class='ocrx_word' id='word_1_519' title='bbox 3457 2440 3685 2508; x_wconf 87' lang='lat' dir='ltr'><strong>putatis,</strong></span> <span class='ocrx_word' id='word_1_520' title='bbox 3717 2442 3817 2493; x_wconf 81' lang='lat' dir='ltr'><strong>sed</strong></span> 
     </span>
    </p>
   </div>
   <div class='ocr_carea' id='block_1_69' title="bbox 2228 2524 3817 2597">
    <p class='ocr_par' dir='ltr' id='par_1_69' title="bbox 2228 2524 3817 2597">
     <span class='ocr_line' id='line_1_69' title="bbox 2228 2524 3817 2597; baseline 0.003 -19"><span class='ocrx_word' id='word_1_521' title='bbox 2228 2532 2443 2580; x_wconf 88' lang='lat' dir='ltr'><strong>sanctus</strong></span> <span class='ocrx_word' id='word_1_522' title='bbox 2465 2524 2731 2595; x_wconf 85' lang='lat' dir='ltr'><strong>Sulpicius</strong></span> <span class='ocrx_word' id='word_1_523' title='bbox 2774 2527 2842 2584; x_wconf 91' lang='lat' dir='ltr'><strong>ad</strong></span> <span class='ocrx_word' id='word_1_524' title='bbox 2882 2542 2939 2582; x_wconf 89' lang='lat' dir='ltr'><strong>se</strong></span> <span class='ocrx_word' id='word_1_525' title='bbox 2968 2528 3230 2597; x_wconf 88' lang='lat' dir='ltr'><strong>fugientes</strong></span> <span class='ocrx_word' id='word_1_526' title='bbox 3254 2528 3491 2583; x_wconf 86' lang='lat' dir='ltr'><strong>defendit</strong></span> <span class='ocrx_word' id='word_1_527' title='bbox 3517 2543 3662 2583; x_wconf 87' lang='lat' dir='ltr'><strong>reos.</strong></span> <span class='ocrx_word' id='word_1_528' title='bbox 3696 2527 3817 2583; x_wconf 81' lang='lat' dir='ltr'><strong>lioc</strong></span> 
     </span>
    </p>
   </div>
   <div class='ocr_carea' id='block_1_70' title="bbox 2228 2616 3817 2691">
    <p class='ocr_par' dir='ltr' id='par_1_70' title="bbox 2228 2616 3817 2691">
     <span class='ocr_line' id='line_1_70' title="bbox 2228 2616 3817 2691; baseline 0.004 -22"><span class='ocrx_word' id='word_1_529' title='bbox 2228 2629 2355 2685; x_wconf 88' lang='lat' dir='ltr'><strong>ergo</strong></span> <span class='ocrx_word' id='word_1_530' title='bbox 2385 2618 2545 2673; x_wconf 88' lang='lat' dir='ltr'><strong>modo</strong></span> <span class='ocrx_word' id='word_1_531' title='bbox 2574 2617 2799 2687; x_wconf 73' lang='lat' dir='ltr'><strong>Eligius,‘</strong></span> <span class='ocrx_word' id='word_1_532' title='bbox 2841 2620 2949 2675; x_wconf 90' lang='lat' dir='ltr'><strong>imo</strong></span> <span class='ocrx_word' id='word_1_533' title='bbox 2995 2616 3251 2676; x_wconf 86' lang='lat' dir='ltr'><strong>Dominus</strong></span> <span class='ocrx_word' id='word_1_534' title='bbox 3299 2637 3393 2691; x_wconf 92' lang='lat' dir='ltr'><strong>per</strong></span> <span class='ocrx_word' id='word_1_535' title='bbox 3422 2621 3681 2691; x_wconf 84' lang='lat' dir='ltr'><strong>Eligium,</strong></span> <span class='ocrx_word' id='word_1_536' title='bbox 3716 2622 3817 2675; x_wconf 79' lang='lat' dir='ltr'><strong>ab-</strong></span> 
     </span>
    </p>
   </div>
   <div class='ocr_carea' id='block_1_71' title="bbox 2228 2708 3815 2790">
    <p class='ocr_par' dir='ltr' id='par_1_71' title="bbox 2228 2708 3815 2790">
     <span class='ocr_line' id='line_1_71' title="bbox 2228 2708 3815 2790; baseline 0.005 -29"><span class='ocrx_word' id='word_1_537' title='bbox 2228 2708 2385 2762; x_wconf 86' lang='lat' dir='ltr'><strong>solvit</strong></span> <span class='ocrx_word' id='word_1_538' title='bbox 2429 2723 2523 2764; x_wconf 89' lang='lat' dir='ltr'><strong>eos</strong></span> <span class='ocrx_word' id='word_1_539' title='bbox 2565 2710 2646 2764; x_wconf 92' lang='lat' dir='ltr'><strong>bis</strong></span> <span class='ocrx_word' id='word_1_540' title='bbox 2692 2726 2915 2766; x_wconf 91' lang='lat' dir='ltr'><strong>numero</strong></span> <span class='ocrx_word' id='word_1_541' title='bbox 2964 2727 2994 2766; x_wconf 90' lang='lat' dir='ltr'><strong>a</strong></span> <span class='ocrx_word' id='word_1_542' title='bbox 3038 2713 3165 2767; x_wconf 72' lang='lat' dir='ltr'><strong>dira:</strong></span> <span class='ocrx_word' id='word_1_543' title='bbox 3197 2715 3383 2768; x_wconf 76' lang='lat' dir='ltr'><strong>mortis</strong></span> <span class='ocrx_word' id='word_1_544' title='bbox 3414 2715 3679 2790; x_wconf 77' lang='lat' dir='ltr'><strong>periculo.</strong></span> <span class='ocrx_word' id='word_1_545' title='bbox 3716 2714 3815 2769; x_wconf 88' lang='lat' dir='ltr'><strong>ille</strong></span> 
     </span>
    </p>
   </div>
   <div class='ocr_carea' id='block_1_72' title="bbox 2231 2796 3815 2873">
    <p class='ocr_par' dir='ltr' id='par_1_72' title="bbox 2231 2796 3815 2873">
     <span class='ocr_line' id='line_1_72' title="bbox 2231 2796 3815 2873; baseline 0.004 -22"><span class='ocrx_word' id='word_1_546' title='bbox 2231 2797 2366 2865; x_wconf 64' lang='lat' dir='ltr'><strong>pias,</strong></span> <span class='ocrx_word' id='word_1_547' title='bbox 2403 2796 2490 2853; x_wconf 85' lang='lat' dir='ltr'><strong>ille</strong></span> <span class='ocrx_word' id='word_1_548' title='bbox 2536 2800 2861 2867; x_wconf 88' lang='lat' dir='ltr'><strong>misericors,</strong></span> <span class='ocrx_word' id='word_1_549' title='bbox 2910 2803 3000 2871; x_wconf 86' lang='lat' dir='ltr'><strong>qui</strong></span> <span class='ocrx_word' id='word_1_550' title='bbox 3050 2804 3301 2859; x_wconf 73' lang='lat' dir='ltr'><strong>saeviente</strong></span> <span class='ocrx_word' id='word_1_551' title='bbox 3348 2803 3562 2859; x_wconf 85' lang='lat' dir='ltr'><strong>Herode</strong></span> <span class='ocrx_word' id='word_1_552' title='bbox 3603 2805 3815 2873; x_wconf 84' lang='lat' dir='ltr'><strong>eriput</strong></span> 
     </span>
    </p>
   </div>
   <div class='ocr_carea' id='block_1_73' title="bbox 2229 2885 3809 2964">
    <p class='ocr_par' dir='ltr' id='par_1_73' title="bbox 2229 2885 3809 2964">
     <span class='ocr_line' id='line_1_73' title="bbox 2229 2885 3809 2964; baseline 0.006 -26"><span class='ocrx_word' id='word_1_553' title='bbox 2229 2885 2442 2941; x_wconf 86' lang='lat' dir='ltr'><strong>Petrum</strong></span> <span class='ocrx_word' id='word_1_554' title='bbox 2470 2889 2537 2944; x_wconf 90' lang='lat' dir='ltr'><strong>de</strong></span> <span class='ocrx_word' id='word_1_555' title='bbox 2575 2890 2836 2946; x_wconf 89' lang='lat' dir='ltr'><strong>obseratis</strong></span> <span class='ocrx_word' id='word_1_556' title='bbox 2865 2893 3090 2947; x_wconf 88' lang='lat' dir='ltr'><strong>militum</strong></span> <span class='ocrx_word' id='word_1_557' title='bbox 3122 2892 3395 2958; x_wconf 81' lang='lat' dir='ltr'><strong>custodiis,</strong></span> <span class='ocrx_word' id='word_1_558' title='bbox 3430 2909 3577 2949; x_wconf 90' lang='lat' dir='ltr'><strong>nunc</strong></span> <span class='ocrx_word' id='word_1_559' title='bbox 3606 2910 3809 2964; x_wconf 83' lang='lat' dir='ltr'><strong>opera-</strong></span> 
     </span>
    </p>
   </div>
   <div class='ocr_carea' id='block_1_74' title="bbox 2192 2977 3808 3053">
    <p class='ocr_par' dir='ltr' id='par_1_74' title="bbox 2192 2977 3808 3053">
     <span class='ocr_line' id='line_1_74' title="bbox 2192 2977 3808 3053; baseline 0.007 -25"><span class='ocrx_word' id='word_1_560' title='bbox 2192 3038 2201 3041; x_wconf 92' lang='lat'><em>_</em></span> <span class='ocrx_word' id='word_1_561' title='bbox 2232 2984 2314 3031; x_wconf 89' lang='lat' dir='ltr'><strong>tus</strong></span> <span class='ocrx_word' id='word_1_562' title='bbox 2340 2986 2421 3031; x_wconf 88' lang='lat' dir='ltr'><strong>est</strong></span> <span class='ocrx_word' id='word_1_563' title='bbox 2437 2993 2559 3033; x_wconf 86' lang='lat' dir='ltr'><strong>cum</strong></span> <span class='ocrx_word' id='word_1_564' title='bbox 2586 2977 2747 3047; x_wconf 70' lang='lat' dir='ltr'><strong>Eligit)</strong></span> <span class='ocrx_word' id='word_1_565' title='bbox 2771 2980 2971 3037; x_wconf 86' lang='lat' dir='ltr'><strong>famulo</strong></span> <span class='ocrx_word' id='word_1_566' title='bbox 2999 2997 3095 3036; x_wconf 90' lang='lat' dir='ltr'><strong>suo</strong></span> <span class='ocrx_word' id='word_1_567' title='bbox 3124 2982 3370 3038; x_wconf 88' lang='lat' dir='ltr'><strong>Bituricis</strong></span> <span class='ocrx_word' id='word_1_568' title='bbox 3395 3006 3409 3038; x_wconf 69' lang='grc' dir='ltr'>ι</span> <span class='ocrx_word' id='word_1_569' title='bbox 3438 2985 3529 3053; x_wconf 89' lang='lat' dir='ltr'><strong>qui</strong></span> <span class='ocrx_word' id='word_1_570' title='bbox 3560 2986 3808 3040; x_wconf 84' lang='lat' dir='ltr'><strong>vinctum</strong></span> 
     </span>
    </p>
   </div>
   <div class='ocr_carea' id='block_1_75' title="bbox 2230 3066 3811 3145">
    <p class='ocr_par' dir='ltr' id='par_1_75' title="bbox 2230 3066 3811 3145">
     <span class='ocr_line' id='line_1_75' title="bbox 2230 3066 3811 3145; baseline 0.009 -26"><span class='ocrx_word' id='word_1_571' title='bbox 2230 3066 2281 3119; x_wconf 89' lang='lat' dir='ltr'><strong>in</strong></span> <span class='ocrx_word' id='word_1_572' title='bbox 2314 3081 2531 3123; x_wconf 87' lang='lat' dir='ltr'><strong>carcere</strong></span> <span class='ocrx_word' id='word_1_573' title='bbox 2560 3070 2789 3123; x_wconf 89' lang='lat' dir='ltr'><strong>absolvit</strong></span> <span class='ocrx_word' id='word_1_574' title='bbox 2821 3087 2912 3125; x_wconf 80' lang='lat' dir='ltr'><strong>vas</strong></span> <span class='ocrx_word' id='word_1_575' title='bbox 2942 3072 3216 3127; x_wconf 83' lang='lat' dir='ltr'><strong>electionis</strong></span> <span class='ocrx_word' id='word_1_576' title='bbox 3248 3072 3492 3140; x_wconf 85' lang='lat' dir='ltr'><strong>Paulum,</strong></span> <span class='ocrx_word' id='word_1_577' title='bbox 3526 3075 3641 3145; x_wconf 91' lang='lat' dir='ltr'><strong>ipse</strong></span> <span class='ocrx_word' id='word_1_578' title='bbox 3665 3089 3811 3133; x_wconf 86' lang='lat' dir='ltr'><strong>nunc</strong></span> 
     </span>
    </p>
   </div>
   <div class='ocr_carea' id='block_1_76' title="bbox 2231 3156 3809 3239">
    <p class='ocr_par' dir='ltr' id='par_1_76' title="bbox 2231 3156 3809 3239">
     <span class='ocr_line' id='line_1_76' title="bbox 2231 3156 3809 3239; baseline 0.006 -29"><span class='ocrx_word' id='word_1_579' title='bbox 2231 3156 2486 3226; x_wconf 87' lang='lat' dir='ltr'><strong>dissipato</strong></span> <span class='ocrx_word' id='word_1_580' title='bbox 2532 3174 2747 3215; x_wconf 61' lang='lat' dir='ltr'><strong>carcere</strong></span> <span class='ocrx_word' id='word_1_581' title='bbox 2787 3161 3083 3216; x_wconf 89' lang='lat' dir='ltr'><strong>bumiliavit</strong></span> <span class='ocrx_word' id='word_1_582' title='bbox 3131 3165 3503 3239; x_wconf 9' lang='lat' dir='ltr'><strong>arrogantiam:</strong></span> <span class='ocrx_word' id='word_1_583' title='bbox 3536 3169 3809 3233; x_wconf 75' lang='lat' dir='ltr'><strong>superbo-</strong></span> 
     </span>
    </p>
   </div>
   <div class='ocr_carea' id='block_1_77' title="bbox 2229 3252 3808 3327">
    <p class='ocr_par' dir='ltr' id='par_1_77' title="bbox 2229 3252 3808 3327">
     <span class='ocr_line' id='line_1_77' title="bbox 2229 3252 3808 3327; baseline 0.007 -24"><span class='ocrx_word' id='word_1_584' title='bbox 2229 3266 2344 3304; x_wconf 89' lang='lat' dir='ltr'><strong>rum</strong></span> <span class='ocrx_word' id='word_1_585' title='bbox 2378 3268 2392 3305; x_wconf 90' lang='lat'><strong>:</strong></span> <span class='ocrx_word' id='word_1_586' title='bbox 2421 3252 2493 3306; x_wconf 88' lang='lat' dir='ltr'><strong>illi</strong></span> <span class='ocrx_word' id='word_1_587' title='bbox 2524 3264 2652 3321; x_wconf 82' lang='lat' dir='ltr'><strong>ergo</strong></span> <span class='ocrx_word' id='word_1_588' title='bbox 2703 3253 2838 3321; x_wconf 89' lang='lat' dir='ltr'><strong>laus,</strong></span> <span class='ocrx_word' id='word_1_589' title='bbox 2867 3255 2941 3308; x_wconf 90' lang='lat' dir='ltr'><strong>illi</strong></span> <span class='ocrx_word' id='word_1_590' title='bbox 2971 3256 3160 3323; x_wconf 87' lang='lat' dir='ltr'><strong>gloria,</strong></span> <span class='ocrx_word' id='word_1_591' title='bbox 3191 3272 3287 3325; x_wconf 91' lang='lat' dir='ltr'><strong>per</strong></span> <span class='ocrx_word' id='word_1_592' title='bbox 3312 3272 3469 3325; x_wconf 89' lang='lat' dir='ltr'><strong>quem</strong></span> <span class='ocrx_word' id='word_1_593' title='bbox 3512 3260 3655 3313; x_wconf 76' lang='lat' dir='ltr'><strong>servi</strong></span> <span class='ocrx_word' id='word_1_594' title='bbox 3686 3259 3808 3327; x_wconf 83' lang='lat' dir='ltr'><strong>ejus</strong></span> 
     </span>
    </p>
   </div>
   <div class='ocr_carea' id='block_1_78' title="bbox 2230 3339 3803 3416">
    <p class='ocr_par' dir='ltr' id='par_1_78' title="bbox 2230 3339 3803 3416">
     <span class='ocr_line' id='line_1_78' title="bbox 2230 3339 3803 3416; baseline 0.006 -23"><span class='ocrx_word' id='word_1_595' title='bbox 2230 3339 2503 3393; x_wconf 89' lang='lat' dir='ltr'><strong>inmundo</strong></span> <span class='ocrx_word' id='word_1_596' title='bbox 2535 3349 2681 3394; x_wconf 89' lang='lat' dir='ltr'><strong>tanta</strong></span> <span class='ocrx_word' id='word_1_597' title='bbox 2726 3351 2950 3410; x_wconf 87' lang='lat' dir='ltr'><strong>possunt</strong></span> <span class='ocrx_word' id='word_1_598' title='bbox 2996 3343 3172 3397; x_wconf 88' lang='lat' dir='ltr'><strong>facere</strong></span> <span class='ocrx_word' id='word_1_599' title='bbox 3210 3346 3492 3399; x_wconf 87' lang='lat' dir='ltr'><strong>mirabilia.</strong></span> <span class='ocrx_word' id='word_1_600' title='bbox 3525 3346 3621 3401; x_wconf 88' lang='lat' dir='ltr'><strong>Sic</strong></span> <span class='ocrx_word' id='word_1_601' title='bbox 3668 3363 3803 3416; x_wconf 88' lang='lat' dir='ltr'><strong>ergo</strong></span> 
     </span>
    </p>
   </div>
   <div class='ocr_carea' id='block_1_79' title="bbox 2229 3429 3806 3509">
    <p class='ocr_par' dir='ltr' id='par_1_79' title="bbox 2229 3429 3806 3509">
     <span class='ocr_line' id='line_1_79' title="bbox 2229 3429 3806 3509; baseline 0.007 -25"><span class='ocrx_word' id='word_1_602' title='bbox 2229 3429 2334 3484; x_wconf 85' lang='lat' dir='ltr'><strong>reis</strong></span> <span class='ocrx_word' id='word_1_603' title='bbox 2378 3429 2656 3495; x_wconf 87' lang='lat' dir='ltr'><strong>absolutis,</strong></span> <span class='ocrx_word' id='word_1_604' title='bbox 2708 3432 2797 3501; x_wconf 90' lang='lat' dir='ltr'><strong>qui</strong></span> <span class='ocrx_word' id='word_1_605' title='bbox 2846 3448 2980 3501; x_wconf 87' lang='lat' dir='ltr'><strong>pene</strong></span> <span class='ocrx_word' id='word_1_606' title='bbox 3028 3434 3155 3487; x_wconf 87' lang='lat' dir='ltr'><strong>nudi</strong></span> <span class='ocrx_word' id='word_1_607' title='bbox 3207 3434 3546 3501; x_wconf 84' lang='lat' dir='ltr'><strong>videbantur,</strong></span> <span class='ocrx_word' id='word_1_608' title='bbox 3594 3440 3806 3509; x_wconf 77' lang='lat' dir='ltr'><strong>Eligius</strong></span> 
     </span>
    </p>
   </div>
   <div class='ocr_carea' id='block_1_80' title="bbox 2227 3521 3804 3601">
    <p class='ocr_par' dir='ltr' id='par_1_80' title="bbox 2227 3521 3804 3601">
     <span class='ocr_line' id='line_1_80' title="bbox 2227 3521 3804 3601; baseline 0.008 -25"><span class='ocrx_word' id='word_1_609' title='bbox 2227 3521 2461 3592; x_wconf 87' lang='lat' dir='ltr'><strong>elargitis</strong></span> <span class='ocrx_word' id='word_1_610' title='bbox 2502 3524 2824 3580; x_wconf 89' lang='lat' dir='ltr'><strong>indumentis</strong></span> <span class='ocrx_word' id='word_1_611' title='bbox 2863 3535 2917 3582; x_wconf 90' lang='lat' dir='ltr'><strong>et</strong></span> <span class='ocrx_word' id='word_1_612' title='bbox 2946 3524 3317 3601; x_wconf 85' lang='lat' dir='ltr'><strong>eleemosynis,</strong></span> <span class='ocrx_word' id='word_1_613' title='bbox 3350 3532 3571 3585; x_wconf 89' lang='lat' dir='ltr'><strong>mandat</strong></span> <span class='ocrx_word' id='word_1_614' title='bbox 3600 3534 3667 3589; x_wconf 90' lang='lat' dir='ltr'><strong>de</strong></span> <span class='ocrx_word' id='word_1_615' title='bbox 3696 3552 3804 3589; x_wconf 70' lang='lat' dir='ltr'><strong>ta:-</strong></span> 
     </span>
    </p>
   </div>
   <div class='ocr_carea' id='block_1_81' title="bbox 2229 3618 3806 3690">
    <p class='ocr_par' dir='ltr' id='par_1_81' title="bbox 2229 3618 3806 3690">
     <span class='ocr_line' id='line_1_81' title="bbox 2229 3618 3806 3690; baseline 0.008 -21"><span class='ocrx_word' id='word_1_616' title='bbox 2229 3624 2343 3689; x_wconf 87' lang='lat' dir='ltr'><strong>tero</strong></span> <span class='ocrx_word' id='word_1_617' title='bbox 2387 3618 2657 3685; x_wconf 86' lang='lat' dir='ltr'><strong>corrigere</strong></span> <span class='ocrx_word' id='word_1_618' title='bbox 2703 3620 2894 3683; x_wconf 73' lang='lat' dir='ltr'><strong>vitam;</strong></span> <span class='ocrx_word' id='word_1_619' title='bbox 2944 3620 3272 3689; x_wconf 82' lang='lat' dir='ltr'><strong>multamque</strong></span> <span class='ocrx_word' id='word_1_620' title='bbox 3324 3632 3378 3677; x_wconf 93' lang='lat' dir='ltr'><strong>et</strong></span> <span class='ocrx_word' id='word_1_621' title='bbox 3428 3624 3616 3690; x_wconf 86' lang='lat' dir='ltr'><strong>aliam,</strong></span> <span class='ocrx_word' id='word_1_622' title='bbox 3646 3641 3806 3681; x_wconf 80' lang='lat' dir='ltr'><strong>exce-</strong></span> 
     </span>
    </p>
   </div>
   <div class='ocr_carea' id='block_1_82' title="bbox 2229 3708 3807 3781">
    <p class='ocr_par' dir='ltr' id='par_1_82' title="bbox 2229 3708 3807 3781">
     <span class='ocr_line' id='line_1_82' title="bbox 2229 3708 3807 3781; baseline 0.008 -22"><span class='ocrx_word' id='word_1_623' title='bbox 2229 3708 2331 3775; x_wconf 91' lang='lat' dir='ltr'><strong>ptis</strong></span> <span class='ocrx_word' id='word_1_624' title='bbox 2372 3708 2451 3761; x_wconf 89' lang='lat' dir='ltr'><strong>bis</strong></span> <span class='ocrx_word' id='word_1_625' title='bbox 2489 3710 2675 3763; x_wconf 83' lang='lat' dir='ltr'><strong>eodem</strong></span> <span class='ocrx_word' id='word_1_626' title='bbox 2704 3711 2789 3765; x_wconf 91' lang='lat' dir='ltr'><strong>die</strong></span> <span class='ocrx_word' id='word_1_627' title='bbox 2817 3711 3035 3764; x_wconf 83' lang='lat' dir='ltr'><strong>diversis</strong></span> <span class='ocrx_word' id='word_1_628' title='bbox 3091 3715 3427 3781; x_wconf 83' lang='lat' dir='ltr'><strong>pauperibus,</strong></span> <span class='ocrx_word' id='word_1_629' title='bbox 3481 3732 3696 3771; x_wconf 88' lang='lat' dir='ltr'><strong>necnon</strong></span> <span class='ocrx_word' id='word_1_630' title='bbox 3752 3728 3807 3771; x_wconf 91' lang='lat' dir='ltr'><strong>et</strong></span> 
     </span>
    </p>
   </div>
   <div class='ocr_carea' id='block_1_83' title="bbox 2227 3801 3806 3874">
    <p class='ocr_par' dir='ltr' id='par_1_83' title="bbox 2227 3801 3806 3874">
     <span class='ocr_line' id='line_1_83' title="bbox 2227 3801 3806 3874; baseline 0.008 -23"><span class='ocrx_word' id='word_1_631' title='bbox 2227 3801 2597 3865; x_wconf 87' lang='lat' dir='ltr'><strong>monasteriis,</strong></span> <span class='ocrx_word' id='word_1_632' title='bbox 2650 3801 2915 3855; x_wconf 90' lang='lat' dir='ltr'><strong>distribuit</strong></span> <span class='ocrx_word' id='word_1_633' title='bbox 2969 3806 3269 3870; x_wconf 90' lang='lat' dir='ltr'><strong>pecuniam.</strong></span> <span class='ocrx_word' id='word_1_634' title='bbox 3320 3806 3445 3861; x_wconf 88' lang='lat' dir='ltr'><strong>lude</strong></span> <span class='ocrx_word' id='word_1_635' title='bbox 3511 3809 3679 3874; x_wconf 87' lang='lat' dir='ltr'><strong>igitur</strong></span> <span class='ocrx_word' id='word_1_636' title='bbox 3728 3812 3806 3864; x_wconf 83' lang='lat' dir='ltr'><strong>di—</strong></span> 
     </span>
    </p>
   </div>
   <div class='ocr_carea' id='block_1_84' title="bbox 2228 3894 3881 3975">
    <p class='ocr_par' dir='ltr' id='par_1_84' title="bbox 2228 3894 3881 3975">
     <span class='ocr_line' id='line_1_84' title="bbox 2228 3894 3881 3975; baseline 0.01 -36"><span class='ocrx_word' id='word_1_637' title='bbox 2228 3901 2454 3956; x_wconf 87' lang='lat' dir='ltr'><strong>gressus,</strong></span> <span class='ocrx_word' id='word_1_638' title='bbox 2499 3903 2674 3961; x_wconf 73' lang='lat' dir='ltr'><strong>empto</strong></span> <span class='ocrx_word' id='word_1_639' title='bbox 2721 3894 2929 3947; x_wconf 86' lang='lat' dir='ltr'><strong>tramite</strong></span> <span class='ocrx_word' id='word_1_640' title='bbox 2956 3907 3183 3963; x_wconf 80' lang='lat' dir='ltr'><strong>pergens</strong></span> <span class='ocrx_word' id='word_1_641' title='bbox 3213 3898 3454 3965; x_wconf 80' lang='lat' dir='ltr'><strong>pervenit</strong></span> <span class='ocrx_word' id='word_1_642' title='bbox 3484 3902 3705 3955; x_wconf 85' lang='lat' dir='ltr'><strong>tandem</strong></span> <span class='ocrx_word' id='word_1_643' title='bbox 3739 3903 3802 3955; x_wconf 87' lang='lat' dir='ltr'><strong>ad</strong></span> <span class='ocrx_word' id='word_1_644' title='bbox 3870 3964 3881 3975; x_wconf 35' lang='grc' dir='ltr'><em>ι</em></span> 
     </span>
    </p>
   </div>
   <div class='ocr_carea' id='block_1_85' title="bbox 2227 3996 2368 4037">
    <p class='ocr_par' dir='ltr' id='par_1_85' title="bbox 2227 3996 2368 4037">
     <span class='ocr_line' id='line_1_85' title="bbox 2227 3996 2368 4037; baseline 0.007 -2"><span class='ocrx_word' id='word_1_645' title='bbox 2227 3996 2368 4037; x_wconf 76' lang='lat' dir='ltr'><strong>SUOS.</strong></span> 
     </span>
    </p>
   </div>
   <div class='ocr_carea' id='block_1_86' title="bbox 2300 4095 3800 4175">
    <p class='ocr_par' dir='ltr' id='par_1_86' title="bbox 2300 4095 3800 4175">
     <span class='ocr_line' id='line_1_86' title="bbox 2300 4095 3800 4175; baseline 0.005 -27"><span class='ocrx_word' id='word_1_646' title='bbox 2300 4095 2491 4150; x_wconf 87' lang='lat' dir='ltr'><strong>Diebus</strong></span> <span class='ocrx_word' id='word_1_647' title='bbox 2530 4111 2754 4165; x_wconf 85' lang='lat' dir='ltr'><strong>namque</strong></span> <span class='ocrx_word' id='word_1_648' title='bbox 2799 4098 3022 4166; x_wconf 86' lang='lat' dir='ltr'><strong>singulis</strong></span> <span class='ocrx_word' id='word_1_649' title='bbox 3061 4098 3267 4175; x_wconf 78' lang='lat' dir='ltr'><strong>plebem</strong></span> <span class='ocrx_word' id='word_1_650' title='bbox 3316 4100 3414 4155; x_wconf 90' lang='lat' dir='ltr'><strong>sibi</strong></span> <span class='ocrx_word' id='word_1_651' title='bbox 3449 4102 3800 4156; x_wconf 85' lang='lat' dir='ltr'><strong>commissam</strong></span> 
     </span>
    </p>
   </div>
   <div class='ocr_carea' id='block_1_87' title="bbox 2229 4182 3800 4254">
    <p class='ocr_par' dir='ltr' id='par_1_87' title="bbox 2229 4182 3800 4254">
     <span class='ocr_line' id='line_1_87' title="bbox 2229 4182 3800 4254; baseline 0.005 -14"><span class='ocrx_word' id='word_1_652' title='bbox 2229 4202 2599 4253; x_wconf 77' lang='lat' dir='ltr'><strong>commoneas,</strong></span> <span class='ocrx_word' id='word_1_653' title='bbox 2632 4182 3029 4254; x_wconf 77' lang='lat' dir='ltr'><strong>infatigabilitcr</strong></span> <span class='ocrx_word' id='word_1_654' title='bbox 3057 4191 3376 4245; x_wconf 70' lang='lat' dir='ltr'><strong>salrﬂaribus</strong></span> <span class='ocrx_word' id='word_1_655' title='bbox 3430 4195 3651 4248; x_wconf 89' lang='lat' dir='ltr'><strong>monitis</strong></span> <span class='ocrx_word' id='word_1_656' title='bbox 3709 4212 3800 4250; x_wconf 86' lang='lat' dir='ltr'><strong>ex-</strong></span> 
     </span>
    </p>
   </div>
   <div class='ocr_carea' id='block_1_88' title="bbox 2228 4262 3801 4345">
    <p class='ocr_par' dir='ltr' id='par_1_88' title="bbox 2228 4262 3801 4345">
     <span class='ocr_line' id='line_1_88' title="bbox 2228 4262 3801 4345; baseline 0.003 -13"><span class='ocrx_word' id='word_1_657' title='bbox 2228 4262 2705 4343; x_wconf 57' lang='lat' dir='ltr'><strong>ltortabaturﬂeio</strong></span> <span class='ocrx_word' id='word_1_658' title='bbox 2732 4280 2976 4332; x_wconf 91' lang='lat' dir='ltr'><strong>nimirum</strong></span> <span class='ocrx_word' id='word_1_659' title='bbox 3010 4281 3247 4334; x_wconf 89' lang='lat' dir='ltr'><strong>veritatis</strong></span> <span class='ocrx_word' id='word_1_660' title='bbox 3274 4296 3550 4345; x_wconf 86' lang='lat' dir='ltr'><strong>accensus,</strong></span> <span class='ocrx_word' id='word_1_661' title='bbox 3586 4286 3801 4339; x_wconf 71' lang='lat' dir='ltr'><strong>volebat</strong></span> 
     </span>
    </p>
   </div>
   <div class='ocr_carea' id='block_1_89' title="bbox 2232 4367 3798 4440">
    <p class='ocr_par' dir='ltr' id='par_1_89' title="bbox 2232 4367 3798 4440">
     <span class='ocr_line' id='line_1_89' title="bbox 2232 4367 3798 4440; baseline 0.004 -20"><span class='ocrx_word' id='word_1_662' title='bbox 2232 4367 2439 4437; x_wconf 91' lang='lat' dir='ltr'><strong>populis</strong></span> <span class='ocrx_word' id='word_1_663' title='bbox 2469 4370 2699 4437; x_wconf 89' lang='lat' dir='ltr'><strong>pandere</strong></span> <span class='ocrx_word' id='word_1_664' title='bbox 2727 4369 2867 4439; x_wconf 74' lang='lat' dir='ltr'><strong>quod</strong></span> <span class='ocrx_word' id='word_1_665' title='bbox 2892 4380 2913 4406; x_wconf 73' lang='grc' dir='ltr'>η</span> <span class='ocrx_word' id='word_1_666' title='bbox 2941 4370 3054 4439; x_wconf 82' lang='lat' dir='ltr'><strong>ipse</strong></span> <span class='ocrx_word' id='word_1_667' title='bbox 3078 4371 3395 4425; x_wconf 89' lang='lat' dir='ltr'><strong>intemerata</strong></span> <span class='ocrx_word' id='word_1_668' title='bbox 3428 4371 3531 4425; x_wconf 85' lang='lat' dir='ltr'><strong>ﬁde</strong></span> <span class='ocrx_word' id='word_1_669' title='bbox 3564 4380 3798 4440; x_wconf 76' lang='lat' dir='ltr'><strong>teneret,</strong></span> 
     </span>
    </p>
   </div>
   <div class='ocr_carea' id='block_1_90' title="bbox 564 4437 3801 4527">
    <p class='ocr_par' dir='ltr' id='par_1_90' title="bbox 564 4437 3801 4527">
     <span class='ocr_line' id='line_1_90' title="bbox 564 4437 3801 4527; baseline 0.004 -23"><span class='ocrx_word' id='word_1_670' title='bbox 564 4438 667 4493; x_wconf 61' lang='grc' dir='ltr'>εἶὶι·</span> <span class='ocrx_word' id='word_1_671' title='bbox 716 4437 911 4493; x_wconf 50' lang='lat' dir='ltr'><strong>Deinde</strong></span> <span class='ocrx_word' id='word_1_672' title='bbox 940 4454 1055 4492; x_wconf 72' lang='lat' dir='ltr'><strong>cum</strong></span> <span class='ocrx_word' id='word_1_673' title='bbox 1104 4450 1317 4493; x_wconf 66' lang='grc' dir='ltr'><strong>εηηεῐυδ</strong></span> <span class='ocrx_word' id='word_1_674' title='bbox 1365 4440 1558 4507; x_wconf 50' lang='lat' dir='ltr'><strong>Eligilt-ii</strong></span> <span class='ocrx_word' id='word_1_675' title='bbox 1605 4443 1780 4503; x_wconf 83' lang='lat' dir='ltr'><strong>omnia</strong></span> <span class='ocrx_word' id='word_1_676' title='bbox 1823 4446 2120 4500; x_wconf 87' lang='lat' dir='ltr'><strong>orationum</strong></span> <span class='ocrx_word' id='word_1_677' title='bbox 2154 4466 2207 4527; x_wconf 72' lang='grc' dir='ltr'><strong>ι)</strong></span> <span class='ocrx_word' id='word_1_678' title='bbox 2234 4458 2488 4513; x_wconf 88' lang='lat' dir='ltr'><strong>mandans</strong></span> <span class='ocrx_word' id='word_1_679' title='bbox 2517 4461 2760 4512; x_wconf 90' lang='lat' dir='ltr'><strong>omnibus</strong></span> <span class='ocrx_word' id='word_1_680' title='bbox 2788 4448 2992 4514; x_wconf 82' lang='lat' dir='ltr'><strong>servire</strong></span> <span class='ocrx_word' id='word_1_681' title='bbox 3021 4461 3130 4515; x_wconf 87' lang='lat' dir='ltr'><strong>Deo</strong></span> <span class='ocrx_word' id='word_1_682' title='bbox 3176 4461 3226 4513; x_wconf 93' lang='lat' dir='ltr'><strong>in</strong></span> <span class='ocrx_word' id='word_1_683' title='bbox 3257 4461 3504 4525; x_wconf 88' lang='lat' dir='ltr'><strong>veritate,</strong></span> <span class='ocrx_word' id='word_1_684' title='bbox 3535 4472 3590 4515; x_wconf 90' lang='lat' dir='ltr'><strong>et</strong></span> <span class='ocrx_word' id='word_1_685' title='bbox 3624 4463 3801 4517; x_wconf 60' lang='lat' dir='ltr'><strong>facere</strong></span> 
     </span>
    </p>
   </div>
   <div class='ocr_carea' id='block_1_91' title="bbox 566 4528 2131 4601">
    <p class='ocr_par' dir='ltr' id='par_1_91' title="bbox 566 4528 2131 4601">
     <span class='ocr_line' id='line_1_91' title="bbox 566 4528 2131 4601; baseline 0.007 -23"><span class='ocrx_word' id='word_1_686' title='bbox 566 4528 680 4579; x_wconf 82' lang='lat' dir='ltr'><strong>inca</strong></span> <span class='ocrx_word' id='word_1_687' title='bbox 734 4528 1051 4582; x_wconf 86' lang='lat' dir='ltr'><strong>circumiens</strong></span> <span class='ocrx_word' id='word_1_688' title='bbox 1106 4530 1228 4581; x_wconf 83' lang='lat' dir='ltr'><strong>illuc</strong></span> <span class='ocrx_word' id='word_1_689' title='bbox 1275 4544 1486 4599; x_wconf 82' lang='lat' dir='ltr'><strong>quoque</strong></span> <span class='ocrx_word' id='word_1_690' title='bbox 1538 4528 1871 4601; x_wconf 90' lang='lat' dir='ltr'><strong>devenisset,</strong></span> <span class='ocrx_word' id='word_1_691' title='bbox 1930 4535 2131 4593; x_wconf 86' lang='lat' dir='ltr'><strong>invenit</strong></span> 
     </span>
    </p>
   </div>
   <div class='ocr_carea' id='block_1_92' title="bbox 568 4610 2127 4693">
    <p class='ocr_par' dir='ltr' id='par_1_92' title="bbox 568 4610 2127 4693">
     <span class='ocr_line' id='line_1_92' title="bbox 568 4610 2127 4693; baseline 0.007 -24"><span class='ocrx_word' id='word_1_692' title='bbox 568 4633 657 4671; x_wconf 85' lang='lat' dir='ltr'><strong>eos</strong></span> <span class='ocrx_word' id='word_1_693' title='bbox 685 4634 871 4672; x_wconf 85' lang='lat' dir='ltr'><strong>omnes</strong></span> <span class='ocrx_word' id='word_1_694' title='bbox 911 4618 1051 4671; x_wconf 86' lang='lat' dir='ltr'><strong>circa</strong></span> <span class='ocrx_word' id='word_1_695' title='bbox 1090 4621 1274 4683; x_wconf 88' lang='lat' dir='ltr'><strong>altare,</strong></span> <span class='ocrx_word' id='word_1_696' title='bbox 1305 4636 1399 4674; x_wconf 90' lang='lat' dir='ltr'><strong>seu</strong></span> <span class='ocrx_word' id='word_1_697' title='bbox 1445 4630 1568 4676; x_wconf 88' lang='lat' dir='ltr'><strong>ante</strong></span> <span class='ocrx_word' id='word_1_698' title='bbox 1596 4610 1893 4691; x_wconf 80' lang='lat' dir='ltr'><strong>sepulcrum</strong></span> <span class='ocrx_word' id='word_1_699' title='bbox 1928 4626 2127 4693; x_wconf 70' lang='lat' dir='ltr'><strong>prmfati</strong></span> 
     </span>
    </p>
   </div>
   <div class='ocr_carea' id='block_1_93' title="bbox 568 4712 2129 4788">
    <p class='ocr_par' dir='ltr' id='par_1_93' title="bbox 568 4712 2129 4788">
     <span class='ocr_line' id='line_1_93' title="bbox 568 4712 2129 4788; baseline 0.01 -27"><span class='ocrx_word' id='word_1_700' title='bbox 568 4713 816 4766; x_wconf 78' lang='lat' dir='ltr'><strong>antistitis</strong></span> <span class='ocrx_word' id='word_1_701' title='bbox 868 4712 1257 4779; x_wconf 84' lang='lat' dir='ltr'><strong>consistentes;</strong></span> <span class='ocrx_word' id='word_1_702' title='bbox 1312 4725 1365 4767; x_wconf 90' lang='lat' dir='ltr'><strong>et</strong></span> <span class='ocrx_word' id='word_1_703' title='bbox 1417 4718 1608 4772; x_wconf 88' lang='lat' dir='ltr'><strong>milites</strong></span> <span class='ocrx_word' id='word_1_704' title='bbox 1656 4719 1866 4788; x_wconf 88' lang='lat' dir='ltr'><strong>quidem</strong></span> <span class='ocrx_word' id='word_1_705' title='bbox 1899 4736 2017 4775; x_wconf 93' lang='lat' dir='ltr'><strong>cum</strong></span> <span class='ocrx_word' id='word_1_706' title='bbox 2050 4724 2129 4775; x_wconf 89' lang='lat' dir='ltr'><strong>in-</strong></span> 
     </span>
    </p>
   </div>
   <div class='ocr_carea' id='block_1_94' title="bbox 517 4800 2127 4877">
    <p class='ocr_par' dir='ltr' id='par_1_94' title="bbox 517 4800 2127 4877">
     <span class='ocr_line' id='line_1_94' title="bbox 517 4800 2127 4877; baseline 0.011 -29"><span class='ocrx_word' id='word_1_707' title='bbox 517 4834 523 4840; x_wconf 78' lang='lat'>.</span> <span class='ocrx_word' id='word_1_708' title='bbox 570 4800 837 4853; x_wconf 61' lang='lat' dir='ltr'><strong>venissent</strong></span> <span class='ocrx_word' id='word_1_709' title='bbox 893 4817 1161 4855; x_wconf 87' lang='lat' dir='ltr'><strong>carcerem</strong></span> <span class='ocrx_word' id='word_1_710' title='bbox 1218 4802 1563 4870; x_wconf 89' lang='lat' dir='ltr'><strong>dissipatum,</strong></span> <span class='ocrx_word' id='word_1_711' title='bbox 1622 4810 1797 4861; x_wconf 87' lang='lat' dir='ltr'><strong>statim</strong></span> <span class='ocrx_word' id='word_1_712' title='bbox 1868 4814 2127 4877; x_wconf 82' lang='lat' dir='ltr'><strong>persecuti</strong></span> 
     </span>
    </p>
   </div>
   <div class='ocr_carea' id='block_1_95' title="bbox 568 4890 2128 4967">
    <p class='ocr_par' dir='ltr' id='par_1_95' title="bbox 568 4890 2128 4967">
     <span class='ocr_line' id='line_1_95' title="bbox 568 4890 2128 4967; baseline 0.009 -27"><span class='ocrx_word' id='word_1_713' title='bbox 568 4899 690 4940; x_wconf 88' lang='lat' dir='ltr'><strong>sunt</strong></span> <span class='ocrx_word' id='word_1_714' title='bbox 738 4896 830 4942; x_wconf 90' lang='lat' dir='ltr'><strong>eos</strong></span> <span class='ocrx_word' id='word_1_715' title='bbox 882 4904 1045 4955; x_wconf 85' lang='lat' dir='ltr'><strong>usque</strong></span> <span class='ocrx_word' id='word_1_716' title='bbox 1092 4890 1160 4944; x_wconf 89' lang='lat' dir='ltr'><strong>ad</strong></span> <span class='ocrx_word' id='word_1_717' title='bbox 1207 4892 1510 4960; x_wconf 59' lang='lat' dir='ltr'><strong>prrediz-tum</strong></span> <span class='ocrx_word' id='word_1_718' title='bbox 1566 4896 1761 4963; x_wconf 89' lang='lat' dir='ltr'><strong>locum,</strong></span> <span class='ocrx_word' id='word_1_719' title='bbox 1808 4908 1861 4952; x_wconf 91' lang='lat' dir='ltr'><strong>et</strong></span> <span class='ocrx_word' id='word_1_720' title='bbox 1909 4900 2128 4967; x_wconf 86' lang='lat' dir='ltr'><strong>ingressi</strong></span> 
     </span>
    </p>
   </div>
   <div class='ocr_carea' id='block_1_96' title="bbox 572 4978 2127 5058">
    <p class='ocr_par' dir='ltr' id='par_1_96' title="bbox 572 4978 2127 5058">
     <span class='ocr_line' id='line_1_96' title="bbox 572 4978 2127 5058; baseline 0.011 -29"><span class='ocrx_word' id='word_1_721' title='bbox 572 4978 859 5042; x_wconf 82' lang='lat' dir='ltr'><strong>basilicam,</strong></span> <span class='ocrx_word' id='word_1_722' title='bbox 893 4978 1187 5047; x_wconf 84' lang='lat' dir='ltr'><strong>injecerunt</strong></span> <span class='ocrx_word' id='word_1_723' title='bbox 1214 4984 1294 5036; x_wconf 89' lang='lat' dir='ltr'><strong>eis</strong></span> <span class='ocrx_word' id='word_1_724' title='bbox 1323 4998 1521 5049; x_wconf 88' lang='lat' dir='ltr'><strong>manus,</strong></span> <span class='ocrx_word' id='word_1_725' title='bbox 1556 5001 1618 5041; x_wconf 87' lang='lat' dir='ltr'><strong>ac</strong></span> <span class='ocrx_word' id='word_1_726' title='bbox 1644 4988 1782 5043; x_wconf 88' lang='lat' dir='ltr'><strong>ferro</strong></span> <span class='ocrx_word' id='word_1_727' title='bbox 1814 4990 2023 5058; x_wconf 10' lang='lat' dir='ltr'><strong>vinctos,</strong></span> <span class='ocrx_word' id='word_1_728' title='bbox 2048 4990 2127 5045; x_wconf 85' lang='lat' dir='ltr'><strong>io-</strong></span> 
     </span>
    </p>
   </div>
   <div class='ocr_carea' id='block_1_97' title="bbox 572 5070 2128 5149">
    <p class='ocr_par' dir='ltr' id='par_1_97' title="bbox 572 5070 2128 5149">
     <span class='ocr_line' id='line_1_97' title="bbox 572 5070 2128 5149; baseline 0.012 -30"><span class='ocrx_word' id='word_1_729' title='bbox 572 5070 643 5121; x_wconf 76' lang='lat' dir='ltr'><strong>ris</strong></span> <span class='ocrx_word' id='word_1_730' title='bbox 674 5070 883 5122; x_wconf 82' lang='lat' dir='ltr'><strong>trahere</strong></span> <span class='ocrx_word' id='word_1_731' title='bbox 911 5074 1264 5139; x_wconf 75' lang='lat' dir='ltr'><strong>conabantur;</strong></span> <span class='ocrx_word' id='word_1_732' title='bbox 1294 5075 1478 5142; x_wconf 83' lang='lat' dir='ltr'><strong>quibus</strong></span> <span class='ocrx_word' id='word_1_733' title='bbox 1504 5077 1686 5134; x_wconf 86' lang='lat' dir='ltr'><strong>beatus</strong></span> <span class='ocrx_word' id='word_1_734' title='bbox 1710 5079 1908 5149; x_wconf 83' lang='lat' dir='ltr'><strong>Eligius</strong></span> <span class='ocrx_word' id='word_1_735' title='bbox 1935 5083 2128 5137; x_wconf 87' lang='lat' dir='ltr'><strong>blando</strong></span> 
     </span>
    </p>
   </div>
   <div class='ocr_carea' id='block_1_98' title="bbox 575 5175 2155 5251">
    <p class='ocr_par' dir='ltr' id='par_1_98' title="bbox 575 5175 2155 5251">
     <span class='ocr_line' id='line_1_98' title="bbox 575 5175 2155 5251; baseline 0.013 -27"><span class='ocrx_word' id='word_1_736' title='bbox 575 5176 804 5243; x_wconf 78' lang='lat' dir='ltr'><strong>alloquio</strong></span> <span class='ocrx_word' id='word_1_737' title='bbox 839 5175 969 5229; x_wconf 77' lang='lat' dir='ltr'><strong>dixit</strong></span> <span class='ocrx_word' id='word_1_738' title='bbox 1000 5194 1011 5227; x_wconf 88' lang='lat'><strong><em>:</em></strong></span> <span class='ocrx_word' id='word_1_739' title='bbox 1047 5176 1231 5243; x_wconf 81' lang='lat' dir='ltr'><strong>Nolite,</strong></span> <span class='ocrx_word' id='word_1_740' title='bbox 1264 5198 1461 5249; x_wconf 66' lang='lat' dir='ltr'><strong>quaeso,</strong></span> <span class='ocrx_word' id='word_1_741' title='bbox 1512 5182 1751 5241; x_wconf 85' lang='lat' dir='ltr'><strong>homines</strong></span> <span class='ocrx_word' id='word_1_742' title='bbox 1801 5188 1911 5251; x_wconf 81' lang='lat' dir='ltr'><strong>Dei,</strong></span> <span class='ocrx_word' id='word_1_743' title='bbox 1963 5190 2155 5245; x_wconf 69' lang='lat' dir='ltr'><strong>noli&#39;c&#39;</strong></span> 
     </span>
    </p>
   </div>
   <div class='ocr_carea' id='block_1_99' title="bbox 574 5276 2129 5356">
    <p class='ocr_par' dir='ltr' id='par_1_99' title="bbox 574 5276 2129 5356">
     <span class='ocr_line' id='line_1_99' title="bbox 574 5276 2129 5356; baseline 0.011 -30"><span class='ocrx_word' id='word_1_744' title='bbox 574 5276 687 5330; x_wconf 70' lang='lat' dir='ltr'><strong>bace</strong></span> <span class='ocrx_word' id='word_1_745' title='bbox 716 5277 766 5328; x_wconf 90' lang='lat' dir='ltr'><strong>itt</strong></span> <span class='ocrx_word' id='word_1_746' title='bbox 800 5276 915 5331; x_wconf 91' lang='lat' dir='ltr'><strong>loco</strong></span> <span class='ocrx_word' id='word_1_747' title='bbox 943 5292 1095 5331; x_wconf 86' lang='lat' dir='ltr'><strong>sacro</strong></span> <span class='ocrx_word' id='word_1_748' title='bbox 1122 5292 1306 5347; x_wconf 84' lang='lat' dir='ltr'><strong>agere;</strong></span> <span class='ocrx_word' id='word_1_749' title='bbox 1340 5298 1433 5336; x_wconf 91' lang='lat' dir='ltr'><strong>cur</strong></span> <span class='ocrx_word' id='word_1_750' title='bbox 1482 5281 1701 5356; x_wconf 82' lang='lat' dir='ltr'><strong>perdere</strong></span> <span class='ocrx_word' id='word_1_751' title='bbox 1740 5286 1962 5340; x_wconf 87' lang='lat' dir='ltr'><strong>nitimini</strong></span> <span class='ocrx_word' id='word_1_752' title='bbox 1997 5303 2129 5356; x_wconf 72' lang='lat' dir='ltr'><strong>quas</strong></span> 
     </span>
    </p>
   </div>
   <div class='ocr_carea' id='block_1_100' title="bbox 572 5376 2129 5456">
    <p class='ocr_par' dir='ltr' id='par_1_100' title="bbox 572 5376 2129 5456">
     <span class='ocr_line' id='line_1_100' title="bbox 572 5376 2129 5456; baseline 0.01 -30"><span class='ocrx_word' id='word_1_753' title='bbox 572 5378 678 5440; x_wconf 86' lang='lat' dir='ltr'><strong>jam</strong></span> <span class='ocrx_word' id='word_1_754' title='bbox 705 5378 819 5444; x_wconf 89' lang='lat' dir='ltr'><strong>pius</strong></span> <span class='ocrx_word' id='word_1_755' title='bbox 850 5376 1101 5432; x_wconf 89' lang='lat' dir='ltr'><strong>Dominus</strong></span> <span class='ocrx_word' id='word_1_756' title='bbox 1132 5379 1365 5436; x_wconf 83' lang='lat' dir='ltr'><strong>liberavit</strong></span> <span class='ocrx_word' id='word_1_757' title='bbox 1386 5386 1411 5437; x_wconf 70' lang='grc' dir='ltr'><em>ἳ</em></span> <span class='ocrx_word' id='word_1_758' title='bbox 1434 5382 1607 5449; x_wconf 82' lang='lat' dir='ltr'><strong>Quare</strong></span> <span class='ocrx_word' id='word_1_759' title='bbox 1639 5383 1811 5439; x_wconf 75' lang='lat' dir='ltr'><strong>facitis</strong></span> <span class='ocrx_word' id='word_1_760' title='bbox 1840 5393 1945 5439; x_wconf 87' lang='lat' dir='ltr'><strong>tam</strong></span> <span class='ocrx_word' id='word_1_761' title='bbox 1970 5390 2129 5456; x_wconf 86' lang='lat' dir='ltr'><strong>impie</strong></span> 
     </span>
    </p>
   </div>
   <div class='ocr_carea' id='block_1_101' title="bbox 578 5474 2127 5553">
    <p class='ocr_par' dir='ltr' id='par_1_101' title="bbox 578 5474 2127 5553">
     <span class='ocr_line' id='line_1_101' title="bbox 578 5474 2127 5553; baseline 0.012 -30"><span class='ocrx_word' id='word_1_762' title='bbox 578 5474 628 5524; x_wconf 91' lang='lat' dir='ltr'><strong>in</strong></span> <span class='ocrx_word' id='word_1_763' title='bbox 657 5474 810 5530; x_wconf 90' lang='lat' dir='ltr'><strong>domo</strong></span> <span class='ocrx_word' id='word_1_764' title='bbox 854 5477 1122 5533; x_wconf 84' lang='lat' dir='ltr'><strong>Dei?Cttr</strong></span> <span class='ocrx_word' id='word_1_765' title='bbox 1168 5496 1269 5535; x_wconf 92' lang='lat' dir='ltr'><strong>non</strong></span> <span class='ocrx_word' id='word_1_766' title='bbox 1315 5484 1687 5553; x_wconf 86' lang='lat' dir='ltr'><strong>pertimescitis</strong></span> <span class='ocrx_word' id='word_1_767' title='bbox 1742 5486 1869 5539; x_wconf 88' lang='lat' dir='ltr'><strong>tanti</strong></span> <span class='ocrx_word' id='word_1_768' title='bbox 1913 5490 2127 5543; x_wconf 69' lang='lat' dir='ltr'><strong>sceleris</strong></span> 
     </span>
    </p>
   </div>
   <div class='ocr_carea' id='block_1_102' title="bbox 579 5570 2129 5647">
    <p class='ocr_par' dir='ltr' id='par_1_102' title="bbox 579 5570 2129 5647">
     <span class='ocr_line' id='line_1_102' title="bbox 579 5570 2129 5647; baseline 0.014 -26"><span class='ocrx_word' id='word_1_769' title='bbox 579 5570 819 5639; x_wconf 78' lang='lat' dir='ltr'><strong>culpam?</strong></span> <span class='ocrx_word' id='word_1_770' title='bbox 847 5576 1033 5633; x_wconf 90' lang='lat' dir='ltr'><strong>domus</strong></span> <span class='ocrx_word' id='word_1_771' title='bbox 1054 5579 1194 5633; x_wconf 90' lang='lat' dir='ltr'><strong>enim</strong></span> <span class='ocrx_word' id='word_1_772' title='bbox 1217 5579 1344 5645; x_wconf 59' lang='lat' dir='ltr'><strong>haec,</strong></span> <span class='ocrx_word' id='word_1_773' title='bbox 1369 5582 1556 5639; x_wconf 88' lang='lat' dir='ltr'><strong>domus</strong></span> <span class='ocrx_word' id='word_1_774' title='bbox 1584 5586 1707 5638; x_wconf 78' lang='lat' dir='ltr'><strong>vita:</strong></span> <span class='ocrx_word' id='word_1_775' title='bbox 1733 5594 1832 5641; x_wconf 87' lang='lat' dir='ltr'><strong>est.</strong></span> <span class='ocrx_word' id='word_1_776' title='bbox 1865 5601 1968 5641; x_wconf 91' lang='lat' dir='ltr'><strong>non</strong></span> <span class='ocrx_word' id='word_1_777' title='bbox 1998 5605 2129 5647; x_wconf 85' lang='lat' dir='ltr'><strong>mur-</strong></span> 
     </span>
    </p>
   </div>
   <div class='ocr_carea' id='block_1_103' title="bbox 554 5661 576 5681">
    <p class='ocr_par' dir='ltr' id='par_1_103' title="bbox 554 5661 576 5681">
     <span class='ocr_line' id='line_1_103' title="bbox 554 5661 576 5681; baseline 0 0"><span class='ocrx_word' id='word_1_778' title='bbox 554 5661 576 5681; x_wconf 53' lang='grc' dir='ltr'><strong>Ω</strong></span> 
     </span>
    </p>
   </div>
   <div class='ocr_carea' id='block_1_104' title="bbox 2229 4546 3800 4616">
    <p class='ocr_par' dir='ltr' id='par_1_104' title="bbox 2229 4546 3800 4616">
     <span class='ocr_line' id='line_1_104' title="bbox 2229 4546 3800 4616; baseline 0.005 -18"><span class='ocrx_word' id='word_1_779' title='bbox 2229 4546 2485 4615; x_wconf 88' lang='lat' dir='ltr'><strong>justitiam</strong></span> <span class='ocrx_word' id='word_1_780' title='bbox 2511 4548 2561 4600; x_wconf 94' lang='lat' dir='ltr'><strong>in</strong></span> <span class='ocrx_word' id='word_1_781' title='bbox 2592 4548 2734 4601; x_wconf 90' lang='lat' dir='ltr'><strong>omni</strong></span> <span class='ocrx_word' id='word_1_782' title='bbox 2768 4559 3026 4616; x_wconf 78' lang='lat' dir='ltr'><strong>tempore,</strong></span> <span class='ocrx_word' id='word_1_783' title='bbox 3049 4558 3101 4602; x_wconf 93' lang='lat' dir='ltr'><strong>et</strong></span> <span class='ocrx_word' id='word_1_784' title='bbox 3129 4558 3184 4601; x_wconf 91' lang='lat' dir='ltr'><strong>ut</strong></span> <span class='ocrx_word' id='word_1_785' title='bbox 3210 4558 3386 4603; x_wconf 90' lang='lat' dir='ltr'><strong>essent</strong></span> <span class='ocrx_word' id='word_1_786' title='bbox 3418 4567 3685 4605; x_wconf 83' lang='lat' dir='ltr'><strong>memores</strong></span> <span class='ocrx_word' id='word_1_787' title='bbox 3713 4554 3800 4605; x_wconf 87' lang='lat' dir='ltr'><strong>be-</strong></span> 
     </span>
    </p>
   </div>
   <div class='ocr_carea' id='block_1_105' title="bbox 2234 4634 3800 4706">
    <p class='ocr_par' dir='ltr' id='par_1_105' title="bbox 2234 4634 3800 4706">
     <span class='ocr_line' id='line_1_105' title="bbox 2234 4634 3800 4706; baseline 0.003 -19"><span class='ocrx_word' id='word_1_788' title='bbox 2234 4634 2541 4688; x_wconf 80' lang='lat' dir='ltr'><strong>neficiorum</strong></span> <span class='ocrx_word' id='word_1_789' title='bbox 2573 4636 2785 4701; x_wconf 77' lang='lat' dir='ltr'><strong>L‘bristi,</strong></span> <span class='ocrx_word' id='word_1_790' title='bbox 2817 4646 2870 4689; x_wconf 93' lang='lat' dir='ltr'><strong>et</strong></span> <span class='ocrx_word' id='word_1_791' title='bbox 2901 4636 3273 4692; x_wconf 86' lang='lat' dir='ltr'><strong>benedicerent</strong></span> <span class='ocrx_word' id='word_1_792' title='bbox 3302 4655 3494 4694; x_wconf 86' lang='lat' dir='ltr'><strong>nomen</strong></span> <span class='ocrx_word' id='word_1_793' title='bbox 3525 4639 3645 4706; x_wconf 83' lang='lat' dir='ltr'><strong>ejus</strong></span> <span class='ocrx_word' id='word_1_794' title='bbox 3666 4655 3800 4694; x_wconf 85' lang='lat' dir='ltr'><strong>cun-</strong></span> 
     </span>
    </p>
   </div>
   <div class='ocr_carea' id='block_1_106' title="bbox 2233 4725 3800 4799">
    <p class='ocr_par' dir='ltr' id='par_1_106' title="bbox 2233 4725 3800 4799">
     <span class='ocr_line' id='line_1_106' title="bbox 2233 4725 3800 4799; baseline 0.003 -19"><span class='ocrx_word' id='word_1_795' title='bbox 2233 4726 2330 4780; x_wconf 84' lang='lat' dir='ltr'><strong>ctis</strong></span> <span class='ocrx_word' id='word_1_796' title='bbox 2351 4725 2542 4779; x_wconf 85' lang='lat' dir='ltr'><strong>diebus</strong></span> <span class='ocrx_word' id='word_1_797' title='bbox 2573 4727 2691 4779; x_wconf 78' lang='lat' dir='ltr'><strong>vitae</strong></span> <span class='ocrx_word' id='word_1_798' title='bbox 2712 4743 2839 4780; x_wconf 70' lang='lat' dir='ltr'><strong>sua).</strong></span> <span class='ocrx_word' id='word_1_799' title='bbox 2871 4727 2999 4781; x_wconf 83' lang='lat' dir='ltr'><strong>Nam</strong></span> <span class='ocrx_word' id='word_1_800' title='bbox 3022 4728 3259 4784; x_wconf 81' lang='lat' dir='ltr'><strong>collectis</strong></span> <span class='ocrx_word' id='word_1_801' title='bbox 3281 4732 3513 4799; x_wconf 76' lang='lat' dir='ltr'><strong>undique</strong></span> <span class='ocrx_word' id='word_1_802' title='bbox 3531 4731 3597 4782; x_wconf 82' lang='lat' dir='ltr'><strong>ad</strong></span> <span class='ocrx_word' id='word_1_803' title='bbox 3623 4730 3800 4785; x_wconf 76' lang='lat' dir='ltr'><strong>eCcle-</strong></span> 
     </span>
    </p>
   </div>
   <div class='ocr_carea' id='block_1_107' title="bbox 2233 4816 3799 4886">
    <p class='ocr_par' dir='ltr' id='par_1_107' title="bbox 2233 4816 3799 4886">
     <span class='ocr_line' id='line_1_107' title="bbox 2233 4816 3799 4886; baseline 0.003 -18"><span class='ocrx_word' id='word_1_804' title='bbox 2233 4817 2362 4869; x_wconf 87' lang='lat' dir='ltr'><strong>siam</strong></span> <span class='ocrx_word' id='word_1_805' title='bbox 2395 4816 2560 4869; x_wconf 85' lang='lat' dir='ltr'><strong>turbis</strong></span> <span class='ocrx_word' id='word_1_806' title='bbox 2579 4857 2593 4878; x_wconf 91' lang='lat'><strong>,</strong></span> <span class='ocrx_word' id='word_1_807' title='bbox 2624 4817 2786 4869; x_wconf 90' lang='lat' dir='ltr'><strong>multa</strong></span> <span class='ocrx_word' id='word_1_808' title='bbox 2814 4818 3027 4883; x_wconf 85' lang='lat' dir='ltr'><strong>quidem</strong></span> <span class='ocrx_word' id='word_1_809' title='bbox 3057 4826 3110 4871; x_wconf 88' lang='lat' dir='ltr'><strong>et</strong></span> <span class='ocrx_word' id='word_1_810' title='bbox 3136 4832 3323 4886; x_wconf 86' lang='lat' dir='ltr'><strong>magna</strong></span> <span class='ocrx_word' id='word_1_811' title='bbox 3350 4818 3580 4871; x_wconf 78' lang='lat' dir='ltr'><strong>breviter</strong></span> <span class='ocrx_word' id='word_1_812' title='bbox 3604 4818 3659 4872; x_wconf 91' lang='lat' dir='ltr'><strong>in</strong></span> <span class='ocrx_word' id='word_1_813' title='bbox 3684 4834 3799 4873; x_wconf 82' lang='lat' dir='ltr'><strong>scr-</strong></span> 
     </span>
    </p>
   </div>
   <div class='ocr_carea' id='block_1_108' title="bbox 2233 4906 3797 4975">
    <p class='ocr_par' dir='ltr' id='par_1_108' title="bbox 2233 4906 3797 4975">
     <span class='ocr_line' id='line_1_108' title="bbox 2233 4906 3797 4975; baseline 0.004 -17"><span class='ocrx_word' id='word_1_814' title='bbox 2233 4920 2391 4959; x_wconf 90' lang='lat' dir='ltr'><strong>mone</strong></span> <span class='ocrx_word' id='word_1_815' title='bbox 2416 4907 2710 4974; x_wconf 86' lang='lat' dir='ltr'><strong>complexa.</strong></span> <span class='ocrx_word' id='word_1_816' title='bbox 2743 4906 2835 4959; x_wconf 84' lang='lat' dir='ltr'><strong>sed</strong></span> <span class='ocrx_word' id='word_1_817' title='bbox 2864 4906 2915 4958; x_wconf 92' lang='lat' dir='ltr'><strong>in</strong></span> <span class='ocrx_word' id='word_1_818' title='bbox 2958 4907 3307 4961; x_wconf 71' lang='lat' dir='ltr'><strong>aediﬁcatione</strong></span> <span class='ocrx_word' id='word_1_819' title='bbox 3354 4907 3671 4975; x_wconf 84' lang='lat' dir='ltr'><strong>spiritaliter</strong></span> <span class='ocrx_word' id='word_1_820' title='bbox 3707 4925 3797 4964; x_wconf 88' lang='lat' dir='ltr'><strong>co-</strong></span> 
     </span>
    </p>
   </div>
   <div class='ocr_carea' id='block_1_109' title="bbox 2236 4994 3798 5069">
    <p class='ocr_par' dir='ltr' id='par_1_109' title="bbox 2236 4994 3798 5069">
     <span class='ocr_line' id='line_1_109' title="bbox 2236 4994 3798 5069; baseline 0.004 -21"><span class='ocrx_word' id='word_1_821' title='bbox 2236 4997 2402 5063; x_wconf 90' lang='lat' dir='ltr'><strong>piosa,</strong></span> <span class='ocrx_word' id='word_1_822' title='bbox 2432 5010 2549 5048; x_wconf 89' lang='lat' dir='ltr'><strong>cum</strong></span> <span class='ocrx_word' id='word_1_823' title='bbox 2580 4994 2886 5063; x_wconf 76' lang='lat' dir='ltr'><strong>prophetiCa</strong></span> <span class='ocrx_word' id='word_1_824' title='bbox 2921 4995 3105 5049; x_wconf 84' lang='lat' dir='ltr'><strong>fiducia</strong></span> <span class='ocrx_word' id='word_1_825' title='bbox 3128 4999 3366 5053; x_wconf 67' lang='lat' dir='ltr'><strong>cxaltans</strong></span> <span class='ocrx_word' id='word_1_826' title='bbox 3388 5012 3571 5052; x_wconf 79' lang='lat' dir='ltr'><strong>vocem</strong></span> <span class='ocrx_word' id='word_1_827' title='bbox 3605 4998 3798 5069; x_wconf 81' lang='lat' dir='ltr'><strong>hujus-</strong></span> 
     </span>
    </p>
   </div>
   <div class='ocr_carea' id='block_1_110' title="bbox 2235 5080 3817 5155">
    <p class='ocr_par' dir='ltr' id='par_1_110' title="bbox 2235 5080 3817 5155">
     <span class='ocr_line' id='line_1_110' title="bbox 2235 5080 3817 5155; baseline 0.003 -15"><span class='ocrx_word' id='word_1_828' title='bbox 2235 5088 2437 5141; x_wconf 83' lang='lat' dir='ltr'><strong>cemodi</strong></span> <span class='ocrx_word' id='word_1_829' title='bbox 2467 5086 2530 5139; x_wconf 91' lang='lat' dir='ltr'><strong>ad</strong></span> <span class='ocrx_word' id='word_1_830' title='bbox 2554 5100 2647 5140; x_wconf 88' lang='lat' dir='ltr'><strong>eos</strong></span> <span class='ocrx_word' id='word_1_831' title='bbox 2675 5084 3211 5155; x_wconf 85' lang='lat' dir='ltr'><strong>proferebatmonita.</strong></span> <span class='ocrx_word' id='word_1_832' title='bbox 3808 5080 3817 5101; x_wconf 77' lang='lat'><strong>&#39;</strong></span> 
     </span>
    </p>
   </div>
   <div class='ocr_carea' id='block_1_111' title="bbox 2362 5217 3205 5295">
    <p class='ocr_par' dir='ltr' id='par_1_111' title="bbox 2362 5217 3205 5295">
     <span class='ocr_line' id='line_1_111' title="bbox 2362 5217 3205 5295; baseline 0.002 -25"><span class='ocrx_word' id='word_1_833' title='bbox 2362 5286 2367 5295; x_wconf 26' lang='grc' dir='ltr'>ι</span> <span class='ocrx_word' id='word_1_834' title='bbox 2829 5217 3050 5273; x_wconf 73' lang='grc' dir='ltr'><strong>οΑιιυΤ</strong></span> <span class='ocrx_word' id='word_1_835' title='bbox 3091 5219 3205 5272; x_wconf 79' lang='lat' dir='ltr'><strong>xv.</strong></span> 
     </span>
    </p>
   </div>
   <div class='ocr_carea' id='block_1_112' title="bbox 2334 5307 3696 5377">
    <p class='ocr_par' dir='ltr' id='par_1_112' title="bbox 2334 5307 3696 5377">
     <span class='ocr_line' id='line_1_112' title="bbox 2334 5307 3696 5377; baseline -0.002 -13"><span class='ocrx_word' id='word_1_836' title='bbox 2334 5314 2520 5372; x_wconf 66' lang='lat' dir='ltr'><strong>Cui/ms</strong></span> <span class='ocrx_word' id='word_1_837' title='bbox 2540 5320 2744 5365; x_wconf 72' lang='lat' dir='ltr'><strong>monitis</strong></span> <span class='ocrx_word' id='word_1_838' title='bbox 2769 5314 3040 5364; x_wconf 76' lang='lat' dir='ltr'><strong>exhortans</strong></span> <span class='ocrx_word' id='word_1_839' title='bbox 3070 5307 3449 5377; x_wconf 77' lang='lat' dir='ltr'><strong>erangeh&#39;zabat</strong></span> <span class='ocrx_word' id='word_1_840' title='bbox 3476 5311 3696 5376; x_wconf 69' lang='lat' dir='ltr'><strong>papufo.</strong></span> 
     </span>
    </p>
   </div>
   <div class='ocr_carea' id='block_1_113' title="bbox 2309 5396 3798 5473">
    <p class='ocr_par' dir='ltr' id='par_1_113' title="bbox 2309 5396 3798 5473">
     <span class='ocr_line' id='line_1_113' title="bbox 2309 5396 3798 5473; baseline -0.002 -20"><span class='ocrx_word' id='word_1_841' title='bbox 2309 5406 2451 5473; x_wconf 70' lang='lat' dir='ltr'><strong>lioge</strong></span> <span class='ocrx_word' id='word_1_842' title='bbox 2482 5419 2596 5467; x_wconf 79' lang='lat' dir='ltr'><strong>vos,</strong></span> <span class='ocrx_word' id='word_1_843' title='bbox 2634 5404 2817 5457; x_wconf 78' lang='lat' dir='ltr'><strong>fratres</strong></span> <span class='ocrx_word' id='word_1_844' title='bbox 2846 5398 3161 5465; x_wconf 72' lang='lat' dir='ltr'><strong>cbarissinti,</strong></span> <span class='ocrx_word' id='word_1_845' title='bbox 3190 5409 3242 5454; x_wconf 91' lang='lat' dir='ltr'><strong>et</strong></span> <span class='ocrx_word' id='word_1_846' title='bbox 3264 5414 3381 5451; x_wconf 90' lang='lat' dir='ltr'><strong>cum</strong></span> <span class='ocrx_word' id='word_1_847' title='bbox 3405 5399 3591 5465; x_wconf 79' lang='lat' dir='ltr'><strong>grandi</strong></span> <span class='ocrx_word' id='word_1_848' title='bbox 3625 5396 3798 5452; x_wconf 81' lang='lat' dir='ltr'><strong>humi-</strong></span> 
     </span>
    </p>
   </div>
   <div class='ocr_carea' id='block_1_114' title="bbox 2237 5489 3793 5558">
    <p class='ocr_par' dir='ltr' id='par_1_114' title="bbox 2237 5489 3793 5558">
     <span class='ocr_line' id='line_1_114' title="bbox 2237 5489 3793 5558; baseline -0.002 -14"><span class='ocrx_word' id='word_1_849' title='bbox 2237 5494 2381 5547; x_wconf 65' lang='lat' dir='ltr'><strong>litate</strong></span> <span class='ocrx_word' id='word_1_850' title='bbox 2412 5494 2692 5555; x_wconf 81' lang='lat' dir='ltr'><strong>admoneo,</strong></span> <span class='ocrx_word' id='word_1_851' title='bbox 2728 5500 2782 5543; x_wconf 93' lang='lat' dir='ltr'><strong>ut</strong></span> <span class='ocrx_word' id='word_1_852' title='bbox 2810 5489 3026 5543; x_wconf 76' lang='lat' dir='ltr'><strong>intentis</strong></span> <span class='ocrx_word' id='word_1_853' title='bbox 3058 5490 3245 5544; x_wconf 64' lang='lat' dir='ltr'><strong>anim’s</strong></span> <span class='ocrx_word' id='word_1_854' title='bbox 3276 5491 3579 5544; x_wconf 84' lang='lat' dir='ltr'><strong>auscultare</strong></span> <span class='ocrx_word' id='word_1_855' title='bbox 3602 5489 3793 5558; x_wconf 72' lang='lat' dir='ltr'><strong>jubeao</strong></span> 
     </span>
    </p>
   </div>
   <div class='ocr_carea' id='block_1_115' title="bbox 2237 5578 3788 5657">
    <p class='ocr_par' dir='ltr' id='par_1_115' title="bbox 2237 5578 3788 5657">
     <span class='ocr_line' id='line_1_115' title="bbox 2237 5578 3788 5657; baseline -0.003 -17"><span class='ocrx_word' id='word_1_856' title='bbox 2237 5588 2298 5640; x_wconf 62' lang='lat' dir='ltr'><strong>iis</strong></span> <span class='ocrx_word' id='word_1_857' title='bbox 2319 5601 2434 5657; x_wconf 71' lang='lat' dir='ltr'><strong>qua:</strong></span> <span class='ocrx_word' id='word_1_858' title='bbox 2450 5583 2599 5641; x_wconf 69' lang='lat' dir='ltr'><strong>vobis</strong></span> <span class='ocrx_word' id='word_1_859' title='bbox 2619 5598 2716 5651; x_wconf 88' lang='lat' dir='ltr'><strong>pro</strong></span> <span class='ocrx_word' id='word_1_860' title='bbox 2734 5583 2902 5637; x_wconf 85' lang='lat' dir='ltr'><strong>salute</strong></span> <span class='ocrx_word' id='word_1_861' title='bbox 2919 5594 3091 5639; x_wconf 81' lang='lat' dir='ltr'><strong>vestra</strong></span> <span class='ocrx_word' id='word_1_862' title='bbox 3120 5596 3400 5651; x_wconf 80' lang='lat' dir='ltr'><strong>suggerere</strong></span> <span class='ocrx_word' id='word_1_863' title='bbox 3422 5582 3545 5636; x_wconf 90' lang='lat' dir='ltr'><strong>volo</strong></span> <span class='ocrx_word' id='word_1_864' title='bbox 3582 5597 3597 5633; x_wconf 87' lang='lat'>:</span> <span class='ocrx_word' id='word_1_865' title='bbox 3625 5578 3788 5635; x_wconf 70' lang='lat' dir='ltr'><strong>Omni</strong></span> 
     </span>
    </p>
   </div>
   <div class='ocr_carea' id='block_1_116' title="bbox 654 5701 2248 5786">
    <p class='ocr_par' dir='ltr' id='par_1_116' title="bbox 654 5701 2248 5786">
     <span class='ocr_line' id='line_1_116' title="bbox 654 5701 2248 5786; baseline 0.012 -30"><span class='ocrx_word' id='word_1_866' title='bbox 654 5714 675 5738; x_wconf 85' lang='grc'><strong><em>⁸</em></strong></span> <span class='ocrx_word' id='word_1_867' title='bbox 704 5701 839 5775; x_wconf 79' lang='lat' dir='ltr'><strong>Ipse.</strong></span> <span class='ocrx_word' id='word_1_868' title='bbox 875 5744 892 5760; x_wconf 92' lang='lat'><em>.</em></span> <span class='ocrx_word' id='word_1_869' title='bbox 925 5748 937 5762; x_wconf 87' lang='lat'><em>.</em></span> <span class='ocrx_word' id='word_1_870' title='bbox 976 5750 985 5760; x_wconf 92' lang='lat'><em>.</em></span> <span class='ocrx_word' id='word_1_871' title='bbox 1020 5720 1223 5766; x_wconf 69' lang='lat' dir='ltr'><strong>teneret.</strong></span> <span class='ocrx_word' id='word_1_872' title='bbox 1259 5711 1433 5767; x_wconf 80' lang='lat' dir='ltr'><strong>Codex</strong></span> <span class='ocrx_word' id='word_1_873' title='bbox 1464 5713 1517 5768; x_wconf 89' lang='lat' dir='ltr'><strong>S.</strong></span> <span class='ocrx_word' id='word_1_874' title='bbox 1553 5717 1683 5771; x_wconf 80' lang='lat' dir='ltr'><strong>And</strong></span> <span class='ocrx_word' id='word_1_875' title='bbox 1709 5761 1721 5786; x_wconf 89' lang='lat'><strong>,</strong></span> <span class='ocrx_word' id='word_1_876' title='bbox 1751 5718 1870 5785; x_wconf 71' lang='lat' dir='ltr'><strong>ipsi.</strong></span> <span class='ocrx_word' id='word_1_877' title='bbox 1909 5757 1919 5771; x_wconf 92' lang='lat'><em>.</em></span> <span class='ocrx_word' id='word_1_878' title='bbox 1957 5755 1970 5771; x_wconf 91' lang='lat'>.</span> <span class='ocrx_word' id='word_1_879' title='bbox 2006 5728 2248 5776; x_wconf 68' lang='lat' dir='ltr'><strong>tenerent.</strong></span> 
     </span>
    </p>
   </div>
  </div>
