3912 6346
121 449 219 505 525

1656 402 1833 488 ΥἰίΑ,

3260 410 3364 470 526

116 567 303 628 potens
343 554 484 610 enim
522 555 624 608 scit
653 553 905 608 Dominus
942 549 1083 621 quod
1119 560 1364 620 prompta
1409 563 1532 619 erga
1582 564 1676 603 vos
1704 553 1750 608 Α
1781 549 2015 602 stitatem
2035 549 2251 613 ametis,
2275 546 2536 602 luxuriam
2567 554 2620 600 et
2646 547 2961 603 ebrietatem
2992 548 3222 618 fugiatis,
3253 550 3356 604 hu-

116 650 370 704 charitate
396 648 498 702 ista
519 645 671 701 vobis
693 642 938 715 profero;
967 657 1086 712 qua:
1110 643 1156 696 si
1189 658 1294 696 non
1319 644 1521 705 fecero,
1545 655 1644 709 pro
1659 669 1677 681 ο

113 737 198 793 cu!
220 737 381 792 dubio
401 750 525 790 reus
553 733 714 788 debiti
745 731 971 786 tenebor
996 748 1010 783 :
1045 744 1139 785 vos
1153 743 1283 798 ergo
1313 746 1417 784 non
1438 744 1535 801 pro
1557 741 1676 782 mea

113 828 390 899 parvitate,
430 823 524 881 sed
573 840 670 895 pro
711 832 890 878 vestra
923 837 1044 891 qua:
1084 822 1205 878 dico
1249 820 1425 879 salute
1452 821 1681 875 libenter

108 918 379 986 suscipite,
405 915 479 970 ita
506 915 768 969 duntaxat
793 922 848 965 ut
876 927 994 981 quae
1029 926 1159 966 aure
1207 911 1481 981 percipitis
1513 926 1680 980 opere

109 990 446 1076 eumpleatis,
473 1015 530 1059 ut
555 1013 609 1058 et
637 1017 738 1072 ego
772 1003 839 1057 de
869 1017 989 1056 meo
1021 1002 1281 1072 obsequio
1323 1011 1380 1057 et
1413 1003 1478 1058 de
1501 1013 1679 1058 vestro

112 1099 354 1170 profectu
377 1111 584 1153 merear
607 1096 882 1150 vobiscum
910 1094 1147 1161 gaudere
1177 1096 1228 1146 in
1260 1093 1462 1147 caelesti
1491 1079 1675 1161 regno.

111 1190 165 1247 Si
212 1192 301 1245 cui
345 1190 488 1243 forte
533 1185 789 1256 displiceo
825 1184 994 1258 quod.
1024 1193 1132 1237 tam
1178 1182 1485 1253 frequenter
1527 1185 1680 1238 vobis

111 1283 402 1352 medicare
423 1277 714 1345 contendo,
737 1291 870 1346 rogo
895 1291 1001 1330 non
1027 1276 1156 1329 mihi
1183 1275 1437 1329 molestus
1459 1275 1674 1336 existat,

103 1373 198 1429 sed
250 1372 422 1438 magis
467 1368 762 1440 periculum
801 1382 980 1421 meum
1023 1365 1348 1431 consideret,
1392 1378 1447 1419 et
1498 1364 1680 1418 audiat

115 1464 388 1518 Dominum
416 1477 510 1532 per
539 1460 854 1529 prophetam
885 1446 1190 1511 terribiliter
1222 1456 1485 1511 sacerdoti
1532 1470 1678 1508 com-

107 1557 399 1607 minantem
433 1572 443 1605 :
478 1551 539 1607 Si
567 1565 669 1604 non
716 1548 1122 1611 annuntiat-eris,
1152 1546 1547 1617 inquiyiniqtto
1576 1547 1678 1600 iui-

103 1650 347 1715 quitatem
387 1661 552 1710 suam,
583 1645 691 1712 ipse
717 1642 769 1693 in
799 1641 1064 1709 iniquitate
1093 1655 1186 1692 sua
1228 1639 1472 1691 morietur
1500 1655 1518 1690 :
1550 1655 1677 1691 stm-

102 1741 306 1807 gainens
343 1743 513 1788 autem
563 1740 672 1806 ejus
719 1732 781 1786 de
820 1746 974 1785 manu
1021 1740 1108 1782 tua
1145 1732 1419 1797 requirant.
1457 1726 1604 1791 Quod
1633 1730 1678 1780 si

99 1822 491 1882 aunantidveris
514 1825 691 1892 impio,
717 1832 765 1876 et
791 1823 879 1877 ille
900 1838 1000 1873 non
1032 1822 1182 1891 fuerit
1211 1837 1305 1872 con
1327 1836 1479 1872 ersus
1503 1837 1532 1871 a
1557 1837 1676 1883 pra-

1790 641 2065 692 militatem
2097 639 2344 698 teneatis.
2379 637 2680 708 superbiam
2709 637 3069 702 detestemini,
3099 640 3220 709 quia
3253 640 3359 693 Do-

1787 732 1960 784 minus
1989 731 2228 787 Christus
2257 731 2610 784 humilitatem
2641 739 2695 784 et
2720 740 2873 784 osten
2893 731 2955 784 lit
2984 732 3277 800 exemplis,
3303 741 3362 786 et

1786 822 1966 876 docuit
1997 823 2192 886 verbis,
2223 822 2402 877 dicens
2439 842 2449 874 :
2489 821 2675 874 Discite
2703 840 2733 875 a
2771 840 2844 875 in;
2876 824 2992 892 quia
3040 825 3176 877 mitis
3221 841 3356 886 sum,

1785 928 1828 966 et
1852 913 2056 966 lumtilia
2073 913 2246 977 corde,
2275 922 2323 964 et
2353 914 2618 966 invenietis
2644 914 2860 982 requiem
2890 913 3156 966 animalus
3179 915 3354 967 bestiis

1789 1004 2000 1069 (.llatth.
2035 1020 2104 1066 st,
2136 1002 2247 1072 29).
2279 1001 2530 1055 Invidiam
2553 1004 2713 1056 etiam
2737 1005 3017 1070 re~puatis,
3042 1001 3356 1058 charitatcm

1787 1096 2012 1148 imit'em
2045 1093 2302 1158 habeatis,
2335 1103 2389 1146 ct
2434 1108 2645 1162 semper
2686 1095 2752 1147 de
2784 1093 2961 1147 futuro
2990 1097 3183 1148 smculo
3210 1105 3263 1149 et
3293 1096 3356 1147 du

1783 1196 1981 1238 :clerna
2005 1185 2336 1239 beatitudine
2357 1185 2618 1252 cogitetis,
2645 1198 2706 1236 ac
2735 1184 2854 1252 plus
2882 1200 2978 1253 pro
3000 1185 3171 1238 anima
3196 1201 3352 1254 quant

1787 1291 1881 1344 pro
1913 1291 2140 1344 corpore
2170 1275 2438 1341 laboratis,
2473 1275 2594 1342 quia
2626 1290 2752 1328 care
2785 1292 2953 1343 pauco
2991 1286 3230 1344 tempore
3254 1279 3358 1330 erit

1785 1366 1836 1417 in
1864 1364 1965 1417 hoc
1995 1363 2213 1427 mundo,
2242 1366 2414 1416 anima
2445 1379 2588 1426 vero,
2619 1365 2661 1416 si
2693 1363 2827 1417 bene
2851 1366 2976 1432 agit,
3008 1366 3123 1420 sine
3149 1363 3252 1420 line
3275 1381 3356 1421 rc-

1785 1455 1965 1521 gnabit
1994 1455 2044 1506 in
2075 1443 2241 1515 cmlu;
2272 1463 2325 1506 at
2356 1455 2396 1506 si
2446 1454 2583 1508 male
2611 1455 2800 1522 egerit,
2831 1456 2945 1508 sine
2995 1455 3356 1509 misericordia

1785 1543 1992 1595 ardebit
2021 1543 2070 1595 in
2117 1541 2322 1596 inferno
2356 1562 2366 1593 :
2394 1544 2483 1611 qui
2518 1559 2644 1598 veto
2674 1558 2779 1597 non
2809 1544 3005 1610 cogitat
3035 1545 3134 1597 nisi
3161 1548 3226 1598 de
3255 1545 3357 1598 ista

1786 1641 2083 1727 ta.ntummo
2106 1634 2154 1684 '.o
2179 1635 2304 1695 vita,
2324 1632 2641 1686 animalibus
2663 1644 2716 1687 et
2738 1634 2918 1688 bestiis
2936 1634 3120 1688 similis
3144 1645 3164 1667 ⁸
3186 1633 3358 1687 factus

1785 1734 1886 1776 Cl.

1857 1815 1970 1869 Non
2003 1831 2130 1884 ergo
2161 1818 2309 1871 vobis
2333 1817 2550 1884 sufficit,
2579 1818 2902 1886 cbarissimi,
2933 1820 3075 1888 quod
3104 1819 3357 1872 Christia-

102 1921 254 1970 ri'ate
278 1926 393 1979 tua,
435 1916 542 1982 ipse
583 1915 785 1984 quidem
810 1913 863 1966 in
892 1912 1161 1981 iniquitate
1198 1927 1290 1964 sua
1335 1912 1597 1983 morietur,
1629 1923 1678 1962 tu
1712 1893 1756 1950 Β
1787 1924 1910 1962 nam
1943 1925 2136 1962 nomen
2168 1911 2471 1980 accepistis,
2501 1911 2546 1965 si
2573 1927 2734 1980 opera
2762 1910 3061 1964 Christiana
3092 1929 3197 1965 non
3229 1912 3360 1967 faci-

97 2023 268 2062 autein
317 2009 544 2061 animant
585 2016 725 2057 tuam
773 2002 1002 2056 liberaui
1033 2000 1246 2065 (Ezech.
1282 2017 1467 2063 sum,
1504 2000 1556 2065 8,
1597 2000 1675 2062 9;.

100 2098 163 2152 lit
219 2099 349 2154 illud
393 2117 408 2150 :
449 2097 663 2161 Clama,
718 2111 780 2147 ne
843 2109 1032 2157 cesses,
1085 2099 1134 2144 et
1189 2093 1440 2143 annuntio
1493 2097 1678 2160 papula

99 2208 210 2244 meo
265 2199 474 2260 peccata
531 2202 706 2240 rerum
755 2183 913 2252 (Ira.
971 2197 1129 2247 cvm,
1185 2179 1287 2251 l).
1335 2179 1680 2235 Considerate

97 2297 260 2352 ergo,
319 2281 540 2346 fratres,
607 2279 730 2347 quia
794 2283 1012 2345 Oportet
1071 2289 1158 2329 me
1209 2274 1328 2328 sine
1379 2273 1679 2338 cessatione

97 2383 309 2429 vestros
354 2371 565 2424 animos
621 2367 687 2421 ad
735 2363 1072 2421 tremendum
1128 2363 1219 2417 Dei
1272 2363 1566 2431 judicium,
1625 2371 1679 2416 et

97 2465 166 2520 ad
224 2460 638 2518 desiderandum
689 2460 909 2513 caeleste
955 2458 1233 2528 premium
1297 2448 1573 2519 excitare,
1622 2463 1680 2508 ut

93 2555 373 2611 vobiscum
422 2553 624 2623 pariter
679 2566 890 2606 merear
937 2550 990 2604 in
1047 2549 1359 2618 angelorum
1402 2547 1718 2603 consortio‘

97 2655 362 2716 perpetua
392 2658 526 2713 pace
549 2643 818 2710 gaudere:
852 2639 1082 2708 ideoque
1121 2654 1255 2708 rogo
1283 2650 1339 2692 ut
1366 2638 1507 2692 diem
1525 2637 1675 2705 judi-

95 2738 162 2792 cii
201 2750 416 2804 scalper
469 2727 894 2802 pertime'scatis,
937 2730 1077 2783 diem
1123 2729 1314 2784 mortis
1369 2736 1675 2797 suspectum

97 2828 338 2897 quotidie
381 2834 506 2881 ante
552 2825 740 2880 oculos
778 2825 1041 2881 habeatis.
1091 2823 1438 2879 Considerate
1489 2824 1676 2894 quales

97 2918 245 2974 eritis
273 2917 632 2987 presentandi
662 2916 1040 2986 conspectibus
1069 2912 1403 2986 angelorum,
1433 2916 1518 2970 vel
1545 2932 1676 2986 qua-

97 3013 200 3065 lem
227 3025 334 3079 pro
363 3008 569 3063 meritis
597 3008 1015 3065 vicissitudinem
1039 3007 1341 3078 recepturi,
1375 3015 1430 3063 et
1454 3009 1498 3063 si
1527 3017 1675 3078 pote

1785 2004 1851 2057 tis
1884 2022 1894 2055 :
1927 2002 1998 2056 illi
2036 2003 2176 2056 enim
2209 2003 2423 2072 prodest
2460 2007 2599 2072 quod
2627 2004 2960 2060 Christianus
2990 2019 3231 2074 vocatur,
3263 2009 3356 2078 qui

1781 2109 1993 2161 semper
2021 2093 2214 2148 Christi
2244 2102 2504 2162 praecepta
2549 2102 2605 2149 et
2647 2104 2831 2149 mente
2863 2099 3077 2159 retinet,
3109 2105 3358 2166 et‘opere

1779 2184 2006 2253 perﬁcit.
2029 2184 2117 2250 qui
2141 2183 2335 2238 furtum
2357 2185 2563 2240 scilicet
2589 2200 2692 2240 non
2714 2184 2854 2252 facit,
2879 2187 2968 2256 qui
2992 2186 3178 2241 falsum
3202 2188 3358 2242 testi-

1781 2275 2018 2327 inonium
2051 2289 2156 2327 non
2185 2275 2333 2342 dicit,
2367 2277 2457 2344 qui
2505 2292 2607 2331 nec
2650 2279 2926 2344 mentitur,
2956 2294 3055 2333 nec
3097 2278 3354 2348 perjurat,

1780 2364 2222 2435 qni'adulterium
2249 2381 2357 2420 non
2387 2369 2696 2435 committit,
2725 2369 2815 2436 qui
2857 2369 3058 2423 nullum
3084 2370 3355 2425 hominem

1781 2460 1916 2522 odit,
1939 2458 2044 2514 sed,
2061 2472 2248 2512 omnes
2270 2457 2409 2512 sicut
2435 2459 2780 2527 semetipsum
2802 2460 2990 2528 diligit,
3015 2462 3105 2529 qui
3128 2461 3358 2517 inimicis

1780 2551 1893 2605 suis
1920 2551 2115 2605 malum
2143 2567 2248 2605 non
2277 2549 2473 2618 reddit,
2504 2550 2596 2606 sed
2627 2553 2795 2620 magis
2817 2567 2914 2621 pro
2946 2554 3073 2622 ipsis
3101 2564 3242 2622 orat,
3264 2556 3358 2624 qui

1781 2640 1900 2694 lites
1931 2657 2036 2694 non
2079 2642 2336 2708 concitat,
2366 2641 2462 2696 sed
2502 2641 2776 2710 discordes
2799 2641 2864 2694 ad
2894 2643 3236 2697 concordiam
3266 2659 3356 2719 re-

1779 2738 1955 2785 vocat.
2006 2729 2129 2784 Ι]ωο
2167 2731 2308 2786 enim
2351 2740 2612 2800 precepta
2654 2731 2769 2800 ipse
2814 2732 3069 2787 Dominus
3109 2733 3356 2787 Christus

1779 2835 1875 2889 per
1904 2821 2251 2890 semetipsum
2297 2820 2543 2888 dignatus
2586 2831 2668 2876 est
2711 2823 2761 2875 in
2795 2824 3094 2891 Evangelils
3122 2825 3354 2886 uadere.

1777 2911 1959 2964 dicens
1991 2927 2005 2966 :
2037 2895 2159 2964 Non
2190 2911 2514 2964 Iwmlcidium
2547 2912 2725 2974 facies,
2758 2928 2858 2965 non
2889 2913 3222 2977 adulterabis,
3251 2931 3355 2969 non

1777 3008 1933 3072 facies
1957 3005 2170 3073 furtum,
2203 3020 2306 3057 non
2337 3003 2524 3074 falsum
2557 3013 2629 3056 tes
2655 3004 2900 3057 iazonium
2926 3005 3082 3066 dices,
3115 3021 3216 3059 non
3239 3023 3357 3074 per-

95 3101 212 3154 ritis
235 3100 296 3153 in
337 3098 430 3152 itlo
469 3097 557 3153 die
610 3098 870 3154 illibatum
901 3097 1101 3154 referre
1128 3098 1274 3168 quod
1319 3115 1370 3153 tu
1398 3098 1670 3168 baptismo
1767 3097 1992 3164 iurabis,
2021 3105 2070 3149 et
2099 3088 2331 3163 fraudem
2353 3111 2454 3149 non
2486 3095 2685 3164 feceris,
2713 3094 2930 3149 Honora
2950 3106 3148 3165 patrem
3174 3107 3221 3150 et
3244 3115 3355 3151 rua-

97 3187 440 3252 promisistis.
471 3173 792 3240 liementdte
832 3186 954 3257 quia
982 3195 1113 3263 tunc
1154 3184 1369 3256 pactum
1399 3203 1521 3242 cum
1556 3188 1670 3243 Deo

97 3277 319 3339 lecTstis,
349 3285 508 3344 atque
549 3277 927 3329 abrenuntiare
953 3292 1049 3330 vos
1077 3277 1310 3342 diabolo,
1340 3287 1397 3332 et
1425 3278 1673 3332 omnibus

97 3365 352 3434 operibus
379 3366 513 3433 ejus,
558 3366 608 3418 in
663 3365 780 3434 ipso
812 3365 1058 3434 baptismi
1107 3362 1446 3420 sacramento
1475 3369 1675 3435 promi-

95 3456 258 3510 sistis.
293 3454 393 3520 Qui
425 3456 618 3524 potuit,
646 3466 778 3509 tunc
803 3441 1041 3526 ipseper
1069 3471 1127 3510 se
1155 3467 1209 3511 et
1235 3472 1332 3526 pro
1359 3473 1418 3513 se
1447 3457 1562 3512 haec
1587 3473 1674 3513 re-

95 3546 347 3614 spondit;
394 3547 483 3614 qui
529 3562 653 3599 vero
692 3562 800 3600 non
851 3548 1045 3616 potuit,
1078 3547 1358 3617 lldejossor
1386 3564 1486 3618 pro
1514 3565 1580 3604 eo
1609 3550 1675 3604 ad

79 3638 212 3703 eius
245 3626 419 3696 vicem
451 3637 551 3690 ista
581 3636 689 3689 Deo
720 3637 982 3705 promisit,
1027 3637 1118 3692 ille
1163 3638 1369 3693 scilicet
1413 3640 1504 3709 qui
1551 3654 1675 3694 eam

47 3780 54 3786 .
95 3730 160 3782 de
197 3741 361 3782 sacro
389 3724 538 3781 l'onte
563 3717 820 3796 suscepit.
850 3727 1200 3782 Considerate
1225 3742 1354 3796 ergo
1394 3730 1552 3798 quale
1579 3745 1675 3799 pa-

93 3829 239 3871 ctum
288 3832 412 3871 cum
458 3816 568 3870 Deo
599 3817 822 3881 fecistis,
850 3825 904 3872 et
931 3819 1187 3886 requirite
1216 3821 1355 3888 apud
1383 3835 1478 3874 vos
1503 3820 1671 3889 ipsos,

95 3913 136 3964 si
190 3916 323 3980 post
368 3908 535 3978 ipsam
574 3908 982 3978 promissionem
1013 3923 1177 3979 opera
1220 3909 1432 3979 maligni
1454 3910 1677 3973 diaboli,

95 4003 178 4055 cui
225 4001 651 4062 renuutiavistis,
682 4000 854 4062 secuti
893 4002 1062 4067 estis;
1091 4000 1505 4056 abrenuntiastis
1535 4001 1676 4055 enim

95 4098 349 4158 diabolo,
379 4103 435 4149 et
461 4096 707 4150 omnibus
737 4094 944 4163 pompis
965 4103 1020 4147 et
1043 4095 1296 4164 operibus
1325 4095 1461 4162 ejus,
1489 4091 1542 4148 id
1572 4102 1674 4161 est,

95 4189 278 4252 idolis,
309 4185 563 4250 sortibus,
595 4184 848 4252 auguriis,
889 4183 1069 4248 furtis,
1117 4183 1412 4250 fraudibus,
1445 4184 1678 4240 fornica-

97 4274 358 4337 tionibus;
398 4272 768 4336 ebrietatibus,
811 4281 866 4328 et
891 4272 1222 4331 mendaciis:
1257 4273 1369 4328 btec
1397 4283 1520 4328 sunt
1549 4289 1677 4330 vero

99 4379 263 4431 opera
293 4371 347 4415 ct
376 4377 582 4432 pompae
605 4363 767 4430 ejus;
828 4362 1154 4431 promisistis
1173 4379 1205 4418 e
1232 4373 1417 4419 contra
1459 4366 1678 4421 credere

97 4455 308 4510 vnsxin
354 4451 521 4506 Deum
567 4449 777 4506 Patrem
822 4451 1268 4518 omnipotentem,
1307 4461 1369 4507 et
1412 4454 1465 4507 in
1495 4454 1675 4510 Jesum
1710 4487 1718 4494 -

99 4527 373 4612 Christiani
419 4541 606 4594 Filium
657 4540 772 4606 ejus
816 4539 1032 4608 unicum
1068 4534 1365 4593 Dominum
1413 4551 1672 4605 nostrum,

95 4641 422 4699 conceptum
459 4631 527 4684 de
553 4630 752 4700 Spiritu
788 4639 1002 4696 sancto,
1034 4638 1213 4684 natum
1251 4625 1319 4684 ex
1365 4629 1525 4684 Maria
1566 4633 1676 4685 vir-
1721 4635 1724 4638 ’

103 4727 248 4796 giae,
294 4737 508 4794 passum
537 4725 638 4777 sub
666 4721 856 4776 Pontio
887 4723 1076 4784 Pilato,
1126 4723 1284 4776 tertia
1313 4723 1400 4777 die
1443 4737 1680 4783 resurre-

103 4831 262 4870 xisse
290 4830 321 4868 a
365 4812 625 4879 mortuis,
677 4813 982 4868 ascendisse
1022 4812 1074 4865 in
1122 4814 1288 4869 cmlos
1317 4831 1332 4880 ;
1361 4805 1679 4883 precabistis

101 4904 302 4960 deinde
330 4903 552 4960 credere
578 4917 674 4956 vos
697 4909 754 4956 et
780 4901 836 4954 in
867 4899 1123 4970 Spiritum
1144 4910 1413 4968 sanctum,
1439 4913 1676 4958 sanctam

105 4994 405 5050 Ecclesium
458 4993 812 5056 catholicam,
867 4991 1238 5054 remissionem
1293 5000 1636 5058 peccatorum
1663 5034 1678 5057 ,

101 5081 285 5138 carnis
323 5085 797 5146 resurrectionem,
829 5090 884 5136 et
908 5081 1071 5136 vitam
1100 5091 1374 5136 aeternam.
1407 5078 1532 5135 Haec
1558 5097 1682 5150 pro-

101 5172 192 5228 cui
219 5171 386 5228 dubio
413 5172 595 5224 cautio
623 5170 964 5226 etconfessio
995 5179 1194 5236 vestra,
1217 5185 1376 5239 quam
1410 5181 1533 5224 tunc
1558 5187 1683 5240 pro-

107 5265 350 5325 misistis,
379 5275 587 5330 semper
615 5258 753 5329 apud
776 5259 944 5313 Deum
966 5268 1195 5324 tenetur,
1218 5270 1545 5331 quapropter
1567 5277 1682 5326 vos,

105 5341 429 5416 cbarissint‘i,
465 5339 668 5406 moneo
711 5361 769 5403 ut
807 5351 906 5404 ista
951 5347 1238 5410 confessio.
1277 5351 1362 5404 vel
1403 5353 1682 5414 promissio

105 5457 290 5501 vestra
335 5460 549 5512 semper
577 5445 628 5496 in
673 5453 850 5497 vestra
895 5450 1142 5496 teneatur
1182 5443 1457 5504 memoria,
1489 5450 1544 5494 et
1580 5443 1682 5496 hoc

107 5535 257 5606 quod
283 5534 566 5589 Cbrisdani
593 5531 877 5599 vocaniini,
910 5549 1016 5588 non
1045 5533 1110 5587 ad
1134 5533 1394 5602 judicium
1411 5532 1562 5586 vobis
1588 5535 1678 5596 sit,

107 5625 206 5681 sed
251 5625 432 5697 potius
476 5622 544 5676 ad
581 5622 896 5676 remedium.
927 5620 1060 5676 Nam
1092 5623 1213 5677 ideo
1234 5609 1524 5677 Christiani
1553 5622 1678 5677 facti
1699 5637 1714 5654 '

109 5718 264 5781 estis,
297 5724 356 5770 ut
378 5721 592 5780 semper
623 5698 792 5779 opera.
813 5709 1008 5764 Christi
1037 5709 1264 5773 faciatis,
1295 5713 1342 5764 ill
1373 5721 1475 5776 est,
1502 5719 1560 5780 ιιι
1590 5727 1677 5766 ca.

187 5863 212 5891 ³
239 5849 435 5905 Factus
462 5855 556 5902 cst.
585 5843 642 5899 In
671 5842 853 5898 codice
877 5835 932 5896 δ’.
968 5839 1099 5895 And.
1136 5857 1239 5896 non
1275 5841 1464 5914 lcgimr
1491 5845 1681 5916 factus.

1701 3235 1746 3295 C

1779 3193 1902 3238 trem
1931 3201 1947 3236 :
1976 3193 2023 3238 et
2046 3185 2226 3251 diliges
2246 3185 2535 3252 proximum
2556 3179 2696 3236 tuum
2722 3185 2848 3237 sicut
2872 3190 3106 3254 teipsum.
3131 3189 3149 3254 (
3159 3186 3353 3241 Matth.

1778 3291 1888 3340 six,
1920 3273 1986 3325 l8
2016 3275 2169 3342 seq.).
2204 3275 2288 3333 Et,
2321 3273 2670 3342 Quodcunque
2708 3275 2856 3327 ruitis
2895 3284 2950 3330 ut
2979 3277 3172 3344 feriant
3215 3283 3356 3335 vobis

1774 3366 2023 3427 hamum,
2056 3375 2105 3417 et
2152 3381 2235 3418 eos
2283 3366 2433 3432 facite
2478 3366 2549 3418 eis
2577 3362 2799 3432 (latth.
2831 3379 2931 3429 vn,
2965 3365 3089 3435 1‘2).
3124 3354 3246 3424 Hinc
3272 3381 3356 3425 est

1775 3458 1915 3512 enim
1944 3457 2028 3511 lex
2049 3464 2102 3511 et
2130 3456 2423 3526 prophetaz.
2449 3454 2515 3508 Et
2535 3455 2707 3510 adhuc
2728 3457 2810 3511 his
2837 3459 3058 3525 majora,
3083 3459 3176 3514 sed
3200 3461 3368 3516 valde—

1775 3547 1931 3601 fortia
1978 3555 2140 3614 atque
2188 3543 2458 3601 fructifera
2502 3546 2586 3600 bis
2629 3546 2779 3601 dedit
2819 3549 3087 3614 mandata,
3119 3549 3348 3606 dicens:

1776 3635 1989 3704 Ditigitc
2031 3635 2265 3687 inimicos
2315 3643 2527 3697 vestros,
2559 3635 2837 3703 benefaoite
2882 3637 2963 3690 Itis
3007 3640 3092 3706 qui
3133 3641 3352 3694 oderunt

1775 3740 1880 3778 vos.
1913 3719 2008 3787 Et,
2042 3722 2199 3776 Orate
2227 3740 2319 3792 pro
2347 3725 2776 3792 persequentibus,
2826 3737 2875 3779 et
2922 3730 3351 3786 calumniantibus

1777 3831 1860 3868 vos
1885 3813 2095 3883 (Matth.
2120 3829 2172 3876 ν,
2203 3811 2316 3882 44).
2352 3812 2488 3868 Ecce
2516 3812 2654 3868 forte
2687 3816 3018 3881 mandatum,
3051 3829 3105 3873 et
3142 3821 3353 3875 videtur

1778 3906 2081 3974 horninibus
2109 3906 2320 3972 durum,
2347 3907 2442 3961 sed
2481 3922 2728 3974 magnum
2765 3909 2977 3975 quidem
3027 3911 3188 3965 habet
3217 3929 3350 3980 pra:-

1777 3997 1982 4049 mium:
2018 3997 2197 4048 audite
2239 3999 2396 4063 qua'e
2428 3995 2540 4048 :tUt
2588 3998 2729 4060 sitis,
2757 3997 2984 4064 inquit,
3039 4001 3138 4069 ﬁlii
3187 4006 3351 4070 patris

1777 4088 1948 4152 vestri,
1979 4089 2063 4158 qui
2083 4089 2146 4140 in
2166 4088 2302 4140 ccclis
2326 4096 2400 4140 est
2430 4085 2589 4156 (Ibid.
2625 4105 2668 4140 u.
2702 4087 2735 4139 4
2774 4088 2812 4156 ).
2843 4089 2887 4142 υ
2911 4101 3107 4158 quanta
3135 4095 3303 4160 gratia
3331 4098 3350 4148 ι

1778 4192 1873 4247 per
1903 4194 2003 4234 nos
2043 4179 2182 4233 servi
2229 4177 2370 4244 digni
2421 4193 2525 4231 non
2554 4194 2758 4241 sumus,
2792 4188 2848 4233 et
2877 4196 2973 4249 per
3007 4184 3343 4239 inimicorum

1778 4269 2118 4323 dilectionem
2165 4267 2256 4320 lilii
2305 4267 2394 4321 Dei
2419 4257 2693 4321 elficitnur.
2742 4269 2868 4322 Ideo
2897 4287 3040 4339 ergo,
3075 4272 3264 4329 fratres
3294 4287 3349 4330 et
3414 4283 3415 4286 “

1780 4359 1978 4412 amicos
2007 4357 2203 4424 diligite
2234 4357 2284 4410 in
2318 4356 2500 4418 Deum,
2534 4368 2586 4408 et
2617 4357 2858 4414 inimicos
2886 4346 3088 4431 diligite
3131 4347 3365 4435 propter;

1785 4451 1945 4503 Deum
1967 4467 1981 4512 ;
2007 4448 2103 4510 Qui
2133 4449 2269 4501 enim
2283 4447 2452 4514 diligit
2483 4450 2792 4516 proximum,
2816 4453 2953 4506 sicut
2972 4453 3099 4510 dicit
3122 4459 3346 4526 Aposlo~
3406 4516 3416 4524 ,

1782 4540 1879 4599 ln~,
1920 4541 2083 4606 legem
2126 4538 2346 4606 implevit
2381 4537 2469 4608 (Π
2505 4555 2574 4603 ns,
2605 4555 2655 4593 st
2682 4557 2718 4606 t,
2748 4539 2834 4611 8).
2883 4543 3011 4598 Nam
3052 4530 3141 4613 qui
3189 4563 3344 4601 veras

1779 4628 2111 4682 Christianus
2152 4629 2262 4681 vult
2303 4644 2438 4692 esse,
2473 4630 2583 4684 haec
2629 4633 2675 4684 ei
2709 4646 2925 4685 necesse
2955 4642 3037 4686 est
3080 4645 3341 4706 praecepta

1781 4720 2084 4783 custodire;
2115 4719 2156 4772 si
2187 4720 2325 4772 enim
2347 4735 2453 4770 non
2477 4719 2726 4783 custodit,
2759 4722 2869 4789 ipse
2899 4734 2955 4776 se
2975 4724 3342 4779 circumvenit.

1779 4805 1871 4862 Ille
1901 4808 2078 4876 itaque
2105 4809 2272 4861 boans
2300 4806 2632 4860 Christianus
2653 4818 2754 4874 est,
2777 4812 2864 4878 qui
2897 4812 3038 4864 nulla
3070 4811 3344 4884 phylncte-

1780 4900 1857 4952 ria
1883 4897 1961 4952 vel
1987 4899 2384 4952 adinventioues
2407 4897 2602 4953 diaboli
2629 4901 2815 4962 credit,
2838 4903 2928 4955 Sed
2951 4916 3162 4956 omnem
3192 4922 3252 4974 sp
3290 4924 3340 4960 nt

1781 5005 1931 5043 suam
1963 4989 2015 5042 in
2045 4988 2159 5042 solo
2184 4987 2395 5041 Christo
2426 4989 2606 5057 ponit;
2639 4991 2728 5058 qui
2760 4991 3068 5058 peregrinos
3093 5002 3339 5061 tanquam

1782 5079 1951 5147 ipsum
1980 5074 2244 5128 Christum
2273 5091 2397 5130 cum
2427 5077 2623 5144 gaudio
2667 5079 2890 5146 suscipit
2916 5096 2931 5144 ;
2959 5081 3079 5148 quia
3112 5083 3224 5150 ipse
3263 5085 3347 5137 di-

1782 5176 1866 5221 cct
1886 5184 1899 5215 :
1922 5163 2118 5230 Hospes
2142 5165 2235 5234 fui,
2262 5174 2309 5217 et
2324 5167 2614 5234 suscepistis
2636 5182 2710 5218 me
2734 5165 2946 5230 (Matth.
2970 5185 3094 5233 xxv,
3123 5172 3231 5239 '55).
3256 5172 3311 5222 Et
3328 5207 3342 5226 .

1784 5258 2021 5320 Qszandiu
2071 5256 2257 5324 fecistis
2303 5256 2392 5307 uni
2436 5273 2499 5308 ea;
2547 5257 2765 5307 minimis
2808 5261 2950 5323 meis,
2984 5261 3103 5313 mihi
3152 5261 3337 5328 fecistis

1784 5346 1943 5418 (Ibid.
1977 5363 2023 5398 υ.
2054 5344 2166 5414 40).
2208 5342 2326 5409 llle,
2362 5345 2600 5412 inquam,
2653 5343 2821 5399 bonus
2863 5347 3193 5401 Christianus
3233 5359 3336 5412 est,

1782 5438 1870 5507 qui
1895 5436 2187 5504 hospitibus
2216 5434 2380 5508 pedes
2400 5435 2560 5496 lavat,
2585 5441 2637 5485 et
2659 5441 2908 5504 tanquam
2939 5446 3186 5505 parentes
3212 5441 3332 5490 cha-

1781 5527 2021 5581 rissimos
2064 5525 2262 5593 diligit;
2314 5525 2402 5592 qui
2444 5524 2591 5590 juxta
2632 5524 2776 5591 quod
2817 5527 2993 5588 labet,
3023 5528 3338 5594 pauperibus

1780 5619 2172 5690 eleemosynam
2199 5615 2418 5678 tribuit;
2449 5612 2535 5680 qui
2575 5613 2641 5664 ad
2683 5614 2964 5668 ecclesiam
3014 5615 3338 5690 frequentius

1780 5711 1948 5779 venit;
1974 5687 2029 5763 et
2057 5704 2377 5764 oblationem
2405 5717 2522 5772 qua:
2547 5702 2596 5758 in
2627 5705 2778 5758 altari
2812 5687 3335 5770 Dcootferatur,‘c;-
