3912 6338
104 444 199 499 519

1544 478 1555 493 ,
1604 430 1780 486 ῊΤΑτ

3204 444 3307 502 550
3329 472 3336 480 ·

101 538 381 613 inserviunt
410 573 423 606 2
450 551 627 607 nullus
648 551 750 605 sibi
787 556 1050 621 preponat
1068 548 1228 601 fatum
1256 546 1339 601 vel
1361 544 1647 608 fortunam,
1679 549 1729 607 Α
1756 553 1859 609 que
1891 539 2113 595 vicarius
2143 556 2409 610 recursus,
2449 557 2566 613 qua:
2593 544 2769 599 omnia
2811 546 3115 605 unitatenus
3159 568 3311 610 mens

98 656 184 702 aut
208 645 463 715 genesim,
492 642 637 711 quod
684 639 844 709 vulgo
870 638 1139 694 nascentia
1166 636 1377 701 dicitur,
1405 643 1466 689 ut
1488 634 1650 699 dicat,

97 737 301 807 qualem
340 733 614 791 nascentia
638 732 835 795 attulit,
862 729 1038 783 taliter
1063 727 1197 792 erit;
1224 726 1345 817 quia
1376 726 1663 817 Deusom-r

99 840 179 880 nes
200 826 424 880 homines
447 824 550 877 suit
574 823 739 875 salvos
765 820 909 888 ﬁeri,
925 828 975 872 et
1003 818 1070 871 ad
1096 816 1406 890 agnitionem
1432 815 1653 868 ueritatis

98 918 255 969 uenire
274 914 328 985 (1
355 914 487 967 Tim.
512 928 568 975 tt,
594 910 673 980 4),
704 918 866 977 atque
892 908 1068 962 omnia
1092 908 1143 961 in
1162 906 1423 976 sapientia
1444 904 1655 973 dispen-

95 1014 191 1068 sat,
220 1005 359 1059 sicut
386 1002 650 1070 disposuit
678 1007 801 1053 ante
822 997 1259 1053 constitutionem
1286 994 1487 1049 mundi.
1512 993 1653 1048 Prmo

97 1105 233 1149 terea
277 1094 489 1161 quoties
536 1092 714 1160 aliqua
768 1089 1050 1145 infirmitas
1094 1087 1495 1158 supervenerit,
1550 1102 1654 1140 non

94 1194 393 1253 quaerantur
438 1189 875 1253 praeantatores,
902 1195 1008 1234 non
1052 1178 1233 1239 divini,
1265 1192 1370 1231 non
1397 1176 1654 1243 sortilegi,

96 1290 197 1329 non
240 1275 441 1344 caragi,
482 1286 719 1342 necvper
765 1270 937 1324 fontes
967 1278 1057 1322 aut
1102 1268 1343 1329 arbores,
1370 1265 1454 1318 vel
1487 1264 1657 1319 bivios

96 1364 347 1418 dialmrrca
385 1362 708 1433 pbylacteria
750 1367 1133 1422 exerceantur;
1164 1356 1257 1410 sed
1290 1357 1380 1424 qui
1411 1363 1653 1425 mgrntat,

96 1455 145 1507 in
180 1454 295 1508 sola
326 1451 420 1506 Dei
462 1450 823 1505 misericordia
873 1447 1138 1519 conﬁdat,
1178 1456 1232 1501 et
1269 1444 1655 1499 Eucharistiam

92 1542 327 1610 corporis
354 1549 411 1596 et
457 1540 727 1610 sanguinis
756 1536 951 1592 Christi
980 1538 1102 1591 cum
1146 1535 1247 1589 fide
1278 1550 1339 1588 ac
1372 1534 1657 1590 devotione

95 1630 336 1701 accipiat,
374 1628 661 1696 oleumque
692 1626 1039 1683 benedictum.
1070 1624 1293 1679 fideliter
1322 1624 1389 1677 ab
1431 1622 1665 1679 ecclesia

93 1726 253 1788 petat,
301 1719 443 1773 unde
474 1733 669 1784 corpus
705 1732 856 1771 suum
888 1716 941 1769 in
984 1715 1199 1769 nomine
1238 1712 1430 1768 Christi
1475 1720 1654 1778 ungat,

93 1818 146 1862 et
181 1808 472 1864 secundum
516 1805 818 1873 apostolum
862 1803 1053 1881 oratio,
1088 1801 1209 1856 ﬁdei
1243 1801 1473 1857 salvabit
1510 1799 1656 1854 infir—

93 1914 250 1961 mum,
281 1907 337 1951 et
364 1896 616 1950 allevabit
642 1910 764 1949 eum
795 1894 1080 1957 Dominus;
1114 1900 1168 1948 et
1194 1908 1299 1947 non
1330 1893 1499 1947 solum
1528 1906 1650 1945 cor-
1682 1894 1729 1955 Β

91 1989 251 2055 poris,
283 1987 378 2041 sed
408 1988 570 2040 etiam
602 1986 792 2039 animm
823 1986 1107 2063 sanitatem
1153 1984 1396 2051 recipiet,
1425 1983 1655 2050 comple-

91 2078 329 2146 biturque
359 2078 411 2130 in
444 2076 534 2130 ilio
560 2076 703 2145 quod
734 2075 988 2130 Dominus
1012 2075 1063 2128 in
1092 2072 1374 2140 Evangelio
1397 2072 1655 2137 promisit,

95 2166 275 2221 dicens
318 2185 332 2218 :
378 2165 567 2219 Omnia
610 2167 746 2218 enim
795 2180 1103 2234 quacunque
1140 2164 1384 2228 petieritis
1432 2165 1484 2215 in
1537 2179 1654 2217 ora-

94 2260 227 2311 tione
245 2254 537 2321 credentes,
563 2256 818 2323 accipietis
860 2253 1078 2325 (Iacob.
1104 2270 1154 2321 v,
1186 2252 1283 2318 15;
1325 2252 1509 2307 Matth.
1545 2270 1653 2320 ut,

90 2344 214 2410 ῆι).

156 2435 293 2487 Ante
314 2430 491 2488 omnia
514 2431 835 2502 ubicumque
865 2431 1017 2497 estis,
1043 2433 1155 2485 sive
1180 2432 1231 2486 in
1263 2432 1441 2497 domo,
1467 2433 1579 2487 sive
1606 2432 1657 2486 in

88 2525 294 2589 itinere,
329 2524 443 2577 sive
471 2524 525 2576 in
566 2521 834 2584 convivio,
875 2521 1036 2576 verba
1078 2522 1247 2590 turpia
1294 2530 1350 2574 et
1393 2521 1657 2575 luxuriosa

91 2615 251 2668 nolite
290 2630 357 2667 ex
388 2628 482 2666 ore
509 2620 688 2666 vestro
718 2611 979 2679 proferre,
1010 2611 1133 2680 quia
1162 2611 1301 2664 sicut
1322 2609 1575 2664 Dominus
1605 2611 1657 2664 in

90 2703 380 2769 Evangelio
430 2702 793 2769 praenuntiat:
826 2700 903 2753 De
951 2701 1089 2755 omni
1135 2700 1279 2753 verbo
1326 2701 1487 2753 otioso
1526 2701 1658 2769 quod

91 2793 244 2846 locuti
277 2793 472 2859 fuerint
493 2791 731 2844 homines
750 2808 902 2859 super
931 2801 1139 2851 terram,
1159 2790 1383 2867 reddent
1408 2792 1659 2844 rationem

97 2886 145 2935 in
167 2883 451 2953 Δία]υᾶάᾶ
478 2881 691 2952 (Matth.
717 2898 810 2947 an,
833 2881 944 2946 '56).
971 2881 1145 2936 Ludos
1164 2882 1324 2936 etiam
1346 2881 1658 2949 diabolicos,

96 2985 151 3028 et
177 2975 203 3002 ⁸
230 2975 565 3035 vallationes,
597 2976 681 3028 vel
727 2977 931 3029 cantica
961 2976 1233 3043 gentilium
1288 2975 1398 3027 lieri
1451 2984 1659 3041 vetate;

96 3065 271 3125 nullus
298 3066 415 3125 bare
452 3065 787 3125 Christianus
820 3074 1089 3136 exerceat.
1126 3067 1247 3142 quia
1279 3080 1367 3141 per
1410 3066 1538 3127 haec.
1564 3082 1661 3142 pa-

93 3181 258 3229 ganus
285 3164 546 3229 eﬂtcitur;
582 3178 681 3217 nec
708 3164 846 3217 enim
874 3164 1071 3229 justum
1098 3174 1181 3218 est
1212 3172 1267 3218 ut
1293 3178 1359 3217 ex
1389 3180 1482 3241 ore
1507 3162 1661 3218 Chri-

87 3256 281 3319 stiano,
314 3255 409 3307 ubi
456 3263 791 3307 sacramenta
842 3253 1040 3307 Christi
1084 3255 1388 3323 mittuntur,
1429 3264 1482 3310 et
1518 3257 1658 3326 quod
1687 3246 1728 3304 (ἶ

90 3343 243 3396 decet
275 3342 443 3397 Deum
491 3355 707 3411 semper
741 3341 977 3407 laudare,
1010 3346 1218 3398 cantica
1246 3344 1507 3401 diabolica
1535 3361 1660 3415 pro-

88 3433 280 3486 cedant
312 3448 327 3485 :
363 3432 621 3501 ideoque,
656 3432 865 3500 fratres,
894 3447 1081 3488 omnes
1127 3433 1529 3491 adinventioues
1556 3434 1658 3489 ini-

88 3521 211 3577 tnici
241 3528 357 3576 toto
400 3519 565 3575 corde
619 3521 877 3589 respuite,
921 3528 977 3574 et
1026 3521 1329 3590 supradicta
1382 3522 1658 3591 sacrilegia

88 3626 209 3664 cum
236 3612 384 3665 omni
414 3609 639 3665 horrore
668 3608 850 3676 fugite.
879 3609 1013 3662 Nulli
1042 3619 1300 3664 creatura:
1326 3618 1519 3679 praeter
1549 3612 1658 3667 Deo

91 3712 143 3755 et
166 3702 370 3756 sanctis
399 3698 513 3767 ejus
542 3698 940 3753 venerationem
977 3698 1275 3753 exbibeatis
1308 3716 1323 3753 :
1356 3699 1529 3753 fontes
1573 3701 1659 3754 vel

90 3792 329 3856 arbores,
359 3805 496 3860 quos
520 3806 707 3847 sacros
733 3797 946 3858 vocant,
975 3792 1261 3857 succidite;
1293 3794 1483 3863 pedum
1510 3795 1659 3855 simi-

90 3880 362 3943 litudines.
394 3897 530 3952 quos
558 3897 657 3952 per
690 3882 831 3937 bivia
860 3891 1093 3963 ponunt,
1113 3882 1224 3938 lieri
1266 3892 1463 3953 vetate,
1487 3892 1538 3939 et
1570 3886 1657 3940 ubi

88 3970 417 4035 inveneritis,
465 3972 572 4041 igni
606 3964 842 4025 cremato
872 3988 885 4023 :
920 3986 1015 4040 per
1058 3972 1255 4025 nullam
1291 3972 1448 4026 aliam
1489 3984 1656 4027 artem

84 4058 277 4114 salvari
306 4074 408 4114 vos
427 4059 676 4121 credatis,
700 4060 799 4113 nisi
825 4074 920 4130 per
948 4060 1341 4141 invocationem
1370 4070 1425 4117 et
1445 4077 1655 4119 crucem
1695 4101 1699 4105 ς

85 4152 300 4206 Christi.
350 4150 485 4205 Nam
531 4151 661 4206 illud
692 4153 851 4221 quale
892 4161 992 4217 est,
1024 4154 1165 4223 quod
1211 4156 1255 4209 si
1285 4156 1503 4213 arbores
1532 4159 1655 4227 illm,

86 4240 169 4293 ubi
198 4240 389 4295 miseri
416 4241 661 4296 homines
688 4251 814 4297 vota
842 4242 1088 4309 reddunt,
1121 4245 1431 4312 ceciderint,
1464 4263 1564 4303 nec
1589 4263 1657 4303 ex

85 4333 159 4384 eis
196 4331 339 4399 ligna
392 4332 459 4385 ad
500 4332 679 4388 focum
708 4335 809 4388 sibi
840 4335 1117 4390 deferunt?
1155 4337 1219 4390 Et
1256 4338 1431 4394 videte
1458 4348 1655 4409 quanta

83 4423 299 4479 stultitia
329 4434 421 4479 est
443 4424 742 4494 hominum,
767 4426 813 4478 si
833 4427 1009 4480 arbori
1038 4427 1329 4485 insensibili
1355 4437 1407 4484 et
1434 4440 1655 4486 mortute

86 4512 342 4567 honorem
393 4514 734 4583 impendunt,
780 4526 833 4569 et
863 4515 954 4570 Dei
983 4518 1360 4586 omnipotentis
1387 4529 1650 4590 praecepta

84 4610 454 4657 contemnunt.
480 4602 595 4657 Non
627 4617 755 4671 ergo
781 4604 1005 4669 ccelum,
1035 4622 1139 4661 non
1185 4608 1378 4673 sidera,
1408 4623 1514 4663 non
1545 4618 1653 4663 ter-
1679 4595 1730 4655 Ῑ)

85 4708 228 4760 ram,
278 4709 384 4749 nec
423 4695 584 4748 ullam
629 4694 850 4749 omnino
896 4706 1197 4763 creaturam
1242 4708 1435 4769 praeter
1483 4700 1650 4757 Deum

84 4783 221 4839 ullus
244 4783 575 4838 adorandam
602 4783 809 4852 credat,
840 4787 962 4855 quia
993 4789 1170 4841 omnia
1199 4788 1311 4857 ipse
1345 4790 1490 4844 solus
1517 4808 1651 4847 con-

84 4872 213 4928 didit
234 4881 405 4945 atque
442 4874 721 4943 disposuit.
754 4875 930 4930 Altum
960 4878 1174 4945 quidem
1219 4887 1303 4933 est
1330 4882 1545 4947 caelum,
1574 4882 1654 4937 in-

84 4977 213 5029 gens
255 4971 428 5031 terra,
473 4964 791 5019 immensum
836 4980 1003 5031 mare,
1050 4967 1270 5036 pulchra
1314 4969 1519 5035 sidera,
1558 4974 1653 5028 sed

86 5050 399 5107 immensior
420 5059 475 5105 et
498 5052 769 5121 pulchrior
802 5056 872 5109 sit
898 5070 1118 5111 necesse
1145 5066 1228 5111 est
1248 5057 1337 5128 qui
1364 5058 1476 5115 hmc
1499 5076 1651 5116 crea-

84 5142 189 5205 vit;
226 5141 275 5195 si
308 5140 455 5194 enim
487 5140 599 5194 hmo
624 5155 743 5211 quae
773 5140 1016 5195 videntur
1043 5150 1151 5197 tam
1198 5146 1652 5216 incomprehensi-

82 5230 207 5286 bil'a
241 5239 391 5294 sunt,
438 5230 489 5285 id
532 5239 636 5297 cst,
675 5231 807 5289 varii
852 5241 1006 5285 teme
1053 5231 1271 5301 fructus,
1320 5237 1652 5305 pulchritudo

86 5320 303 5385 norum,
335 5320 618 5375 diversitas
646 5335 946 5391 pomorum,
969 5336 1163 5391 genera
1192 5325 1521 5393 animalium,
1550 5328 1651 5383 alia
1727 5350 1731 5353 ί

85 5422 246 5478 super
273 5415 496 5471 terram,
523 5409 629 5462 alia
658 5410 708 5463 in
743 5412 914 5479 aquis,
942 5413 1043 5483 alia
1070 5414 1122 5467 in
1152 5428 1298 5482 aere,
1328 5429 1486 5484 apum
1512 5431 1652 5485 quo-

87 5519 193 5572 que
214 5502 523 5575 prudentia,
541 5512 817 5559 ventorum
849 5504 1024 5568 Datus,
1057 5507 1276 5561 nubium
1307 5522 1477 5573 rores,
1510 5510 1650 5564 toni-

85 5604 325 5651 truorum
351 5594 614 5664 fragores,
647 5604 939 5667 temporum
969 5597 1118 5658 vices.
1144 5599 1348 5654 dierum
1386 5604 1650 5657 noctium-

136 5690 186 5800 ἰ-
214 5726 561 5800 Vangiones.
595 5725 849 5800 Acherius
875 5735 1021 5782 recte
1060 5736 1242 5783 monet
1272 5729 1370 5798 legi
1396 5742 1645 5800 oportere

86 5794 409 5865 bellationes,
438 5797 544 5852 hoc
564 5802 651 5850 est
673 5794 998 5850 saltationes.

1752 629 1980 683 humana
2010 640 2184 698 potest
2212 633 2561 689 :nstimatione
2589 636 3039 705 comprehendere
3070 660 3079 693 :
3110 642 3153 695 si
3183 658 3310 710 ergo

1753 716 1864 771 haec
1892 716 2015 772 talia
2040 729 2195 785 sunt,
2227 736 2343 788 quae
2372 722 2634 789 videmus,
2661 732 2715 777 et
2741 724 3040 781 nullatenus
3066 742 3309 799 compre-

1751 807 2055 875 hendimus,
2092 812 2267 880 qualia
2297 813 2604 867 aestimanda
2642 825 2765 869 sunt
2794 815 2881 869 illa
2908 817 3160 884 cmlestia,
3192 821 3311 889 qua:

1752 896 1988 951 nondum
2014 899 2283 953 videmus?
2313 900 2403 954 Vel
2427 901 2598 970 qualis
2627 901 2814 957 horum
2846 907 3079 960 omnium
3109 909 3307 977 opifex,

1754 984 1907 1053 cujus
1945 994 2074 1040 nutu
2097 996 2282 1041 cuncta
2308 998 2484 1043 creata
2509 999 2655 1059 sunt,
2684 992 2837 1061 cujus
2865 1002 2921 1049 et
2948 996 3163 1050 arbitrio
3190 1014 3307 1052 om-

1756 1075 1842 1129 nia
1879 1075 2272 1144 gubernantur?
2314 1079 2461 1134 Illum
2500 1096 2644 1149 ergo,
2691 1068 2899 1151 fratres,
2946 1100 3106 1155 super
3133 1090 3307 1143 omnia

1756 1164 1958 1230 timete,
1987 1166 2132 1220 illum
2163 1169 2299 1223 inter
2325 1169 2500 1223 omnia
2526 1171 2762 1237 adorato,
2795 1172 2941 1229 illum
2968 1177 3103 1231 ultra
3134 1182 3309 1233 omnia

1755 1264 1947 1318 amate,
1992 1255 2058 1310 ad
2090 1256 2228 1312 illius
2272 1273 2366 1313 vos
2408 1259 2823 1317 misericordiam
2864 1273 3061 1335 tenete,
3088 1268 3156 1325 de
3198 1270 3311 1339 ejus

1752 1340 2037 1399 clementia
2065 1361 2330 1417 nunquam
2358 1348 2657 1420 desperate.

1823 1470 1966 1537 Quos
2003 1473 2174 1547 bonos
2212 1478 2424 1547 videtis,
2474 1482 2593 1539 iilos
2637 1485 2945 1555 imitamini;
2974 1507 3107 1559 quos
3144 1496 3312 1551 malos

1754 1564 2080 1633 conspicitis,
2110 1569 2365 1639 castigate
2390 1579 2445 1625 et
2471 1576 2739 1645 corripite,
2776 1589 2832 1633 nt
2869 1581 3130 1649 duplicent
3172 1600 3311 1639 mer-

1755 1651 1939 1705 cedem
1986 1652 2186 1711 habere
2235 1659 2470 1727 possitis.
2519 1661 2584 1715 Et
2626 1666 2714 1734 qui
2753 1666 3010 1725 hactenus
3036 1673 3255 1727 idoneus
3282 1690 3313 1728 a

1754 1742 2073 1809 supradictis
2101 1745 2251 1801 malis
2285 1748 2481 1805 vixisse
2525 1754 2879 1822 cognoscitur,
2916 1757 3159 1826 gaudeat
3196 1765 3313 1830 qui-

1756 1828 1898 1892 dem,
1927 1840 1982 1885 et
2008 1830 2116 1887 Deo
2157 1837 2356 1902 gratias
2383 1848 2525 1906 agat,
2552 1854 2615 1895 ac
2655 1841 2722 1897 de
2748 1853 2943 1899 caetero
2972 1828 3235 1914 observet,
3264 1862 3316 1906 ct

1756 1931 2098 1987 perseverare
2150 1923 2201 1976 in
2252 1924 2402 1980 bonis
2448 1930 2695 1998 operibus
2741 1932 2999 1992 festinet:
3040 1942 3129 2008 qui
3188 1960 3317 1999 veru

1759 2024 1924 2079 usque
1971 2027 2113 2069 nunc
2150 2016 2287 2070 mala
2334 2034 2498 2088 opera
2534 2026 2793 2093 exercuit,
2821 2029 2928 2083 cito
2966 2046 3024 2086 se
3066 2012 3313 2103 corrigat,

1758 2110 1811 2153 et
1839 2116 1901 2155 ex
1934 2112 2047 2158 toto
2074 2105 2233 2161 corde
2262 2109 2621 2176 pcenitentiam
2650 2124 2771 2183 agat
2800 2128 3082 2187 antequam
3125 2124 3189 2179 de
3217 2126 3316 2182 hac

1759 2191 1876 2247 luce
1902 2194 2165 2263 discedat;
2194 2200 2316 2268 quia
2344 2201 2388 2255 si
2403 2202 2517 2258 sine
2542 2206 2851 2273 paenitentia
2873 2222 3115 2268 mortuus
3138 2213 3314 2284 fuerit,

1759 2295 1863 2333 non
1906 2283 2000 2336 ibit
2030 2287 2057 2323 δ
2082 2287 2135 2340 in
2182 2288 2641 2359 redemptionem,
2681 2296 2773 2351 sed
2824 2301 3233 2370 prmcipitabitur
3266 2307 3315 2361 in

1758 2370 2051 2435 gehennam
2082 2375 2241 2443 ignis,
2274 2378 2413 2433 unde
2441 2396 2709 2451 nunquam
2738 2388 2882 2442 exiet
2918 2390 2969 2444 in
2999 2394 3189 2447 scrcula
3221 2412 3317 2449 sse-

1761 2460 2017 2518 culorum.
2052 2466 2389 2537 Quapropter
2429 2486 2616 2527 omnes
2656 2474 2923 2545 alloquor,
2954 2482 3078 2535 viris
3121 2486 3319 2553 pariter

1761 2560 1815 2606 et
1841 2551 2051 2612 feminis
2075 2557 2213 2623 dico,
2245 2561 2475 2630 corrigat
2501 2577 2561 2619 se
2587 2569 2965 2640 unusquisque,
2990 2581 3044 2625 et
3073 2551 3196 2627 vitia
3224 2592 3317 2631 sua

1760 2642 1881 2735 dum
1912 2656 2087 2713 potest
2116 2651 2380 2719 emendet,
2413 2656 2553 2714 mala
2590 2673 2753 2728 opera
2799 2676 2914 2729 quae
2960 2666 3120 2733 gessit
3150 2672 3318 2735 pugni-

1762 2732 1921 2787 tendo
1950 2736 2143 2804 expiet.
2179 2737 2361 2796 Nullus
2398 2758 2457 2797 se
2496 2746 2739 2813 inebriet,
2774 2751 2945 2807 nullus
2972 2732 3038 2808 in
3077 2732 3318 2813 convivio

1757 2837 1862 2914 suo
1886 2833 2040 2892 cogat
2068 2826 2228 2881 alium
2257 2830 2376 2899 plus
2401 2832 2582 2889 bibere
2599 2850 2759 2904 quam
2790 2851 3022 2913 oportet,
3052 2846 3174 2914 quia
3198 2848 3318 2903 vino

1763 2913 1927 2969 multo
1970 2914 2177 2973 deditos
2218 2920 2564 2980 vehementer
2605 2926 2890 2997 Apostolus
2934 2923 3204 3003 redarguit
3240 2938 3317 2993 di-

1763 3016 1887 3059 cens
1921 3022 1935 3059 :
1967 3004 2144 3075 Neque
2174 3010 2359 3065 ebriosi
2387 3030 2598 3085 regnum
2630 3016 2725 3075 Dei
2761 3021 3086 3088 possidebunt
3110 3025 3159 3093 (I
3192 3025 3315 3082 Cor.

1762 3108 1831 3153 η.
1860 3093 1965 3153 10).
2004 3096 2185 3158 Nullus
2226 3101 2313 3159 vel
2335 3103 2386 3159 iu
2417 3106 2653 3180 qualibet
2684 3110 2895 3168 minima
2937 3128 3095 3172 causa
3124 3117 3315 3175 diaboli

1762 3200 2013 3258 sequatur
2056 3194 2457 3252 adinventiones
2490 3216 2503 3252 :
2532 3200 2737 3266 nullus,
2787 3204 2926 3258 sicut
2974 3207 3169 3263 dictum
3217 3220 3317 3278 est,
3356 3272 3359 3273 ν

1762 3282 2011 3337 observet
2048 3285 2325 3352 egrediens
2362 3296 2455 3342 aut
2482 3290 2784 3360 ingrediens
2822 3295 3036 3350 domum
3066 3303 3189 3369 quid
3218 3304 3317 3359 sibi

1757 3383 2026 3442 occurrat,
2056 3376 2149 3430 vei
2168 3377 2211 3431 si
2237 3379 2411 3447 aliqua
2439 3397 2543 3435 vox
2569 3378 3032 3453 reclamantisliat,
3061 3400 3153 3445 aut
3179 3407 3314 3462 qua-

1756 3466 1822 3520 lis
1860 3468 1973 3521 avis
2017 3479 2204 3524 cantus
2242 3472 2458 3538 garriat,
2508 3475 2589 3529 vel
2638 3478 2763 3545 quid
2812 3480 2970 3535 etiam
3014 3466 3312 3552 portantem

1754 3552 1963 3617 videat;
1993 3554 2116 3621 quia
2145 3556 2235 3624 qui
2270 3558 2383 3612 hate
2412 3559 2679 3629 observat,
2712 3579 2773 3618 er
2804 3575 2953 3635 parte
2978 3585 3210 3639 paganus
3236 3574 3319 3629 dio

1754 3644 2057 3711 gnoscitur;
2090 3646 2178 3716 qui
2215 3661 2344 3704 vero
2372 3650 2483 3705 lucc
2520 3654 2830 3721 contemnit,
2872 3657 2969 3711 sibi
3004 3662 3312 3734 prophetam

1755 3733 2051 3800 gratuletur
2091 3736 2323 3793 clamare
2354 3757 2367 3792 :
2401 3737 2588 3795 Beatus
2616 3744 2691 3797 vir
2720 3746 2864 3815 cujus
2893 3758 2965 3801 est
2995 3766 3173 3805 nomen
3203 3754 3309 3808 Do-

1756 3826 1881 3877 mini
1905 3843 2020 3895 spes
2045 3830 2193 3898 ejus;
2223 3832 2307 3896 qui
2337 3848 2437 3887 non
2466 3836 2686 3904 respexit
2723 3838 2776 3891 in
2821 3840 3067 3895 vanitates
3094 3851 3141 3896 et
3181 3845 3317 3901 insa-

1756 3917 1869 3967 nias
1898 3917 2060 3985 falsas
2090 3916 2258 3988 (Psal.
2292 3938 2471 3987 χχιιι,
2506 3922 2579 3994 5).
2609 3923 2744 3981 Hinc
2764 3936 2826 3983 et
2872 3930 3157 4001 Apostolus
3201 3952 3316 3992 mo-

1742 4011 1845 4073 _net
1879 4024 1888 4054 :
1925 4003 2131 4070 Omnes,
2164 4007 2351 4078 inquit,
2398 4013 2725 4087 quodcunque
2770 4019 2966 4087 facitis,
3014 4024 3065 4075 in
3115 4026 3314 4078 nomine

1756 4090 1964 4148 Domini
1993 4086 2152 4151 nostri
2190 4097 2311 4153 Iesu
2337 4098 2526 4154 Christi
2561 4086 2713 4175 facite
2743 4106 2875 4177 (qu.
2909 4124 2985 4172 ιιι,
3022 4111 3129 4181 i7).
3159 4111 3314 4168 Pror-

1755 4195 1843 4235 sus
1867 4196 1993 4251 ergo
2037 4186 2388 4240 recedendum
2418 4198 2499 4244 est
2534 4204 2564 4244 a
2592 4195 2800 4250 cunctis
2829 4196 3190 4264 hujuscemodi
3218 4204 3314 4256 ob-

1755 4274 2163 4341 servationibus,
2196 4278 2552 4336 mathematici
2592 4286 2896 4353 spernendi,
2926 4289 3144 4357 auguria
3176 4290 3313 4345 bor-

1755 4364 2049 4432 tescenda,
2102 4370 2307 4423 somnia
2362 4374 2787 4441 contemnenda,
2836 4376 3122 4444 quoniam,
3177 4378 3315 4434 sicut

1754 4453 2309 4529 Scripturatestatur,
2339 4475 2472 4515 vana
2513 4473 2655 4518 sunt.
2698 4462 2846 4519 Unde
2874 4473 2928 4519 et
2954 4481 3047 4536 per
3076 4467 3310 4539 Moysen:

1756 4548 2056 4619 prmcipitur
2084 4566 2095 4600 :
2131 4547 2255 4602 Non
2285 4552 2689 4621 augurabimini,
2721 4554 2921 4623 inquit,
2949 4572 3049 4609 nec
3079 4555 3312 4612 observa-

1754 4635 1869 4690 bitis
1901 4640 2126 4704 somnia,
2158 4655 2314 4710 neque
2341 4643 2407 4694 ad
2435 4658 2609 4714 magos
2637 4645 2954 4699 declinabitis
2974 4646 3168 4715 (Levit.
3198 4665 3307 4710 xIx,

1755 4726 1864 4797 26).
1886 4728 2109 4799 Oportet
2130 4730 2286 4799 igitur
2310 4727 2443 4787 utet
2468 4747 2560 4788 vos
2583 4733 2697 4788 bmc
2726 4743 2833 4789 tota
2858 4744 3036 4793 mente
3062 4738 3311 4796 observe-

1754 4820 1843 4886 tis,
1876 4827 1930 4874 et
1963 4821 2006 4875 si
2035 4835 2171 4890 quos
2197 4824 2515 4892 cognoscitis
2544 4826 2627 4880 vel
2669 4826 2876 4884 occulte
2910 4827 3084 4903 aliqua
3126 4832 3310 4904 phjla-

1756 4915 1928 4972 cteris
1948 4933 2221 4987 exercere,
2243 4920 2455 4989 expedit
2480 4928 2536 4975 ut
2563 4937 2663 4979 nec
2689 4925 2861 4981 cibum
2888 4940 3012 4983 cum
3040 4930 3117 4983 eis
3136 4944 3307 4985 suma.

1756 5008 1842 5073 tis,
1873 5023 2046 5078 neque
2071 5009 2233 5063 ullum
2261 5012 2585 5067 consortium
2628 5015 2765 5084 apud
2794 5031 2887 5072 eos
2913 5020 3169 5079 habeatis.
3205 5022 3307 5078 lsta

1754 5111 1881 5167 ergo
1909 5101 2085 5154 omnia
2110 5108 2419 5169 spernentes
2437 5099 2627 5161 ad’Dei
2651 5120 2744 5162 vos
2771 5109 3021 5165 auxilium
3044 5110 3305 5179 conferte,

1752 5192 1819 5247 de
1846 5193 1961 5261 ejus
1989 5193 2351 5251 misericordia
2380 5211 2649 5267 nunquam
2679 5197 2977 5269 desperate.

1818 5322 1973 5377 Omni
1996 5325 2101 5379 diei
2147 5326 2422 5383 Dominico
2445 5329 2517 5383 ad
2560 5328 2855 5384 ecclesiam!
2895 5332 3198 5397 convenite,
3249 5345 3303 5388 ct

1751 5415 1822 5469 ibi
1842 5431 1947 5470 non
1971 5431 2181 5483 causas,
2214 5433 2319 5473 non
2350 5419 2509 5481 rixas,
2534 5418 2618 5473 vel
2644 5420 2845 5475 otiosas
2878 5421 3084 5477 fabulas
3111 5424 3300 5491 agatis,

1750 5505 1842 5559 sed
1869 5505 2125 5561 lectiones
2147 5508 2349 5563 divinas
2374 5524 2493 5563 cum
2516 5508 2735 5563 silentio
2759 5512 3079 5568 auscultate:
3121 5523 3173 5567 et
3206 5529 3302 5580 pro

1750 5608 1881 5662 pace
1910 5594 2175 5661 Ecclesia,
2208 5598 2289 5653 vel
2340 5611 2438 5667 pro
2466 5599 2699 5665 peccatis
2724 5602 2914 5655 vestris
2952 5609 3102 5655 orate
3148 5619 3159 5654 :
3208 5606 3300 5672 qui
3374 5600 3375 5603 “

1820 5730 1845 5768 δ
1877 5732 1942 5806 l_n
1985 5732 2395 5806 (denuntiatum.
2430 5731 2624 5806 Codex
2664 5734 2718 5788 S.
2750 5733 2915 5806 Δηὼ,
2957 5736 3008 5788 in
3058 5736 3277 5806 requiem

1749 5801 2053 5869 quzelecliu
2081 5801 2258 5855 nescio
2287 5814 2353 5855 an
2385 5816 2491 5857 non
2521 5802 2693 5873 aptior
2716 5804 2804 5856 sit.
