3934 6228
576 378 671 434 551

1759 377 1816 431 s.
1862 354 2062 429 sucu
2100 367 2373 423 novlon.
2415 368 2624 426 EPlSC.

3688 370 3805 428 532

557 503 697 557 enim
727 498 779 554 in
804 494 1044 554 ccclesiis
1072 492 1294 549 fabulari
1324 507 1430 547 non
1478 492 1647 555 timet,
1673 498 1700 527 ι
1724 497 1777 543 et
1808 502 1901 557 pro
1946 502 2026 553 se,
2057 492 2107 537 et

2216 482 2495 547 immittet;
2543 482 2707 537 nolite
2753 496 2851 551 pro
2906 483 3008 539 hoc
3046 479 3353 553 desperare,
3383 486 3508 555 quia
3562 486 3630 541 ad
3683 502 3797 543 vos

562 608 653 661 pro
710 589 828 644 aliis
869 586 1168 642 redditurus
1203 593 1286 639 est
1334 582 1623 644 rationem,
1673 579 1799 634 dum
1852 593 1951 632 nec
2002 576 2116 648 ipse

562 680 774 734 verbum
806 676 897 730 Dei
923 675 1091 743 audit,
1121 689 1220 728 nec
1246 674 1380 726 alios
1408 673 1592 726 audire
1614 670 1870 739 permittit
1902 686 1913 720 :
1947 666 2015 721 de
2045 674 2116 720 ta-

560 772 691 824 tibus
713 767 912 837 quippe
947 765 1200 819 Dominus
1237 764 1288 817 in
1311 761 1598 830 Evangelio
1625 760 1753 814 dicit
1782 777 1795 811 :
1840 758 1929 812 Vw
1951 754 2114 819 vobis,

557 859 847 929 hypocrita,
889 845 1240 925 qniclwuditis
1286 868 1495 923 regnum
1533 851 1774 904 calorum
1796 858 1915 901 ante
1944 848 2119 901 homi-

555 967 641 1003 nes
666 964 687 1006 :
716 947 801 1002 vos
822 956 825 957 '
849 963 951 1001 non
980 946 1223 1010 introitis,
1251 960 1342 997 nec
1369 945 1683 997 introeuntes
1713 942 1882 995 sinitis
1918 941 2117 992 intrare

554 1038 765 1115 (Matth.
795 1051 954 1100 xxiii,
978 1035 1086 1103 1‘5).
1113 1033 1330 1088 Iudices
1358 1034 1519 1089 etiam
1545 1034 1635 1101 qui
1657 1028 1915 1100 prmestis,
1935 1027 2120 1096 justis-

550 1124 957 1196 sime'judicate,
976 1124 1106 1179 nihil
1136 1124 1187 1177 in
1206 1122 1409 1193 judicio
1441 1124 1638 1190 injuste
1660 1122 1850 1189 agatis,
1884 1134 1981 1174 nec
2009 1134 2121 1173 mu-

551 1234 681 1273 nera
708 1232 870 1286 super
897 1212 1210 1271 innocentes
1251 1213 1561 1289 accipiatis;
1593 1227 1699 1265 non
1738 1211 1802 1264 ad
1833 1224 2118 1280 personam

550 1308 855 1370 attendatis,
887 1321 987 1362 nec
1011 1321 1101 1361 res
1128 1305 1336 1360 alienas
1360 1304 1387 1342 ι’
1415 1304 1683 1373 rapaciter
1724 1301 1921 1355 tollatis
1944 1341 1960 1368 ,
1990 1301 2117 1369 quia

548 1398 616 1453 de
646 1397 836 1452 vestris
863 1396 989 1467 quid
1038 1394 1124 1451 vel
1151 1409 1313 1463 supra
1340 1401 1554 1448 noctem
1608 1400 1820 1459 agatur,
1878 1389 2113 1444 nescitis.

548 1486 849 1559 Pauperem
892 1488 1053 1542 etiam
1100 1493 1159 1541 et
1201 1483 1792 1540 advenam‘nullatenus
1822 1482 1874 1535 in
1916 1480 2117 1550 judicio

548 1577 887 1649 opprimatis,
919 1578 1172 1630 timentes
1218 1574 1350 1629 illud
1378 1572 1522 1644 quod
1553 1571 1762 1627 Veritas
1793 1573 1844 1625 in
1875 1571 2118 1641 Evange-

549 1673 623 1725 lio
649 1671 777 1725 dicit
802 1688 815 1723 :
848 1667 982 1733 Quia
1009 1669 1063 1722 in
1097 1661 1197 1738 quo
1217 1668 1415 1739 judicio
1434 1666 1809 1738 judicaveritis,
1850 1664 2115 1736 judicabi-

547 1761 694 1816 mini.
720 1760 789 1814 Et
833 1762 889 1814 in
934 1776 1035 1831 qua
1074 1775 1314 1814 mensura
1355 1758 1521 1812 mensi
1560 1758 1779 1827 fueritis,
1831 1758 2118 1809 remetietur

2216 572 2515 641 probandos
2530 572 2816 641 .permittet
2844 574 2947 628 hoc
2988 575 3125 629 Deus
3155 573 3287 642 ﬁeri,
3326 584 3387 630 ut
3413 589 3713 646 cognoscat
3743 578 3795 632 si

2216 678 2283 717 ex
2305 671 2418 717 toto
2447 663 2609 718 corde
2630 679 2726 719 vos
2752 664 2818 717 ad
2841 664 3415 733 ejushmisericordiam
3450 669 3663 733 tenetis,
3694 668 3797 723 vel

2215 750 2260 807 si
2287 752 2552 806 veraciter
2578 752 2628 805 in
2659 767 2780 806 eum
2810 752 3064 819 creditis;
3094 740 3187 809 sed
3223 770 3319 809 vos
3359 746 3800 824 patientercun-

2217 851 2305 895 cta
2331 841 2571 907 suilerte,
2600 850 2654 895 et
2686 843 2849 896 Deum
2892 844 2955 896 in‘
2974 844 3223 899 omnibus
3267 845 3597 911 benedicite,
3630 855 3683 899 ut
3738 834 3831 898 ιη’

2216 930 2371 984 vobis
2419 931 2625 999 impleri
2657 932 2823 999 possit
2851 932 2993 1000 quod
3023 934 3281 1003 scriptum
3313 944 3435 991 est:
3472 936 3657 989 Beatus
3709 954 3797 988 vir

2216 1023 2302 1092 qui
2327 1021 2504 1089 suﬁert
2525 1023 2855 1076 tentationem
2879 1040 2897 1086 ;
2924 1026 3163 1092 quoniam
3192 1041 3304 1077 cum
3333 1027 3578 1093 probatus
3605 1024 3795 1095 fuerit,

2212 1112 2426 1181 accipiet
2456 1128 2698 1167 coronam
2737 1112 3082 1182 vitw(1acob.
3112 1130 3149 1178 ι,
3194 1114 3303 1169 12).
3345 1114 3665 1169 Consolatur
3694 1131 3800 1170 vos

2217 1207 2272 1254 et
2299 1202 2400 1256 hoc
2428 1201 2572 1270 quod
2604 1203 2893 1272 Apostolus
2938 1204 3101 1259 dicit:
3136 1202 3267 1268 Quia
3294 1222 3409 1259 cum
3460 1207 3797 1273 tributamur,

2217 1306 2248 1343 a
2274 1290 2496 1345 Domino
2521 1294 2850 1363 corripimur,
2874 1304 2928 1347 ut
2955 1311 3058 1349 non
3097 1312 3213 1349 cum
3236 1296 3330 1349 hoc
3360 1297 3552 1349 mundo
3578 1297 3798 1350 daniue-

2216 1396 2331 1432 mur
2356 1380 2410 1451 (I
2439 1378 2555 1459 Cor.
2585 1398 2659 1449 χι,
2692 1382 2818 1452 52):
2846 1398 3057 1439 necnon
3075 1394 3129 1440 et
3157 1385 3282 1440 illud
3310 1405 3321 1437 :
3359 1387 3619 1457 Flagellat
3650 1385 3800 1439 Deus

2216 1485 2418 1522 omnem
2465 1471 2626 1535 ﬁlium
2672 1480 2814 1540 quem
2846 1475 3026 1543 recipit
3068 1473 3226 1544 (IIeb.
3278 1491 3372 1538 χιι,
3398 1475 3477 1545 6).
3507 1474 3573 1528 Et
3619 1476 3797 1529 illud:

2219 1556 2358 1618 Quos
2385 1565 2524 1609 autat
2569 1557 2823 1612 Dominus
2870 1562 3037 1630 arguit
3067 1570 3113 1613 et
3141 1564 3357 1633 castigat
3387 1561 3603 1634 (lbid.).
3632 1561 3795 1627 Quod

2218 1646 2260 1698 si
2286 1646 2453 1700 semel
2490 1648 2572 1701 vel
2599 1649 2680 1702 bis
2707 1650 2972 1718 nequitias
3001 1666 3134 1719 quas
3170 1653 3431 1719 immittit,
3460 1654 3801 1711 virilitecato

2218 1749 2323 1803 que
2352 1734 2582 1792 fideliter
2621 1752 2719 1807 pro
2767 1738 2859 1793 Dei
2895 1740 3085 1796 timore
3121 1743 3465 1810 sustuleritis,
3497 1744 3569 1797 ita
3612 1744 3797 1810 ipsum

546 1851 685 1907 vobis
709 1850 921 1922 (Matth.
946 1830 1039 1914 vn,
1060 1848 1141 1921 2).
1166 1848 1366 1903 Cavete
1393 1861 1605 1917 semper
1627 1861 1695 1901 ne
1723 1846 1791 1901 de
1818 1846 1965 1900 vobis
1994 1861 2107 1915 pro-

2225 1835 2414 1896 poslea
2441 1844 2472 1883 a
2511 1840 2686 1885 vestra
2718 1830 3061 1888 infestatione
3101 1833 3240 1890 Deus
3274 1835 3581 1904 dignabitur
3607 1838 3799 1907 repel-

544 1944 709 2013 pheta
747 1942 886 1996 dicat
919 1959 932 1995 :
964 1940 1058 1994 Va:
1084 1940 1223 1998 vobis
1246 1941 1332 2021 qui
1358 1948 1589 2010 potentes
1614 1939 1734 1993 estis
1782 1939 1836 1991 in
1884 1938 2072 1993 mundo
2097 1955 2117 1993 :

544 2034 629 2101 qui
650 2032 954 2104 justiﬁcatis
1006 2032 1217 2100 impium
1267 2047 1361 2100 pro
1415 2029 1727 2091 muneribus,
1774 2037 1820 2081 et
1858 2029 2116 2097 justitiam

537 2123 667 2194 justi
694 2125 911 2193 aufertis
935 2122 1001 2175 ab
1022 2140 1080 2177 eo
1112 2120 1247 2193 (Isai
1276 2138 1323 2186 v,
1355 2120 1465 2189 22).
1496 2120 1587 2173 Va:
1613 2120 1697 2188 qui
1727 2120 1896 2172 dicitis
1914 2120 2114 2173 malum

543 2213 761 2279 bonum,
789 2223 838 2267 et
863 2213 1048 2279 bonum
1078 2215 1269 2265 malum
1300 2209 1457 2281 (Ibid.
1513 2227 1557 2263 υ.
1595 2208 1701 2279 20).
1736 2208 1898 2263 Labia
1946 2220 2113 2263 vestra

540 2304 817 2373 loquuntur
852 2302 1197 2369 mendacium,
1247 2312 1294 2355 et
1323 2317 1505 2355 manus
1548 2309 1726 2371 vestra:
1776 2301 1941 2369 plena:
1993 2311 2113 2355 sunt

536 2393 809 2462 iniquitate
859 2391 1022 2463 (Ibid.
1071 2408 1180 2456 th,
1213 2390 1289 2457 5).
1324 2389 1490 2465 Facta
1516 2399 1590 2444 est
1643 2389 1780 2444 vobis
1829 2391 2011 2442 veritas
2056 2391 2111 2441 in

537 2483 861 2547 oblivionem,
892 2490 939 2536 et
956 2484 1161 2553 justitia
1191 2484 1328 2553 fugit.
1352 2499 1383 2535 a
1407 2482 1544 2539 vobis
1573 2478 1735 2551 (Ibid.
1759 2496 1802 2533 υ.
1833 2478 1939 2548 19).
1967 2480 2108 2545 llmc,

537 2570 763 2641 fratres,
779 2572 1185 2641 considerantes
1212 2573 1413 2643 pariter
1441 2583 1496 2628 et
1517 2574 1607 2644 qui
1629 2574 1969 2643 prmestis,_et
1991 2574 2109 2642 qui-

541 2662 642 2719 bus
670 2664 930 2733 prceestis,
973 2664 1027 2717 in
1063 2662 1157 2718 Dei
1205 2678 1303 2719 vos
1329 2664 1519 2723 timore
1567 2664 1827 2729 solidale;
1876 2665 2107 2719 retinete

538 2760 661 2823 qna:
705 2754 846 2808 diota
892 2761 1037 2820 sunt,
1070 2753 1227 2815 facite
1257 2770 1375 2825 qua:
1403 2766 1666 2827 praecepta
1714 2766 1860 2823 sunt,
1912 2756 2108 2811 habete
2132 2798 2147 2813 .

538 2841 1056 2915 semper-(Christum
1085 2845 1140 2901 in
1186 2838 1389 2923 mente,
1436 2831 1643 2914 signum
1666 2846 1785 2915 ejus
1807 2846 1860 2903 in
1906 2844 2101 2911 fronte,

536 2935 740 3001 Scitote
768 2936 892 3006 quia
920 2936 1120 2996 multos
1146 2935 1356 2992 habetis
1405 2924 1742 2992 adversarios
1770 2937 1861 3005 qui
1891 2950 2103 2991 cursum

536 3036 773 3084 vestrum
806 3026 1068 3098 impedire
1095 3026 1381 3095 festinant;
1427 3026 1629 3083 idcirco
1678 3027 1734 3085 in
1765 3027 1911 3082 omni
1960 3027 2099 3091 loco,
2126 3030 2147 3047 ‘

534 3120 679 3174 omni
730 3119 881 3184 liora,
934 3119 1107 3173 crucis
1159 3118 1433 3187 signaculo
1479 3132 1577 3173 vos
1630 3124 1873 3183 armate,
1929 3118 2102 3170 crucis

2219 1920 2354 1986 lere,
2384 1928 2442 1974 ut
2470 1921 2814 1977 ulterius'vos
2854 1940 3125 1993 nunquam
3153 1928 3323 1996 possit
3348 1944 3569 1985 nocere.
3590 1929 3673 1983 Ita
3692 1945 3805 1985 er-

2216 2024 2287 2079 go
2315 2027 2433 2078 vos,
2469 2013 2514 2066 si
2547 2013 2657 2066 veri
2682 2029 2787 2069 non
2810 2014 2932 2070 falsi
2958 2015 3250 2072 Christiani
3276 2022 3424 2087 estis,
3458 2037 3647 2077 omnes
3672 2023 3799 2076 dia-

2215 2104 2419 2159 bolicas
2441 2106 2929 2164 circumventiones
2974 2108 3142 2180 fugite
3170 2127 3233 2168 ac
3259 2114 3557 2184 despicite,
3588 2126 3646 2171 et
3675 2127 3800 2173 tota

2214 2200 2393 2247 mente
2422 2209 2517 2249 vos
2549 2195 2614 2249 ad
2647 2197 2809 2251 Deum
2843 2207 3041 2263 tenete,
3075 2211 3131 2256 ut
3162 2217 3496 2275 quaecunque
3518 2208 3671 2263 vobis
3699 2209 3800 2262 ad-

2215 2296 2365 2335 versa
2415 2282 2658 2337 inimicus
2688 2286 2987 2352 immiserit,
3021 2292 3289 2359 patienter
3326 2302 3381 2347 et
3406 2294 3621 2351 fortiter
3651 2299 3799 2353 tole-

2210 2370 2372 2434 retis;
2418 2384 2543 2423 nam
2590 2373 2691 2425 etsi
2737 2388 2835 2441 per
2884 2377 3170 2445 sortilegos
3210 2390 3305 2435 aut
3350 2383 3562 2440 divinos
3606 2388 3799 2457 aliqua

2214 2459 2540 2527 praedixerit,
2572 2471 2628 2515 et
2654 2464 2725 2516 ita
2755 2468 3015 2533 evenerit,
3049 2469 3213 2525 nolite
3249 2472 3454 2539 mirari,
3478 2476 3603 2543 quia
3630 2478 3797 2545 spiri-

2210 2556 2294 2602 tus
2332 2564 2431 2620 per
2466 2565 2590 2605 aera
2622 2553 2865 2610 volantes
2900 2556 3071 2617 facile,
3093 2569 3317 2627 possunt
3340 2563 3636 2630 praevidere
3692 2566 3795 2620 ali-

2207 2652 2313 2706 qua
2341 2638 2537 2695 futura.
2587 2641 2660 2697 De
2698 2643 2800 2699 bac
2825 2659 2884 2699 re
2909 2646 3069 2701 etiam
3101 2640 3390 2718 ‘Scriptura
3438 2633 3621 2707 divina
3651 2669 3793 2709 con-

2210 2732 2654 2800 testatur,dicens
2669 2753 2683 2789 :
2701 2734 2921 2792 Etiamsi
2941 2755 3061 2793 uera
3073 2740 3297 2795 dixerint
3310 2742 3467 2810 vobis,
3494 2748 3658 2800 nolite
3679 2763 3791 2801 cre-

2206 2826 2325 2878 dere
2344 2828 2437 2879 eis.
2473 2826 2656 2880 Tentat
2685 2826 2821 2883 enim
2840 2846 2927 2885 vos
2967 2830 3218 2886 Dominus
3240 2833 3377 2889 Deus
3418 2847 3587 2891 vester
3610 2850 3793 2893 utrum

2206 2918 2426 2970 timentis
2455 2935 2589 2982 eum,
2619 2935 2689 2972 an
2731 2935 2834 2976 non
2873 2921 3048 2989 (Deut.
3083 2939 3199 2977 χιιι.
3228 2924 3468 2993 5).)Ιιυιι
3494 2928 3659 2984 etiam
3683 2932 3791 2986 sci-

2208 3015 2321 3060 tote
2345 3007 2470 3074 quia
2501 3022 2601 3062 nec
2630 3023 2725 3063 vos
2751 3024 2850 3064 nec
2883 3010 3081 3080 aliquid
3110 3014 3272 3082 quod'
3302 3014 3370 3086 ad
3419 3031 3517 3071 vos
3546 3019 3791 3087 pertinet

2209 3099 2402 3155 lrcdere
2461 3102 2660 3171 poterit
2712 3103 2977 3172 inimicus,
3021 3105 3121 3159 nisi
3166 3114 3421 3175 quantum
3477 3110 3790 3179 permiserit

536 3210 731 3265 vexillo
754 3225 850 3264 vos
887 3209 1258 3265 munitezhoc
1310 3208 1451 3267 enim
1498 3208 1671 3263 solum
1719 3209 1941 3274 timent,
1972 3204 2101 3259 illud

2211 3188 2353 3244 Deus
2374 3206 2387 3253 ;
2412 3192 2676 3259 permittit
2702 3198 2880 3248 autem
2910 3193 3015 3249 hoc
3041 3194 3199 3262 Deus,
3224 3197 3347 3267 quia
3367 3207 3594 3267 peccata
3617 3200 3791 3256 homi-

534 3302 710 3357 solum
740 3309 1137 3372 expavescunt;
1170 3302 1274 3356 hoc
1302 3307 1359 3357 et
1386 3299 1539 3354 vobis
1561 3298 1743 3352 datum
1788 3306 1871 3352 est
1894 3305 2104 3351 scutum

533 3393 588 3448 in
621 3409 727 3463 quo
759 3394 975 3464 possitis
1006 3407 1211 3466 omnes
1235 3392 1458 3461 sagittas
1483 3390 1701 3458 maligni
1724 3389 1972 3444 ardentes
2007 3402 2103 3442 ex-

532 3484 841 3553 stinguere.
859 3486 1239 3552 Porromagna
1269 3496 1356 3538 res
1385 3491 1467 3538 est
1513 3481 1724 3551 signum
1776 3479 1997 3544 Christi,
2051 3486 2106 3533 et

532 3590 667 3631 crux
693 3572 909 3637 Christi,
932 3573 1024 3628 sed
1048 3573 1149 3628 illis
1174 3572 1305 3627 solis
1357 3571 1575 3642 prodest
1601 3572 1691 3640 qui
1723 3569 1922 3625 faciunt
1953 3584 2104 3623 man-

532 3668 655 3721 data
687 3666 933 3736 Christi,
976 3676 1033 3719 ut
1071 3680 1198 3734 ergo
1241 3665 1393 3725 vobis
1445 3665 1632 3734 prosit,
1664 3672 1930 3733 praecepta
1987 3662 2103 3731 ejus

532 3762 660 3813 totis
689 3760 889 3813 viribus
930 3744 1233 3828 adimplere
1262 3757 1592 3820 contendite,
1639 3766 1694 3811 et
1722 3757 1835 3809 sive
1881 3755 2100 3821 sedetis,

531 3853 645 3907 sive
675 3851 978 3914 ambulatis,
1003 3852 1116 3905 sive
1144 3848 1499 3931 manducatis,
1530 3849 1642 3903 sive
1687 3848 1883 3901 lectum
1914 3862 2102 3901 ascen-

530 3943 675 4008 ditis,
726 3944 839 3999 sive
866 3941 933 3995 ab
958 3947 1128 3996 strato
1150 3938 1387 4008 surgitis,
1415 3940 1624 4009 signum
1648 3936 1841 3992 Christi
1869 3947 2101 3991 vestram

484 4033 488 4036 ’
529 4035 735 4092 muniat
765 4030 1013 4096 frontem,
1046 4039 1106 4083 ut
1134 4044 1229 4085 vos
1256 4044 1468 4105 semper
1494 4027 1753 4083 memoria
1780 4026 1869 4081 Dei
1891 4034 1945 4080 et
1973 4028 2101 4095 vigi-

529 4124 995 4191 lantesprotegat,
1044 4129 1098 4175 et
1127 4120 1180 4174 in
1219 4134 1415 4190 sopore
1442 4118 1745 4184 custodiat;
1797 4124 1851 4172 et
1892 4119 2099 4187 quoties

529 4215 583 4268 in
607 4221 763 4268 nocte
783 4212 1003 4268 excitati
1033 4209 1260 4276 fueritis,
1284 4219 1339 4265 et
1364 4225 1584 4264 somnus
1639 4223 1706 4279 ex.
1754 4207 1922 4264 oculis
1972 4222 2100 4261 cvo-

528 4305 740 4365 laverit,
775 4318 898 4357 mox
928 4303 1081 4357 labiis
1107 4302 1318 4370 signum
1341 4301 1516 4355 crucis
1540 4305 1813 4367 occurrat,
1842 4311 2098 4365 mensque

530 4395 865 4451 orationibus
920 4384 1234 4463 occupetur,
1286 4408 1349 4447 ac
1403 4390 1496 4444 Dei
1542 4397 1805 4460 prazcepta
1835 4388 1885 4441 in
1936 4387 2097 4441 corde

528 4488 837 4549 volvantur,
871 4498 937 4537 ne
963 4482 1177 4552 stupido
1199 4483 1404 4553 pectori
1432 4489 1652 4551 repente
1681 4482 1938 4549 subrepat
1988 4478 2093 4530 ini-

529 4578 720 4642 micus,
753 4576 835 4631 vel
868 4589 961 4645 per
992 4573 1191 4627 fatuam
1224 4572 1483 4627 incuriam
1531 4579 1709 4641 serpat
1758 4572 1813 4625 in
1861 4570 2092 4623 animam

533 4668 720 4723 avidus
761 4665 1107 4721 adversarius
1133 4682 1144 4715 :
1177 4672 1239 4724 et,
1271 4678 1392 4720 cum
1439 4662 1492 4717 in
1520 4677 1683 4717 sensu
1708 4662 1859 4717 vobis
1888 4669 2097 4729 turpem

529 4761 854 4831 suggesserit
872 4757 1274 4828 cogitationem,
1293 4754 1572 4825 proponite
1596 4756 1827 4809 futurum
1849 4755 1938 4809 Dei
1961 4752 2097 4821 judi-

529 4835 689 4913 ciuin,
717 4848 904 4903 inferni
931 4845 1271 4917 supplicium,
1294 4846 1547 4913 gehennm
1570 4858 1772 4915 pcenas,
1803 4841 1985 4898 tartari
2010 4850 2099 4897 te-

531 4938 742 5005 nebras,
780 4954 897 5009 qua:
923 4938 1067 5009 impii
1089 4936 1380 5009 patiuntur.
1416 4934 1468 4989 Si
1504 4938 1618 4989 hate
1641 4933 1893 4995 feceritis,
1917 4932 2097 4985 statim

530 5034 698 5102 turpis
718 5030 968 5099 cogitatio
993 5029 1285 5091 evanescit,
1305 5042 1403 5091 nec
1424 5042 1517 5080 vos
1548 5024 1744 5080 deserit
1764 5023 1930 5077 virtus
1946 5020 2100 5076 Chri-

530 5124 597 5177 sti
620 5165 633 5188 ,
666 5124 791 5191 quia
814 5136 998 5177 verum
1030 5129 1111 5175 est
1137 5120 1279 5190 quod
1309 5118 1568 5188 propheta
1600 5116 1777 5171 canit:
1813 5114 2094 5181 Sperantes

528 5218 579 5269 in
614 5213 831 5268 Domino
860 5211 1209 5267 misericordia
1234 5206 1763 5277 circumdabit'(Psal.
1796 5223 1944 5272 χχχι,
1978 5203 2092 5274 10).

598 5305 707 5361 Sed
734 5321 855 5359 cum
878 5306 989 5359 haec
1013 5304 1213 5369 omnia,
1242 5296 1807 5360 auxiliante'Domino,
1838 5296 2096 5367 impleve-

530 5400 665 5463 ritis,
686 5398 879 5453 scitote
905 5397 1026 5463 quia
1056 5395 1160 5448 boc
1199 5393 1422 5447 moleste
1454 5393 1774 5455 accepturus
1794 5391 1885 5449 est
1906 5383 2095 5438 diabo-

532 5491 633 5554 lus,
665 5490 788 5544 dum
812 5488 1005 5542 viderit
1032 5501 1126 5541 vos
1147 5501 1175 5539 a
1211 5486 1469 5540 societate
1495 5495 1590 5536 sua
1623 5476 1899 5532 discedere
1942 5483 1997 5529 et
2026 5477 2094 5531 ob

532 5580 636 5634 hoc
665 5580 891 5635 fortasse
915 5576 1121 5646 aliquas
1150 5574 1413 5644 nequitias
1439 5578 1533 5626 aut
1570 5564 1907 5623 inﬁrmitates
1946 5564 2106 5628 vobis~

607 5738 633 5765 ⁸
662 5735 842 5862 pro
868 5753 921 5791 se
941 5744 986 5789 et
1019 5750 1129 5803 pro.
1160 5728 1249 5787 Sic
1277 5728 1447 5785 codex
1469 5725 1525 5784 S.
1558 5724 1693 5782 And.
1726 5720 1890 5792 Editi,
1918 5728 1966 5774 et
1986 5720 2093 5788 ipse

607 5824 627 5862 ο
655 5824 684 5862 a
707 5820 788 5862 ns.

532 5824 627 5876 pro
655 5820 788 5863 alus.

2210 3294 2334 3332 num
2357 3278 2469 3333 haec
2489 3280 2709 3349 exigunt
2731 3298 2745 3347 ;
2770 3283 3046 3352 permittit,
3070 3286 3310 3354 inquam,
3332 3288 3539 3347 duabus
3558 3305 3629 3345 ex
3659 3306 3791 3346 cau-

2208 3367 2282 3421 sis
2309 3381 2323 3419 :
2352 3374 2421 3425 ut
2440 3376 2535 3421 aut
2560 3370 2769 3438 probet,
2797 3365 2840 3425 si
2867 3372 2995 3426 boni
3023 3374 3172 3440 estis,
3198 3384 3291 3429 aut
3312 3379 3560 3448 castiget,
3584 3382 3629 3435 si
3655 3397 3789 3451 pec-

2208 3464 2437 3510 catores.
2479 3456 2584 3511 Sed
2613 3459 2707 3527 qui
2756 3460 3022 3528 patienter
3064 3460 3525 3532 dispensationem
3571 3470 3789 3526 Domini

2207 3547 2555 3612 sustinuerit,‘
2585 3550 2658 3602 ita
2707 3558 2763 3603 ut
2810 3565 2931 3605 cum
2979 3552 3269 3622 perdiderit
3319 3555 3546 3626 aliquid,
3596 3560 3787 3616 dicat:

2206 3634 2456 3691 Dominus
2485 3638 2647 3705 dedit,
2686 3638 2935 3695 Dominus
2962 3642 3207 3708 abstulit;
3248 3647 3376 3698 sicut
3405 3646 3634 3702 Domino
3663 3651 3789 3720 pla-

2207 3728 2326 3791 cuit,
2352 3728 2425 3780 ita
2453 3728 2644 3794 factum
2666 3740 2760 3795 est,
2782 3732 2849 3783 sit
2871 3730 3055 3786 nonten
3080 3731 3286 3787 Domini
3313 3736 3636 3792 benedictum
3657 3738 3787 3809 (Job

2204 3832 2242 3881 ι,
2280 3816 2391 3887 2i).
2436 3816 2538 3871 Pro
2587 3818 2682 3873 ista
2718 3819 2971 3887 patientia
3014 3830 3106 3877 aut
3145 3839 3400 3881 coronam
3450 3831 3710 3900 accipiet,
3741 3835 3789 3887 si

2199 3908 2375 3975 justus
2423 3915 2525 3973 est,
2566 3908 2651 3962 vel
2694 3910 3099 3979 indulgentiam,
3143 3915 3186 3970 si
3219 3926 3509 3984 peccator.:
3542 3922 3692 3988 quod
3740 3923 3789 3978 si

2203 4000 2635 4069 murmuraverit,
2663 4003 2745 4055 vel
2768 4002 3154 4085 desperaverit,
3185 4021 3363 4060 rerum
3387 4009 3590 4077 pariter
3615 4021 3789 4081 atque

2204 4090 2392 4144 animae
2421 4089 2671 4147 damnum
2703 4092 2956 4147 incurret.
2991 4093 3097 4149 Sed
3133 4097 3265 4151 mihi
3306 4100 3527 4167 credite,
3558 4102 3785 4171 fratres,

2162 4197 2167 4201 -
2202 4180 2323 4249 quia
2352 4180 2397 4235 si
2426 4195 2489 4235 ex
2524 4190 2636 4238 toto
2664 4184 2828 4245 corde
2858 4178 3071 4255 semper
3093 4187 3147 4241 in
3179 4187 3271 4242 Dei
3301 4191 3490 4245 timore
3519 4208 3785 4262 perman-

2200 4271 2395 4337 seritis,
2426 4280 2478 4326 et
2500 4284 2761 4343 prmcepta
2790 4274 2903 4351 ejus
2926 4277 3307 4344 custodieritis,
3342 4283 3413 4337 ita
3445 4293 3505 4338 ut
3532 4287 3679 4342 nulla
3712 4304 3786 4346 ex

2201 4362 2382 4431 gentili
2427 4364 2814 4419 consuetudine
2841 4366 3157 4448 observetis,
3191 4370 3324 4426 nihil
3355 4374 3503 4428 vobis
3526 4374 3641 4443 jam
3669 4377 3781 4433 ini-

2202 4453 2371 4507 micus
2426 4468 2624 4508 nocere
2655 4457 2870 4523 poterit,
2918 4458 3014 4512 sed
3060 4462 3237 4514 omnia
3270 4472 3448 4517 vestra
3488 4481 3783 4536 prospera-

2122 4531 2182 4598 It
2202 4543 2434 4598 buntur:
2467 4552 2617 4602 recto
2647 4545 2786 4598 enim
2817 4544 3120 4603 Christiano
3149 4564 3249 4604 nec
3277 4531 3520 4619 auguria,
3549 4531 3650 4611 nec
3667 4557 3784 4614 alia

2201 4635 2456 4723 quaelibet
2485 4636 2732 4704 figmenta
2763 4652 2960 4693 nocere
3001 4648 3245 4708 possunt,
3266 4644 3391 4711 quia
3444 4646 3532 4699 ubi
3559 4649 3783 4714 signum

2201 4726 2375 4783 crucis
2404 4741 2523 4781 curn
2563 4724 2665 4781 ﬁde
2701 4736 2756 4782 et
2788 4728 2978 4785 timore
3027 4726 3121 4785 Dei
3153 4736 3507 4803 prtecesserit,
3536 4736 3671 4792 nihil
3700 4740 3782 4796 ibi

2202 4818 2444 4873 inimicus
2485 4833 2681 4877 nocere
2722 4821 2961 4890 poterit;
2995 4822 3185 4900 tepidis
3212 4839 3341 4879 vero
3366 4834 3421 4879 et
3449 4828 3779 4897 negligenti-

2200 4910 2299 4971 bus
2325 4910 2445 4994 itleo
2473 4920 2939 4980 nocerepossunt,
2963 4913 3086 4982 quia
3117 4915 3479 4985 relinquentes
3506 4917 3603 4976 Dei
3633 4936 3781 4992 pra:-

2200 5009 2354 5069 cepta
2386 5015 2484 5070 per
2510 5002 2631 5073 vitae
2685 5016 2796 5056 sua:
2837 5003 3213 5073 negligentiam
3264 5022 3428 5077 prava
3466 5014 3779 5079 exercendo

2201 5104 2381 5157 Opera,
2412 5092 2511 5162 ipsi
2541 5106 2601 5145 se
2628 5091 2927 5155 daemonum
2944 5097 3199 5164 potestati
3226 5104 3527 5167 spontauea
3552 5102 3777 5161 tradunt

2200 5181 2500 5247 voluntate;
2542 5182 2632 5251 qui
2678 5183 2723 5237 si
2772 5184 2827 5236 iu
2856 5183 3053 5237 Christi
3081 5187 3303 5241 servitio
3334 5201 3773 5261 perseverarent,

2198 5282 2253 5328 et
2283 5287 2377 5343 per
2402 5273 2517 5342 ejus
2553 5274 2729 5328 solum
2766 5273 3098 5339 conﬁderent
3136 5276 3415 5345 auxilium,
3446 5279 3576 5346 nihil
3606 5296 3769 5352 prior-
3841 5288 3853 5299 ’

2198 5380 2287 5419 sus
2318 5366 2440 5418 mali
2470 5373 2801 5435 paterentur.

2271 5460 2380 5525 Iloc
2402 5475 2529 5529 ergo
2555 5458 2807 5525 scientes,
2833 5460 2959 5516 totis
2986 5460 3185 5516 viribus
3211 5475 3308 5517 vos
3332 5455 3401 5516 ad
3427 5462 3523 5518 Dei
3554 5463 3771 5521 miseri-

2199 5550 2431 5605 cordiam
2473 5560 2651 5627 tenete
2719 5569 2883 5633 opera
2940 5554 3082 5609 bona
3131 5568 3349 5624 semper
3398 5556 3566 5625 agite,
3614 5556 3770 5613 etde

2266 5710 2294 5749 ιι
2323 5708 2613 5778 Rapaciter.
2637 5708 2695 5763 In
2716 5707 2908 5764 codice
2928 5708 2984 5762 S.
3011 5708 3144 5764 And.
3172 5709 3365 5794 legitur
3380 5708 3765 5785 'rapaei'fortia.
