3912 6346
101 444 195 500 533

1633 455 1812 510 VITA.

3235 481 3342 532 δδι

94 580 394 635 substantia
434 591 611 637 vestra
663 586 985 654 pauperibus
1012 597 1228 657 erogare
1245 607 1260 656 ;
1290 592 1382 660 qui
1431 593 1551 662 plus
1580 594 1670 646 1m.
1697 576 1751 636 Δ
1778 579 2000 636 Reddite
2027 596 2154 652 ergo
2177 583 2400 639 libenter
2430 597 2492 637 ex
2524 585 2769 641 omnibus
2789 602 2907 656 qua:
2936 589 3216 657 postidetis
3243 608 3334 645 su-

93 675 198 739 bet,
229 675 356 742 plus
387 674 606 741 tribuat,
627 677 718 744 qui
747 691 876 732 vero
919 679 1114 742 minus,
1138 695 1204 734 ex
1255 682 1371 751 ipso
1418 683 1672 749 largiatur

94 767 286 820 beatus
313 773 370 819 et
382 766 594 830 hilaris;
617 769 985 838 unusquisque
1003 769 1144 838 quod
1172 773 1427 841 prtevalet
1453 775 1672 842 tribuat,

95 853 215 921 quia
277 853 532 909 nimirum
575 865 660 910 est
695 857 834 910 unde
860 858 1112 924 gaudeat.
1173 860 1413 922 Scilicet,
1446 861 1534 931 qui
1583 861 1691 938 dat

95 957 312 1010 parum,
342 945 571 1012 accipiet
595 946 842 1013 multum,
873 949 1012 1003 sicut
1036 957 1090 1004 et
1132 950 1390 1006 Dominus
1417 954 1678 1024 promittit

95 1033 313 1101 dicens:
348 1033 651 1102 Centnplurn
683 1038 915 1107 accipiet,
939 1048 988 1092 et
1029 1042 1188 1096 vitam
1232 1053 1478 1098 (sternam
1506 1048 1676 1114 possi-

95 1125 233 1178 debit
262 1125 482 1193 (lauit.
516 1145 627 1194 sis,
677 1129 790 1196 29).
845 1133 963 1200 Dat,
1010 1133 1244 1202 inquam,
1297 1152 1593 1202 nummum,
1622 1147 1677 1193 et

96 1227 383 1286 comparat
424 1219 643 1275 sceleste
689 1237 954 1291 regnum;
1003 1223 1095 1277 dat
1119 1241 1336 1293 parvam
1368 1229 1674 1295 pecuniam,

96 1317 151 1359 et
177 1310 316 1372 eruit
339 1310 505 1364 vitam
532 1322 804 1366 :nternam.
830 1313 1036 1370 Teneto
1064 1331 1191 1384 ergo
1221 1333 1313 1370 vos
1341 1317 1406 1371 ad
1435 1319 1676 1374 eleemoo

95 1413 310 1467 synam.
352 1401 501 1469 quia.
549 1401 690 1456 sicut
740 1403 995 1472 scripturn
1044 1414 1162 1468 est,
1207 1405 1552 1478 Eleemosyna
1607 1409 1669 1460 de

95 1501 262 1546 morte
292 1491 478 1546 liberat
519 1494 665 1560 (Tob.
704 1510 797 1558 su,
827 1495 904 1564 9).
937 1496 1001 1549 Et
1043 1498 1133 1565 qui
1163 1513 1280 1551 eam
1330 1498 1536 1560 fecerit,
1568 1515 1673 1554 non

97 1584 194 1638 ibit
240 1583 298 1638 in
348 1586 620 1639 tenebras.
674 1585 1048 1656 Unusquisque
1101 1601 1356 1658 quantum
1401 1595 1672 1660 pra-valet,

97 1682 310 1728 tantum
341 1675 616 1744 porrigat,
654 1679 743 1745 qui
789 1678 1188 1745 habcLaurum,
1223 1680 1310 1736 det
1339 1697 1547 1746 aurum,
1581 1686 1675 1752 qui

96 1765 262 1819 habet
327 1775 653 1836 argentum,
720 1766 816 1822 det
868 1779 1180 1837 argentum;
1245 1772 1512 1840 quivero
1570 1790 1675 1827 non

96 1855 264 1911 habet
325 1860 632 1927 pecuniam,
663 1875 784 1915 cum
833 1860 975 1914 bono
1025 1863 1203 1916 animo
1245 1865 1335 1914 det
1381 1862 1673 1917 buccellam

1778 686 1873 739 per
1895 681 2109 738 terram,
2137 673 2280 741 quod
2310 676 2630 742 cognoscitis
2657 674 2764 732 Deo
2793 679 3043 747 placere;
3073 681 3240 737 nolite
3268 681 3335 750 de

1776 774 1965 816 cuncta
1994 763 2287 846 substantia
2331 775 2507 822 vestra
2555 767 2798 824 fraudare
2821 770 3102 830 decimam.
3133 789 3201 829 ne
3247 791 3338 829 vo-

1778 851 1858 906 bis
1890 867 2082 909 t:ovem
2115 863 2291 922 partes
2330 856 2660 924 auferantur,
2693 867 2746 912 et
2775 858 2885 914 sola
2915 860 3121 916 decima
3162 878 3338 918 rema-

1778 950 1923 995 neat.
1950 941 2331 1021 Convertimini
2370 944 2435 998 ad
2483 946 2606 1012 hoc,
2638 947 2764 1002 dicit
2801 947 3076 1018 Dominus,
3108 960 3164 1005 ut
3210 967 3337 1021 ape-

1779 1037 1910 1091 riam
1937 1037 2085 1092 vobis
2114 1047 2411 1093 cataractas
2439 1042 2580 1104 coeli,
2611 1051 2666 1096 ct
2695 1042 2961 1098 ell'undam
2991 1045 3142 1100 vobis
3169 1046 3332 1099 bene-

1778 1126 2063 1182 dictionem
2089 1143 2279 1182 meam.
2312 1129 2366 1184 Si
2397 1131 2555 1199 igitur
2584 1130 2839 1188 dederitis
2867 1134 3190 1198 voluntarie.
3218 1134 3337 1203 plus

1778 1233 1988 1287 semper
2009 1219 2159 1273 vobis
2177 1219 2429 1275 Dominus
2449 1222 2624 1284 dabit;
2655 1220 2840 1278 si’nou
2869 1225 3139 1291 dederitis,
3173 1241 3337 1293 quan—

1779 1309 2029 1376 ticunque
2081 1324 2340 1380 pauperes
2386 1311 2438 1366 in
2481 1311 2612 1368 locis
2666 1313 2859 1382 quibus
2898 1313 3150 1370 habitatis
3199 1315 3337 1370 fame

1778 1399 1976 1452 mortui
2021 1399 2237 1464 fuerint,
2288 1410 2557 1457 tantorum
2607 1401 3015 1457 homicidiorum
3059 1404 3136 1459 rei
3168 1405 3335 1458 eritis.

1777 1488 2000 1557 Insuper
2035 1490 2286 1545 immittet
2316 1493 2465 1547 vobis
2494 1493 2744 1548 Dominus
2774 1493 3151 1563 pestilentiam,
3182 1503 3237 1548 et
3258 1494 3338 1546 la-

1778 1593 1939 1644 niem,
1965 1581 2266 1649 etperdetis
2291 1589 2460 1636 totum
2487 1569 2887 1652 quod‘ﬂahetis,
2924 1599 3132 1639 necnon
3161 1584 3338 1638 adhuc

1779 1680 1832 1725 et
1861 1673 2064 1725 animas
2092 1680 2314 1726 vestras.
2353 1674 2417 1728 Ut
2448 1685 2624 1729 autem
2658 1675 2768 1730 hmc
2795 1674 2946 1730 vobis
2972 1689 3077 1730 non
3104 1676 3340 1742 veniant,

1781 1759 2027 1814 festinate
2056 1777 2175 1816 cum
2199 1762 2337 1816 bono
2355 1764 2533 1816 animo
2562 1762 2877 1827 dare,.unde
2904 1765 3111 1819 animas
3137 1774 3342 1820 vestras

1781 1850 1995 1917 possitis
2025 1851 2304 1917 redimere,
2337 1867 2434 1906 nec
2463 1851 2670 1921 eligatis
2690 1852 2775 1908 cui
2813 1853 3231 1909 misericordiam
3263 1857 3342 1909 fa-

95 1924 471 2014 pauperihus;
524 1949 677 2002 et'si
739 1965 846 2004 non
902 1951 1062 2006 habet
1135 1952 1437 2018 integram,
1490 1966 1556 2006 ex
1611 1967 1676 2007 eo

1781 1937 1954 2005 ciatis,
1980 1955 2048 1993 ne
2098 1940 2234 1996 forte
2278 1945 2608 2010 prmtcreatis
2637 1959 2756 1997 eum
2784 1945 2872 2012 qui
2921 1953 3153 2000 meretur
3198 1948 3341 2000 acci-

94 2036 243 2104 quod
273 2036 442 2091 habet
471 2038 703 2107 frangat,
730 2051 786 2094 et
827 2049 1036 2109 partem
1063 2057 1233 2110 egeno
1264 2038 1464 2099 tribuat
1487 2061 1518 2121 εἰ
1536 2046 1679 2100 sciat

95 2127 222 2196 quia
278 2131 529 2197 quamvis
573 2146 762 2199 parum
807 2147 928 2187 cum
979 2133 1122 2188 bono
1174 2135 1353 2190 animo
1403 2137 1676 2203 obtulerit,

95 2219 434 2288 acceptabile
469 2205 576 2274 Deo
621 2221 754 2285 erit;
792 2222 1049 2278 Dominus
1076 2226 1218 2279 enim
1249 2241 1356 2280 non
1387 2228 1541 2294 capia
1570 2228 1677 2282 lar-

94 2307 302 2374 gitatis,
333 2308 433 2362 sed
480 2308 856 2364 benevolentia
893 2320 949 2364 et
975 2312 1262 2366 devotione
1302 2313 1598 2370 delectatur
1625 2323 1680 2368 et

99 2399 341 2465 pascitur
401 2399 696 2464 lzirgicntis.
729 2399 795 2454 Ut
845 2409 1025 2456 autem
1057 2403 1236 2458 nullus
1262 2419 1466 2472 pauper
1496 2421 1556 2460 se
1611 2407 1680 2461 ab

95 2484 445 2558 eleeniosyna
487 2504 750 2549 excusare
779 2494 969 2560 possit,
999 2494 1113 2564 ipse
1143 2495 1400 2551 Dominus
1445 2512 1544 2566 pro
1589 2512 1680 2552 ca-

96 2579 200 2634 lice
228 2594 384 2647 aqua:
413 2580 615 2651 frigida:
637 2583 943 2638 mercedem
969 2584 1300 2640 redditurum
1326 2602 1385 2642 se
1412 2602 1532 2643 esse
1555 2605 1682 2657 pro-

97 2670 247 2724 misit
277 2668 493 2737 (Hortis.
517 2687 576 2736 ι,
602 2669 716 2739 43).
737 2672 844 2738 Qui
867 2673 1009 2727 enim
1040 2676 1222 2744 plures
1250 2692 1279 2728 a
1310 2677 1419 2731 Deo
1458 2679 1690 2734 faculta--

96 2767 184 2812 tes
211 2762 445 2827 accepit,
480 2761 653 2828 majus
674 2759 866 2828 judicii
899 2764 1190 2829 periculum
1219 2769 1532 2823 sustinebit:
1575 2786 1675 2841 po-

97 2851 205 2901 tuit
239 2848 610 2918 nempe'Deus
642 2868 830 2908 omnes
860 2854 1104 2911 homines
1132 2855 1324 2914 divites
1351 2857 1551 2926 facere,
1582 2862 1675 2918 sed

93 2954 366 3008 pauperes
387 2940 509 2995 ideo
550 2941 603 2995 in
635 2944 740 2998 hoc
767 2947 965 3001 mundo
994 2962 1114 3004 esse
1144 2950 1349 3020 voluit,
1381 2962 1439 3007 ut
1481 2955 1676 3010 divites

95 3029 364 3084 baberent
393 3033 692 3101 .quoniodo
731 3046 953 3103 peccata
981 3054 1076 3093 sua
1122 3040 1469 3100 redimerent.
1515 3046 1677 3102 Redi-

95 3122 232 3175 mite
258 3137 388 3191 ergo
431 3138 548 3190 vos,
579 3125 901 3194 cbarissimi,
941 3127 1066 3183 dum
1101 3130 1307 3188 habetis
1333 3136 1386 3189 in
1410 3145 1678 3206 potestate

96 3211 330 3316 pretium
357 3229 370 3276 ;
402 3211 1059 3316 date‘eleemosynamde
1089 3219 1230 3273 bono
1260 3222 1398 3277 etde
1419 3225 1570 3292 justo
1599 3229 1675 3281 la-
1704 3255 1750 3316 ρ

95 3302 252 3366 bore,
283 3311 337 3356 et
377 3319 484 3356 non
514 3303 580 3358 de
632 3306 853 3360 alterius
883 3309 1095 3376 rapina;
1125 3310 1306 3366 audite
1353 3314 1516 3369 modo
1550 3325 1675 3373 ante

97 3392 244 3447 fores
268 3406 472 3448 vestras
498 3410 763 3464 pauperes
791 3395 1066 3468 rogantes,
1096 3411 1156 3457 ut
1185 3403 1285 3472 ipsi
1312 3420 1410 3476 pro
1437 3408 1592 3463 vobis
1622 3410 1675 3465 iu

98 3485 187 3540 die
204 3485 386 3553 iudicii
419 3500 608 3556 rogent
634 3509 646 3542 :
672 3493 989 3561 prophetam
1017 3495 1279 3550 attendite
1309 3477 1673 3557 clamantem:

97 3575 206 3639 Qui
233 3579 491 3641 averterit,
519 3579 712 3646 inquit,
751 3598 929 3635 aurem
975 3600 1122 3638 suam
1154 3602 1186 3639 α
1211 3587 1442 3642 clamore
1482 3607 1677 3658 paupe-

97 3668 192 3730 ris,
224 3675 276 3720 et
310 3668 421 3735 ipse
462 3668 716 3722 inrorabit
737 3668 1040 3737 Dominum,
1065 3681 1115 3727 et
1155 3690 1258 3728 non
1292 3677 1536 3746 exaudiet
1563 3695 1678 3732 eam

99 3754 284 3824 (Prov.
313 3769 425 3821 ssi,
464 3755 572 3824 t5).
625 3755 755 3810 Date
783 3772 915 3826 ergo
960 3759 1027 3814 de
1065 3775 1132 3815 eo
1161 3763 1306 3832 quod
1339 3765 1487 3820 vobis
1526 3765 1675 3822 dedit

99 3845 264 3910 Deus,
291 3848 416 3916 q-iia
445 3847 558 3916 ipse
596 3849 794 3919 accipit
833 3851 977 3920 quod
1010 3855 1532 3923 pauperibus-datis;
1564 3860 1677 3928 ipsi

97 3937 314 4005 quidem
361 3939 521 4002 datis,
564 3940 661 3996 sed
713 3942 864 3998 vobis
905 3943 958 3997 in
1010 3943 1244 4000 futurum
1296 3950 1677 4014 trnsmittilis,

99 4046 207 4084 non
240 4030 380 4086 unde
419 4040 656 4088 ventrem
688 4033 982 4102 impleatis.
1023 4035 1114 4090 sed
1144 4037 1282 4092 unde
1311 4037 1551 4094 ﬂammas
1578 4056 1676 4094 ex-

99 4121 417 4189 stinguatis;
457 4115 754 4189 quia*Sicut
774 4139 908 4190 aqua
936 4124 1213 4193 exstinguit
1235 4127 1425 4202 ignem,
1455 4129 1529 4182 sic
1549 4129 1678 4183 elec-

99 4227 316 4278 mos,na
344 4213 620 4282 ersingtiit
657 4223 869 4282 peccata
900 4211 1088 4283 (Ereti.
1154 4231 1228 4278 tu,
1261 4215 1406 4285 35).,
1446 4220 1580 4275 lliuc
1627 4229 1680 4274 et

99 4301 358 4356 Dominus
377 4299 470 4370 per
492 4301 818 4373 Prophetani
835 4305 966 4360 dicit
989 4323 1001 4358 ε
1033 4305 1238 4360 Dabunt
1253 4308 1444 4378 singuli
1473 4312 1675 4365 redem.

99 4391 324 4463 [itionem
353 4396 646 4450 animarum
673 4414 908 4462 suarum,
937 4407 988 4452 et
1013 4417 1116 4454 non
1143 4402 1240 4454 erit
1265 4402 1319 4455 in
1345 4403 1418 4456 eis
1445 4404 1675 4470 morbus,

99 4500 262 4554 ηεφι
305 4502 473 4540 ειωιε.
511 4489 641 4541 Date
679 4496 832 4554 ergo,
885 4489 1012 4544 dum
1051 4489 1210 4562 licet\
1250 4492 1672 4562 redemptionem

99 4500 262 4554 nequ
305 4502 473 4540 eam.
511 4500 641 4541 uate
679 4500 832 4554 ergo,
885 4500 1012 4544 dum
1051 4500 1155 4546 tice
1250 4508 1264 4546 ι

97 4573 398 4629 animarum
425 4584 719 4630 vestrarum
746 4594 761 4643 ;
788 4577 1036 4647 redimite
1068 4500 1264 4656 νοεᾌξ

102 4663 224 4732 quia
255 4671 379 4732 post
408 4675 637 4720 mortem
675 4681 838 4722 nemo
861 4683 961 4724 vos
979 4669 1246 4728 redimere
1265 4663 1476 4732 hotest.
1511 4675 1676 4730 Unuso

97 4755 330 4824 quisque
352 4757 421 4811 de
455 4757 598 4826 quali
645 4757 863 4828 ingenio
890 4760 975 4816 vel
1021 4753 1248 4820 artilicio
1287 4753 1436 4836 vbrit,
1467 4766 1533 4820 de
1562 4767 1678 4836 ipso

93 4846 366 4910 decisum
419 4845 532 4902 Deo
583 4849 639 4904 in
687 4851 1013 4919 pauperibus
1059 4855 1143 4910 vel
1189 4856 1381 4912 ecclesi

55 4935 60 4938 ’
94 4935 408 4994 consideret
432 4938 556 5007 quia
596 4938 778 4996 omnia
804 4938 900 4995 Dei
942 4951 1066 4999 sunt
1096 4957 1191 5014 per
1218 4959 1338 5013 qua;
1366 4925 1518 5015 viifit,
1565 4951 1678 5004 sive

97 5037 266 5092 terra,
291 5028 412 5084 sive
438 5027 664 5095 sentina,
687 5030 804 5086 sive
846 5030 1085 5099 ﬂumina,
1112 5034 1194 5090 vel
1216 5035 1395 5092 omnia
1425 5015 1544 5108 quis
1572 5040 1674 5094 sub

92 5114 238 5174 creto
261 5116 351 5172 vel
395 5131 559 5188 surpta
582 5119 751 5180 critics
772 5132 934 5188 sunt;
965 5117 1022 5179 et
1063 5124 1106 5180 si
1123 5125 1261 5195 ipse
1275 5141 1383 5182 non
1417 5109 1674 5198 dedisset,

92 5205 232 5264 nihil
261 5201 452 5278 utique
493 5211 722 5266 haberet
742 5227 914 5288 gustu
942 5213 1090 5276 Dem
1116 5225 1319 5284 noster,
1352 5218 1440 5288 qui
1491 5218 1679 5288 digna-

93 5307 184 5356 tur
211 5305 392 5356 totum
444 5300 596 5366 dare.
623 5301 890 5360 decimam
929 5303 996 5358 de
1023 5319 1122 5363 suo
1164 5305 1414 5382 dignatur
1441 5324 1472 5363 a
1523 5311 1678 5366 nobis

92 5399 366 5462 repetere,
399 5393 640 5454 nonzsibi
684 5393 930 5465 penitus,
964 5395 1060 5452 sed
1106 5395 1261 5453 nobis
1303 5398 1671 5477 profuturam:

89 5486 174 5542 sic
221 5485 369 5541 enim
423 5501 520 5557 per
563 5487 894 5558 prophetam.
955 5489 1069 5558 ipse
1117 5489 1403 5558 promisit,
1446 5489 1674 5545 dicens:

89 5574 314 5650 .1an,
345 5576 540 5646 inquit,
569 5591 768 5632 omum
815 5581 1064 5636 decimam
1101 5583 1155 5636 in
1202 5581 1236 5634 It
1263 5581 1594 5646 frcis'msis;
1627 5593 1676 5633 et

87 5670 410 5740 probatum
435 5669 613 5734 ishis.
800 5669 1071 5728 Dominus.
1098 5671 1158 5727 Si
1179 5688 1284 5728 non
1320 5688 1565 5734 anei-uero
1592 5688 1677 5750 ro-

86 5763 167 5816 bis
189 5761 492 5818 attractus
519 5765 654 5825 cali.
678 5775 727 5816 et
741 5763 971 5835 candere
993 5762 1132 5818 tabis
1149 5765 1348 5833 [ructus
1369 5776 1516 5819 terra
1541 5762 1673 5837 [Al.,

87 5849 522 5927 bmdiuiaum]
575 5870 730 5924 usque
773 5856 843 5909 ad
891 5854 1539 5926 abundantimuﬂalac/i.
1574 5858 1671 5913 tul.

1469 4857 1674 4913 donet:

1427 4915 1432 4922 κ

1779 2047 1926 2100 pere,
1950 2031 2075 2100 quia
2108 2031 2324 2086 nescitis
2343 2033 2396 2086 in
2441 2048 2612 2106 quem,
2630 2033 2873 2089 Christus
2901 2034 3149 2104 dignetur
3177 2037 3338 2089 adve-

1780 2121 1915 2175 nire.
1937 2121 2139 2176 Scitote
2167 2122 2452 2191 quiaquod
2483 2125 2702 2194 pauperi
2717 2125 2799 2180 vel
2822 2126 3103 2194 peregrino
3133 2128 3340 2181 interra

1781 2210 2064 2278 largimini,
2093 2212 2297 2266 sedenti
2341 2215 2391 2265 in
2421 2213 2560 2268 coelo
2594 2213 2751 2275 datis,
2788 2213 2879 2281 qui
2907 2214 3069 2267 dixit:
3106 2213 3206 2277 Qui
3254 2232 3343 2268 vos

1778 2300 1977 2368 recipit,
2001 2319 2079 2355 me
2108 2301 2281 2366 recipit
2304 2301 2516 2370 (Matth.
2552 2315 2603 2353 κ.
2633 2300 2721 2374 40)
2748 2317 2761 2366 ;
2793 2311 2866 2366 et,
2895 2301 3134 2368 Quandiu
3162 2303 3250 2355 uni
3277 2320 3341 2354 ex

1780 2391 1998 2443 minimis
2030 2393 2154 2443 meis
2184 2393 2393 2458 fecistis,
2423 2392 2546 2443 milii
2577 2392 2766 2458 fecistis
2806 2390 3018 2461 (Matth.
3052 2408 3173 2456 xxv,
3225 2390 3334 2458 50).

1849 2480 1990 2536 lnter
2027 2483 2138 2537 haec
2185 2492 2362 2537 autem
2411 2484 2587 2538 omnia
2641 2499 2757 2552 qua:
2802 2485 3057 2540 Dominus
3103 2487 3339 2540 exerceri

1779 2574 2029 2643 pra'cepit
2067 2574 2315 2629 bonitatis
2352 2589 2540 2645 Opera,
2576 2574 2704 2628 nihil
2735 2575 2875 2630 aliud
2919 2591 2949 2628 a
2979 2577 3129 2632 vobis
3156 2577 3343 2644 qumrit

1779 2666 1880 2719 nisi
1908 2666 2134 2721 salutem
2180 2668 2477 2722 animarum
2529 2676 2844 2734 vestrarum,
2894 2677 2949 2722 et
3005 2676 3063 2723 ut
3109 2670 3340 2734 timentis

1779 2770 1901 2811 eum
1947 2772 2176 2827 semper,
2217 2766 2274 2812 et
2321 2759 2636 2817 custodiatis
2691 2761 2937 2818 mandata
2985 2760 3100 2829 ejus
3150 2757 3338 2831 (Leuit.

1779 2859 1924 2909 xxvr,
1953 2845 2032 2915 ὃ).
2068 2845 2222 2914 Quod
2275 2848 2321 2902 si
2370 2847 2624 2914 feceritis,
2665 2850 2813 2905 dabit
2867 2851 3034 2916 vobis,
3084 2851 3222 2908 sicut
3250 2868 3343 2920 per

1778 2947 2018 2993 sanctum
2064 2938 2299 3010 Moysem
2344 2939 2607 3009 pollicitus
2635 2949 2737 3006 est,
2787 2941 2992 3010 pluvias
3027 2927 3342 3012 congrbenti

1781 3037 2042 3099 tempore,
2067 3037 2124 3083 et
2168 3037 2308 3085 terra
2337 3040 2512 3086 vestra
2559 3032 2740 3100 giguet
2781 3045 2995 3100 germen
3041 3048 3215 3098 suum,
3245 3035 3346 3087 erit

1781 3120 2104 3174 abundantia
2133 3118 2448 3185 fructuum,
2493 3134 2799 3190 pomorum,
2856 3119 3238 3189 vinearumque
3291 3132 3343 3176 et

1779 3218 2040 3276 segetum,
2070 3215 2124 3264 et
2145 3208 2483 3266 abundabitis
2506 3210 2752 3265 omnibus
2780 3209 2931 3264 bonis
2963 3229 2976 3262 :
3004 3209 3238 3265 etdabitv
3259 3225 3343 3265 vo-

1779 3299 1860 3353 bis
1888 3314 2073 3369 paceru
2120 3313 2216 3368 per
2258 3299 2560 3365 circuitum,
2591 3307 2646 3354 et
2686 3301 2888 3370 absque
2918 3309 3123 3362 terrore
3156 3301 3340 3357 eritis:

1779 3391 2000 3467 ipseque
2044 3389 2303 3445 habitabit
2330 3389 2471 3446 inter
2500 3407 2614 3448 vos.
2647 3389 2688 3444 E
2729 3401 2915 3446 contra
2945 3394 2990 3446 si
3032 3409 3138 3449 non
3166 3403 3347 3449 custo-

1779 3483 1983 3538 dieritis
2008 3493 2271 3552 pra-cepta
2296 3482 2432 3550 ejus,
2457 3484 2677 3538 venient
2707 3483 2756 3537 in
2785 3484 2933 3539 vobis
2964 3485 3129 3555 plaga:
3155 3488 3221 3542 ab
3244 3501 3343 3543 co-

1779 3574 1896 3627 dem
1927 3571 2107 3643 Moyse
2135 3573 2434 3642 przedicue:
2486 3575 2785 3642 pestilentia
2829 3575 3053 3642 scilicet,
3086 3576 3251 3631 fames
3289 3587 3345 3632 et

1778 3663 1981 3730 gladius
2005 3677 2018 3725 ;
2047 3662 2260 3730 critique
2298 3663 2491 3717 caelum
2519 3662 2656 3722 sicut
2684 3661 2902 3731 ferrum,
2925 3673 2991 3719 et
3021 3672 3158 3719 terra
3189 3669 3339 3733 quasi

1777 3758 2145 3816 :cramentum,
2196 3766 2294 3808 nec
2335 3751 2569 3820 proferet
2599 3761 2738 3806 terra
2766 3767 3009 3821 germen,
3045 3765 3100 3809 et
3127 3763 3342 3824 segetes
3379 3810 3382 3812 γ

1779 3853 1966 3894 omnes
1994 3839 2342 3906 delebiintur;
2366 3839 2647 3909 omnisque
2671 3841 2818 3896 labor
2843 3841 3020 3897 vester
3052 3843 3103 3896 in
3132 3859 3340 3898 cassum

1781 3938 2144 3986 consumetur.
2171 3933 2390 4002 Insuper
2415 3928 2744 4003 consurgent
2760 3934 2812 3988 in
2838 3949 2928 3988 vos
2955 3935 3132 3989 hostes
3156 3936 3341 3999 vestri,

1779 4029 1832 4074 et
1861 4020 2139 4075 devorahit
2167 4037 2262 4078 vos
2291 4023 2517 4098 gladius,
2545 4033 2598 4078 et
2627 4025 2729 4078 erit
2756 4035 2894 4079 terra
2925 4033 3099 4080 vestra
3128 4025 3338 4079 deserta

1777 4123 1830 4168 et
1858 4115 2096 4170 desolata
2124 4125 2220 4187 :_et
2252 4125 2377 4172 tunc
2403 4117 2698 4171 clamabitis
2729 4133 2835 4186 prae
2863 4118 3124 4184 angustia,
3158 4123 3210 4171 c’t
3237 4134 3342 4190 non

1757 4207 2028 4261 ~exaudiet
2081 4207 2334 4261 Dominus
2373 4206 2551 4260 :sicut
2604 4221 2698 4275 per
2740 4209 3054 4278 prophetam
3113 4210 3343 4262 minatur

1777 4295 1959 4351 dicens
1983 4314 1996 4348 ε
2031 4290 2247 4350 Lccutus
2270 4311 2398 4358 sum,
2429 4304 2478 4349 et
2506 4312 2606 4349 non
2635 4297 2924 4359 audierunt,
2956 4308 3005 4351 et
3025 4297 3336 4359 clamabunt,

1779 4401 1822 4441 et
1854 4406 1954 4444 non
2000 4389 2295 4455 exaudiam,
2323 4381 2449 4440 dicit
2480 4386 2727 4440 Dominus
2770 4388 2953 4458 (Zacli.
2987 4405 3052 4443 vu
3072 4427 3088 4453 ,
3120 4388 3231 4453 13).
3277 4388 3342 4442 Et

1780 4482 1968 4536 iterum
2016 4480 2273 4550 prapheta
2325 4479 2544 4534 clamat:
2575 4478 2694 4534 Non
2733 4490 2808 4534 est
2830 4480 3119 4534 abbreviala
3157 4470 3340 4533 manus

1266 4582 1431 4638 idum
1461 4584 1668 4650 vivitis;
1704 4600 1753 4658 Β
1778 4574 2008 4638 Domini,
2037 4584 2089 4627 ut
2119 4590 2221 4627 non
2254 4576 2411 4642 possit
2445 4575 2669 4640 salvere,
2700 4566 2792 4627 aut
2831 4576 3100 4639 exaudire,
3128 4583 3211 4627 scit
3241 4575 3340 4627 iui-

1775 4670 1986 4739 quitates
2017 4675 2192 4719 vestrae
2239 4666 2517 4718 diviserunt
2547 4665 2676 4719 inter
2705 4681 2789 4719 vos
2819 4675 2870 4736 et
2901 4663 3060 4717 Deum
3101 4675 3334 4727 viui-um,

1773 4772 1822 4818 et
1855 4770 2060 4831 pecrata
2097 4768 2262 4813 vestra
2300 4758 2670 4811 absconderant
2700 4758 2884 4828 [aciem
2903 4759 3010 4827 ejus
3041 4776 3070 4810 a
3110 4758 3245 4811 vobis
3276 4775 3338 4810 ne
3370 4761 3372 4763 ’

1777 4852 2016 4905 exaudiat
2045 4847 2176 4920 (Isa.
2212 4864 2316 4913 ιιι,
2351 4847 2423 4914 1).
2473 4845 2540 4901 Ut
2570 4847 2672 4900 ista
2703 4861 2829 4901 vero
2878 4847 3027 4901 vobis
3056 4862 3162 4902 non
3210 4862 3337 4902 cou-

1779 4941 2004 5010 tingant,
2056 4940 2320 4996 custodite
2370 4952 2488 5006 qua:
2519 4949 2782 5008 prtecepta
2809 4946 2950 5003 sunt,
2996 4938 3212 5009 implete
3246 4939 3336 4992 Dei
3405 4992 3408 4994 γ

1777 5032 2047 5095 mandata,
2083 5038 2140 5085 ut
2167 5027 2353 5083 vivatis
2381 5037 2435 5081 et
2465 5030 2601 5092 bene
2628 5029 2698 5081 sit
2723 5026 2891 5091 vobis,
2919 5027 3157 5098 nihilque
3186 5027 3332 5088 cala-

1776 5123 1975 5177 mitatis
2005 5121 2154 5175 vobis
2181 5117 2389 5174 eveniat
2417 5135 2430 5171 :
2453 5106 2564 5188 ipse
2586 5118 2735 5182 enim,
2758 5132 2852 5184 per
2873 5118 3184 5187 prophetam
3208 5131 3338 5171 con-

1774 5213 2000 5275 solatur,
2037 5210 2217 5264 dicens
2238 5187 2256 5261 ί
2294 5208 2592 5276 εἰδέω-ἐπι,
2639 5206 2827 5274 inquit,
2859 5207 3202 5276 panilentiam
3244 5224 3337 5276 pro

1773 5305 1912 5371 iniqu
1937 5301 2125 5356 tatibus
2155 5301 2293 5368 suis,
2322 5309 2370 5354 et
2389 5316 2482 5370 ego
2505 5299 2852 5367 paenitentiam
2883 5314 3030 5368 agam
3055 5314 3206 5366 super
3229 5315 3336 5351 ma-

1774 5398 1878 5447 lum
1899 5393 2031 5463 quod
2059 5393 2256 5447 locutus
2285 5410 2394 5448 sum
2436 5401 2491 5446 ut
2517 5391 2738 5460 {acerem
2777 5392 2870 5456 (is,
2902 5399 2947 5441 rt
2984 5406 3085 5444 non
3124 5390 3336 5459 faciam,"

1774 5470 1897 5538 dicit
1942 5483 2190 5538 Dominus
2222 5482 2431 5537 ’λετ-ειη.
2462 5495 2607 5547 xvut,
2647 5479 2724 5548 8).
2768 5480 2889 5534 llzec
2920 5493 3071 5548 ergo,
3124 5478 3332 5543 fratres,

1773 5590 1989 5644 semper
2018 5575 2069 5629 in
2121 5582 2298 5628 mente
2328 5580 2527 5636 tenete,
2557 5570 2669 5624 haec
2699 5569 2863 5643 verba
2906 5569 3025 5622 llliis
3052 5577 3106 5621 et
3151 5567 3335 5623 vicinis

1778 5670 1967 5724 vestris
2019 5679 2252 5733 narrate,
2285 5667 2398 5720 haec
2428 5664 2862 5720 rememoramiui
2889 5663 3013 5717 dum
3059 5661 3255 5715 sedetis
3283 5663 3333 5714 in

1775 5762 1966 5818 domos
1995 5769 2217 5826 vestras,
2247 5769 2303 5815 et
2330 5758 2455 5824 dum
2485 5758 2788 5836 auibulatis,
2822 5769 2920 5811 nec
2949 5753 3332 5809 obliviscamini

1776 5869 1840 5911 ea
1872 5871 1992 5912 cum
2023 5855 2158 5911 bene
2189 5855 2348 5910 fuerit
2377 5854 2547 5919 vobis,
2573 5853 2666 5910 sed
2695 5853 2860 5907 Deum
2887 5864 3099 5919 scmpcr
3131 5841 3356 5908 timetc,‘
