3934 6228
553 413 658 469 535

1759 413 1817 467 S.
1859 413 2062 470 ELIGII
2100 411 2373 469 NOVIOM.
2418 410 2622 467 EPISC.

3676 415 3775 472 553

549 536 603 582 et
629 526 727 597 ipsi
776 526 877 583 soli
919 526 1134 591 servile,
1190 540 1257 581 ne
1296 525 1555 580 irascatur
1592 534 1776 580 contra
1806 541 1899 581 vos
1954 526 2101 583 furor
2129 530 2174 586 Α
2204 537 2363 592 supra
2402 525 2510 593 jam
2554 523 2900 593 praemisimus
2943 524 3240 594 pollicetur,
3285 523 3466 581 dicens
3503 544 3519 579 ε
3572 524 3778 598 Diligite

548 616 683 684 ejus.
707 614 911 671 Scitote
937 616 1059 685 quia
1084 615 1199 684 ipse
1228 616 1460 670 custodit
1480 624 1690 685 pactum
1719 623 1771 671 et
1797 616 2099 670 misericor-

545 707 687 760 diam
712 706 1047 774 diligentibus
1075 720 1131 760 se
1172 714 1226 759 et
1254 705 1674 760 custodientibus
1695 715 1954 775 prazcepta
1985 721 2099 772 sua,

544 812 837 866 omnesque
859 796 927 851 ab
956 798 1034 852 eis
1062 796 1216 851 tollet
1252 796 1559 866 languores.
1583 796 1928 851 Considerate
1954 797 2099 863 quia,

543 888 677 942 sicut
704 889 891 943 beatus
922 886 1155 941 Joannes
1191 886 1464 956 apostolus
1492 887 1829 956 praenuntiat,
1872 886 2099 939 Nai-issi-

546 996 631 1032 ma
680 979 804 1031 hora
850 986 922 1031 est
966 976 1017 1046 (Ι
1069 978 1224 1031 Joan.
1254 993 1311 1041 ιι,
1344 976 1465 1044 l8):
1503 976 1728 1044 ideoque
1777 974 1941 1029 nolite
1990 974 2101 1041 jam

546 1066 796 1119 mundum
821 1064 1058 1134 diligere,
1090 1065 1215 1133 quia
1237 1066 1343 1119 cito
1374 1065 1579 1127 transit,
1613 1048 1667 1118 et
1694 1064 1869 1118 omnis
1897 1077 2099 1117 concu-

543 1155 800 1225 piscentia
828 1154 951 1223 ejus
970 1171 1091 1210 cum
1121 1170 1218 1237 eo:
1253 1172 1345 1211 vos
1373 1165 1550 1209 autem
1580 1155 1739 1208 facite
1768 1154 2100 1207 voluntatem

542 1247 664 1310 Dei,
718 1254 776 1300 ut
819 1246 1079 1301 maneatis
1143 1247 1194 1300 in
1248 1256 1525 1309 internum,
1569 1252 1623 1299 et
1663 1244 1901 1298 habeatis
1963 1241 2099 1297 fidu-

537 1337 674 1390 ciam
721 1351 840 1391 cum
895 1330 1221 1407 apparuerit,
1289 1352 1388 1391 nec
1436 1334 1829 1390 confundamini
1875 1334 1927 1387 in
2001 1332 2098 1386 ad-

542 1436 701 1483 ventu
728 1427 861 1496 cjus.
890 1427 1055 1482 Nemo
1086 1443 1181 1482 vos
1217 1426 1465 1492 seducat;
1519 1428 1607 1494 qui
1664 1426 1789 1479 facit
1834 1424 2096 1492 justitiam

529 1521 705 1586 justus
738 1527 854 1585 est,
897 1526 951 1572 et
981 1518 1072 1586 qui
1114 1517 1242 1571 facit
1293 1527 1568 1586 peccatum
1617 1533 1681 1572 ex
1732 1516 1945 1571 diabolo
1992 1524 2095 1569 est.

442 1616 463 1631 '
532 1605 599 1659 Et
658 1608 840 1675 utique
917 1620 1078 1663 omne
1149 1616 1425 1676 peccatum
1494 1607 1605 1661 sive
1684 1605 1921 1670 furtum,
1983 1605 2097 1658 sive

530 1695 872 1761 adulterium,
921 1696 1034 1751 sive
1061 1698 1419 1763 mendacium,
1464 1698 1580 1751 sine
1614 1697 1869 1751 daemonis
1911 1711 2096 1764 opera-

537 1788 683 1842 tione
728 1803 832 1843 nou
864 1787 941 1843 lit.
992 1789 1363 1856 Considerate,
1395 1803 1598 1861 quaeso,
1637 1803 1798 1857 quam
1838 1788 2089 1857 pernicio-

2202 617 2435 669 inimicos
2472 624 2660 669 vestros
2701 631 2719 667 :
2748 615 3025 685 benefacite
3064 616 3141 669 his
3175 618 3259 682 qui
3297 617 3510 670 oderunt
3550 634 3637 671 vos
3674 634 3692 671 :
3728 630 3777 672 et

2203 716 2342 759 orate
2368 722 2460 775 pro
2487 705 2914 759 calumniantibus
2943 722 3049 772 vos,
3096 716 3152 758 ut
3198 708 3309 759 sitis
3336 706 3435 776 ﬁlii
3462 705 3639 761 Patris
3694 725 3775 763 ue-

2200 795 2315 861 stri,
2345 796 2506 865 quiin
2538 796 2672 849 cretis
2702 805 2776 848 est
2797 795 3008 865 (Matth.
3045 812 3098 864 v,
3131 795 3235 868 id;
3271 798 3392 850 Luc.
3423 812 3494 859 vt,
3525 797 3643 865 27).
3674 797 3774 865 Qui

2202 896 2328 950 ergo
2344 884 2529 951 diligit,
2545 886 2839 953 possidebit
2864 885 3134 953 requiem;
3165 885 3260 949 Qui
3291 903 3392 939 non
3415 886 3603 956 diligit,
3631 888 3772 943 sicut

2202 972 2473 1039 apostolus
2499 973 2661 1036 dicit,
2714 973 2933 1026 manebit
2973 974 3027 1026 in
3058 984 3216 1027 morte
3249 973 3305 1042 (Ῑ
3334 973 3491 1028 Joan.
3536 989 3627 1039 nt,
3658 975 3769 1045 14).

2202 1063 2333 1118 Cum
2371 1064 2483 1118 inec
2529 1063 2600 1117 ita
2643 1065 2767 1128 sint,
2810 1064 3125 1130 charissimi,
3171 1065 3511 1121 dilectionem
3560 1082 3768 1133 veram,

2202 1170 2306 1208 non
2331 1153 2515 1207 falsam
2546 1153 2771 1208 invicem
2800 1154 3075 1221 habetote,
3101 1166 3251 1211 actus
3276 1164 3484 1210 vestros
3504 1157 3571 1211 ad
3600 1157 3767 1212 Deum

2199 1258 2411 1313 semper
2442 1243 2680 1312 dirigite,
2729 1252 2783 1299 et
2828 1244 3081 1314 quidquid
3132 1247 3389 1315 potestis,
3442 1263 3539 1316 pro
3588 1262 3773 1304 amore

2202 1335 2321 1387 vita:
2362 1343 2574 1389 aeternae
2613 1334 2893 1389 laberate:
2931 1336 3131 1391 currite
3168 1337 3289 1390 dum
3327 1337 3502 1393 lucem
3538 1338 3772 1408 habetis,

2200 1427 2506 1495 priusquam
2546 1427 2776 1481 tenebrae
2801 1442 2897 1482 vos
2933 1429 3408 1498 comprehendant.
3458 1428 3593 1486 Cum
3622 1432 3771 1487 labo-

2203 1517 2334 1571 ratis
2377 1531 2473 1585 pro
2503 1532 2684 1581 carne,
2734 1517 2976 1574 laborate
3004 1527 3060 1573 et
3086 1536 3183 1589 pro
3220 1522 3397 1575 anima
3430 1539 3443 1575 :
3474 1522 3522 1576 si
3550 1523 3767 1577 curritis

2199 1622 2297 1675 pro
2337 1611 2498 1661 carne
2537 1620 2693 1675 quam
2733 1616 2853 1676 post
2890 1608 3156 1679 modicum
3191 1618 3241 1663 te
3265 1625 3396 1678 npus
3425 1624 3636 1665 vermes
3671 1610 3771 1664 de-

2201 1699 2436 1752 voraturi
2482 1707 2603 1752 sunt
2630 1698 2681 1753 in
2724 1699 2991 1767 sepulcro,
3036 1700 3153 1768 plus
3180 1702 3379 1755 currite
3421 1716 3523 1771 pro
3558 1701 3765 1765 anima,

2198 1797 2256 1843 ut
2284 1798 2472 1843 ornata
2502 1789 2656 1843 bonis
2684 1790 2933 1857 operibus
2976 1792 3093 1846 sine
3131 1792 3235 1847 fine
3274 1793 3485 1848 ltetetur
3514 1793 3565 1847 in
3604 1793 3763 1849 ctelo.

526 1894 643 1933 sum
674 1887 756 1934 est
782 1864 943 1949 opera
984 1880 1182 1934 diaboli
1218 1859 1494 1946 exercere,
1523 1880 1745 1949 ejusque
1774 1879 2085 1949 participem
2123 1859 2165 1918 Β
2195 1881 2335 1935 Ante
2384 1881 2580 1943 omnia,
2624 1883 2836 1949 quando
2871 1882 3141 1951 jejunatis,
3182 1884 3322 1953 quod
3366 1884 3634 1954 prandere
3668 1886 3766 1943 de-

526 1967 659 2034 fieri,
696 1984 801 2024 non
850 1971 901 2024 in
931 1970 1136 2038 requie,
1182 1970 1276 2025 sed
1306 1971 1358 2024 in
1391 1985 1545 2039 poena
1575 1972 1850 2039 gehennae.
1884 1967 2086 2021 idcirco

522 2058 949 2128 quotiescunque
976 2059 1230 2129 peccatis,
1260 2059 1426 2114 nolite
1457 2066 1775 2127 exspectare
1808 2054 2083 2109 mortifera

520 2146 828 2213 securitate,
850 2156 906 2201 ut
934 2147 1157 2201 vulnera
1186 2148 1300 2218 ipsa
1327 2154 1657 2216 putrescant,
1688 2161 1785 2201 nec
1810 2145 1912 2201 alia
1940 2145 2085 2200 insu-

518 2252 616 2304 μιν
643 2238 904 2306 augeatis,
955 2237 1050 2292 sed
1079 2242 1333 2293 continuo
1379 2253 1475 2308 per
1518 2238 1845 2308 pmnitentite
1874 2238 2083 2295 confes—

519 2327 727 2382 sionem
771 2327 1069 2383 remedium
1112 2329 1263 2382 vobis
1306 2330 1556 2385 adhibere
1586 2328 1852 2384 festinate.
1888 2331 1942 2384 In
1968 2345 2082 2384 ma-

517 2417 634 2483 gnis
661 2415 821 2469 etiam
852 2417 1102 2485 operibus
1147 2433 1240 2472 vos
1266 2418 1464 2488 jugiter
1508 2420 1733 2475 dilatare
1753 2421 2079 2484 contendite,

516 2507 587 2563 ita
616 2515 674 2559 ut
698 2506 788 2576 qui
836 2505 935 2561 fuit
964 2507 1221 2563 hactenus
1264 2510 1545 2578 superbus,
1571 2510 1679 2579 jam
1719 2512 1789 2564 sit
1827 2510 2078 2575 humilis;

513 2596 603 2663 qui
631 2604 748 2651 erat
786 2596 1018 2663 adulter,
1045 2599 1114 2652 sit
1151 2606 1361 2663 castus;
1400 2600 1489 2667 qui
1520 2599 1729 2655 solebat
1778 2599 1965 2666 iurari,
1989 2609 2082 2654 aut

514 2699 599 2738 res
628 2686 829 2740 alienas
860 2686 1069 2750 tollere,
1100 2686 1318 2756 incipiat
1332 2704 1440 2756 jam
1470 2703 1555 2744 res
1580 2689 1821 2758 proprias
1836 2689 2079 2744 ecclesiis

508 2782 562 2825 ct
585 2772 908 2841 pauperibus
930 2787 1184 2846 erogare;
1216 2777 1304 2846 qui
1331 2775 1423 2830 fuit
1450 2778 1675 2843 invidus,
1700 2780 1768 2832 sit
1786 2779 2075 2847 benignus;

509 2866 599 2935 qui
633 2874 750 2922 erat
780 2867 1039 2935 ebriosus,
1071 2869 1139 2924 sit
1163 2868 1403 2934 sobrius;
1437 2871 1524 2939 qui
1551 2869 1646 2923 fuit
1674 2871 1979 2935 iracundus,
2008 2870 2079 2925 sit

507 2958 742 3028 patiens;
768 2960 859 3028 qui
885 2959 1010 3015 fecit
1030 2961 1184 3014 alteri
1223 2961 1493 3028 injuriam,
1523 2962 1630 3013 cito
1657 2959 1863 3013 veniam
1894 2968 2074 3029 petat;

501 3050 588 3103 cui
626 3049 831 3118 injuria'
859 3049 999 3105 facta
1034 3060 1134 3112 est,
1183 3052 1299 3105 sine
1341 3066 1487 3105 mora
1528 3052 1779 3116 dimittat,
1812 3059 1868 3104 ut
1907 3059 1967 3106 et
2001 3050 2074 3104 illi

500 3142 828 3207 dimittatur;
852 3150 941 3195 aut
964 3157 1129 3209 quare
1157 3159 1261 3198 non
1284 3143 1676 3198 dimittntfratri
1699 3159 1907 3214 parum,
1930 3141 2071 3197 utilli

2190 1973 2326 2026 betis
2357 1972 2677 2041 pauperibus
2699 1982 2948 2041 erogate;
2980 1983 3035 2028 et
3063 1976 3199 2029 sicut
3224 1975 3480 2031 Dominus
3508 1976 3561 2029 in
3586 1977 3763 2030 Evan-

2190 2060 2330 2129 gelio
2347 2061 2531 2123 docet:
2567 2059 2691 2113 Cum
2707 2062 2977 2130 jejunatis,
2995 2064 3156 2115 nolite
3176 2064 3289 2131 ﬁeri
3310 2067 3440 2117 sicut
3463 2066 3761 2134 hypocrita,

2192 2148 2375 2207 tristes,
2402 2156 2454 2200 ut
2483 2148 2752 2201 videamini
2771 2149 2833 2201 ab
2850 2149 3156 2217 hominibus,
3181 2152 3269 2205 sed
3294 2153 3371 2205 illi
3397 2154 3494 2206 soli
3517 2155 3603 2224 qui
3627 2154 3766 2207 videt

2186 2239 2241 2291 in
2270 2239 2515 2292 absrouso
2534 2238 2742 2307 (Matth.
2760 2255 2832 2307 vn,
2862 2238 2969 2307 16).
2999 2241 3061 2294 Ει
3088 2242 3278 2297 iterum
3310 2253 3493 2298 monet
3529 2264 3542 2296 :
3568 2246 3757 2299 Atten-

2146 2340 2149 2345 '
2188 2331 2292 2383 dite
2323 2347 2382 2382 ne
2400 2331 2901 2401 justitiam‘vestram
2934 2332 3136 2399 faciatis
3165 2350 3337 2386 coram
3362 2334 3675 2397 hominibus,
3705 2343 3762 2387 ut

2185 2422 2459 2473 videamini
2488 2423 2549 2471 ab
2577 2422 2646 2473 eis
2678 2422 2886 2487 (Matth.
2911 2436 2984 2484 vt,
3018 2422 3095 2485 1).
3144 2422 3421 2493 Plns‘ergo
3446 2441 3662 2494 semper
3691 2424 3762 2479 de

2184 2511 2308 2564 cibo
2330 2510 2502 2564 cordis
2521 2526 2679 2579 quam
2702 2510 2769 2565 de
2790 2512 2908 2565 cibo
2934 2513 3174 2581 corporis
3198 2515 3452 2582 cogitate,
3480 2525 3533 2569 et
3556 2515 3681 2569 dum
3706 2517 3762 2570 in

2185 2600 2380 2656 mundo
2412 2602 2719 2667 versamini,
2749 2610 3003 2656 aeternam
3028 2602 3188 2657 vitam
3209 2604 3345 2658 bene
3361 2605 3588 2659 vivendo
3608 2606 3771 2660 vobis

2184 2694 2363 2749 emite.
2410 2693 2688 2748 Lectiones
2717 2692 2924 2749 divinas
2954 2701 3008 2749 et
3048 2696 3101 2749 in
3136 2696 3359 2751 ecclesia
3398 2697 3630 2751 libenter
3665 2713 3765 2752 au-

2182 2784 2310 2850 dite,
2329 2791 2384 2838 et
2406 2799 2523 2851 quae
2544 2782 2739 2837 auditis
2754 2783 2951 2852 jugiter
2965 2784 3023 2838 in
3047 2784 3291 2840 domibus
3308 2786 3499 2841 vestris
3511 2787 3757 2852 recelite,

2181 2866 2240 2927 iit
2290 2872 2564 2942 quomodo
2612 2888 2809 2941 corpus
2855 2874 3093 2941 pascitur
3133 2874 3294 2939 cibo,
3352 2874 3432 2929 sic
3484 2873 3761 2930 reficiatur

2182 2963 2355 3018 anima
2382 2963 2474 3017 Dei
2502 2963 2665 3017 verbo
2716 2980 2728 3015 :
2777 2968 2981 3017 certum
3026 2972 3109 3019 est
3134 2966 3275 3019 enim
3304 2964 3428 3032 quia
3469 2965 3645 3033 qualis
3675 2978 3761 3021 est

2181 3068 2305 3109 caro
2332 3068 2451 3121 quae
2477 3061 2595 3123 post
2617 3052 2813 3107 multos
2839 3053 2953 3106 dies
2982 3053 3283 3122 perceperit
3304 3054 3499 3116 cibum,
3534 3053 3653 3115 talis
3676 3063 3762 3108 est

2179 3150 2234 3197 et
2261 3142 2434 3196 anima
2465 3157 2585 3212 qua}
2614 3158 2733 3197 raro
2766 3143 3001 3211 pascitur
3039 3143 3137 3197 Dei
3183 3142 3368 3197 verbo.
3416 3142 3579 3211 Ergo,
3620 3144 3761 3197 cha-

501 3233 641 3289 l)cus
668 3234 914 3301 dignetur
938 3233 1203 3290 dimittere
1231 3236 1436 3290 totum?
1465 3236 1595 3289 Nam
1628 3245 1682 3293 et
1713 3239 1809 3290 hoc
1835 3236 2067 3290 eleemo-
2090 3209 2139 3273 ο
2171 3232 2381 3296 rissimi,
2414 3234 2525 3287 sive
2559 3233 2860 3297 ambulatis,
2905 3233 3018 3286 sive
3040 3233 3258 3298 sedetis,
3292 3232 3402 3286 sive
3429 3232 3756 3301 operamini,

499 3341 643 3398 synae
666 3340 832 3396 genus
858 3336 957 3392 est,
984 3336 1039 3381 ut
1076 3329 1306 3381 dimittat
1333 3328 1521 3396 aliquis
1537 3343 1600 3383 ex
1632 3336 1743 3383 toto
1764 3328 1925 3383 corde
1959 3328 2007 3395 ei
2035 3343 2064 3380 a

499 3432 604 3490 quo
629 3421 783 3475 laesus
802 3421 1088 3474 exstiterit.
1119 3418 1271 3487 Quod
1294 3420 1337 3473 si
1361 3419 1549 3489 aliquis
1580 3421 1650 3473 ila
1673 3421 1741 3475 sit
1763 3434 1984 3490 pauper,
2008 3427 2067 3475 ut

500 3511 696 3565 nullam
717 3526 827 3565 rem
847 3509 1042 3563 habeat
1065 3508 1199 3563 unde
1218 3503 1613 3581 eleeniosynam
1632 3510 1965 3589 corporalem
1992 3509 2064 3562 fa-

497 3603 627 3669 ciat,
654 3606 776 3671 quia
799 3618 914 3661 non
933 3609 1108 3671 potest
1132 3601 1241 3655 licri
1263 3609 1317 3655 ut
1333 3601 1681 3670 abaliquibus
1706 3616 1809 3654 non
1834 3600 2067 3668 patiatur

499 3693 771 3761 injuriam,
801 3695 843 3748 si
872 3709 937 3748 ex
966 3702 1080 3748 toto
1112 3692 1271 3747 corde
1294 3693 1537 3749 omnibus
1565 3692 1613 3744 in
1638 3706 1695 3745 se
1721 3692 2066 3761 peccantibus

498 3768 791 3854 indulgeat,
823 3794 876 3840 ct
897 3794 1081 3842 contra
1106 3785 1317 3841 nullum.
1334 3784 1602 3837 hominem
1628 3783 1805 3837 odium
1830 3783 1880 3835 in
1905 3783 2067 3836 corde

501 3883 707 3941 teneat,
737 3884 895 3943 atque
917 3889 1104 3929 omnes
1128 3874 1266 3927 sicut
1288 3872 1632 3940 semetipsum
1657 3871 1860 3939 diligat,
1892 3872 1994 3927 hoc
2016 3873 2063 3925 ei

496 3969 684 4037 procul
725 3968 885 4023 dubio
923 3984 1018 4039 pro
1057 3968 1285 4020 maxima
1332 3965 1667 4035 elcemosyna
1708 3964 2063 4033 reputabitur.

502 4060 569 4115 Ut
602 4067 778 4113 autem
820 4060 1166 4127 peccantibus
1207 4059 1259 4112 in
1312 4073 1411 4112 nos
1461 4056 1679 4110 liberius
1717 4054 2060 4120 dimittamus,

448 4180 451 4183 ι
502 4150 749 4204 hortatur
778 4148 1033 4203 Dominus
1057 4149 1105 4200 in
1134 4146 1440 4216 Etangelio,
1472 4146 1653 4200 dicens
1681 4163 1694 4197 :
1729 4144 1789 4199 Si
1814 4146 2065 4198 dimiseri-

495 4242 559 4293 tis
597 4240 880 4293 hominibus
919 4251 1127 4305 pret-ala
1156 4255 1348 4301 (orum,
1385 4238 1600 4289 dimittet
1647 4245 1693 4290 et
1732 4236 1865 4289 vobis
1908 4235 2064 4288 Pater

494 4345 655 4388 vester
682 4334 893 4387 ctelestis
919 4341 1123 4401 peccata
1170 4341 1331 4385 iestra
1375 4347 1390 4383 :
1428 4333 1470 4383 si
1512 4348 1613 4384 non
1646 4329 1941 4382 dimiseritis
1968 4329 2062 4379 Ito-

496 4426 712 4478 minibus
733 4436 940 4492 peccata
966 4441 1159 4485 eorum,
1190 4438 1279 4475 nec
1308 4420 1410 4473 Plat
1443 4440 1467 4474 ν
1495 4434 1594 4476 vest
1626 4440 1651 4473 r
1689 4421 1903 4473 dimittet
1925 4421 2062 4472 vobis

496 4524 705 4583 peccata
730 4524 897 4567 vestra
925 4513 1137 4581 (Matth.
1166 4528 1235 4575 vi,
1274 4511 1377 4573 14).

2168 3321 2253 3376 vel
2280 3322 2458 3376 omnia
2486 3337 2816 3389 quaecunque
2842 3322 3016 3389 agitis,
3047 3337 3261 3391 semper
3290 3323 3440 3389 quod
3471 3338 3539 3377 ex
3569 3322 3758 3377 divina

2169 3413 2397 3469 lectione
2417 3413 2608 3468 auditis
2623 3412 2690 3466 ad
2700 3421 2940 3473 ,mentem
2956 3412 3218 3476 reducite,
3240 3427 3558 3481 semperque
3582 3428 3759 3468 evan-

2168 3501 2333 3570 gelica
2361 3509 2622 3570 praecepta
2653 3500 2703 3553 in
2738 3499 2897 3555 corde
2925 3500 3209 3555 ruminate.

2238 3593 2378 3649 Ante
2438 3595 2617 3648 omnia
2672 3593 2939 3647 luxuriam
2995 3593 3199 3663 fugite,
3258 3594 3756 3662 concupiscentiam

2170 3684 2360 3738 malam
2384 3684 2569 3747 vitate,
2595 3684 2844 3739 timentes
2873 3683 3001 3740 illud
3032 3683 3175 3752 quod
3212 3684 3467 3739 Dominus
3496 3684 3548 3737 in
3578 3685 3757 3739 Evan-

2142 3842 2143 3845 η
2170 3777 2308 3844 gelio
2333 3777 2488 3830 dicit:
2513 3773 2800 3846 Omnisﬁui
2814 3777 2991 3829 viderit
3010 3778 3271 3830 mulienem
3291 3778 3361 3829 ad
3380 3780 3753 3847 concupiscan-

2172 3868 2289 3919 tlum
2317 3882 2453 3930 eam,
2488 3869 2603 3935 jam
2624 3867 2897 3919 matr/tatus
2921 3876 3136 3933 est_eam
3160 3868 3222 3919 in
3234 3868 3384 3920 corde
3409 3884 3500 3921 suo
3526 3867 3751 3937 (Matth.

2168 3972 2219 4018 v,
2250 3955 2363 4023 28).
2416 3956 2621 4011 Uxores
2651 3956 2912 4023 legitimas
2942 3957 3142 4025 absque
3171 3956 3278 4011 ulla
3302 3956 3647 4014 simulatione
3670 3961 3755 4014 di-

2168 4045 2335 4113 ligite,
2364 4047 2499 4100 sicut
2519 4046 2807 4115 Apostolus
2836 4047 3110 4115 praecepit,
3134 4044 3351 4100 dicens:
3380 4044 3513 4109 Viri,
3546 4047 3758 4116 diligite

2166 4158 2349 4193 ultores
2405 4150 2616 4203 vestras,
2678 4141 2807 4195 sicut
2858 4150 2905 4193 et
2954 4139 3188 4193 Christus
3235 4139 3414 4193 dilexit
3462 4138 3754 4194 Ecclesium

2168 4230 2381 4301 (Ep/les.
2415 4246 2462 4296 v,
2503 4230 2614 4300 25).
2659 4232 2722 4283 Et
2768 4229 3060 4283 secundum
3097 4227 3347 4283 eumdem
3396 4229 3747 4297 apostolum:

2169 4323 2406 4376 Mulieres
2434 4325 2551 4375 uiris
2575 4323 2679 4375 suis
2708 4321 2943 4389 subjecta:
2964 4321 3088 4383 sint,
3115 4320 3400 4371 et’timeant
3429 4320 3560 4372 sicut
3582 4318 3754 4374 Deum

2168 4415 2329 4486 (Ibid.
2354 4431 2409 4480 v,
2430 4416 2543 4484 ‘22).
2580 4412 2688 4467 Nec
2709 4415 2986 4479 quisquam
3009 4410 3090 4464 vir
3112 4409 3399 4477 legitimam
3428 4425 3653 4465 uxorem
3678 4425 3746 4466 ex

2168 4522 2493 4575 quacunque
2514 4504 2794 4559 occasione
2822 4503 3090 4557 dimittere
3120 4508 3443 4571 praesumat,
3500 4502 3626 4568 quia
3658 4516 3753 4555 se-

564 4606 733 4659 Νειηο
783 4617 910 4669 ergo
935 4578 1018 4656 se
1066 4601 1475 4664 circuniveuiat,
1520 4615 1677 4655 nemo
1719 4615 1778 4655 se
1815 4599 2057 4664 seducat,
2094 4578 2145 4638 Ῐ)
2171 4598 2397 4653 cundum
2424 4595 2744 4650 sententiam
2774 4591 3752 4659 Domini:Quicunquedimiserituro-

495 4694 617 4765 quia
654 4692 745 4761 qui
796 4707 957 4746 unum
1000 4693 1269 4746 hominem
1312 4693 1362 4745 in
1414 4692 1513 4746 hoc
1562 4692 1757 4746 mundo
1790 4692 1841 4745 in
1882 4690 2060 4745 odium

493 4792 661 4848 tenet,
689 4782 942 4851 quidquid
976 4782 1082 4836 Deo
1118 4784 1167 4835 iu
1195 4782 1441 4850 operibus
1482 4783 1633 4835 bonis
1663 4781 1941 4845 obtulerit,
1980 4788 2064 4833 to-

494 4885 605 4929 tum
633 4873 836 4943 perdet,
886 4874 1008 4941 quia
1057 4888 1162 4926 non
1212 4874 1463 4925 mentitur
1490 4874 1774 4939 Apostolus
1813 4871 2063 4925 terribili-

494 4976 575 5021 ter
602 4967 837 5021 clamans
868 4983 880 5019 :
922 4967 1019 5029 Qui
1052 4968 1260 5035 {mtrem
1300 4983 1443 5017 suum
1470 4968 1594 5031 odit,
1627 4965 1883 5019 homicida
1908 4974 1979 5017 est
2011 4964 2059 5031 (I

493 5057 649 5111 Joan.
682 5072 754 5121 Ill,
795 5054 903 5124 15),
941 5064 986 5108 et
1026 5056 1248 5109 mendax
1285 5066 1391 5115 es',
1433 5071 1475 5108 et
1510 5060 1561 5110 in
1598 5058 1812 5110 tenebris
1838 5056 2063 5107 ambulat

496 5150 545 5217 tl
580 5148 734 5203 Joan.
763 5166 819 5211 tt,
850 5148 959 5216 Η).
991 5148 1100 5202 lloc
1135 5149 1254 5203 loco
1289 5148 1503 5201 fratrem
1540 5166 1751 5203 omnem
1792 5150 2061 5204 hominem

493 5249 706 5309 oportet
731 5241 969 5309 intelligi,
989 5242 1110 5307 quia
1129 5256 1316 5295 omnes
1334 5241 1385 5293 in
1410 5240 1619 5294 Christo
1641 5241 1830 5294 fratres
1859 5254 2059 5294 sumus.

497 5336 655 5401 tirgo,
691 5330 903 5397 fratres,
932 5330 1129 5385 idcirco
1162 5348 1254 5386 vos
1276 5332 1339 5384 ad
1371 5332 1701 5384 inimicorum
1724 5331 1918 5383 dilectil
1944 5345 2061 5382 nem

494 5436 835 5486 commoneo,
882 5422 1005 5490 quia
1058 5422 1123 5475 ad
1172 5422 1408 5475 sanamla
1461 5431 1799 5489 peccatorum
1843 5423 2060 5475 vulnera

496 5517 699 5571 nullum
732 5514 923 5571 fortius
952 5514 1397 5570 medicamentum
1440 5530 1554 5567 esse
1594 5528 1879 5581 cognosco.
1918 5513 2065 5566 Licet

494 5609 707 5676 grandis
750 5607 819 5661 sit
864 5608 1012 5663 labor
1054 5606 1296 5661 inimicos
1334 5606 1551 5675 diligere
1592 5605 1641 5657 iu
1694 5606 1793 5657 hoc
1844 5604 2063 5666 sacculo,

497 5699 588 5754 sed
644 5714 892 5768 magnum
954 5699 1056 5753 erit
1104 5698 1380 5766 prteinium
1446 5698 1495 5750 in
1560 5694 1755 5748 futuro.
1826 5694 1924 5759 Qui
1983 5694 2066 5745 hic

498 5792 743 5845 dilexerit
804 5792 1083 5855 inimicos,
1147 5791 1251 5845 erit
1302 5770 1684 5849 Dei‘lamicus;
1749 5800 1846 5839 nec
1892 5784 2063 5837 solum

501 5885 738 5945 amicus.
808 5883 901 5939 sed
954 5882 1112 5937 etiam
1175 5882 1347 5941 titius.
1409 5886 1544 5957 sicut
1605 5884 1715 5951 ipse
1768 5878 1869 5932 hoc
1924 5876 2062 5943 quod

2168 4706 2271 4742 rem
2303 4705 2467 4750 suam,
2496 4686 2709 4754 excepta
2733 4684 3088 4753 fornicatfonis
3125 4699 3302 4747 causa,
3333 4681 3459 4751 facit
3480 4697 3595 4734 eam
3622 4698 3751 4735 ma:-

2168 4783 2311 4834 ciari
2360 4780 2569 4849 (Matth.
2624 4796 2677 4845 v,
2724 4776 2837 4846 59.).
2890 4777 3227 4831 Concubinas
3254 4776 3413 4831 etiam
3459 4774 3575 4829 sive
3619 4781 3755 4830 ante

2168 4876 2378 4941 nuptias
2428 4874 2539 4926 sive
2582 4881 2703 4941 post
2731 4871 2945 4941 nuptias
2992 4871 3189 4925 habere
3218 4870 3586 4939 prohibemus,
3618 4868 3751 4937 quia

2167 4965 2382 5019 omnino
2412 4964 2653 5019 illicitum
2680 4972 2760 5017 est
2786 4982 2795 5013 :
2824 4977 2945 5015 nam
2969 4962 3058 5040 qui
3084 4975 3306 5015 uxorem
3333 4959 3625 5030 legitimam
3651 4958 3749 5013 du-

2166 5073 2287 5112 c're
2331 5056 2563 5123 cogitat,
2596 5054 2813 5121 dignum
2843 5062 2925 5109 est
2976 5061 3035 5107 ut
3072 5052 3429 5121 virginitatem
3473 5064 3646 5119 usque
3675 5049 3746 5103 ad

2168 5149 2395 5216 nuptias-
2419 5144 2712 5209 custodiat,
2754 5152 2808 5197 et
2846 5152 2967 5213 post
2994 5144 3235 5213 nuptias,
3279 5142 3478 5197 nullam
3510 5141 3743 5195 alteram

2165 5250 2359 5308 prmter
2380 5252 2535 5291 unam
2565 5237 2851 5304 legitimam
2876 5236 3154 5303 conjugem
3184 5244 3495 5304 cognoscat,
3526 5235 3668 5287 sicut
3689 5242 3748 5286 et

2166 5328 2439 5397 apostolus
2482 5328 2675 5381 Paulus
2716 5326 2965 5394 prmcepit
3016 5324 3202 5395 (Hebr.
3234 5341 3347 5389 χιιι,
3394 5324 3471 5393 4),
3518 5331 3579 5377 ιιι
3626 5322 3749 5392 ipse

2169 5420 2323 5472 fidem
2368 5426 2562 5481 servet,
2592 5418 2732 5471 sicut
2776 5422 2830 5470 et
2865 5415 3006 5467 illam
3046 5414 3147 5469 sibi
3176 5428 3394 5468 servare
3436 5412 3590 5477 vult;
3640 5426 3743 5467 nec

2167 5520 2349 5579 peccet
2374 5524 2490 5563 cum
2516 5508 2638 5570 alia,
2665 5508 2807 5560 sicut
2836 5520 2935 5559 nec
2962 5520 3110 5559 suam
3134 5509 3245 5559 vult
3268 5519 3387 5558 cum
3419 5503 3599 5557 alieno
3627 5501 3746 5556 viro

2168 5614 2411 5670 peccare.
2438 5598 2630 5651 timens
2659 5597 2784 5650 illud
2804 5595 2943 5664 quod
2968 5596 3106 5648 idem
3130 5595 3403 5665 apostolus
3430 5592 3745 5647 terribiliter

2168 5688 2484 5759 proclamat,
2508 5686 2688 5740 dicens
2725 5702 2736 5736 :
2783 5682 3146 5737 Fornicatores
3174 5692 3222 5736 et
3253 5684 3515 5735 adulteros
3528 5681 3745 5749 judica-

2170 5783 2234 5834 bit
2257 5781 2391 5833 Deus
2414 5778 2622 5848 (Ibid).
2653 5776 2915 5846 Quidquid
2946 5777 3089 5832 enim
3116 5777 3182 5830 de
3200 5775 3324 5844 jure
3347 5770 3601 5827 connubii
3622 5786 3741 5825 mu-

2170 5876 2380 5932 lieribus
2412 5889 2515 5929 non
2563 5873 2709 5932 licet,
2762 5883 2858 5924 nec
2890 5869 3014 5924 viris
3041 5868 3259 5925 omnino
3283 5866 3445 5923 licet:
3480 5877 3609 5920 nam
3646 5862 3739 5932 qui
