3934 6228
253 395 332 455 5H
1729 373 1911 431 Vi‘l‘A.

3305 365 3416 420 5η

253 515 442 574 corpore
473 480 525 554 in
547 486 742 554 secula
789 495 1030 551 cruciari.
1080 477 1230 561 Rogo
1257 502 1404 564 ergo,
1429 495 1487 543 ut
1512 487 1558 545 si
1606 486 1764 541 vultis
1787 489 1842 546 Δ
1866 500 1954 548 xv,
1989 482 2101 550 35).
2131 481 2414 551 Crapulam
2451 481 2610 535 etiam
2663 490 2718 534 et
2761 479 3070 534 ebrietatem
3125 479 3417 548 perbene.-

253 577 402 651 abillo
419 592 551 659 igne,
579 587 664 643 vel
691 588 760 642 ab
789 587 878 642 illa
909 600 1066 657 paena
1110 583 1345 648 liberari,
1363 579 1628 636 desistatis
1649 577 1760 646 jam

251 684 440 754 amplius
480 695 717 750 peccare.
747 679 1027 735 Dominum
1045 692 1150 746 per
1167 675 1480 747 prophetam
1504 664 1764 727 attendite

249 777 525 832 clamatam
561 788 574 824 :
607 770 932 824 Reuertitltint'
979 768 1258 822 recedentes
1306 765 1366 817 ab
1412 764 1759 833 iniquitatibus

249 866 462 926 ustrina
486 861 672 915 sonabo
697 875 785 914 uos
815 858 1023 926 (Ezech.
1054 852 1323 925 xvui).'Et
1337 855 1526 911 iterum
1552 872 1564 906 :
1596 853 1756 916 Νηιο,

249 954 624 1023 ὶιηιιὶι,υιονιω
650 950 814 1019 impii,
836 950 926 1016 sed
946 955 999 1001 ut
1017 953 1296 1003 revertatur
1319 955 1368 1000 et
1387 946 1521 1000 sinat
1550 942 1757 1015 (Eucti.

251 1060 410 1109 nam,
437 1043 540 1111 ll).
571 1041 634 1096 Et
667 1056 764 1110 per
793 1040 979 1094 Isaiam
1004 1039 1199 1098 clamat
1227 1079 1243 1106 ,
1294 1037 1513 1092 dicens:
1541 1036 1760 1100 Quando

250 1134 819 1203 consumingemueris,
848 1141 966 1184 tunc
1013 1131 1184 1184 salvus
1223 1125 1475 1195 erisflsa.
1506 1129 1651 1190 va).
1697 1125 1763 1177 Et

250 1228 456 1282 iterum:
489 1223 807 1280 Καρνείωἱηὶ
846 1223 913 1276 ad
941 1237 1038 1285 me,
1067 1221 1188 1274 dicit
1215 1219 1459 1274 Dominus
1481 1258 1496 1283 ,
1542 1225 1589 1271 ct
1631 1217 1758 1270 salvi

251 1315 370 1370 eritis
395 1311 587 1382 (ιη).
653 1308 754 1363 Per
771 1307 890 1364 Joel
933 1304 1144 1378 quoque
1167 1307 1409 1378 similiter
1433 1312 1757 1369 commonet,

251 1406 439 1460 dicens:
463 1400 806 1456 Conuertintini
825 1399 895 1452 ad
913 1415 994 1452 nte
1025 1400 1079 1453 in
1106 1405 1207 1451 toto
1236 1399 1384 1452 corde
1409 1405 1591 1464 uestro,
1611 1398 1664 1450 in
1677 1397 1762 1465 je-

245 1497 391 1569 junio,
413 1504 457 1548 ct
475 1493 723 1562 locrymk,
751 1499 801 1545 et
824 1491 1029 1558 planctu
1053 1488 1190 1559 (Joct
1218 1503 1274 1553 η,
1300 1486 1410 1556 l2).

309 1607 431 1661 Ecce
461 1612 586 1674 quot
636 1602 939 1658 testimonia
987 1600 1054 1655 ad
1107 1599 1508 1655 conversionem
1531 1605 1762 1651 vestram
1802 1635 1817 1652 .

250 1713 310 1756 ex
330 1696 503 1752 divinis
523 1694 748 1751 oraculis
767 1694 976 1764 prolata
1020 1682 1163 1746 sunt.
1213 1690 1438 1759 Vigilate
1464 1701 1598 1775 ergo.
1615 1688 1756 1772 solli-

253 1790 360 1854 cite,
383 1787 495 1855 quia
517 1797 715 1853 quanto
765 1786 1062 1854 proximum
1108 1783 1266 1838 tinem
1312 1779 1491 1835 mundi
1520 1779 1760 1833 diabolus

252 1874 497 1945 conspicit,
522 1881 665 1929 tanto
690 1873 956 1927 crudelius
1005 1875 1192 1926 contra
1218 1868 1548 1924 Christianos
1571 1867 1718 1922 smvit
1741 1905 1756 1930 ,

253 1975 304 2022 ut
323 1963 504 2034 quisse
531 1962 649 2018 ‘eito
675 1962 1034 2016 damnandum
1061 1958 1355 2027 cognoscit,
1381 1957 1498 2036 plus
1523 1957 1624 2026 sibi
1674 1971 1763 2011 so-
1823 1967 1830 1976 ’

255 2055 413 2111 ciosin
436 2066 636 2122 pinnam
663 2051 1148 2120 multiplicetgcum
1173 2048 1364 2119 quibus
1412 2048 1598 2115 utique
1646 2047 1765 2102 sine

255 2143 346 2199 ﬁne
368 2143 629 2198 crucietur.
657 2140 859 2196 Cavete
885 2150 1012 2208 ergo
1039 2137 1310 2204 attentius,
1339 2145 1396 2190 et
1420 2132 1617 2204 iugiter
1642 2150 1764 2189 cum

255 2234 334 2290 Del
357 2235 530 2289 timore
551 2232 960 2298 eonversamini,
997 2230 1228 2284 scientes
1253 2226 1376 2296 quia
1406 2224 1764 2293 unusquisque

254 2331 458 2379 vestrum
482 2322 717 2392 angelum
739 2319 833 2375 Dei
859 2319 1018 2374 habet
1041 2318 1130 2389 qui
1155 2315 1406 2372 observet
1419 2313 1620 2384 jugiter
1645 2327 1763 2381 quae

256 2415 414 2484 egerit,
435 2423 484 2468 et
504 2414 547 2468 si
575 2411 788 2481 quidem
831 2411 968 2466 bene
1003 2410 1132 2478 agit,
1161 2408 1408 2477 gaudium
1462 2413 1646 2461 sancto
1670 2418 1766 2455 an-

252 2505 354 2572 gelo
377 2504 466 2559 sibi
491 2501 774 2556 adtuerenti
800 2489 998 2569 gignit;
1033 2500 1076 2553 si
1105 2512 1234 2553 vero
1263 2498 1400 2552 mala
1422 2507 1584 2564 opera
1611 2508 1766 2549 exer-

254 2602 344 2659 cet,
364 2594 592 2661 angelum
616 2600 860 2647 sanctum
891 2607 920 2645 a
943 2605 1001 2645 se
1019 2589 1248 2662 repellit,
1272 2598 1326 2644 et
1352 2590 1635 2659 malignum
1661 2589 1766 2642 dae-

254 2699 437 2740 monem
462 2683 555 2739 sibi
581 2681 880 2752 coniungit.
913 2681 1265 2757 Quapropter,
1297 2679 1589 2736 charissimi
1609 2719 1623 2743 ,
1655 2679 1765 2732 haec

254 2789 328 2831 me
357 2775 603 2843 loquente.
631 2773 906 2840 introrsus
932 2774 996 2826 ad
1015 2787 1111 2826 vos
1150 2770 1322 2826 redite
1351 2809 1366 2836 ,
1415 2770 1767 2824 conscientias

257 2872 432 2918 vestras
453 2862 712 2930 discutite,
743 2862 789 2915 si
809 2861 1012 2929 dignas
1033 2868 1237 2914 mentes
1266 2859 1486 2926 angelici
1514 2857 1767 2913 consortii

257 2952 418 3020 geritis
456 2950 768 3019 prtevidete,
821 2957 877 3004 et
917 2949 962 3004 si
989 2963 1082 3004 vos
1125 2947 1294 3004 bonos
1320 2962 1383 3001 ac.
1422 2947 1608 3016 dignos
1659 2946 1768 3000 Deo

257 3042 560 3111 conspicitis,
613 3041 678 3094 de
723 3041 924 3096 meritis
972 3041 1163 3095 vestris
1216 3053 1482 3108 nunquam
1539 3037 1768 3114 superba

259 3131 414 3187 triente
431 3133 764 3201 praesurnatis,
790 3132 883 3185 sed
907 3132 1071 3199 magis
1099 3131 1165 3185 de
1192 3138 1384 3184 caetero
1409 3144 1527 3182 cum
1550 3127 1764 3181 humili-

259 3231 353 3277 tate
370 3231 554 3277 cavete.
579 3221 634 3276 Si
661 3237 788 3276 vero
817 3223 1048 3292 peccatis
1095 3236 1186 3275 vos
1214 3221 1472 3276 obnoxios
1518 3219 1732 3274 cernitis
1750 3260 1767 3286 ,

258 3314 522 3369 nullaten
546 3308 841 3383 desperate,
872 3321 1074 3367 tantum
1101 3312 1258 3367 facile
1288 3312 1338 3366 in
1369 3311 1530 3367 corde
1555 3319 1768 3380 pactum

244 3418 361 3482 ,culn
385 3404 498 3470 Deo,
527 3411 584 3458 ut
602 3403 708 3472 jam
732 3397 959 3473 amplius
988 3418 1091 3457 non
1115 3401 1378 3471 peccetis;
1422 3394 1523 3453 sed
1552 3399 1768 3453 fiducia-

258 3495 362 3551 liter
385 3497 576 3558 veniam
604 3504 839 3566 sperate,
869 3495 994 3562 quia
1050 3493 1302 3546 Dominus
1352 3492 1525 3545 sinum
1557 3489 1770 3558 pietatis

259 3602 354 3642 suas
373 3587 566 3642 assidue
588 3585 828 3654 patefacit
857 3623 873 3649 ,
913 3591 975 3654 et
1003 3597 1185 3637 omnes
1211 3581 1276 3634 ad
1312 3595 1370 3636 se
1391 3579 1627 3648 recipere
1677 3593 1772 3646 per

265 3648 810 3745 ptenitentiamzquterit
831 3690 842 3724 :
862 3648 999 3726 Vnam
1026 3662 1081 3725 et
1098 3671 1142 3724 si
1163 3669 1366 3724 adulter
1390 3668 1526 3737 quis,
1553 3674 1645 3720 aut
1661 3681 1771 3720 me—

251 3765 432 3829 -retrix,
460 3771 542 3816 aut
570 3765 667 3827 fur,
697 3770 789 3817 aut
815 3762 1073 3825 ebriosus,
1105 3771 1195 3833 aut
1220 3759 1465 3824 mendas,
1494 3758 1581 3814 vel
1609 3759 1769 3812 etiam

263 3851 460 3908 ﬁliorum
490 3861 700 3908 necator
746 3853 924 3919 fuerit,
958 3860 1160 3906 tantum
1189 3850 1254 3906 de
1282 3859 1477 3906 caetero
1504 3849 1771 3920 pmniteus
1807 3877 1812 3880 -

261 3953 440 4007 caveat,
470 3952 521 3996 et
546 3942 835 4011 indulgebit
859 3942 935 3996 illi
978 3941 1295 4001 Altissimus.
1320 3939 1661 3995 Publicanum
1705 3939 1771 3992 de

261 4027 528 4096 Evangelio,
557 4040 608 4084 et
631 4031 911 4096 latronem,
941 4034 1154 4084 necnon‘
1184 4036 1240 4082 et
1262 4029 1594 4083 meretricem
1622 4068 1635 4092 ,
1679 4026 1771 4080 sed

261 4129 308 4171 et
327 4117 518 4172 Paulum
546 4121 736 4173 sumite
759 4120 823 4172 ad
863 4119 1163 4188 exemplum
1188 4159 1202 4184 ,
1260 4121 1350 4187 qui
1371 4120 1436 4173 de
1487 4123 1770 4188 semetipso

267 4206 412 4262 dicit:
441 4206 580 4262 Prius
630 4212 708 4279 fui
744 4211 1080 4280 blasphemus,
1111 4217 1159 4262 et
1212 4217 1532 4278 persecutor,
1578 4220 1626 4262 et
1647 4226 1770 4261 ccn-

265 4301 556 4364 tintdiosus;
583 4302 669 4354 sed
715 4301 1108 4354 misericordiam
1161 4301 1248 4356 Dei
1299 4312 1589 4354 consecutus
1619 4318 1728 4356 sum
1753 4342 1767 4366 ,

263 4389 608 4457 qu’uignaruns
641 4391 739 4458 feci
761 4391 814 4442 in
843 4389 1194 4444 incredulitate
1220 4388 1272 4458 (l
1311 4389 1439 4443 Tim.
1473 4407 1507 4458 ι,
1542 4390 1654 4460 13).
1711 4389 1772 4445 Et

265 4489 347 4530 vos
381 4492 494 4546 ergo
519 4479 560 4532 si
584 4479 707 4547 quid
736 4478 874 4534 forte
918 4480 1221 4549 ignoranter
1245 4480 1524 4538 admisistis
1545 4520 1560 4546 ,
1615 4497 1772 4552 repa-

266 4573 364 4621 rate
385 4583 485 4634 vos,
515 4583 708 4639 quaso,
735 4572 856 4625 dum
881 4571 1024 4636 licet,
1060 4587 1154 4641 per
1176 4572 1571 4642 penitentiam;
1602 4572 1771 4627 conti.-

269 4657 419 4712 tcmiol
439 4659 652 4716 Domino
681 4663 734 4716 in
781 4662 907 4716 totis
926 4663 1228 4732 praecordiis
1247 4667 1432 4718 vestris
1455 4701 1471 4724 .
1522 4665 1773 4732 mioniaui

268 4748 410 4804 bonas
439 4760 543 4818 est;
571 4752 747 4808 doleat
771 4767 866 4807 vos
888 4768 992 4806 non
1039 4754 1208 4822 egisse
1237 4750 1387 4824 quod'
1427 4755 1625 4808 bonum
1658 4764 1770 4809 est:

272 4839 655 4908 ctquipoenitet,
681 4841 754 4893 ita
783 4841 1039 4909 poeniteat
1066 4852 1122 4896 ut
1149 4843 1368 4898 ulterius
1389 4842 1498 4911 jam
1547 4844 1773 4912 lugenda
1809 4863 1818 4873 -

271 4942 361 4983 non
376 4933 683 5000 committat;
712 4942 767 4987 et
793 4933 883 5002 qui
919 4936 1260 5005 pauperiores
1287 4935 1416 4990 estis
1465 4935 1517 4989 in
1546 4937 1736 4991 saeculo
1758 4978 1773 5002 ,

272 5019 408 5075 nolite
430 5023 492 5078 ob
510 5024 610 5080 hoc
637 5025 962 5089 contristari,
995 5025 1120 5094 quia
1163 5026 1208 5082 si
1234 5026 1372 5081 bene
1413 5025 1585 5095 agitis,
1617 5015 1768 5082 ditio-

271 5125 346 5164 res
367 5115 495 5168 eritis
515 5116 566 5169 in
602 5118 757 5173 coelo.

333 5201 538 5274 [lemque
563 5215 748 5261 cavete
777 5223 843 5262 ne
868 5207 986 5277 quis
1012 5215 1217 5276 turpem
1241 5223 1541 5265 sermonem
1591 5223 1656 5265 ex
1684 5225 1779 5266 ore

274 5298 489 5362 proterat,
518 5307 572 5352 et
597 5299 881 5354 secundum
937 5300 1243 5370 Apostolum
1274 5339 1293 5366 ,
1340 5301 1552 5368 Fabulis
1588 5303 1740 5356 variis
1760 5345 1774 5370 ,

274 5389 316 5434 st
339 5383 551 5442 doctrinis
579 5387 732 5441 netite
751 5389 922 5455 seduci
968 5389 1123 5457 (ch.
1153 5405 1265 5453 xm,
1293 5391 1347 5461 9)
1374 5409 1386 5444 :
1416 5394 1505 5446 sed
1544 5394 1780 5462 rorripite

275 5470 503 5540 inquietos,
524 5465 851 5531 cbusolamini
883 5481 1248 5548 pusillanimes,
1271 5469 1516 5551 natittttes
1536 5493 1690 5535 estote
1713 5485 1781 5536 ad

246 5575 247 5580 ‘
279 5579 421 5618 omnes
444 5565 490 5632 (Ι
513 5565 683 5622 Thess.
713 5585 766 5636 v,
790 5568 877 5638 Η)
907 5584 921 5632 ;
950 5576 1004 5623 et
1023 5571 1195 5630 omnis
1215 5575 1388 5626 sermo
1410 5573 1578 5626 malus
1603 5587 1665 5625 es
1687 5589 1780 5629 ore

278 5644 428 5711 vestro
455 5673 549 5720 non
578 5660 856 5726 procedat.
906 5661 1149 5718 timentes
1175 5661 1300 5715 iliud
1346 5665 1487 5731 quod
1519 5662 1779 5734 scriptum

283 5751 383 5797 est:
416 5746 691 5802 Pervertunt
729 5765 889 5804 mores
920 5748 1097 5825 bonos.
1125 5751 1305 5820 colloqt
1326 5757 1376 5804 ia
1417 5754 1548 5807 mala
1579 5757 1596 5823 (
1612 5743 1784 5811 I'tfor.‘

1859 573 2012 634 scite,
2042 573 2165 639 quia
2195 572 2448 626 Dominus
2477 570 2587 624 hanc
2611 584 2706 638 per
2731 571 3067 638 semetipsum
3099 571 3366 636 redarguit
3396 589 3406 620 :

1856 661 2072 716 dicens:
2101 659 2281 716 Cavete
2312 675 2379 714 ne
2425 667 2695 727 graventur
2727 659 2882 712 corda
2909 669 3071 712 vestra
3102 661 3152 711 in
3201 660 3414 722 crapula

1857 761 1904 804 et
1930 750 2163 804 ebrietate
2194 749 2356 817 (Luc.
2409 748 2774 814 xx1,54);_et
2823 749 3109 818 Apostolus
3165 750 3414 816 prohibet

1857 839 2078 894 dicens:
2111 837 2284 892 Nolite
2335 838 2576 891 inebriari
2632 841 2784 902 vino,
2834 843 2885 892 in
2948 857 3041 907 quo
3088 847 3160 890 est
3207 839 3413 889 luxuria

1859 927 2071 1001 (Ep/rs.
2093 944 2145 993 v,
2187 926 2294 996 18).
2328 928 2513 983 Procul
2534 928 2689 981 dubio
2713 929 2852 981 enim
2882 930 2968 995 qui
2993 928 3434 994 plusmanilueib

1858 1025 1950 1072 aut
1976 1018 2105 1072 bibit
2131 1032 2287 1086 quam
2315 1019 2547 1086 expedit.
2569 1025 2621 1071 et
2649 1028 2923 1086 peccatum
2956 1018 3196 1081 incurrit,
3223 1027 3274 1070 et
3299 1033 3411 1067 ser—

1858 1122 1982 1162 vare
2009 1110 2338 1163 saturitatem
2367 1123 2475 1162 non
2523 1107 2688 1172 valet;
2743 1109 2866 1175 quia
2921 1123 3041 1162 cum
3085 1118 3268 1160 venter
3320 1113 3413 1158 aut

1857 1213 2005 1252 vente
2025 1199 2180 1252 nimia
2207 1198 2398 1253 iuerint
2425 1200 2670 1253 satietate
2698 1199 2926 1268 repletae,
2946 1198 3083 1251 illico
3108 1212 3322 1251 necesse
3337 1204 3418 1248 Cri.

1859 1297 1916 1341 ut
1953 1286 2113 1356 libido
2163 1288 2215 1341 in
2265 1289 2516 1342 membris
2564 1288 2676 1355 ejus
2703 1296 3003 1355 generetur.
3033 1285 3181 1340 Unde
3205 1294 3257 1339 et
3280 1287 3409 1338 alias

1859 1377 2108 1444 scriptum
2147 1383 2262 1430 est-2
2298 1376 2479 1430 Vinum
2510 1386 2734 1444 palatum
2778 1377 3012 1440 multum,
3035 1377 3323 1427 anzaritudo
3344 1385 3418 1428 est

1860 1466 2046 1518 animat
2074 1474 2122 1517 et
2143 1481 2308 1526 ruma,
2338 1466 2679 1532 multiplicans
2711 1464 3014 1526 imprudenti
3056 1463 3407 1529 offensionem,

1860 1554 2085 1606 minuens
2103 1571 2109 1601 ς
2127 1553 2400 1616 irtutem,et
2417 1553 2608 1619 faciens
2626 1551 2829 1603 uulnera
2849 1549 3033 1618 (Eccli.
3057 1547 3417 1615 xxxt,58-40).

1861 1643 1928 1696 Et
1956 1644 2059 1698 hoc
2093 1643 2304 1711 quidem
2334 1642 2452 1696 dico
2480 1639 2910 1712 non‘creaturam
2940 1640 3033 1696 Dei
3061 1642 3252 1694 malam
3278 1654 3420 1713 asse-

1861 1747 1995 1798 ram,
2023 1739 2113 1786 aut
2149 1731 2379 1800 judicent
2410 1746 2526 1785 esse
2555 1729 2924 1793 damnandam,
2961 1729 3051 1784 sed
3101 1737 3159 1782 ut
3205 1743 3299 1782 vos
3327 1743 3417 1780 so-

1795 1816 1837 1874 B
1861 1821 2065 1876 briores
2091 1820 2456 1888 cautioresque
2485 1821 2728 1885 reddam;
2763 1822 2870 1875 imo
2919 1828 2976 1875 et
3010 1819 3270 1873 admoneo
3295 1859 3310 1885 ,
3367 1826 3424 1870 ut

1863 1912 2058 1967 nullam
2087 1911 2180 1964 Dei
2207 1919 2504 1966 creaturam
2527 1911 2714 1965 dicatis
2731 1911 2945 1974 malam,
2971 1911 3096 1979 quia
3122 1911 3258 1963 Deus
3288 1924 3420 1962 cun-

1862 2010 1949 2056 cta
1973 2001 2129 2056 valde
2162 2001 2300 2055 bona
2329 2001 2532 2054 creavit
2587 1998 2736 2068 (Gen.
2772 2016 2811 2065 t,
2842 2000 2957 2067 '51).
3016 1999 3141 2075 Nam
3173 1994 3446 2066 (λυπουηέ

1863 2105 1967 2159 que
2001 2090 2152 2144 nobis
2203 2089 2345 2142 mala
2393 2104 2509 2142 esse
2535 2089 2800 2149 videntur.
2848 2093 2938 2140 aut
2968 2095 3198 2150 nocent,
3241 2094 3421 2138 nostro

1865 2179 2011 2243 vitio,
2045 2193 2149 2230 non
2177 2192 2270 2232 sua
2305 2186 2491 2231 natura
2511 2178 2665 2233 nobis
2702 2177 2838 2230 mala
2874 2177 3143 2230 existunt:
3175 2169 3419 2242 ideoqu‘e,

1863 2269 2071 2332 fratres,
2097 2270 2268 2322 solum
2297 2269 2580 2330 diabolum,
2615 2270 2704 2336 qui
2753 2267 3107 2334 superbiendo
3143 2264 3313 2320 factus
3340 2273 3424 2318 est

1864 2356 2056 2420 malus,
2085 2356 2410 2409 detestantes
2436 2394 2451 2416 ,
2498 2362 2766 2410 tantorum
2799 2355 3059 2411 bonorum
3113 2355 3418 2409 Creatorem

1868 2445 2150 2504 Dominum
2178 2443 2490 2512 gloriﬁcate.
2583 2450 2587 2454 '
3484 2508 3492 2517 ο

1936 2534 2132 2588 Cavete
2157 2548 2363 2603 semper
2399 2536 2534 2588 viam
2572 2519 2784 2601 latam,
2815 2550 2930 2605 qua:
2958 2535 3105 2590 ducit
3152 2535 3219 2588 ad
3262 2535 3423 2588 inter-

1865 2621 2028 2686 itum;
2062 2623 2448 2691 apprebendite
2489 2631 2782 2699 angustam,
2818 2639 2911 2692 per
2944 2639 3102 2693 quam
3131 2623 3422 2688 reperietur

1869 2719 2068 2765 mterna
2111 2711 2400 2766 beatitudo.
2434 2710 2695 2786 Pauperes
2722 2722 2776 2766 et
2813 2715 3119 2783 peregrinos
3145 2713 3206 2775 ad
3237 2711 3420 2765 convi-

1870 2803 2011 2856 vium
2041 2801 2668 2870 vocate,»Dominumque
2709 2803 2773 2854 de
2818 2802 2916 2856 hac
2947 2819 3002 2858 re
3036 2803 3424 2872 prmcipienleui

1869 2891 2162 2952 attendite;
2192 2891 2316 2945 Cum
2343 2891 2486 2960 facis,
2504 2891 2695 2958 inquit,
2725 2893 3013 2964 prandium,
3040 2892 3144 2944 noli
3157 2909 3333 2944 vocare
3345 2894 3427 2952 di:

1869 2988 1990 3040 uites
2014 2987 2098 3056 qui
2123 2987 2441 3039 conviventur
2465 2994 2643 3049 tecum,
2666 2985 2754 3039 sed
2778 3000 2898 3038 voca
2924 3000 3185 3053 pauperes,
3214 2982 3423 3045 debiles,

1871 3077 2102 3140 claudos,
2128 3092 2322 3138 caecos;
2360 3086 2408 3128 et
2436 3079 2606 3128 beatus
2636 3077 2757 3142 eris,
2787 3079 2906 3146 quia
2936 3060 3036 3129 non
3067 3075 3246 3127 habent
3278 3076 3422 3126 retri-

1792 3145 1836 3206 C
1869 3161 2017 3215 bucre
2037 3159 2157 3225 tibi;
2189 3163 2485 3236 removetur
2511 3164 2645 3215 enim
2669 3162 2755 3214 tibi
2786 3163 2839 3220 in
2864 3165 3228 3221 resurrectione
3254 3167 3424 3232 gusto-

1869 3268 1981 3305 rum
2007 3250 2153 3323 (Luc.
2176 3267 2283 3314 xiv,
2311 3252 2330 3302 -1
2343 3251 2416 3318 Ξ).
2443 3250 2551 3306 Nec
2579 3252 2718 3306 enim
2743 3252 2940 3320 justum
2962 3258 3041 3307 est
3070 3261 3120 3306 ut
3153 3252 3202 3306 in
3229 3254 3426 3320 populo

1870 3342 2190 3406 Christiano,
2223 3345 2312 3411 qui
2345 3358 2448 3397 uno
2488 3333 2660 3411 pretio
2712 3343 2973 3412 redempti
3005 3350 3160 3408 sunt,
3225 3352 3278 3395 et
3335 3343 3422 3396 uni

1872 3432 2096 3486 Domino
2139 3433 2394 3494 serviunt,
2428 3431 2517 3484 alii
2549 3431 2792 3486 distentis
2846 3431 3016 3500 epulis
3066 3433 3336 3487 ventribus
3368 3440 3422 3485 et

1869 3519 2002 3574 ebrii
2033 3515 2298 3580 incedant,
2329 3519 2416 3570 alii
2458 3516 2607 3572 laniis
2637 3520 2873 3586 periculo
2902 3519 3184 3582 deﬁciant;
3213 3535 3426 3584 prorsus

1872 3616 2147 3677 peccatum
2174 3604 2275 3671 est,
2306 3615 2365 3660 ut
2396 3598 2566 3662 vestra
2597 3608 2860 3674 superﬂua
2887 3623 2916 3660 a
2959 3608 3118 3662 tineis
3168 3609 3423 3664 devoren-

1872 3709 1977 3762 tur,
2005 3707 2058 3750 et
2081 3712 2339 3767 pauperes
2370 3712 2466 3751 nec
2511 3698 2860 3752 vetustissima
2915 3713 3136 3767 qumque
3183 3699 3428 3766 ac'ipere

1870 3797 2175 3840 mereantur
2204 3805 2215 3839 2
2248 3801 2410 3854 quare
2439 3802 2543 3841 non
2570 3787 2916 3842 consideratis
2963 3788 3081 3856 quia
3106 3791 3216 3857 pari
3238 3789 3420 3843 condi-

1873 3876 2016 3929 tione
2045 3876 2097 3929 in
2121 3876 2220 3931 hoc
2249 3877 2442 3931 mundo
2471 3876 2684 3930 venistis
2715 3915 2730 3940 ,
2784 3877 2977 3943 unique
3007 3877 3229 3931 Domino
3280 3879 3421 3933 servi

1872 3963 2033 4029 estis;
2062 3963 2216 4018 siniili
2248 3965 2409 4019 etiam
2438 3965 2579 4019 exitu
2609 3963 2674 4018 de
2695 3965 2890 4018 mundo
2922 3965 3241 4033 migrabitis;
3298 3976 3352 4022 et
3379 3968 3425 4022 si

1873 4054 2014 4110 bene
2037 4056 2191 4124 agitis
2223 4098 2238 4123 ,
2287 4055 2354 4109 ad
2391 4071 2547 4109 unam
2592 4056 2968 4111 beatitudinem
3015 4057 3267 4112 venietis?
3322 4059 3425 4111 Aut

1874 4153 2038 4210 quare
2066 4157 2266 4212 pauper
2289 4142 2554 4219 vobiscum
2583 4157 2689 4197 non
2733 4144 2956 4212 accipiat
2986 4146 3181 4211 cilium,
3213 4147 3302 4212 qui
3333 4161 3424 4199 vo-

1872 4234 2074 4287 biscum
2097 4238 2408 4300 accepturus
2437 4238 2518 4286 est
2541 4233 2862 4286 consortium
2890 4233 3226 4298 angelorum?
3249 4231 3424 4297 Quare

1874 4337 1979 4377 non
2007 4320 2229 4389 accipiat
2270 4319 2354 4375 vel
2381 4328 2614 4376 veterem
2644 4321 2868 4375 tunicam
2892 4359 2907 4384 ,
2965 4322 3052 4389 qui
3092 4322 3287 4391 pariter
3333 4338 3424 4393 ac-

1873 4421 2119 4484 cepturus
2148 4419 2231 4467 est
2251 4412 2661 4468 immortalitatis
2709 4412 2940 4467 stolam?
2987 4413 3149 4480 llaec,
3203 4414 3428 4489 fratres,

1806 4497 1852 4556 D
1875 4502 2272 4558 considerantes
2292 4503 2362 4557 ita
2383 4517 2669 4572 pauperum
2701 4516 2882 4584 curam
2930 4492 3116 4571 gerite,
3147 4512 3203 4558 ut
3224 4504 3424 4559 uberri-

1871 4609 2010 4647 mam
2037 4608 2133 4662 pro
2161 4591 2242 4649 bis
2269 4583 2667 4647 retributionem
2691 4592 2742 4646 in
2763 4583 2911 4650 cmlis
2933 4595 3169 4662 capiatis.
3211 4592 3433 4648 Menda-.

1873 4683 2012 4737 cium
2040 4698 2246 4752 semper
2275 4681 2456 4749 fugite,
2483 4681 2605 4750 quia
2636 4698 2741 4736 non
2769 4682 3038 4736 minimum
3068 4683 3261 4737 crimen
3283 4692 3373 4736 est
3403 4723 3420 4748 ,

1875 4773 2146 4842 Scriptura
2177 4772 2384 4826 dicente
2411 4789 2423 4826 :
2452 4773 2524 4826 0s
2553 4775 2683 4843 quod
2714 4775 2967 4839 mentitur,
2996 4774 3178 4827 occidit
3201 4775 3435 4834 animant

1878 4862 2053 4930 (Prov.
2077 4877 2184 4926 xu,
2210 4860 2292 4930 5);
2328 4872 2375 4914 et
2397 4864 2532 4922 testis
2560 4863 2723 4930 falsus
2749 4879 2848 4918 non
2870 4865 2962 4916 erit
2982 4864 3418 4934 impuni.‘us(8ap.

1875 4966 1910 5017 ι,
1946 4951 2054 5017 ll).
2079 4948 2142 5003 Et
2165 4950 2328 5004 David
2352 4952 2415 5004 ad
2439 4952 2719 5006 Dominum
2745 4970 2759 5005 :
2793 4953 3000 5019 Perdcs,
3031 4954 3215 5022 inquit,
3252 4971 3422 5010 ontnes

1876 5043 1961 5112 qui
2007 5040 2275 5109 loquuntur
2305 5043 2628 5095 mendacium
2679 5043 2902 5111 (Psalm.
2931 5059 2998 5108 v,
3039 5047 3115 5112 7).
3173 5045 3318 5099 Unde
3367 5054 3421 5102 ct

1877 5132 2160 5199 Apostolus
2187 5151 2197 5183 :
2231 5131 2573 5201 Deponentes,
2597 5134 2690 5199 ait,
2702 5135 3038 5197 mendacium,
3059 5133 3316 5204 loquimini
3343 5150 3422 5185 ne.-

1877 5223 2076 5274 ritatem
2098 5223 2433 5291 unusquisque
2461 5239 2574 5282 cum
2592 5225 2749 5293 fratre
2778 5239 2868 5278 suo
2896 5222 3104 5292 (Epltes.
3130 5239 3200 5285 tv,
3231 5222 3335 5289 25).
3369 5224 3427 5286 lit

1879 5313 1977 5366 hac
1999 5325 2123 5379 ergo
2147 5313 2253 5365 vita
2282 5314 2438 5381 positi
2467 5313 2539 5368 ita
2570 5313 2732 5378 agite,
2778 5322 2836 5366 ut
2869 5328 2988 5368 cum
3009 5313 3138 5366 liiuc
3166 5311 3429 5376 migI‘Ht'C-.

1879 5402 2010 5464 ritis,
2043 5410 2097 5454 et
2119 5415 2244 5457 caro
2277 5412 2447 5458 vestra
2476 5420 2506 5457 a
2557 5403 2821 5460 vermibus
2849 5405 3069 5473 cixrperit
3096 5401 3332 5456 devorari
3370 5405 3425 5471 ιιι

1878 5492 2138 5559 sepulcro,
2168 5493 2343 5547 anima
2378 5503 2562 5560 ornata
2613 5492 2768 5548 bonis
2794 5494 3041 5562 operibus
3066 5506 3183 5545 cum
3228 5491 3426 5550 sanctis

1878 5582 2122 5637 omnibus
2152 5582 2356 5636 laetetur
2384 5584 2434 5635 in
2461 5584 2616 5638 cmlo.
2644 5584 2897 5645 Retrabat
2921 5599 3014 5637 vos
3059 5598 3089 5634 a
3116 5582 3265 5635 malis
3293 5597 3420 5650 Opee

1878 5671 2021 5724 ribus
2046 5672 2126 5724 vel
2155 5671 2778 5741 peccatoruminteritus;
2809 5686 3140 5741 corumquos
3154 5671 3418 5741 jamprac-

1881 5760 2095 5814 inisxstis
2124 5740 2376 5815 attendite
2429 5761 2785 5823 calamitates;
2835 5740 3168 5823 considerate
3204 5763 3421 5816 divitum
