3934 6228
424 381 525 434 543

1614 377 1671 431 s.
1706 356 1905 432 sucu
1946 374 2222 431 nomn.
2264 376 2470 431 EPISC.

3547 379 3657 434 5M

422 492 683 562 sepulcra;
707 492 788 545 vel
818 506 999 546 eorum
1029 492 1119 558 qui
1160 499 1285 545 ante
1330 504 1493 559 parvo
1540 496 1779 557 tempore
1806 490 1982 543 vobis.
2012 494 2059 549 Α
2086 488 2301 552 erravit,
2332 489 2520 543 saltem
2545 488 2655 558 jam
2684 489 2764 545 vel
2793 491 2845 545 in
2901 474 3176 545 senectute
3219 491 3502 561 resipiscat
3525 532 3541 557 ,
3596 498 3658 546 et

423 598 544 637 cum
572 592 741 645 erant,
763 581 885 649 quid
908 580 1139 646 fuerunt,
1172 589 1226 635 et
1252 579 1377 647 quid
1426 588 1569 645 sunt,
1602 579 1683 633 vel
1736 578 1863 647 quid
1905 578 1983 632 eis

424 672 617 725 divitiae
640 678 693 724 et
727 671 986 737 cupiditas
1009 670 1184 723 saeculi
1216 668 1447 738 profuit:
1480 682 1609 722 ecce
1659 668 1787 721 nihil
1814 683 1881 722 ex
1905 668 1983 723 eis

424 762 520 816 nisi
548 762 644 815 soli
676 762 882 815 cineres
904 768 1293 821 remanserunt,
1324 758 1446 826 quia
1469 759 1513 811 si
1552 757 1696 825 loqui
1729 766 1942 826 possent
1963 796 1979 822 ,

420 853 708 925 hmo-vobis
745 851 929 921 procul
984 851 1144 903 dubio
1194 850 1468 903 dicerent:
1506 847 1703 916 thuid
1751 847 1983 902 infelices

424 951 622 995 tantum
664 957 761 1009 pro
788 941 965 995 smculi
995 940 1285 1008 cupiditate
1313 939 1644 992 discurritis?
1678 938 1860 1004 utquid
1890 952 1984 992 vos

421 1037 562 1089 vitiis
587 1044 641 1089 et
665 1033 973 1089 criminibus
998 1033 1252 1101 repletis?
1279 1032 1613 1085 considerate
1635 1044 1752 1083 ossa
1781 1036 1980 1093 nostra,
2019 1040 2026 1049 '

420 1134 474 1178 et
503 1125 582 1177 ιιι-ι
608 1128 686 1178 sic
712 1124 860 1177 vobis
889 1124 1106 1177 horreat
1134 1121 1394 1187 cupiditas
1424 1120 1507 1173 vel
1536 1119 1744 1172 miseria
1777 1124 1978 1181 vestra;

420 1214 560 1282 quod
593 1228 687 1267 vos
713 1214 861 1275 estis,
896 1227 991 1266 nos
1021 1210 1248 1275 fuimus;
1294 1209 1442 1277 quod
1491 1225 1588 1263 nos
1615 1224 1794 1264 sumus
1818 1248 1834 1274 ,
1888 1220 1985 1263 vo‘s

425 1304 592 1356 eritis.
628 1302 727 1356 Ista
757 1302 930 1355 omnia
964 1340 977 1364 ,
1034 1300 1239 1365 fratres,
1288 1301 1511 1354 sollicita
1564 1300 1986 1355 consideratione

425 1402 676 1467 pensate,
727 1401 780 1445 et
828 1393 941 1445 lucc
986 1391 1385 1444 considerantes
1431 1390 1802 1459 expavescite;
1846 1391 1982 1443 diem

420 1484 605 1536 mortis
653 1492 777 1535 ante
826 1482 1009 1536 oculos
1063 1497 1277 1552 semper
1342 1484 1550 1550 ponite;
1610 1482 1675 1535 ad
1730 1481 1983 1541 emenda-

420 1573 619 1625 tionem
650 1580 904 1639 quantum
930 1571 1152 1638 potestis
1199 1571 1478 1658 fes‘inate;
1530 1570 1695 1623 nolite
1724 1570 1987 1637 negligere

417 1659 556 1727 quod
580 1661 694 1728 pius
713 1674 805 1713 vos
819 1659 1073 1714 Dominus
1096 1667 1379 1726 peccantes
1391 1659 1635 1721 sustinet,
1652 1658 1772 1726 quia
1788 1667 1986 1725 quanto

417 1751 613 1802 diutius
642 1757 887 1817 expectat
909 1758 966 1801 ut
994 1749 1287 1803 emendetis
1312 1788 1330 1816 ,
1376 1758 1525 1802 tanto
1571 1748 1783 1813 gravius
1811 1747 1984 1800 vindi-

2090 579 2233 632 mala
2261 593 2379 647 qua:
2406 578 2677 648 peccando
2700 580 3005 645 commisit,
3062 580 3365 649 pmnitendo
3409 580 3525 647 jam
3553 594 3653 635 ex-

2084 660 2289 739 purget.
2340 667 2477 724 Ecce
2520 669 2771 738 paulatim
2803 669 2979 724 deficit
3032 670 3257 725 mundus
3288 678 3486 724 cuncta
3505 684 3657 738 qna:-

2084 774 2187 827 que
2208 760 2471 825 videntur,
2486 760 2741 814 velociter
2767 768 3015 836 tanquam
3043 761 3253 825 nebula,
3281 771 3373 814 aut
3395 771 3656 829 tanquam

2084 851 2386 919 vespertina
2418 850 2603 903 umbra
2643 859 2935 906 transeunt.
2994 853 3129 906 Ecce
3177 852 3319 920 quod
3365 852 3495 907 olim
3526 866 3657 922 pro-

2085 940 2451 1007 nuntiabatur,
2480 941 2728 1008 prazsenti
2775 949 3011 1011 tempore
3038 944 3319 1011 perspicue
3372 944 3654 997 cernitur:

2085 1030 2471 1084 subtrahuntur
2482 1031 2660 1085 omnia
2679 1030 2839 1097 bona,
2854 1039 2907 1085 et
2933 1041 3179 1085 crescunt
3204 1032 3447 1099 quotidie
3474 1030 3652 1085 mala:

2086 1120 2250 1173 nolite
2276 1133 2423 1187 ergo,
2449 1118 2658 1184 fratres,
2683 1122 2937 1176 mundum
2961 1122 3071 1189 jam
3116 1122 3355 1189 diligere,
3386 1138 3552 1191 quem
3573 1124 3657 1176 sic

2087 1208 2153 1261 ad
2220 1206 2377 1261 finem
2452 1209 2759 1277 conspicitis
2819 1208 3122 1285 declinare;
3187 1212 3483 1279 przesertim
3531 1225 3658 1263 cum

2087 1298 2359 1365 apostolus
2384 1296 2751 1365 clamet,quod
2777 1299 3010 1353 amicitia
3037 1299 3195 1368 hujus
3220 1300 3411 1354 mundi
3432 1299 3654 1354 inimica

2086 1387 2154 1440 sit
2177 1386 2270 1440 Dei
2297 1387 2495 1455 (Jacoh.
2532 1403 2602 1451 tv,
2635 1386 2710 1456 4).
2742 1387 2916 1443 Vitam
2942 1389 3101 1457 igitur
3124 1397 3378 1443 :nternam
3416 1404 3484 1443 ex
3522 1400 3659 1442 'om-

2089 1478 2243 1530 nibus
2268 1477 2572 1544 prmeordiis
2600 1479 2790 1533 vestris
2819 1488 3024 1546 amate,
3073 1496 3231 1549 quam
3278 1495 3549 1548 nunquam
3600 1480 3684 1531 in.

2087 1570 2277 1625 saecula
2304 1569 2527 1633 ﬁniatis;
2551 1570 2657 1623 illic
2686 1570 2959 1638 festinate,
3008 1570 3097 1624 ubi
3126 1584 3336 1636 semper
3352 1568 3565 1632 vivatis,
3599 1576 3657 1621 et

2089 1662 2175 1715 ubi
2200 1660 2309 1728 jam
2337 1661 2471 1713 mori
2498 1674 2767 1727 nunquam
2806 1659 3058 1713 timentis.
3100 1657 3157 1712 Si
3186 1659 3327 1712 enim
3350 1657 3430 1712 sic
3458 1657 3661 1711 amatis

2089 1750 2241 1803 istam
2271 1748 2520 1804 misemm
2549 1748 2871 1817 ﬂuidamque
2896 1748 3076 1810 vitam,
3107 1747 3199 1801 ubi
3220 1762 3339 1802 cum
3372 1755 3519 1801 tanto
3567 1747 3689 1801 la--

425 1839 567 1891 cabit
595 1839 638 1891 si
666 1838 1022 1906 neglexeritis.
1049 1836 1104 1891 Si
1137 1830 1272 1893 forte
1288 1840 1487 1906 putatis
1506 1837 1647 1906 quod
1668 1836 1785 1891 ﬁnis
1806 1838 1983 1913 mundi
2012 1831 2057 1889 B
2086 1839 2217 1893 bore
2234 1839 2431 1903 vivitis,
2450 1846 2506 1895 et
2525 1839 2611 1893 ubi
2640 1840 2725 1892 vix
2747 1838 3031 1903 currendo,
3060 1836 3656 1905 satagendo,sudando,

418 1928 618 1983 tardius
650 1929 844 1991 veniat,
866 1928 949 1982 vel
979 1944 1132 1982 suum
1188 1929 1550 1997 unusquisque
1572 1927 1875 1982 consideret
1925 1928 1981 1978 fi-

418 2032 574 2083 nem;
620 2032 745 2073 ecce
771 2018 896 2071 dum
943 2018 1167 2072 libenter
1215 2034 1275 2072 ac
1314 2017 1695 2086 jucundissime
1744 2024 1981 2069 moratur

417 2108 575 2160 homo
608 2109 658 2161 in
690 2106 909 2171 mundo,
942 2106 1215 2173 multaque
1243 2108 1297 2159 in
1350 2107 1507 2173 longo
1538 2115 1778 2173 tempore
1805 2104 1982 2172 dispo-

417 2198 493 2249 nit
520 2197 745 2265 agenda,
787 2206 1010 2265 repente
1034 2197 1231 2263 rapitur
1256 2197 1305 2249 in
1336 2203 1585 2261 mortem,
1610 2204 1663 2249 et
1690 2209 1753 2249 ex
1783 2195 1978 2262 impro-

415 2288 528 2341 viso
557 2288 791 2341 aufertur
817 2303 847 2340 a
878 2302 1132 2356 corpore;
1166 2286 1257 2341 sed
1285 2286 1373 2339 ille
1402 2287 1585 2339 beatus
1609 2294 1691 2339 est
1713 2285 1798 2354 qni
1824 2294 1980 2336 antea

417 2391 629 2444 semper
660 2378 843 2430 horam
874 2377 1012 2428 illam
1037 2377 1279 2429 habuerit
1308 2384 1430 2429 ante
1460 2375 1660 2433 oculos.
1687 2386 1740 2429 et
1772 2374 1981 2427 festina-

417 2467 551 2519 verit
575 2467 623 2518 in
658 2467 743 2518 illa
774 2468 902 2519 hora
938 2468 1120 2520 mortis
1153 2474 1365 2533 paratus
1399 2464 1662 2529 inveniri,
1716 2470 1772 2515 ut
1817 2461 1984 2529 possit

399 2557 549 2623 (tanti
580 2563 750 2609 metus
777 2563 1034 2609 terrorem
1064 2556 1309 2607 evadere.

488 2646 636 2709 Quod
668 2644 716 2699 si
740 2645 894 2698 vultis
922 2644 1057 2697 scire
1086 2658 1205 2697 cum
1232 2655 1421 2709 magno
1454 2650 1619 2707 metu,
1648 2640 1943 2696 charissimi
1963 2679 1977 2703 ,

419 2736 731 2803 magnisque
757 2735 1026 2786 doloribus
1055 2741 1331 2801 separatur
1354 2733 1527 2785 anima
1554 2724 1585 2783 a
1612 2744 1859 2798 corpore,
1890 2730 1982 2783 ve-

421 2826 571 2879 niunt
595 2825 733 2877 enim
762 2825 930 2891 angeli
954 2839 1069 2877 eam
1102 2838 1393 2888 assumere,
1424 2831 1484 2875 ut
1523 2822 1816 2891 perducant
1840 2821 1981 2873 illam

420 2924 545 2968 ante
570 2914 794 2967 tribunal
820 2913 1085 2967 metuendi
1134 2913 1350 2977 iudicis,
1376 2921 1431 2967 et
1478 2922 1605 2965 tunc
1660 2911 1747 2963 illa
1781 2923 1985 2961 memo-

420 3021 545 3058 rans
574 3020 737 3073 opera
764 3018 858 3057 sua
882 3004 1017 3063 mala
1039 3018 1155 3071 qua:
1201 3002 1286 3055 die
1310 3012 1574 3067 noctuque
1620 3000 1811 3067 gessit,
1857 3012 1986 3051 con-

422 3094 698 3151 tremiscit.
725 3101 779 3146 et
803 3092 991 3159 quaerit
1022 3107 1083 3145 ea
1130 3091 1329 3159 fugere,
1364 3090 1710 3156 induciasqne
1762 3094 1943 3156 petere
1965 3125 1980 3148 ,

2081 1929 2420 2000 suspirando,
2440 1931 2756 1985 necessariis
2785 1930 3026 1998 corporis
3069 1928 3413 1994 satisfacitis;
3442 1937 3656 1997 quanto
3680 1969 3687 1975 .

2082 2019 2247 2087 magis
2274 2033 2453 2073 amare
2490 2018 2695 2073 debetis
2724 2028 2979 2074 aeternam
3005 2020 3190 2085 vitam,
3217 2020 3306 2073 ubi
3330 2019 3530 2073 nullum
3554 2034 3660 2073 un-

2082 2124 2241 2177 quam
2263 2108 2498 2165 laborem
2524 2109 2849 2165 sustinebitis
2872 2152 2886 2175 ,
2937 2110 3025 2164 ubi
3080 2124 3284 2164 summa
3312 2124 3523 2179 semper
3570 2116 3661 2161 est

2082 2196 2355 2263 securitas,
2378 2212 2568 2252 secura
2592 2198 2835 2263 felicitas,
2886 2198 3012 2253 felix
3044 2199 3278 2265 libertas,
3315 2198 3480 2251 libera
3523 2198 3660 2251 bea-

2082 2289 2239 2353 titas;
2269 2289 2358 2341 ubi
2382 2288 2690 2356 implebitur
2719 2290 2846 2342 illud
2873 2288 3014 2355 quod
3045 2287 3298 2343 Dominus
3326 2287 3375 2339 in
3402 2285 3657 2354 Evange-

2084 2375 2156 2428 lio
2184 2376 2347 2430 dicit:
2381 2376 2543 2428 Erunt
2567 2377 2792 2429 homines
2823 2377 3015 2429 similes
3034 2376 3229 2445 angelis
3255 2374 3464 2445 (Matth.
3493 2376 3657 2442 χιιι).

2084 2466 2298 2520 Similes
2328 2468 2510 2534 utique
2537 2482 2643 2520 non
2669 2467 2997 2531 substantia,
3058 2464 3149 2519 sed
3203 2464 3548 2519 beatitudine.
3590 2463 3662 2518 Et

2082 2555 2251 2609 illud:
2286 2553 2423 2631 Tunc
2445 2556 2579 2624 justi
2616 2556 2875 2625 fulgebunt
2920 2557 3052 2609 sicut
3077 2556 3153 2607 sol
3188 2555 3240 2607 in
3280 2570 3438 2624 regno
3469 2552 3675 2607 Patris.

2084 2662 2254 2699 eorum
2284 2645 2494 2714 (Matth.
2525 2661 2637 2710 xm,
2670 2646 2781 2711 45).
2804 2645 2985 2710 Qualis
3012 2656 3167 2711 putas
3188 2644 3292 2697 erit
3313 2653 3440 2698 tunc
3468 2644 3659 2714 Splen-

2082 2737 2181 2792 dor
2208 2737 2524 2802 animarum,
2552 2736 2763 2806 quando
2811 2736 2939 2790 solis
2978 2736 3274 2789 claritatem
3311 2735 3529 2788 habebit
3562 2734 3685 2790 lux-

2085 2829 2405 2896 corporum?
2443 2829 2515 2881 lbi
2536 2827 2641 2895 jam
2677 2843 2781 2883 non
2829 2828 2930 2882 erit
2957 2827 3057 2880 ulla
3090 2826 3317 2888 tristitia,
3350 2826 3533 2879 nullus
3563 2824 3658 2878 la-

2083 2915 2215 2977 bor,
2243 2916 2417 2969 nullus
2449 2916 2618 2978 dolor,
2655 2916 2828 2970 nullus
2860 2917 3200 2979 timor,.nulla
3225 2930 3386 2978 mors,
3414 2916 3508 2968 sed
3529 2929 3658 2983 per-

2085 3011 2243 3071 petua
2265 3017 2473 3072 semper
2494 3004 2691 3057 sanitas
2719 3004 3103 3072 perseverabit;
3158 3004 3297 3057 nulla
3319 3004 3390 3056 ibi
3429 3016 3660 3057 consur—

2086 3093 2401 3159 getmalitia,
2426 3093 2567 3147 nulla
2586 3093 2759 3147 carnis
2784 3092 3015 3156 miseria,
3046 3093 3187 3145 nulla
3212 3092 3489 3161 aegritudo,
3506 3092 3657 3146 nulla

423 3188 639 3239 dicens:
674 3184 803 3237 Date.
825 3176 973 3237 'mihi
1013 3184 1093 3236 vel
1153 3183 1307 3236 unius
1338 3182 1481 3234 hora:
1532 3180 1780 3247 spatium.
1840 3176 1987 3229 Tunc
2010 3191 2057 3249 α
2088 3183 2302 3237 omnino
2326 3183 2641 3247 necessitas;
2670 3199 2775 3237 non
2809 3183 2912 3236 erit
2933 3183 3000 3235 ibi
3023 3182 3209 3249 fames,
3242 3196 3342 3235 non
3372 3181 3509 3248 sitis,
3543 3197 3679 3239 non

423 3276 575 3344 quasi
605 3275 761 3329 simul
791 3275 1080 3341 loquentia,
1104 3273 1279 3327 omnia
1324 3272 1437 3339 ejus
1468 3284 1628 3338 opera
1658 3269 1837 3323 dicunt
1863 3284 1874 3318 :
1905 3266 1981 3318 Tu

424 3382 520 3421 nos
550 3366 720 3432 egisti,
756 3375 841 3417 tua
873 3379 1033 3432 opera
1079 3377 1277 3427 sumus,
1313 3376 1411 3415 nec
1441 3369 1491 3415 te
1540 3360 1863 3422 deseremus,
1892 3358 1984 3412 sed

425 3466 596 3509 tecum
621 3468 828 3523 semper
850 3456 1067 3519 erimus,
1092 3461 1371 3521 tecumque
1426 3464 1705 3518 pergemus
1732 3450 1795 3502 ad
1841 3448 1984 3515 judi-

426 3547 585 3598 cium.
623 3545 741 3598 llzec
770 3544 981 3613 quidem
1019 3544 1312 3611 peccatoris
1362 3542 1535 3595 anima
1566 3541 1702 3608 agit,
1732 3554 1849 3606 qua:
1869 3554 1985 3591 cum

429 3635 691 3688 horrendo
723 3635 910 3687 timore
938 3641 1211 3701 separatur
1242 3646 1272 3684 a
1302 3637 1615 3697 corpore,et
1643 3629 1812 3697 pergit
1835 3628 1987 3696 plena

430 3721 683 3792 peccatis,
717 3731 768 3775 et
795 3722 997 3787 ingenti
1026 3718 1334 3774 confusione
1381 3718 1651 3785 depressa.
1699 3716 1830 3771 Justi
1862 3731 1987 3770 vero

429 3826 603 3866 amna
630 3827 747 3865 cum
771 3818 1048 3882 separatur
1077 3826 1105 3863 a
1136 3823 1380 3877 corpore,
1407 3824 1510 3862 non
1541 3808 1689 3861 timet
1718 3850 1731 3872 ,
1779 3821 1875 3861 nec
1898 3822 1989 3861 ex-

430 3902 691 3970 pavescit;
723 3900 814 3954 sed
869 3903 1033 3968 magis
1063 3916 1183 3955 cum
1214 3900 1409 3967 gaudio
1439 3898 1738 3965 egreditur,
1790 3906 1841 3951 et
1871 3914 1988 3951 cum

429 3992 783 4045 exsultatione
814 3993 983 4059 p-rgit
1006 3992 1066 4043 ad
1100 3992 1287 4058 Deum,
1323 3990 1708 4043 deducentibns
1730 4004 1787 4042 se
1827 3988 1993 4055 Ange-

433 4084 493 4134 lis
516 4081 732 4133 sanctis.
763 4080 906 4131 Illam
938 4093 1063 4146 ergo
1097 4080 1283 4132 horam
1329 4079 1507 4144 modo,
1534 4079 1741 4145 fratres,
1771 4078 1953 4132 timete
1974 4118 1988 4141 ,

432 4190 496 4225 ne
524 4183 645 4223 tunc
678 4170 906 4223 timentis
936 4169 1108 4233 illam;
1166 4186 1304 4224 nunc
1329 4178 1619 4239 praecavete
1652 4212 1667 4234 ,
1727 4178 1782 4222 ut
1818 4170 1992 4223 securi

434 4273 557 4314 tunc
587 4275 700 4314 esse
730 4260 960 4328 possitis.
988 4261 1311 4313 Mementote
1348 4260 1542 4326 jugiter
1588 4258 1709 4326 quia
1742 4259 1793 4311 in
1823 4259 1995 4311 medio

438 4356 746 4423 laqueorum
792 4352 987 4406 diaboli
1018 4352 1315 4414 ambulatis,
1368 4358 1420 4402 et
1450 4350 1564 4403 ideo
1593 4365 1803 4418 semper
1830 4350 1997 4418 parati

435 4452 625 4504 estote,
665 4449 719 4495 ut
754 4443 966 4508 quando
997 4441 1201 4494 Domini
1226 4449 1549 4509 prmeeptum
1574 4440 1789 4494 missum
1821 4440 1995 4503 fuerit,

2085 3271 2265 3339 frigus,
2313 3288 2414 3324 non
2460 3280 2656 3336 :estus,
2689 3287 2795 3325 non
2850 3272 3101 3325 lassitudo
3152 3271 3499 3338 jejunii,nec
3543 3272 3656 3325 ulla

2086 3361 2303 3412 tentatio
2333 3360 2563 3423 inimici;
2617 3374 2715 3413 nec
2760 3359 2869 3426 jam
2923 3357 3175 3427 peccandi
3210 3358 3494 3424 voluntas,
3554 3374 3663 3414 nec

2086 3452 2188 3505 ulla
2214 3452 2545 3521 delinquendi
2579 3450 2920 3519 possibilitas,
2951 3448 3043 3504 sed
3066 3456 3229 3504 totum
3244 3448 3446 3512 laetitia,
3479 3458 3659 3502 totum

2086 3542 2363 3598 exsultatio
2380 3541 2681 3610 possidebit,
2714 3541 3058 3608 hominesque
3084 3538 3285 3606 angelis
3306 3538 3504 3609 sociati
3536 3538 3661 3592 sine

2088 3636 2189 3687 ulla
2208 3636 2383 3687 carnis
2410 3632 2715 3687 infirmitate
2749 3632 3067 3687 vernabunt.
3098 3629 3174 3684 lbi
3196 3644 3322 3699 ergo
3344 3629 3447 3683 erit
3474 3630 3663 3684 lmtitia

2086 3731 2257 3785 certa,
2278 3722 2346 3775 ibi
2377 3722 2588 3791 requies
2633 3735 2839 3784 secura,
2868 3720 2942 3774 ibi
2971 3735 3073 3789 pax
3103 3734 3225 3774 vera
3250 3759 3265 3783 ,
3302 3720 3373 3773 ibi
3402 3718 3664 3787 jocundi-

2088 3820 2168 3863 tas
2193 3809 2425 3874 infinita;
2473 3811 2560 3863 ubi
2591 3810 2633 3863 si
2663 3810 2810 3863 locus
2841 3808 3112 3863 obtinendi
3137 3808 3275 3863 ullus
3304 3808 3483 3870 fuerit,
3508 3808 3668 3860 amit-

2090 3902 2230 3953 tendi
2260 3902 2311 3953 in
2334 3899 2523 3953 saecula
2556 3898 2729 3951 nullus
2754 3898 2851 3951 erit
2881 3915 2892 3949 :
2925 3898 2976 3951 in
3019 3913 3132 3975 qua
3164 3895 3492 3951 beatitudine
3513 3898 3663 3965 quod

2090 3990 2255 4045 semel
2283 3990 2609 4057 adipiscitur,
2625 4002 2835 4057 semper
2858 3996 3085 4041 tenetur.
3110 3987 3249 4041 Nihil
3279 3988 3397 4040 loco
3420 3987 3512 4040 illo
3540 4001 3662 4038 ma-

2090 4079 2439 4147 gnificentius,
2473 4078 2597 4130 nihil
2627 4078 2924 4146 gloriosius,
2960 4078 3089 4131 nihil
3121 4065 3335 4142 clarius,
3370 4078 3499 4131 nihil
3531 4078 3661 4146 pul-

2092 4170 2289 4233 chrius,
2316 4168 2443 4221 nihil
2468 4168 2660 4231 verius,
2692 4168 2821 4221 nihil
2870 4167 3280 4229 munificentius,
3314 4167 3443 4219 nihil
3475 4167 3528 4219 in
3561 4167 3666 4219 bn-

2096 4262 2261 4314 nitate
2281 4259 2567 4322 sincerius,
2601 4258 2733 4311 nihil
2772 4258 2857 4311 illa
2885 4258 3208 4312 abundantia
3253 4255 3663 4323 copiosius.’lbi

2096 4367 2306 4420 semper
2334 4366 2435 4420 pax
2459 4360 2513 4405 et
2536 4364 2741 4405 summa
2786 4350 3126 4413 solemnitas;
3156 4348 3223 4401 ibi
3279 4362 3402 4401 vera
3429 4358 3485 4400 et
3512 4353 3668 4400 certa

2098 4444 2319 4497 felicitas
2349 4450 2465 4507 est,
2495 4442 2566 4495 ibi
2586 4440 2694 4508 jam
2742 4454 2847 4492 non
2878 4438 3245 4491 formidabitur
3301 4435 3667 4490 ferocissimus

439 4532 590 4587 liberi
619 4532 683 4583 ab
712 4530 855 4585 omni
885 4530 1002 4582 labe
1027 4530 1227 4596 peccati
1258 4528 1321 4580 ad
1351 4528 1589 4595 requiem
1612 4529 1837 4581 transire
1878 4543 1999 4596 pos-
2027 4522 2077 4581 D
2102 4532 2265 4585 hostis
2294 4532 2379 4601 qui
2410 4530 2555 4597 cupit
2581 4528 2778 4597 jugiter
2806 4528 3009 4581 animas
3031 4526 3276 4593 jugulare
3302 4563 3317 4590 ,
3357 4539 3459 4579 nec
3506 4523 3669 4577 time-

442 4626 579 4677 sitis.
618 4624 725 4676 Nec
750 4618 1079 4674 arbitramini
1113 4634 1205 4671 vos
1232 4618 1319 4671 diu
1343 4620 1393 4671 in
1428 4618 1529 4671 hoc
1567 4617 1762 4669 mundo
1792 4631 2001 4669 mansu-

442 4730 561 4775 ros;
620 4714 739 4780 quia
786 4708 1028 4765 ni'mirum
1086 4708 1378 4777 proveniet,
1426 4717 1482 4761 ut
1538 4724 1642 4761 non
1685 4707 2003 4761 concedatur

446 4812 569 4873 post
589 4803 906 4856 dominicum
938 4809 1259 4870 praeceptum
1290 4799 1525 4863 missum,
1560 4814 1656 4853 nec
1681 4798 1832 4851 unius
1863 4798 2004 4850 hora:

448 4900 718 4946 momento
749 4892 797 4943 in
832 4892 929 4944 hac
956 4892 1061 4942 vita
1094 4891 1402 4943 consistere.
1437 4887 1633 4941 Cavete
1663 4890 1818 4956 igitur
1847 4902 1911 4940 ne
1940 4886 2005 4939 dc

447 4983 590 5035 exitu
618 4992 792 5034 vestro
825 4981 1087 5033 tristitiam
1135 4979 1335 5033 faciatis
1382 4977 1613 5045 angelis,
1680 4987 1731 5030 et
1760 4978 1949 5042 gaudio
1974 4993 2002 5026 ιι

451 5071 674 5124 inimicis
706 5088 716 5119 :
747 5071 936 5123 scitote
956 5085 1077 5121 vero
1104 5068 1227 5137 quia
1254 5068 1425 5119 anima
1458 5082 1574 5120 cmn
1608 5082 1836 5135 corpore
1866 5066 2007 5120 evel-

456 5165 597 5224 litur,
628 5164 804 5216 statim
833 5172 922 5215 aut
951 5162 1001 5214 in
1033 5161 1273 5228 paradiso
1301 5175 1393 5227 pro
1434 5159 1584 5213 bonis
1609 5160 1810 5213 meritis
1838 5160 2003 5211 collo-

452 5263 621 5319 catur,
654 5262 742 5305 aut
791 5264 934 5306 certe
979 5267 1075 5320 pro
1122 5250 1351 5320 peccatis
1401 5248 1453 5301 in
1503 5248 1707 5303 inferno
1758 5249 2008 5302 continuo

454 5344 834 5412 prmcipitatur.
860 5344 1201 5410 Quapropter
1227 5342 1403 5409 eligite
1430 5340 1587 5393 modo
1621 5339 1761 5407 quod
1810 5340 1966 5391 vultis
1992 5380 2005 5404 ,

455 5442 508 5487 et
538 5434 634 5485 hoc
661 5434 771 5501 jam
796 5432 847 5485 in
878 5432 983 5484 vita
1008 5440 1176 5483 vestra
1203 5431 1284 5484 hic
1311 5429 1593 5497 disponite,
1617 5439 1705 5481 aut
1736 5416 2009 5497 perpetua-

454 5526 575 5577 liter
595 5526 822 5591 gaudere
851 5540 967 5576 cum
990 5526 1203 5597 sanctis,
1246 5533 1336 5575 aut
1366 5523 1479 5575 sine
1507 5521 1605 5574 line
1635 5522 1856 5574 cruciari
1888 5538 2005 5574 cum

460 5614 652 5680 impiis.
686 5614 868 5683 itaque
890 5614 1154 5680 velpmna“:
1192 5628 1285 5665 vos
1316 5620 1568 5674 terreant,
1594 5611 1635 5663 si
1660 5612 1869 5677 prmmia
1906 5626 2011 5665 non

462 5702 708 5765 invitant,
736 5714 789 5755 et
811 5710 1121 5771 praesentem
1153 5702 1401 5753 mundmn
1425 5702 1467 5754 si
1498 5700 1766 5767 despicere
1790 5716 1891 5752 non
1922 5717 2013 5751 va-

464 5790 707 5846 |ctis.vel
754 5806 869 5845 cum
925 5792 1122 5856 iustitia
1165 5790 1444 5861 possidete.
1501 5789 1595 5854 Qui
1653 5790 1701 5842 in
1728 5788 2010 5855 juvcnlulc

2105 4624 2299 4677 buntur
2320 4624 2455 4677 ultra
2484 4621 2644 4687 ignita
2668 4619 2863 4674 diaboli
2901 4617 3096 4686 jacula,
3124 4630 3295 4683 neque
3330 4614 3437 4669 ulla
3459 4613 3666 4668 inimici

2106 4722 2449 4768 tcntamenta.
2484 4711 2596 4766 Non
2648 4710 2868 4763 incutiet
2905 4717 3163 4762 terrorem
3194 4705 3539 4759 barbarorum
3568 4704 3671 4757 im-

2104 4805 2353 4866 manitas,
2379 4818 2477 4857 nec
2503 4802 2606 4855 ulla
2628 4799 2848 4854 ulterius
2890 4797 3158 4852 timebitur
3199 4793 3527 4857 adversitas;
3560 4808 3668 4846 non

2108 4896 2177 4947 ibi
2210 4894 2575 4947 formidabitur
2599 4890 2816 4954 ferrum,
2843 4904 2947 4943 non
2974 4889 3123 4955 ignis,
3144 4901 3239 4940 nec
3263 4886 3425 4939 iacies
3445 4884 3671 4939 omnino

2108 4984 2401 5037 truculenta
2420 4982 2654 5043 tortoris;
2674 4994 2830 5033 nemo
2861 4980 2911 5031 in
2940 4980 3056 5032 loco
3086 4977 3177 5031 illo
3203 4976 3434 5043 glorioso
3464 4974 3673 5039 indiget

2112 5076 2457 5136 vestimento;
2491 5073 2612 5139 quia
2651 5084 2755 5124 non
2782 5078 2861 5124 est
2896 5070 3002 5123 illic
3033 5068 3211 5135 frigus,
3241 5081 3337 5120 nec
3357 5072 3539 5128 aestus,
3571 5077 3674 5116 nec

2112 5165 2211 5219 ulla
2238 5167 2373 5218 aeris
2397 5162 2741 5229 inaequalitas,
2770 5161 2943 5217 nullus
2982 5160 3050 5212 ibi
3078 5158 3263 5222 esurit,
3284 5156 3459 5210 nullus
3490 5156 3673 5209 trista-

2111 5262 2215 5317 tnr,
2241 5253 2413 5306 nul'us
2442 5259 2522 5305 est
2548 5252 2871 5319 peregrinus,
2904 5248 2994 5300 sed
3039 5261 3222 5301 omnes
3250 5246 3339 5313 qui
3368 5243 3564 5297 ibidem
3589 5251 3670 5295 at-

2111 5343 2312 5408 tingere
2338 5340 2644 5399 meruerint,
2677 5337 2850 5391 securi
2874 5335 3000 5388 utin
3031 5334 3243 5403 propria
3263 5332 3431 5401 patria
3462 5330 3667 5384 vivent.

2111 5432 2222 5484 Non
2256 5431 2390 5483 ultra
2419 5429 2526 5494 jam
2554 5426 2915 5480 adversahitur
2940 5440 3066 5478 caro
3099 5423 3328 5491 spiritui,
3358 5435 3456 5474 nec
3502 5420 3671 5473 ullum

2115 5522 2382 5572 timebitur
2410 5514 2727 5584 periculum,
2771 5514 2863 5567 sed
2889 5512 3263 5567 inenarrabilia
3312 5525 3432 5563 cum
3464 5508 3670 5575 angelis

2114 5628 2174 5660 zu:
2203 5610 2520 5676 sempiterna
2553 5622 2579 5657 a
2608 5604 2819 5661 Christo
2842 5604 3055 5671 praemia
3086 5602 3405 5667 tribuentur,
3436 5609 3493 5654 et
3523 5598 3671 5661 Quod

2114 5702 2227 5751 ocul
2266 5717 2287 5750 s
2315 5716 2412 5750 non
2444 5696 2585 5758 vidit,
2606 5697 2738 5749 sicut
2769 5696 2895 5747 dicit
2918 5695 3219 5761 Apostolus,
3248 5708 3338 5744 nec
3360 5688 3501 5742 auris
3531 5690 3657 5739 audi

2120 5806 2142 5841 t'
2168 5799 2205 5853 ι,
2235 5804 2323 5839 nec
2350 5790 2397 5839 it
2440 5803 2525 5839 cor
2558 5787 2772 5838 Itontinis
2795 5800 2880 5837 asc
2913 5785 3038 5847 udit,
3066 5798 3176 5846 (ιν-ιιι
3198 5796 3321 5845 pice,
3345 5779 3505 5829 ararit
3534 5774 3674 5829 Deus
