3934 6228
285 362 365 414 545

1769 367 1946 425 νιτΑ.

3354 360 3459 415 546

282 477 558 548 diligentibus
576 490 631 527 se
659 474 708 545 (1
734 474 862 531 "Cor.
897 497 955 549 ιι,
982 435 1230 552 9),¹Εεοε
1257 471 1464 538 qualem
1508 473 1792 527 be.titu.li-
1821 481 1868 536 Α
1897 471 2208 538 mercbaris,
2239 468 2527 537 collocavi;
2570 468 2660 525 sed
2686 478 2738 522 tu
2783 484 2866 523 me
2914 483 3137 540 meaque
3154 469 3302 538 jussa
3329 485 3460 524 con-

284 581 377 620 netn
399 561 683 632 perditurus
711 564 817 616 erit
861 568 953 632 qui
1000 566 1158 620 modo
1190 575 1270 623 se,
1296 559 1418 612 dum
1446 557 1588 622 licet,
1616 573 1799 613 emen-

283 659 383 712 dare
425 652 911 729 nolueritzidcirco
959 670 1075 722 nos,
1104 653 1328 716 fratres,
1376 649 1598 704 Domino
1643 650 1798 704 auxi-

283 745 431 810 liante,
470 741 814 810 dedignemur
872 744 1008 798 ultra
1062 742 1260 797 servire
1305 749 1556 809 peccato,
1611 741 1802 810 quibus

283 845 403 892 tanta
427 832 686 888 beatitudo
712 842 1048 902 praeparatur
1077 834 1128 887 in
1159 834 1313 889 caelo.
1339 835 1470 886 Dum
1495 849 1623 903 ergo
1669 842 1801 886 tem-

284 942 365 998 pus
388 924 806 988 csa-festinemus
860 924 1150 993 propitium
1173 925 1327 980 nobis
1373 925 1540 979 Deum
1586 923 1798 990 facere;

283 1011 593 1085 despiciemus
613 1027 731 1080 quae
754 1020 965 1067 terrena
996 1020 1119 1067 sunt
1145 1053 1161 1079 ,
1214 1025 1271 1067 ut
1316 1015 1667 1084 adipiscamur
1694 1029 1801 1070 ea:-

287 1107 429 1170 lestia,
458 1105 738 1172 cogitemus
761 1117 861 1157 nos
891 1103 1195 1170 peregrinos
1213 1118 1332 1158 esse
1377 1105 1431 1157 in
1450 1106 1558 1158 huc
1585 1105 1800 1171 saeculo,

287 1204 335 1249 ut
372 1194 569 1248 liberius
617 1191 930 1246 festinemus
972 1191 1040 1246 ad
1083 1193 1276 1247 coelum
1310 1211 1322 1245 :
1359 1194 1615 1248 velociter
1661 1195 1800 1246 enim

288 1290 545 1345 transeunt,
565 1290 617 1336 et
643 1275 748 1336 cito
775 1289 1026 1350 tanquam
1059 1284 1593 1353 umbraprtetereunt
1613 1292 1802 1338 cuncta

287 1387 384 1443 quo:
405 1373 481 1426 hic
499 1371 754 1426 videntur.

341 1461 704 1529 Perpendamus
727 1460 914 1528 quales
940 1461 1136 1514 erimus
1164 1460 1216 1512 in
1247 1461 1330 1515 die
1353 1460 1533 1528 ju-licii
1561 1461 1652 1516 Dei
1672 1477 1806 1516 con-

286 1552 520 1623 specubus
546 1549 946 1618 et.angelorum
996 1548 1366 1636 praesentandi,
1401 1553 1615 1618 quando
1643 1567 1803 1620 Opera

289 1649 444 1696 nostra
470 1647 610 1692 erunt
635 1637 782 1692 nobis
806 1647 931 1692 ante
980 1639 1165 1692 oculos
1187 1640 1463 1708 ponenda;
1509 1641 1682 1709 qualis
1715 1641 1801 1694 illa

288 1731 373 1785 erit
399 1729 640 1799 confusio,
674 1729 758 1783 cui
781 1730 1062 1797 contigerit
1082 1745 1179 1799 pro
1201 1732 1432 1799 peccatis
1455 1732 1564 1786 suis
1591 1733 1642 1785 in
1675 1748 1803 1786 con-

1903 569 2164 626 temnens,
2190 560 2527 628 deceptorem
2547 559 2988 628 sequimulttisti,
3041 562 3181 616 unde
3227 569 3283 614 et
3318 561 3461 629 justa

1901 663 2057 718 poena
2104 649 2424 714 damnatus,
2484 646 2673 704 inferni
2724 649 2994 716 suppliciis
3042 663 3101 702 es
3145 651 3462 714 deputatus;

1900 745 2082 806 postea
2111 737 2360 792 misertus
2390 737 2461 791 tui
2494 753 2710 792 carnem
2743 739 3023 806 assumpsi,
3054 737 3106 789 in
3138 739 3294 792 terris
3332 739 3466 791 inter

1902 836 2208 898 peccatores
2246 828 2498 892 habitavi,
2529 830 2876 884 contumelias
2918 836 2970 880 et
3008 828 3230 881 verbera
3274 843 3390 895 pro,
3414 836 3466 898 te

1901 916 2156 978 sustinui;
2191 925 2248 970 ut
2281 925 2333 971 te
2355 917 2636 986 eriperem,
2666 919 2916 986 colaphos
2943 926 2997 970 et
3043 924 3194 984 sputa
3215 917 3464 984 suscepi;

1901 1015 1959 1058 ut
1981 1007 2075 1060 tibi
2103 1002 2691 1076 dulcediriemparadisi
2721 1007 2992 1061 redderem
3022 1046 3035 1068 ,
3091 1018 3295 1059 acetum
3343 1020 3463 1058 cum

1903 1091 2024 1148 felle
2047 1093 2186 1158 bibi;
2217 1103 2434 1162 propter
2461 1103 2514 1148 te
2556 1093 2800 1160 vepribus
2851 1101 3162 1164 coronatug,
3186 1092 3328 1145 cruci
3349 1091 3467 1142 alii-

1903 1185 2218 1248 xus,lancea
2249 1187 2556 1238 vulneratus
2583 1198 2729 1247 sum;
2773 1191 2990 1251 propter
3021 1191 3072 1234 te
3095 1188 3363 1241 mortuos,
3413 1187 3468 1232 et

1903 1274 1955 1326 in
2006 1275 2252 1342 sepulcro
2284 1275 2508 1342 positus,
2535 1274 2599 1328 ad
2645 1272 2841 1327 inferna
2885 1270 3158 1333 descendi;
3193 1279 3249 1323 ut
3297 1277 3348 1322 te
3394 1269 3459 1321 ad

1902 1363 2204 1432 paradisum
2235 1364 2558 1427 reducerem,
2587 1359 2766 1415 tartari
2798 1361 3022 1413 claustra
3063 1358 3200 1420 adii;
3234 1365 3290 1410 ut
3321 1365 3374 1409 tu
3412 1357 3465 1408 in

1903 1452 2038 1506 cmlo
2077 1467 2348 1521 regnares,
2388 1451 2576 1504 inferni
2606 1449 2863 1518 profunda
2896 1446 3187 1516 penetravi.
3218 1446 3462 1512 Agnosce

1903 1554 2030 1607 ergo
2061 1555 2178 1606 qua:
2206 1554 2301 1608 pro
2331 1547 2400 1604 te,
2431 1554 2462 1592 ο
2488 1538 2728 1606 impietas
2765 1539 2990 1590 humana
3016 1537 3026 1586 ι
3062 1535 3288 1603 pertuli;
3339 1548 3466 1586 ecce

1904 1628 2097 1683 livores
2125 1643 2257 1697 quos
2285 1640 2458 1697 prn‘te
2505 1627 2713 1696 excepi,
2737 1641 2863 1680 ecce
2907 1626 3175 1678 clavorum
3209 1621 3467 1675 foramina

1913 1718 2104 1783 quibus
2134 1717 2323 1769 aflixus
2379 1717 2430 1768 in
2471 1731 2628 1770 cruce
2682 1714 2938 1783 pependi;
2993 1711 3202 1780 suscepi
3254 1709 3467 1763 dolores

288 1829 446 1889 specta
471 1790 552 1872 Dei
579 1790 1217 1886 omniumque'homi-nuui
1260 1828 1313 1873 et
1339 1821 1646 1888 angelorum
1660 1837 1798 1898 gru-
1830 1813 1872 1871 B
1902 1817 2045 1871 tuos,
2070 1816 2127 1860 ut
2155 1819 2204 1860 te
2230 1822 2437 1875 possem
2467 1822 2684 1869 sanare;
2722 1807 2928 1874 suscepi
2963 1814 3261 1871 pteuam,nt
3282 1804 3463 1898 darem

289 1909 492 1969 bescere,
521 1897 712 1973 qui’hic
737 1919 835 1958 nec
887 1921 1045 1958 unum
1085 1907 1296 1974 quidem
1346 1907 1613 1964 hominem
1651 1897 1701 1963 in
1746 1923 1804 1964 se

290 2002 558 2066 peccantem
580 1993 683 2046 vult
706 1992 994 2061 inspicere;
1045 1995 1125 2046 vel
1173 1995 1291 2061 quis
1321 2011 1484 2064 pavor
1511 1998 1609 2052 erit
1638 1999 1800 2054 Deum

291 2093 396 2137 tunc
422 2084 590 2137 iratum
615 2082 809 2144 videre,
841 2097 999 2151 quem
1030 2083 1292 2152 placatum
1347 2101 1451 2139 non
1495 2087 1636 2140 valet
1687 2088 1804 2142 uni-

291 2169 479 2226 versitas
522 2172 984 2240 comprehendere.
1036 2173 1184 2227 Illum
1232 2187 1360 2242 ergo
1403 2174 1541 2230 diem
1591 2193 1804 2248 semper

293 2265 548 2327 timeamus,
573 2278 721 2331 quem
754 2265 914 2335 modo
959 2266 1247 2333 praevidere
1287 2269 1588 2345 nullatenus
1607 2286 1804 2340 possis-

293 2369 417 2418 tuus;
452 2348 594 2407 illum
640 2347 778 2408 diem
826 2355 1023 2422 jugiter
1056 2372 1449 2426 pavescamus,
1502 2370 1554 2415 et
1591 2362 1676 2416 vel
1729 2363 1806 2418 sic

295 2451 418 2496 actus
437 2450 626 2497 nostros
646 2457 675 2496 a
704 2446 846 2499 malo
885 2459 1217 2502 revocemus.
1252 2449 1659 2506 Consideremns
1685 2455 1804 2520 quis

296 2538 441 2584 terror
459 2529 501 2582 in
528 2530 606 2584 die
632 2530 719 2584 illo
739 2532 860 2596 erit,
893 2548 1014 2601 cum
1045 2533 1109 2588 de
1145 2537 1294 2590 caelis
1319 2537 1572 2592 Dominus
1600 2540 1665 2593 ad
1710 2541 1801 2608 ju-

296 2616 536 2671 dicandum
567 2617 812 2671 sarculum
856 2622 1098 2674 venerit:
1131 2623 1250 2688 quis
1284 2635 1456 2677 metus
1495 2627 1595 2678 erit
1636 2627 1803 2682 Deum

299 2706 464 2770 videre,
484 2705 542 2758 ad
561 2704 700 2774 cujus
726 2707 1014 2762 adventum
1060 2710 1310 2766 universa
1361 2715 1624 2770 eien‘ienta
1665 2731 1802 2784 qua-

303 2797 490 2862 tieutur,
518 2805 575 2851 ac
599 2798 789 2852 caelum
820 2814 937 2853 cum
971 2809 1109 2854 terra
1162 2805 1537 2858 contremiscet
1561 2807 1805 2861 virtutes-

301 2900 390 2954 que
409 2886 633 2941 caalorum
657 2889 1150 2944 commovebuntur.
1204 2890 1352 2945 Tune
1384 2894 1647 2961 nimirum,
1674 2911 1807 2964 pra:-

303 2976 554 3030 cinentibus
577 2978 882 3042 angelorum
940 2979 1100 3046 tubis,
1131 2995 1318 3034 omnes
1345 2991 1531 3048 gentes
1556 2997 1804 3050 quaecun-

303 3082 388 3134 que
411 3068 494 3120 sub
515 3067 638 3122 cutio
666 3067 898 3131 fuerunt,
929 3077 984 3121 et
1007 3068 1178 3122 omnis
1199 3069 1360 3124 homo
1391 3081 1496 3124 tam
1521 3071 1616 3126 viri
1645 3089 1802 3141 quam

1907 1898 2002 1950 tibi
2019 1897 2270 1964 gloriam;
2306 1897 2512 1964 suscepi
2543 1905 2789 1956 mortem,
2811 1904 2864 1945 nt
2894 1905 2946 1946 tu
2970 1896 3174 1948 viveres
3193 1895 3309 1947 sine
3341 1893 3462 1958 fine;

1906 1987 2150 2040 Conditus
2189 1985 2334 2053 jacui
2371 1984 2422 2037 in
2448 1985 2716 2052 sepulcro,
2747 1993 2801 2035 ut
2832 1992 2884 2035 ιιι
2921 1983 3241 2049 reguaresin
3279 1987 3418 2037 cosio
3447 2002 3460 2035 :

1903 2074 2017 2127 tunc
2041 2076 2216 2128 omnia
2245 2089 2341 2142 pro
2375 2075 2523 2127 vobis
2569 2073 2808 2134 sustinui,
2843 2073 3097 2139 ampliora
3130 2082 3313 2125 horum
3340 2072 3466 2136 quid

1904 2164 2052 2219 vobis
2082 2165 2240 2219 debui
2269 2166 2464 2229 facere,
2492 2173 2660 2219 etnon
2686 2162 2820 2218 feci?
2850 2164 2959 2218 Dici
2984 2177 3015 2217 e
3039 2178 3176 2216 nunc
3198 2165 3468 2216 velosten-

1903 2251 2010 2305 dite
2033 2252 2159 2312 mihi
2189 2253 2313 2320 quid
2343 2254 2483 2319 passi
2512 2254 2639 2306 estis
2669 2263 2882 2320 propter
2930 2268 3032 2312 me.
3065 2257 3319 2324 autqttitt-
3338 2253 3461 2306 boni

1903 2343 2088 2412 egistis
2141 2359 2238 2412 pro
2269 2343 2414 2397 vobis
2442 2360 2454 2396 :
2485 2357 2582 2410 ego
2606 2358 2723 2396 cum
2753 2358 2923 2396 essem
2956 2343 3246 2406 ιηνιειυιιιε,
3275 2356 3469 2411 sponte

1906 2446 2122 2504 propter
2148 2450 2243 2489 vos
2267 2437 2568 2488 incarnatus
2597 2449 2744 2497 sum;
2772 2449 2890 2487 cum
2912 2448 3079 2488 essem
3105 2435 3465 2501 impassibilis,

1907 2537 2124 2593 propter
2144 2539 2238 2578 vos
2268 2526 2374 2592 pati
2417 2524 2660 2588 dignatus
2715 2539 2863 2588 sum;
2898 2539 3018 2578 eum
3065 2538 3237 2577 essem
3282 2524 3466 2588 dives,

1905 2620 2125 2679 propter
2145 2628 2239 2666 vos
2265 2613 2479 2680 quidem
2522 2628 2718 2680 egenus
2749 2615 2915 2666 l'a'ctus
2961 2629 3110 2677 sum;
3161 2613 3251 2666 sed
3283 2628 3377 2666 vos
3417 2621 3472 2666 et
3554 2642 3556 2644 τ

1907 2696 2256 2752 humilitatem
2288 2690 2500 2764 meam,
2553 2709 2606 2753 et
2650 2694 2914 2768 praecepta
2967 2717 3085 2754 mea
3133 2718 3342 2770 semper
3392 2719 3473 2757 re-

1907 2787 2512 2858 nuentes,sednctoretn
2561 2794 2728 2860 magis
2773 2809 2926 2860 quam
2967 2809 3051 2847 me
3088 2795 3258 2847 secuti
3303 2796 3468 2849 estis:

1906 2897 2032 2937 ecce
2055 2884 2213 2937 modo
2234 2899 2338 2936 non
2371 2893 2540 2951 potest
2565 2883 2704 2936 aliud
2721 2884 2926 2951 iustitia
2959 2899 3074 2937 mea
3093 2884 3350 2950 judicare,
3371 2885 3470 2938 nisi

1906 2972 2046 3042 quod
2073 2983 2345 3027 merentur
2363 2989 2527 3043 opera
2548 2982 2724 3026 vestra
2745 2972 3018 3042 recipere:
3050 2988 3179 3040 ergo
3201 2975 3340 3044 quod
3370 2974 3470 3042 ipsi

1909 3063 2161 3132 elegistis,
2195 3073 2401 3129 tenete;
2450 3065 2840 3124 contetnpsistis
2874 3067 3062 3127 lucum,
3096 3066 3360 3133 possidete
3390 3052 3469 3118 te-

304 3154 495 3222 festinaz,
520 3157 566 3209 in
603 3170 663 3211 eo
708 3172 839 3210 sexu
871 3159 1232 3226 unusquisque
1285 3176 1388 3228 quo
1419 3169 1573 3214 natus
1618 3163 1714 3216 fuit
1748 3165 1800 3217 in
1829 3159 1872 3217 C
1905 3155 2121 3218 nebras;
2154 3158 2372 3210 amastis
2402 3167 2651 3221 mortem,
2684 3157 2755 3208 ite
2783 3157 2832 3208 in
2877 3156 3258 3223 perditionem;
3300 3156 3468 3208 secuti

309 3247 487 3307 mundo,
515 3246 624 3298 boui
645 3245 798 3298 simul
830 3255 884 3298 et
909 3243 1055 3311 mali,
1081 3249 1244 3300 sancti
1277 3256 1330 3301 et
1361 3259 1692 3317 peccatores,
1721 3250 1803 3304 vel

307 3333 564 3402 quicunque
582 3334 642 3387 ab
669 3334 822 3386 initio
844 3334 1024 3388 mundi
1053 3337 1158 3388 nati
1211 3343 1265 3389 et
1309 3338 1503 3391 mortui
1548 3337 1758 3392 fuerunt
1786 3381 1802 3406 ,

308 3422 399 3477 sive
423 3439 447 3475 a
469 3423 636 3479 bestiis
659 3426 923 3489 devorati,
953 3428 1069 3483 sive
1107 3429 1173 3480 ab
1202 3430 1320 3497 igne
1336 3433 1666 3501 consumpti,
1694 3434 1807 3488 sive

307 3512 442 3565 etiam
467 3513 524 3566 ab
541 3515 677 3583 aquis
723 3515 982 3584 absorpti,
1017 3533 1202 3572 omnes
1230 3520 1384 3572 simul
1437 3521 1489 3573 in
1538 3531 1807 3578 momento

311 3599 520 3671 temperis
544 3612 692 3672 atque
718 3604 772 3657 in
805 3605 910 3658 ictu
939 3606 1077 3659 oeuli
1132 3617 1433 3673 resurgent,
1466 3609 1517 3662 in
1542 3610 1665 3678 ipsis
1693 3612 1809 3666 sine

311 3691 443 3745 dubio
467 3694 776 3762 corporibus,
805 3702 965 3765 atque
993 3694 1045 3748 in
1071 3695 1186 3764 ipsa
1232 3711 1392 3751 carne
1419 3713 1574 3768 quam
1602 3699 1686 3754 hic
1715 3699 1806 3754 ha-

313 3781 514 3846 buerunt,
538 3783 725 3839 scilicet
754 3785 808 3838 in
836 3786 1005 3840 virum
1028 3787 1339 3855 perfectum,
1358 3797 1412 3844 et
1432 3791 1482 3844 in
1507 3808 1807 3855 mensuram

311 3869 450 3923 artatis
473 3869 787 3939 plenitudinis
817 3875 1009 3930 Christi
1048 3877 1100 3932 in
1129 3893 1230 3946 qua
1272 3887 1328 3941 et
1385 3881 1498 3949 ipse
1554 3883 1809 3940 Dominus

314 3965 551 4017 resurrexit
574 3980 600 4018 a
622 3967 872 4031 mortuis;
900 3977 954 4021 et
978 3983 1162 4024 omnes
1184 3980 1309 4024 ante
1328 3971 1585 4039 judicium
1608 3972 1807 4030 Christi

315 4053 504 4118 venient,
531 4058 823 4124 pariterque
849 4072 971 4112 eum
994 4065 1048 4112 et
1077 4059 1229 4127 electi
1254 4071 1306 4113 et
1334 4063 1546 4129 reprobi
1571 4066 1678 4116 suis
1692 4078 1811 4120 ocu.

314 4141 370 4195 lis
391 4143 625 4211 videbunt,
645 4143 783 4199 sicut
799 4155 853 4200 et
876 4147 986 4215 ipse
1004 4146 1256 4200 Dominus
1274 4149 1323 4201 in
1349 4147 1632 4220 Evangelio
1654 4152 1808 4206 dicit:

319 4228 430 4307 Tunc
471 4233 678 4287 t‘idcbttnt
722 4236 888 4303 ﬁlium
937 4237 1152 4291 hominis
1193 4238 1468 4292 mimum
1499 4243 1551 4293 in
1601 4239 1812 4295 nubibus

317 4319 403 4370 strli
420 4323 703 4386 σηπιῶν-ηαδ
739 4324 898 4376 multa
924 4335 972 4376 et
1000 4325 1262 4394 majestate
1286 4368 1300 4390 ,
1356 4329 1688 4394 constipatum
1715 4345 1812 4397 ag-

320 4407 496 4460 minibus
523 4411 835 4478 angelorum;
875 4423 920 4464 et
963 4413 1394 4482 congregabantur
1427 4425 1544 4466 ante
1569 4432 1679 4468 eum
1701 4434 1813 4469 om-

1905 3244 2033 3294 estis
2053 3242 2337 3306 diabolum,
2362 3243 2432 3297 ite
2453 3259 2570 3296 cum
2604 3244 2717 3310 ipso
2751 3244 2800 3295 in
2823 3255 3079 3296 quernum
3127 3242 3466 3309 ignem.Quis

1905 3339 2056 3397 putas
2081 3331 2180 3384 erit
2208 3340 2333 3386 tunc
2361 3334 2706 3403 lllG‘l‘Ol‘,q0iS
2728 3333 2918 3399 luctus,
2937 3348 3054 3403 quae
3078 3334 3286 3388 tristitia
3307 3372 3323 3398 ,
3350 3347 3469 3402 quae

1908 3421 2176 3488 anguSIia,
2207 3439 2328 3476 cum
2370 3425 2481 3477 ha'c
2514 3423 2670 3478 fuerit
2709 3425 2912 3492 prolata
2957 3426 3233 3477 adversum
3282 3426 3472 3494 impios

1907 3511 2186 3565 sententia.
2211 3510 2360 3565 Tunc
2380 3514 2519 3566 enim
2542 3515 2642 3566 erit
2666 3515 2815 3568 malis
2843 3513 2972 3567 dura
2995 3517 3260 3580 separatio
3283 3531 3311 3566 a
3332 3516 3472 3569 dulci

1907 3613 2210 3658 sanctorum
2231 3606 2521 3667 consortio,
2553 3613 2606 3658 et
2645 3606 2818 3659 traditi
2867 3606 2919 3657 in
2951 3614 3216 3674 potestate
3261 3607 3468 3660 dmino-

1909 3709 2030 3746 num
2062 3695 2209 3749 ibunt
2236 3695 2286 3748 in
2315 3695 2442 3764 ipsis
2489 3697 2802 3764 corporibus
2849 3696 2960 3750 suis
3008 3712 3126 3750 cum
3167 3696 3379 3750 diabo'o
3422 3699 3474 3751 in

1907 3783 2221 3853 supplicium
2250 3796 2524 3850 aeternum,
2557 3798 2610 3840 et
2637 3786 3020 3856 permanebunt
3059 3801 3268 3855 semper
3293 3789 3342 3841 in
3392 3789 3469 3840 lu.

1909 3887 1993 3929 ctu
2018 3885 2068 3928 et
2095 3875 2292 3943 gemitu
2319 3893 2330 3926 :
2365 3876 2547 3944 procul
2578 3877 2769 3945 quippe
2798 3877 3022 3931 exsiliati
3054 3893 3082 3930 a
3110 3879 3262 3931 beata
3303 3892 3464 3944 para-

1910 3967 2012 4020 disi
2034 3967 2224 4035 palria,
2245 3968 2618 4022 cruciabuntur
2637 3969 2686 4020 in
2714 3969 2972 4035 gehenna,
3004 3983 3271 4034 nunquam
3301 3969 3471 4021 licem

1915 4059 2092 4120 visuri,
2148 4074 2415 4126 nunquam
2479 4059 2806 4124 refrigerium
2863 4057 3101 4124 adepturi
3134 4098 3148 4118 ,
3208 4074 3472 4126 nunquam

1914 4160 2094 4212 poenas
2125 4145 2338 4209 iiuituri,
2369 4162 2633 4214 nunquam
2666 4145 2902 4213 requiem
2928 4149 3230 4216 accepturi;
3263 4149 3353 4202 sed
3379 4164 3472 4215 per

1913 4234 2070 4286 millia
2101 4234 2318 4286 millium
2377 4250 2635 4288 annm-unt
2663 4235 2715 4288 in
2771 4235 2977 4290 inferno
3023 4239 3324 4301 cruciandi,
3374 4255 3472 4292 nec

1916 4339 2143 4390 unquam
2174 4324 2224 4378 in
2253 4325 2443 4378 Sarcula
2469 4324 2761 4398 liberandi:
2795 4325 2882 4380 ubi
2909 4343 3003 4380 nec
3031 4328 3117 4395 qui
3143 4336 3354 4394 torquet
3383 4329 3472 4381 ali-

1915 4414 2124 4482 quando
2156 4413 2435 4483 fatigatur,
2483 4431 2580 4469 nec
2609 4417 2698 4484 qui
2730 4423 3006 4482 torquetur
3053 4430 3280 4483 unquam
3311 4418 3471 4471 mori-

320 4515 390 4552 nes
405 4511 566 4568 gentes,
593 4502 903 4572 etplangent
931 4519 983 4556 se
1003 4520 1172 4556 onum
1209 4503 1364 4558 tr.bus
1401 4514 1568 4572 terrm,
1595 4519 1640 4559 ει
1666 4523 1808 4576 τερα.
1841 4491 1886 4547 Ι)
1916 4510 2030 4566 tur;
2063 4504 2139 4553 sic
2167 4503 2304 4554 enim
2335 4503 2402 4556 ibi
2432 4503 2565 4568 ignis
2587 4504 2868 4568 constiniit,
2889 4513 2945 4556 nt
2972 4519 3181 4578 semper
3209 4499 3467 4569 reservet,

320 4587 420 4638 rabit
444 4603 515 4640 eos
556 4587 612 4642 ab
657 4591 873 4643 invicem
921 4591 1047 4644 sicut
1098 4601 1273 4660 pastor
1311 4601 1544 4663 segregat
1587 4610 1700 4647 oues
1747 4594 1808 4646 ab

324 4672 478 4738 battis;
499 4685 536 4729 et
570 4685 743 4730 statuet
794 4681 955 4745 iustos
999 4681 1196 4748 quidem
1223 4698 1253 4732 α
1277 4681 1465 4735 dextris
1485 4683 1566 4735 sui
1595 4721 1611 4746 ,
1633 4684 1812 4751 impios

323 4773 456 4816 autem
471 4781 497 4817 a
515 4769 730 4822 sinistris.
763 4766 904 4822 Tunc
917 4771 1045 4822 dit-et
1066 4771 1134 4822 ad
1156 4788 1241 4824 eos
1268 4773 1348 4838 qni
1369 4790 1397 4824 η
1421 4774 1610 4826 dextris
1632 4786 1772 4827 erant
1793 4790 1810 4828 :

335 4851 486 4914 lenite,
512 4854 762 4922 benedicti,
810 4859 1012 4925 posside
1036 4875 1062 4911 e
1109 4871 1340 4927 paratam
1387 4863 1521 4914 τοιιέ
1546 4880 1752 4932 regnum
1782 4882 1812 4917 a

326 4943 614 4999 ronstitutione
634 4947 840 5011 mundi;
866 4949 1046 4999 εδειιὶιή
1067 4949 1264 5000 enimet
1291 4951 1498 5003 dedistis
1521 4953 1640 5004 mihi
1667 4971 1814 5007 man-

328 5025 501 5092 ducare;
533 5034 669 5100 silici,
700 5049 744 5088 et
768 5037 976 5090 dedistis
998 5037 1120 5089 mihi
1165 5036 1243 5090 bib
1275 5056 1362 5102 re;
1407 5040 1584 5107 lli).'p."8
1633 5059 1768 5094 eram
1797 5085 1810 5109 ,

330 5123 365 5163 rt
387 5118 610 5188 collegist‘s
631 5140 740 5186 me;
763 5128 951 5188 nudus,
976 5135 1023 5179 et
1045 5127 1312 5194 meruistis
1349 5147 1454 5192 mc;
1483 5131 1736 5198 inﬁrmas,
1764 5144 1812 5186 et

331 5203 370 5252 in
394 5219 571 5288 carcere,
593 5221 634 5263 et
659 5213 875 5266 uisitatis
898 5231 992 5266 me.
1010 5214 1148 5268 ἸΙωε
1173 5221 1394 5283 quandin
1423 5209 1610 5288 fecistis
1639 5226 1723 5273 nui
1751 5241 1814 5277 ex

331 5285 503 5346 minimis
522 5299 645 5363 meis,
684 5301 806 5354 mi..i
841 5302 1031 5370 {cristis
1060 5301 1270 5369 (Matt/1.
1299 5312 1441 5376 xxv).
1473 5307 1616 5363 Tunc
1644 5313 1814 5365 oznni-

331 5374 407 5430 bus
423 5383 752 5444 aspicientibus
791 5391 1038 5460 ostendet
1080 5392 1273 5447 livores
1318 5374 1615 5464 lZ-xnrasque
1639 5399 1814 5452 clavo-

337 5478 437 5532 rum,
461 5469 502 5522 in
526 5475 625 5540 ipso
677 5479 790 5531 sine
832 5481 992 5535 du!:io
1041 5495 1264 5550 corpore
1312 5485 1450 5552 quod
1489 5503 1581 5554 μευ
1625 5491 1817 5547 nostris

337 5559 515 5646 peccatis
536 5563 849 5622 vulneratum
878 5578 961 5625 est
980 5610 998 5639 ,
1052 5579 1105 5624 et
1154 5571 1224 5624 ita
1257 5583 1558 5639 peccatores
1587 5579 1815 5646 compel-

334 5639 422 5695 laus
440 5645 582 5704 dicet:
610 5652 712 5724 Ego
745 5666 819 5724 te,
866 5656 1067 5723 homo,
1127 5658 1190 5714 de
1210 5658 1336 5714 limo
1381 5671 1530 5716 terrm
1577 5639 1816 5718 manibus

336 5735 433 5790 tntis
457 5737 658 5811 formavi,
679 5749 729 5801 c’t
754 5748 888 5803 intra
943 5750 1172 5818 paradisi
1213 5751 1428 5807 delicias
1454 5756 1489 5820 ,‘
1517 5755 1655 5824 quod
1710 5773 1813 5814 non

1914 4590 1990 4643 sic
2019 4597 2281 4644 tormenta
2305 4599 2561 4658 aguntur,
2601 4601 2657 4644 ut
2684 4608 2892 4660 semper
2938 4605 3282 4649 renoventur.
3313 4594 3470 4648 Juxta

1911 4677 2220 4745 qualitatem
2246 4693 2370 4734 vero
2391 4681 2583 4747 culpae,
2616 4694 2821 4746 poenam
2865 4682 2932 4736 ibi
2965 4684 3319 4750 unusquisque
3349 4700 3463 4738 MIS-

1914 4769 2043 4822 tinet
2081 4771 2368 4838 gehennae,
2401 4780 2452 4822 et
2491 4769 2678 4823 similis
2722 4772 2887 4840 culp-.e
2934 4774 3006 4826 rei
3053 4773 3160 4825 suis
3207 4773 3471 4829 similibus

1909 4858 2199 4927 junguntur
2226 4861 2493 4914 cruciantii
2521 4883 2530 4913 :
2562 4878 2666 4915 non
2691 4863 2758 4916 ibi
2799 4863 3008 4916 auditur
3031 4862 3170 4917 aliud
3195 4865 3293 4919 nisi
3319 4853 3469 4920 fletus

1914 4959 1967 5002 et
1995 4951 2265 5018 planctus,
2312 4959 2366 5004 et
2389 4951 2583 5005 Stridor
2613 4952 2878 5016 dentium;
2913 4969 3015 5007 non
3042 4956 3142 5008 erit
3171 4957 3310 5008 aliud
3341 4973 3466 5010 con-

1913 5041 2262 5094 solamentum
2293 5057 2450 5108 quam
2479 5042 2700 5094 flamma:
2722 5051 2776 5093 et
2807 5051 3035 5098 terrores
3060 5062 3357 5115 pivnarum,
3377 5063 3463 5102 ar-

1915 5130 2216 5199 deiiuutqne
2247 5132 2420 5185 miseri
2444 5134 2556 5184 sine
2579 5132 2679 5186 line
2709 5132 2758 5185 in
2783 5134 2953 5201 ignem
2976 5146 3229 5190 mternnm
3259 5154 3470 5209 semper

1915 5222 1964 5274 in
1995 5222 2184 5274 sax-uia
2216 5222 2550 5275 szncttlorum.
2594 5222 2726 5278 Justi
2775 5235 2950 5279 autem
3009 5228 3157 5280 ibunt
3203 5230 3253 5284 in
3309 5231 3469 5285 vitam

1913 5319 2185 5374 aeternam,
2216 5310 2265 5362 in
2296 5310 2404 5376 ipsa
2430 5311 2543 5364 sine
2580 5313 2740 5366 dubio
2789 5329 2948 5368 carne
2974 5331 3131 5371 quam
3165 5319 3246 5372 hic
3271 5321 3472 5374 habue-

1915 5409 2055 5461 runt,
2078 5408 2131 5450 et
2154 5401 2495 5454 sociabuntur
2523 5404 2722 5470 angelis
2777 5405 2976 5460 sanctis
3027 5408 3078 5460 in
3127 5424 3288 5476 regno
3343 5411 3459 5473 Dei,

1912 5491 2112 5557 gaudiis
2141 5490 2374 5560 deputati
2403 5494 2706 5560 perpetuis:
2734 5509 3003 5562 nunquam
3030 5499 3139 5564 jam
3191 5499 3465 5564 morituri,

1915 5597 2179 5648 nunquam
2213 5582 2347 5635 ultra
2380 5582 2770 5648 corruptionem
2796 5586 2984 5650 visuri;
3019 5587 3108 5640 sed
3130 5601 3341 5655 semper
3377 5588 3464 5641 la:-

1917 5670 2025 5722 titia
2056 5685 2117 5722 ac
2139 5669 2413 5724 dulcedine
2439 5669 2630 5723 Christi
2670 5672 2866 5740 satiati,
2900 5673 3173 5740 fulgebunt
3206 5676 3345 5729 sicut
3388 5677 3467 5729 sui

1917 5759 1966 5814 in
1992 5760 2231 5815 claritate
2279 5768 2329 5813 et
2357 5759 2542 5829 gloria,
2574 5777 2726 5831 quam
2749 5760 3063 5834 praeparavit
3084 5763 3223 5822 Deu‘;
3251 5766 3462 5835 άίῖίόιῖιι·
