3934 6228
449 311 547 364 δη
624 334 630 340 -
1214 298 1222 305 ’
1653 298 1715 353 S.‘
1750 298 1949 353 ELlGll
1989 298 2022 352 li

2131 296 2261 351 £031.
2307 297 2513 353 EPISC.

3553 296 3681 347 an

446 420 589 474 tibus
615 431 703 481 se;
742 423 796 468 et
819 419 1013 483 quanto
1040 410 1261 481 amplius
1303 409 1489 477 aliquis
1516 408 1767 462 obedicns
1800 408 1905 460 Deo
1934 409 1983 459 in
2017 420 2057 473 Α
2090 408 2266 474 {eratis
2294 407 2355 459 de
2378 408 2459 459 die
2479 408 2532 459 in
2559 406 2713 470 diem,
2743 408 2862 477 quia
2892 408 3095 460 nescitis
3123 408 3242 476 quid
3282 407 3524 460 crastina
3583 406 3691 476 fu-
3728 425 3742 433 κ

447 519 549 561 hac
602 507 706 558 vita
746 503 858 567 fuit,
885 510 1032 553 tanto
1076 500 1379 563 ampliorem
1411 497 1517 551 illic
1570 495 1866 550 mercedem
1900 510 1993 549 ac-

454 596 634 661 cipiet;
662 600 1016 659 quantumque
1035 588 1257 656 amplius
1292 588 1376 640 hic
1408 587 1569 639 Deum
1599 586 1812 650 amavit,
1846 593 1997 640 tanto

452 695 578 737 tunc
608 682 847 752 proprius
876 696 995 735 eum
1028 678 1245 732 videbit.
1280 706 1283 709 -

524 773 675 835 Ecce,
720 768 1032 831 charissimi,
1066 766 1275 836 ρεπιιὶίιί
1305 766 1452 819 vobis
1480 764 1809 833 simpliciter,
1837 774 1894 817 ut
1923 766 2001 816 in-

454 862 686 928 telligere
716 858 924 929 possitis
950 870 1065 923 qua:
1093 864 1212 908 sunt
1235 856 1509 922 unicuique
1538 864 1795 927 ventura;
1846 867 2000 907 nemo

450 948 555 1016 jam
578 963 637 1000 se
661 948 727 999 de
770 944 1062 1013 ignorantia
1088 957 1338 997 excusare
1368 943 1584 1011 poterit,
1612 942 1865 1007 quoniam
1894 943 2001 993 vita

452 1045 508 1088 et
528 1050 669 1087 mors
698 1035 843 1087 vobis
874 1032 1215 1100 praenuntiata
1238 1040 1390 1094 sunt;
1429 1031 1680 1098 supplicia
1712 1030 1995 1099 impiorum

370 1138 373 1141 ‘
451 1136 507 1179 ct
534 1126 698 1192 gloria
723 1123 981 1191 justorum
1012 1122 1161 1177 vobis
1200 1122 1504 1174 denuntiata
1544 1132 1696 1184 sunt;
1726 1121 1837 1189 jam
1878 1135 2003 1174 vero

458 1216 511 1266 in
561 1214 773 1267 arbitrio
812 1221 989 1265 vestro
1032 1213 1275 1266 consistit
1320 1213 1515 1279 eligere
1563 1213 1702 1278 quod
1759 1214 2002 1276 teneatis,

458 1303 810 1369 unusquisque
848 1302 983 1354 enim
1014 1300 1155 1369 quod
1189 1301 1274 1353 hic
1298 1302 1677 1368 concupiverit,
1708 1310 1762 1354 et
1790 1316 2004 1355 assecu-

457 1404 539 1446 tus
579 1392 752 1456 fuerit,
802 1393 902 1444 hoc
951 1394 1133 1458 utique
1177 1392 1284 1444 illic
1320 1392 1625 1459 possidebit.
1660 1393 1831 1445 Vitam
1881 1404 2006 1457 ergo

456 1490 705 1534 mterttam
738 1489 849 1532 toto
880 1480 993 1531 nisu
1025 1479 1405 1546 concupiscite,
1448 1495 1543 1532 nec
1583 1480 2005 1554 emendationem

458 1562 687 1623 vestram
717 1570 912 1621 diutius
942 1566 1213 1630 ditl'cratis,
1266 1567 1356 1621 sed
1388 1568 1451 1620 ad
1480 1568 1731 1620 lnrranda
1771 1568 2007 1622 erlestia

452 1672 619 1723 regna
644 1658 780 1709 ultro
810 1655 904 1723 ipsi
930 1655 1229 1722 relinquite,
1262 1655 1399 1721 quod
1424 1656 1554 1709 lucis
1579 1657 1726 1709 istius
1753 1655 1855 1711 line
1891 1672 2010 1725 per-

2095 504 2261 548 turum
2288 498 2353 549 sit
2383 494 2567 566 (Eccli.
2620 511 2676 563 v,
2708 496 2846 565 vni).
2894 485 3235 549 Mementote-
3260 510 3474 563 semper
3518 490 3694 563 quod

2095 594 2217 639 ante
2241 596 2586 655 conspectum
2610 584 2990 653 omnipotentis
3015 582 3110 639 Dei
3131 584 3546 646 conversamini,
3581 581 3693 650 qui

2100 677 2354 743 prospicit
2382 677 2614 729 omnium
2661 674 2954 738 hominum,
3005 689 3109 728 non
3140 673 3308 728 solum
3350 674 3513 738 facta,
3561 669 3686 727 sed
3728 698 3736 703 -

2098 755 2256 818 etiam
2303 765 2674 833 cogitationes,
2731 763 2867 818 sicut
2920 764 3205 833 Apostolus
3246 762 3439 818 Paulus
3486 762 3686 818 dicit:

2101 855 2220 910 Non
2250 867 2323 911 est
2349 858 2455 909 ulla
2484 851 2718 909 creatura
2740 855 3002 919 invisibilis
3032 857 3086 908 in
3107 868 3374 923 conspectu
3415 855 3550 925 ejus,
3580 851 3691 906 sed

2099 949 2269 1000 omnia
2291 946 2428 999 nuda
2448 955 2495 999 et
2515 956 2691 1014 aperta
2718 956 2839 998 sunt
2863 944 3024 998 oculis
3053 948 3165 1015 ejus
3195 944 3380 1013 (Hebr.
3414 960 3491 1007 tv,
3516 941 3645 1008 15).

2177 1038 2299 1089 ΗίΒο
2328 1035 2529 1103 jugiter
2559 1034 2891 1101 cogitantes,
2924 1033 3273 1087 intentissima
3308 1030 3692 1087 sollicitudine

2102 1140 2195 1179 vos
2214 1124 2494 1186 eustddite,
2528 1122 2805 1188 ultimique
2833 1120 2935 1173 diei
2960 1134 3054 1173 vos
3082 1118 3329 1174 adventui
3358 1134 3478 1173 cum
3510 1114 3693 1171 bonis

2102 1215 2347 1282 operibus
2378 1226 2587 1279 semper
2608 1218 2920 1279 pneparate.
2955 1209 3091 1264 Ecce
3117 1209 3242 1276 jam,
3273 1217 3331 1262 ut
3367 1208 3692 1261 certissim

2104 1312 2362 1364 tenemus,
2392 1300 2506 1353 linis
2529 1299 2705 1352 mundi
2728 1300 2781 1351 in
2810 1307 3054 1366 promptu
3076 1306 3308 1365 est,j:im
3339 1296 3459 1349 linis
3484 1295 3689 1349 emeriti

2107 1391 2285 1449 instat,
2319 1397 2391 1455 et,
2431 1389 2572 1456 quod
2618 1387 2901 1455 lugendum
2931 1395 3032 1453 est,
3083 1395 3227 1439 tanta
3259 1385 3396 1438 mala
3427 1382 3692 1452 quotidie

2108 1481 2253 1542 ﬁunt,
2289 1487 2553 1547 latumque
2576 1477 2943 1545 tribulationes
2964 1476 3318 1541 crebrescunt,
3350 1472 3407 1527 ut
3435 1487 3533 1542 per
3558 1473 3690 1526 hanc

2106 1569 2264 1620 etiam
2296 1566 2521 1619 mundus
2548 1550 2704 1618 linem
2729 1581 2879 1619 suum
2908 1563 3299 1633 quodammodo
3326 1562 3687 1631 proclamare

2102 1642 2365 1711 videatur.
2396 1654 2531 1711 Ecce
2553 1657 2729 1709 omnia
2755 1671 2873 1723 quae
2916 1655 3187 1724 propheta:
3215 1655 3678 1717 vaticinaverunt,

458 1746 685 1798 dendum
719 1754 825 1819 est;
859 1752 1036 1810 surgat
1063 1743 1194 1811 jam,
1233 1758 1431 1811 quaeso,
1470 1745 1771 1813 quicunque
1803 1746 2003 1813 peccati
2035 1753 2081 1810 Β
2110 1743 2951 1812 qumqueapostolipraedixerunt,
2972 1744 3227 1812 penejam
3245 1744 3686 1813 Completasunt,

462 1844 646 1888 catena
677 1834 921 1887 astrictus
970 1841 1196 1898 tenetur,
1229 1841 1281 1887 et
1328 1831 1782 1900 expergefactusa
1825 1848 2011 1886 somno

462 1941 569 1979 sua:
598 1926 783 1993 mortis
809 1926 1021 1993 evigilet
1053 1942 1066 1977 ε
1119 1932 1360 1977 recurrat
1405 1925 1469 1976 ad
1509 1924 1917 1988 confessionem,
1962 1932 2015 1976 et

464 2025 583 2080 agat
613 2014 1012 2083 paenitentiam;
1046 2018 1143 2064 nec
1191 2014 1470 2065 erubescat
1516 2013 1725 2080 publice
1759 2014 2015 2082 pmnitere

460 2120 623 2170 super
667 2103 1007 2177 immunditiis
1057 2117 1185 2169 quas
1216 2103 1399 2169 gessit,
1443 2104 1563 2169 quia
1617 2118 1803 2156 revera
1850 2104 2014 2155 multo

464 2194 655 2247 melius
683 2201 761 2246 est
811 2193 893 2245 hic
943 2207 1110 2259 pauco
1141 2199 1378 2259 tenq-ore
1428 2193 1683 2260 paenitere
1727 2207 1882 2259 quam
1923 2204 2017 2259 per

468 2290 545 2335 tot
576 2281 733 2334 millia
781 2295 1040 2334 annorum
1089 2280 1278 2332 inferni
1333 2280 1592 2347 supj'licia
1636 2280 1915 2333 sustinere.
1959 2278 2015 2331 Si

461 2386 528 2424 ex
558 2370 863 2435 cordeergo
894 2368 1220 2435 pmnituerit,
1248 2369 1351 2429 cito
1380 2378 1654 2422 succurret
1685 2368 2015 2421 illi'ltedcm-

466 2470 607 2529 ptor,
637 2458 725 2523 qui
772 2444 1179 2523 quatriduanum
1208 2456 1481 2509 suscitavit
1524 2456 1635 2525 jam
1679 2456 1894 2510 fetidum
1927 2455 2017 2508 La-

467 2562 648 2603 zarum
679 2545 855 2613 (Joan.
887 2560 960 2607 xi,
993 2544 1178 2611 1-44);
1208 2553 1424 2611 paratus
1458 2554 1538 2599 est
1574 2559 1784 2613 semper
1808 2545 1895 2598 ille
1923 2544 2018 2596 mi-

466 2635 766 2691 sericordia:
794 2634 964 2699 sinus,
988 2641 1039 2685 et
1062 2621 1350 2698 clementer
1376 2640 1644 2699 eXSpectat
1685 2642 1742 2686 ut
1768 2633 2020 2699 suscipiat

470 2725 943 2795 pmnitentes,‘non
971 2731 1050 2775 est
1094 2722 1254 2787 enim,
1288 2722 1426 2775 sicut
1450 2722 1704 2792 scriptum
1758 2731 2014 2781 tenemus,

470 2814 535 2865 de
560 2810 807 2878 quamvis
860 2810 1406 2877 magnis'criminibus
1433 2809 1765 2863 remittendis
1796 2809 1886 2863 Dei
1917 2824 2017 2862 un-

470 2916 627 2969 quam
671 2898 1033 2951 misericordia
1082 2898 1429 2965 desperanda,
1475 2900 1596 2965 quia
1651 2900 1761 2966 ipse
1788 2898 2021 2965 quotidie

470 2990 663 3042 clamat
686 2978 777 3054 per
810 2988 1138 3054 prophetam,
1168 2986 1347 3041 dicens
1390 3004 1401 3038 :
1454 2988 1759 3056 Quacunque
1786 2989 1867 3040 die
1894 3004 2016 3039 ron-

470 3095 637 3132 rcrsus
666 3080 815 3147 fuerit
843 3078 989 3131 homo
1018 3085 1248 3141 peccator
1274 3076 1676 3131 abtmmunditia
1706 3094 1816 3141 sua,
1850 3093 2018 3131 omnes
2050 3075 2093 3134 C

470 3172 755 3238 iniquitates
803 3170 911 3237 ejus
936 3172 991 3222 in
1020 3168 1271 3223 oblivione
1309 3178 1452 3222 erunt
1506 3186 1677 3222 coram
1704 3186 1782 3222 me
1813 3169 2019 3238 (Ezech.

472 3274 652 3320 χχχιιι,
682 3258 789 3326 Η).
817 3258 1094 3310 Etrursus
1136 3274 1231 3325 per
1275 3259 1433 3311 alium
1491 3258 1799 3326 prophetam
1848 3258 2021 3310 dicit:

416 3345 431 3354 κ
473 3346 583 3413 Ego
613 3361 722 3396 sum
751 3343 997 3396 Dominus
1042 3344 1172 3397 Deus
1215 3354 1391 3406 resler,
1434 3348 1516 3415 qui
1547 3346 1686 3398 deleo
1739 3348 2026 3415 iniquitates

473 3444 663 3488 uestras
689 3436 842 3503 (lsai.
875 3450 1019 3497 xuii,
1054 3433 1162 3496 25;.
1196 3434 1401 3487 Etillnd
1430 3434 1494 3487 de
1524 3431 1809 3502 Evangelia
1844 3454 1854 3485 :
1885 3434 2024 3487 Cau-

475 3527 611 3577 dium
640 3527 731 3577 erit
784 3527 837 3576 in
888 3526 1009 3577 creto
1060 3541 1207 3593 super
1234 3541 1333 3577 uno
1381 3534 1643 3593 peccatore
1684 3526 2026 3593 paenitentiam

474 3623 673 3680 agente,
703 3630 849 3677 quam
888 3628 1044 3679 supra
1074 3614 1355 3682 nonaginta
1403 3630 1576 3665 novem
1595 3616 1760 3682 justas
1804 3616 1886 3684 qui
1926 3631 2027 3667 non

476 3700 704 3768 indigent
743 3703 1037 3767 paenitentia
1089 3700 1237 3768 (Luc.
1296 3719 1376 3763 xv,
1428 3703 1503 3770 7).
1556 3704 1620 3755 Ει
1664 3704 1833 3758 illud:
1889 3702 2028 3757 Nolo

478 3798 686 3840 mortem
713 3789 1013 3854 percatoris,
1054 3789 1141 3840 sed
1170 3797 1221 3839 ut
1250 3800 1565 3843 convertatur
1591 3792 1658 3843 ad
1694 3808 1771 3843 me
1796 3800 1849 3844 ‘et
1876 3794 2028 3856 vivat,

474 3876 595 3927 dicit
626 3874 873 3928 Dominus
907 3874 1119 3943 (Ezcclt.
1160 3892 1341 3937 xum,
1391 3876 1498 3942 ll).
1532 3880 1896 3941 Considerate,
1927 3879 2032 3931 fra-

477 3973 606 4025 tres,
638 3980 792 4030 quam
825 3966 964 4032 larga
996 3975 1077 4019 est
1107 3966 1313 4017 bonitas
1339 3966 1427 4017 Dei
1454 3968 1637 4030 nostri,
1667 3982 1821 4034 quam
1853 3969 2036 4022 inclia-

481 4053 599 4104 Iiilis
644 4054 1004 4106 misericordia
1051 4056 1201 4121 ejus:
1262 4058 1495 4122 quotidie
1536 4060 1924 4123 contemnitur,
1982 4070 2036 4114 et

479 4141 715 4209 quotidie
762 4158 857 4196 nos
908 4142 973 4193 ad
1030 4144 1390 4209 pceuitmtiam
1419 4148 1789 4212 benignissima
1837 4151 2037 4216 pietate

481 4230 695 4291 invitat;
748 4231 1129 4297 liduciamejus
1151 4235 1232 4299 pia
1279 4234 1487 4299 largitio
1529 4236 1678 4288 nobis
1725 4245 1956 4303 praestat,
1979 4247 2039 4291 ut

480 4336 575 4372 nec
605 4321 943 4387 desperemus
968 4322 1034 4374 de
1059 4320 1254 4373 ChriSti
1296 4322 1675 4385 misericordia,
1710 4340 1808 4379 nec
1860 4334 2033 4380 tamen

2110 1833 2474 1903 solusquedies
2490 1835 2567 1887 sui
2577 1834 2758 1902 judicii
2781 1844 2836 1888 et
2855 1834 3117 1888 horribilis
3131 1832 3371 1897 Antichri
3385 1835 3444 1888 ~ti
3470 1834 3686 1887 adven-

2112 1931 2194 1975 tus
2229 1922 2399 1976 adlmc
2429 1931 2613 1975 restat.
2655 1920 2787 1977 Ecce
2809 1923 3004 1975 bellum
3029 1938 3187 1991 super
3210 1923 3426 1986 bellum,
3465 1923 3686 1977 tribuit

2112 2011 2185 2065 tio
2206 2026 2364 2079 super
2386 2010 2796 2075 tribulationem,
2842 2002 3009 2074 fames
3049 2024 3210 2079 super
3256 2010 3475 2077 famem,
3513 2012 3687 2081 pesti-

2114 2101 2271 2154 lentia
2322 2114 2481 2168 super
2527 2100 2917 2168 pestilentiam,
2974 2109 3028 2154 et
3069 2114 3199 2167 gens
3246 2115 3409 2168 super
3450 2106 3686 2167 gentem

2114 2190 2429 2259 consurgit:
2484 2191 2658 2245 omnia
2709 2205 2930 2259 qumque
2975 2191 3169 2245 dudum
3219 2200 3341 2245 sunt
3399 2191 3685 2261 prmdicta,

2115 2295 2211 2332 nos
2236 2276 2351 2345 jam
2373 2279 2612 2331 videmus
2641 2279 2875 2347 impleta,
2898 2294 3062 2346 quare
3090 2295 3217 2348 ergo
3259 2280 3443 2337 sumus
3482 2281 3685 2351 lapidei

2114 2376 2168 2419 et
2194 2366 2420 2420 ferreum
2445 2366 2777 2434 possidemus
2798 2379 3001 2435 pectus,
3032 2377 3088 2419 ut
3130 2384 3225 2435 pro
3275 2368 3515 2423 remedio
3558 2370 3685 2423 ani-

2116 2471 2213 2509 ma:
2233 2444 2428 2510 nostrze
2456 2456 2596 2511 inter
2638 2462 2715 2510 tot
2763 2456 2898 2527 mala
2936 2456 3152 2511 minime
3196 2457 3499 2526 cogitemus
3528 2459 3551 2509 ?
3580 2459 3684 2512 Din

2115 2549 2255 2601 enim
2302 2546 2554 2615 estquod
2598 2561 2705 2601 vox
2732 2548 2906 2602 divina
2956 2549 3202 2614 minatur,
3233 2548 3326 2604 sed
3376 2550 3686 2604 nullatenus

2118 2640 2388 2694 hominum
2419 2639 2706 2707 pertinacia
2737 2647 3001 2705 muta'ur;
3053 2640 3283 2694 caelestis
3312 2640 3451 2693 enim
3504 2640 3682 2694 inten-

2117 2739 2259 2784 tatur
2286 2730 2410 2785 olim
2434 2730 2583 2793 ultio,
2633 2738 2687 2784 et
2723 2729 2865 2782 nulla
2896 2729 3162 2783 hominum
3192 2731 3475 2785 adhibetur
3516 2732 3682 2786 satis-

2125 2819 2320 2889 factio;
2346 2870 2349 2873 .
2376 2819 2471 2873 Dei
2501 2822 2767 2889 proximat
2791 2820 2886 2884 ira,
2918 2827 2972 2874 et
3013 2821 3188 2889 tepide
3216 2822 3388 2890 agitur
3414 2822 3681 2891 pmniten-

2119 2911 2231 2975 tia;
2286 2918 2568 2964 venturum
2607 2912 2885 2979 propheta.-
2935 2919 3197 2963 testantur
3238 2910 3570 2979 supplicium,
3602 2896 3683 2965 re!

2119 3014 2239 3053 raro
2268 3000 2335 3053 ab
2375 2999 2681 3053 hominibus
2723 2999 2813 3051 Dei
2868 2998 3178 3067 imploratur
3219 2997 3492 3053 auxilium.
3535 2997 3684 3064 Qua-

2123 3099 2357 3159 propter,
2386 3090 2729 3154 dilectissimi,
2762 3098 2954 3145 moneo
2973 3099 3032 3144 ut
3080 3090 3161 3144 vel
3209 3091 3405 3144 mundo
3451 3089 3562 3158 jam
3618 3091 3684 3141 ti-

2094 3180 2320 3242 *niente,
2353 3177 2581 3232 humana
2606 3179 2819 3233 ﬁniatur
2842 3179 3065 3243 malitia,
3106 3179 3377 3248 soliusque
3432 3178 3524 3233 Dci
3569 3187 3685 3233 toto

2124 3272 2239 3321 nisu
2270 3278 2538 3335 quaaratur
2562 3268 2926 3323 misericordia
2954 3285 2969 3323 :
2998 3284 3101 3322 non
3130 3284 3227 3322 nos
3245 3270 3356 3337 jam
3377 3269 3685 3323 divitiarum

2126 3374 2285 3410 onera
2318 3358 2383 3411 ad
2411 3366 2603 3411 terram
2628 3336 2888 3425 premant,
2912 3358 3034 3425 quia
3064 3354 3170 3411 cito
3196 3359 3371 3411 omnia
3416 3358 3505 3411 hic
3524 3358 3685 3412 relin-

2127 3462 2369 3513 quemus,
2399 3462 2497 3501 nec
2517 3447 2717 3514 pariter
2744 3456 2816 3519 et.
2836 3446 3103 3501 Christum
3135 3447 3335 3501 habere
3378 3446 3598 3502 velimus
3626 3457 3684 3502 et

2127 3535 2394 3599 smcnlum,
2445 3536 2558 3601 sed,
2589 3537 2784 3590 sacculo
2828 3538 3029 3606 spreto,
3060 3536 3213 3593 liberi
3259 3535 3571 3619 festinemus
3615 3536 3683 3589 ad

2129 3640 2209 3677 (ἰαὶ
2234 3640 2339 3676 11111-

2200 3713 2619 3767 Reminiscamur
2640 3727 2798 3781 quam
2828 3715 3006 3782 gravia
3031 3714 3365 3785 suntscelera
3394 3728 3509 3782 qua:
3538 3729 3688 3770 com-

2133 3801 2388 3861 misimus,
2417 3815 2681 3867 quamque
2711 3802 2822 3854 dira
2869 3802 3056 3855 inferni
3101 3803 3354 3871 supplicia
3384 3817 3503 3871 qua:
3529 3804 3687 3859 time-

2134 3906 2271 3957 mus,
2302 3898 2354 3941 rt
2379 3888 2525 3955 juxta
2554 3890 2858 3957 qualitatem
2881 3890 3044 3958 culpae
3062 3891 3501 3945 medicamentum
3531 3890 3685 3946 adbi-

2133 3980 2352 4034 beamus
2399 3979 2720 4046 pmnitentizn
2774 3997 2786 4030 :
2844 3982 3134 4049 cogitemus
3188 3983 3345 4049 quia,
3398 3982 3687 4037 secundant

2134 4068 2468 4135 Apostolmn,
2516 4067 2662 4120 Nihil
2690 4071 2739 4120 in
2759 4062 2889 4120 hunc
2926 4069 3167 4122 mundum
3202 4071 3526 4144 intulimus(l
3554 4072 3683 4127 Tim.

2135 4172 2206 4220 v1,
2238 4156 2298 4219 7;
2323 4155 2419 4208 Job
2451 4172 2487 4218 ι,
2512 4156 2629 4223 21),
2670 4158 2903 4223 nihilque
2929 4172 2996 4209 ex
3040 4173 3104 4211 eo
3150 4161 3438 4222 monentes
3478 4162 3687 4216 auferre

2138 4245 2448 4311 poterimus.
2482 4245 2613 4297 Nudi
2642 4247 2747 4298 nati
2785 4262 2984 4312 sumus,
3032 4248 3153 4301 nuti‘
3178 4252 3359 4318 utique
3398 4253 3683 4307 morituri:

2140 4334 2389 4402 quidquid
2420 4343 2593 4388 autem
2625 4334 2709 4388 hic
2738 4335 3007 4389 inventum
3031 4346 3129 4400 est,
3177 4338 3260 4393 hic
3318 4341 3500 4409 procul
3528 4341 3713 4396 dubio.

483 4413 632 4463 nobis
659 4412 854 4477 absque
882 4412 1051 4466 fructu
1100 4413 1423 4480 pmnitentia:
1474 4406 1677 4467 veniam
1728 4432 2034 4473 concessam
2063 4406 2113 4465 Ῐ)
2139 4422 2482 4489 relinquetur,
2508 4438 2669 4492 opera
2693 4425 3055 4477 tantummodo
3078 4425 3212 4479 bona
3236 4426 3280 4480 si
3299 4406 3384 4481 hic
3405 4406 3685 4497 egerimus,

484 4515 889 4567 prmsumamus;
923 4501 1170 4555 Dominus
1199 4503 1336 4556 enim
1366 4515 1616 4569 quantum
1650 4508 1809 4574 pzftris
1840 4509 2035 4577 pietate

487 4588 761 4653 indulgens
792 4602 999 4655 semper
1052 4598 1104 4641 et
1152 4593 1449 4646 misericors
1492 4605 1601 4658 est,
1654 4604 1800 4651 tanto
1848 4601 2037 4665 iudicis

489 4675 756 4739 majestate
782 4692 998 4729 severus
1023 4686 1075 4729 et
1101 4681 1440 4747 metuendus;
1474 4673 1645 4748 potest
1681 4686 1892 4755 quidem
1932 4691 2037 4743 reis

488 4766 862 4829 indulgentiam
888 4769 1033 4831 dare,
1070 4778 1243 4835 potest
1268 4772 1376 4837 ipse
1419 4777 1730 4829 sententiam
1758 4793 1908 4831 suam
1954 4795 2036 4833 re-

486 4852 718 4914 tlcctcre,
772 4863 943 4919 potest
992 4857 1279 4923 pcenitendi
1311 4866 1515 4928 tempus
1540 4866 1698 4930 gratis
1745 4866 2035 4934 indulgere,

489 4958 590 4993 non
616 4949 789 5008 potest
812 4950 983 4994 tamen
1016 4944 1114 4996 nisi
1164 4945 1450 5011 justissime
1487 4950 1744 5018 judicare,
1785 4956 2033 5022 quoniam

491 5040 701 5083 nonest
743 5034 879 5095 apud
923 5046 1041 5084 eum
1096 5038 1458 5100 commutatio,
1518 5055 1613 5093 ncc
1666 5043 2036 5097 vicissitudinis

487 5123 1167 5192 obumbratio;:rquissitne
1211 5130 1583 5196 cnimjulicat,
1616 5141 1773 5201 atque
1818 5137 2035 5201 mquali-

488 5224 569 5265 ter
597 5214 878 5266 secundum
923 5216 1334 5283 uniuscujusque
1380 5218 1510 5271 facta
1558 5235 1826 5291 repensat,
1876 5226 2032 5287 bona,

490 5306 712 5367 scilicet,
744 5305 916 5371 bonis,
964 5318 1017 5359 et
1064 5310 1199 5361 mala
1248 5310 1429 5373 malis;
1463 5322 1516 5363 et
1562 5314 1700 5373 ideo.
1734 5318 2031 5371 charissimi

490 5395 881 5449 reminiscimini
926 5411 1040 5463 qua:
1077 5401 1276 5465 egistis,
1308 5410 1361 5453 ct
1406 5401 1447 5453 si
1496 5418 1589 5457 vos
1634 5405 1913 5471 deliquisse
1943 5424 2032 5460 co-

493 5486 761 5550 gnoscitis,
782 5489 894 5541 sine
923 5486 1095 5553 aliqua
1135 5490 1381 5544 dilatione
1409 5492 1472 5545 ad
1520 5494 1837 5560 pmnitentia:
1866 5498 2030 5550 medi‘

494 5584 728 5624 (ttttttt‘ltla
756 5575 1039 5644 confugite.
1068 5576 1253 5631 Audite
1282 5584 1586 5649 propincum
1623 5584 1985 5638 admonentem
2018 5604 2031 5640 :

500 5662 689 5719 fictile.
721 5665 902 5729 inquit,
930 5667 1136 5719 tardare
1160 5668 1225 5719 ad
1258 5667 1522 5723 Dominum
1557 5677 1789 5741 converti,
1818 5693 1906 5729 nec
1939 5677 2034 5740 dif-

2140 4510 2248 4577 ipsa
2286 4510 2556 4562 nobiscum
2601 4511 2663 4562 ad
2693 4512 2883 4564 coelum
2932 4514 3277 4579 portabimus,
3331 4516 3543 4585 imoque
3594 4535 3689 4576 nos

2138 4603 2247 4667 ipsa
2276 4600 2337 4651 ad
2366 4601 2555 4671 ctrlum
2598 4602 2899 4669 portabunt.
2945 4603 3218 4671 Tanquam
3268 4608 3532 4674 peregrini
3562 4622 3685 4676 ergo

2138 4691 2247 4743 sola
2296 4688 2607 4744 sufﬁcientia
2653 4693 2907 4755 contenti,
2960 4694 3076 4748 illas
3129 4696 3279 4750 nobis
3335 4696 3547 4750 divitias
3603 4699 3684 4752 hic

2139 4780 2487 4846 acquiramns,
2516 4795 2647 4847 quas
2684 4779 2955 4836 nobiscum
2984 4784 3048 4836 ad
3079 4785 3299 4851 patriam
3332 4780 3559 4852 paradisi
3610 4786 3681 4840 fe-

2138 4884 2335 4923 ramus.
2365 4873 2524 4923 [lcum
2554 4886 2711 4938 supra
2766 4875 2938 4926 omnia
2981 4874 3279 4940 diligamus,
3333 4876 3456 4945 quia
3505 4890 3682 4931 revera

2143 4960 2351 5026 impium
2383 4970 2463 5012 est
2507 4962 2648 5012 hunc
2705 4976 2807 5013 non
2862 4962 3021 5029 diligi,
3072 4964 3153 5015 cui
3205 4964 3373 5017 vicem
3406 4980 3686 5033 repensare

2142 5066 2243 5102 non
2276 5065 2553 5118 possumus
2582 5050 2737 5102 etiam
2769 5060 2821 5105 et
2856 5068 2973 5106 cum
3014 5054 3309 5121 diligimus;
3362 5055 3490 5122 quid
3546 5058 3682 5111 enim

2140 5157 2236 5205 nos
2258 5142 2399 5208 impii
2429 5140 2516 5207 pio
2550 5134 2767 5195 Domino
2794 5143 3085 5197 retribuere
3106 5146 3398 5212 poterimus
3426 5161 3525 5214 pro
3568 5160 3679 5198 om-

2140 5229 2291 5281 nibus
2316 5244 2431 5295 qua:
2452 5228 2693 5281 retribuit
2725 5231 2874 5284 nobis
2900 5232 2923 5283 ?
2952 5232 3049 5296 Qui
3079 5231 3235 5284 nullis
3264 5234 3461 5286 nostris
3487 5242 3677 5300 praece-

2140 5319 2384 5373 dentibus
2410 5318 2611 5372 meritis
2643 5327 2783 5372 tanta
2825 5320 2974 5374 nobis
3014 5319 3257 5388 pra-stitit
3311 5321 3575 5390 indignis;
3630 5330 3684 5376 ut

2140 5424 2235 5461 nos
2264 5424 2290 5459 a
2315 5407 2442 5473 jugo
2464 5406 2587 5459 dira:
2608 5408 2959 5463 damnationis
2998 5410 3299 5477 redimeret,
3332 5413 3400 5467 de
3442 5415 3569 5468 sede
3599 5428 3679 5479 pa-

2141 5510 2303 5551 ternae
2330 5496 2619 5563 maiestatis
2649 5500 2713 5551 ad
2740 5515 2834 5551 nos
2864 5499 3155 5567 descendit,
3190 5502 3409 5569 injurias
3434 5502 3489 5555 in
3533 5501 3681 5554 terris

2140 5588 2369 5655 pertulit,
2400 5589 2588 5655 probra
2618 5577 3122 5654 sustinuit,mortcm
3151 5592 3380 5646 indebite
3416 5590 3606 5651 subiit;
3636 5599 3679 5638 et

2142 5680 2249 5730 il.l‘C
2282 5678 2489 5743 quidem
2515 5680 2683 5732 omnia
2712 5680 2970 5743 patienter
2987 5680 3124 5743 tulit,
3152 5688 3207 5734 ut
3237 5680 3387 5733 nobis
3426 5678 3673 5732 immitta-
