3934 6228
235 358 316 414 l'l’J

1711 353 1807 406 \‘l'l
1826 368 1887 405 Α.

3318 365 3419 422 550

227 470 279 523 tis
297 474 344 520 et
369 459 620 532 patientia:
649 461 894 527 exempla
917 467 1265 524 monstraret;
1289 460 1425 516 unde
1451 472 1750 531 ctsequen-
1779 472 1824 525 Α
1856 463 2095 519 dolorem
2115 465 2337 534 habens,
2367 469 2458 522 sed
2498 469 2608 536 jam
2665 470 2981 524 meliciuam
3029 489 3136 527 non
3189 475 3423 544 habens;

224 557 343 608 libus
366 568 420 606 se
443 549 707 617 discipulis
729 549 860 604 dicit
898 567 913 602 ί
943 549 1132 605 Discite
1157 567 1188 604 a
1217 568 1295 604 me
1315 552 1433 621 quia
1462 553 1597 606 utilis
1638 571 1751 606 sunt

219 642 458 698 etlmmilis
482 639 648 704 corde,
680 649 730 690 et
779 640 1048 693 invenietis
1086 643 1303 708 requiem
1348 627 1752 698 animabus’ve-

222 735 322 786 stris
342 729 536 798 (Matth.
581 745 650 790 xi,
684 727 800 799 9.9).
859 729 1084 799 Oportet
1113 733 1270 802 igitur
1301 743 1355 794 ut
1400 735 1751 802 quemadmo-

222 823 326 873 dum
351 819 432 893 ille
461 832 552 887 pro
582 818 754 881 nobis,
783 819 856 871 ita
888 827 942 872 et
994 836 1090 874 nos
1136 831 1325 876 cuncta
1371 824 1591 878 adversa
1641 841 1756 893 qua:

221 910 352 964 nobis
370 891 577 976 propter
609 915 832 974 peccata
865 919 1044 962 nostra
1075 911 1361 967 adveniunt
1388 891 1758 982 :equanimitor

224 1000 495 1061 toleremus,
523 999 876 1065 utpatientia)
924 999 1152 1053 fructum
1183 1001 1234 1054 in
1292 1005 1397 1056 vita
1425 1013 1622 1057 aetema
1671 1022 1758 1059 ca-

222 1103 329 1154 pere
354 1088 619 1156 possimus.
657 1086 952 1154 Urgeamus
993 1105 1138 1157 ergo,
1177 1092 1381 1157 tratres,
1417 1111 1628 1148 cursum
1660 1112 1757 1149 no-

221 1184 362 1229 stram
383 1175 496 1227 dum
525 1184 732 1244 tempus
761 1179 1051 1243 habemus;
1082 1182 1320 1236 odiamus
1345 1183 1483 1239 hunc
1506 1187 1757 1238 mundum

223 1279 358 1333 quem
386 1264 466 1316 diu
494 1267 766 1333 possidere
813 1283 917 1321 non
972 1284 1276 1337 possumus,
1323 1273 1464 1325 nulla
1509 1290 1604 1327 nos
1649 1274 1756 1341 jam

223 1357 449 1409 malorum
482 1373 700 1424 operum
735 1360 981 1425 eonwgia
1010 1362 1269 1428 polluant,
1301 1364 1393 1416 sed
1425 1365 1633 1419 divinus
1663 1383 1760 1421 nos

220 1456 463 1512 rqspectus
485 1459 704 1514 semper
721 1463 748 1498 a
781 1449 1014 1515 peccatis
1036 1462 1246 1515 arceat;
1272 1454 1314 1506 si
1345 1456 1497 1526 enim
1519 1457 1761 1512 homines

223 1552 249 1588 ιι
270 1538 364 1587 .st:i
392 1536 583 1590 similes
608 1547 944 1604 peccatores,
976 1549 1029 1592 et
1051 1556 1115 1593 ex
1133 1542 1321 1595 eodem
1350 1543 1460 1597 luto
1477 1544 1755 1614 formatos,

223 1639 279 1678 ne
325 1640 411 1680 nos
458 1636 740 1693 peccantes
794 1629 1078 1697 inspiciunt
1130 1634 1512 1701 erubescimus,
1561 1647 1758 1704 quanto

163 1766 171 1775 ,
223 1717 364 1781 magis
385 1725 652 1778 :cternum,
681 1727 734 1769 et
763 1719 934 1771 solum
962 1722 1076 1771 sine
1098 1730 1320 1789 peccato
1342 1725 1757 1792 omnipotentem

224 1803 467 1856 Dominum
493 1806 720 1860 revereri
739 1822 801 1861 ac
821 1807 1008 1862 timere.
1030 1810 1305 1875 debemus,
1336 1814 1423 1879 qui
1452 1830 1557 1866 non
1583 1815 1755 1867 solum
1791 1813 1830 1867 li

224 1893 357 1954 facta,
381 1892 466 1944 sed
497 1895 651 1944 etiam
680 1904 891 1948 secreta
935 1899 1112 1952 cordis
1154 1900 1457 1953 considerat
1492 1913 1542 1956 et
1574 1905 1757 1958 videt?

225 1980 348 2032 lluuc
378 1995 495 2048 ergo
524 1982 764 2048 quotidie
819 1985 1136 2050 timeamus,
1193 1987 1350 2054 hujus
1405 1994 1755 2046 reverentiam

221 2069 464 2122 nobiseum
495 2085 706 2138 semper
733 2071 982 2137 feramus,
1031 2076 1217 2144 sicque
1245 2091 1365 2144 spes
1421 2076 1756 2145 indulgentia:

222 2160 384 2224 erigat,
413 2169 465 2212 ut
495 2169 662 2214 metus
687 2162 946 2227 gehennaz.
967 2178 1178 2234 semper
1211 2165 1430 2234 alliigat.
1466 2169 1603 2222 Ante
1642 2185 1757 2223 om-

222 2264 292 2301 nia
317 2258 364 2302 et
403 2264 555 2317 super
582 2251 760 2303 omnia
817 2251 1134 2306 charitatem
1184 2253 1502 2322 habeamus,
1534 2260 1755 2313 remini-

221 2350 402 2393 sceutes
422 2338 745 2395 Dominicum
766 2351 1091 2414 praeceptum
1111 2386 1124 2411 ,
1151 2328 1258 2414 quo
1288 2348 1484 2403 dicitur
1508 2368 1518 2401 :
1558 2350 1606 2402 Η
1617 2352 1759 2405 abete

221 2433 265 2483 iit
291 2431 416 2484 vobis
438 2433 512 2484 sal
539 2433 729 2498 (Marc.
753 2450 829 2498 ιι,
861 2435 974 2502 A9).
1022 2419 1140 2505 Et;
1161 2437 1350 2492 Parem
1399 2441 1576 2494 habete
1625 2444 1758 2496 inter

222 2539 292 2576 tos
308 2520 497 2592 (Μ).
522 2522 583 2576 Et
601 2526 748 2588 illud,
769 2527 1291 2594 inquit,'Handatum
1310 2533 1574 2585 novum'do
1598 2533 1752 2599 vobis,

220 2621 265 2664 tt
288 2628 363 2663 ros
387 2614 581 2664 invicem
607 2614 835 2683 diligatis
868 2614 1046 2684 (Joan.
1078 2632 1193 2681 xm,
1237 2617 1347 2685 34).
1394 2621 1524 2674 Nam
1573 2631 1626 2674 ct
1657 2623 1752 2676 ali-

222 2703 264 2753 bi
282 2703 459 2754 dicitur
485 2720 496 2754 :
528 2702 719 2755 ﬂabete
747 2706 1076 2768 charitotem,
1109 2707 1242 2772 quod
1268 2718 1345 2772 est
1375 2711 1755 2765 vinculumuni-

221 2795 324 2844 to’is
350 2792 554 2863 (Colon.
587 2811 662 2857 ιιι,
711 2794 815 2864 ιι).
853 2797 918 2849 Ει
960 2798 1151 2850 iterum
1185 2817 1198 2850 :
1251 2799 1430 2854 Estote
1477 2803 1757 2856 imiratores

221 2879 299 2933 Dei
318 2891 539 2951 tanquam
559 2884 654 2950 ﬁlii
684 2885 975 2938 citatissimi
993 2902 1010 2950 ;
1034 2898 1080 2938 et
1112 2887 1364 2940 ambulate
1404 2890 1457 2941 in
1485 2891 1756 2944 dilectione

221 2967 408 3039 (Ephes.
442 2987 487 3036 v,
517 2973 590 3042 1).
620 2975 686 3026 Et
711 2973 907 3028 iterum
943 2995 953 3027 :
993 2973 1172 3030 Omnis
1205 2981 1528 3045 amaritudo,
1562 2989 1610 3031 et
1655 2983 1750 3047 ira,

220 3068 258 3110 et
274 3061 555 3130 indignatio,
577 3063 785 3115 tollatur
811 3081 842 3115 α
865 3057 1134 3142 robiscnm
1157 3068 1296 3118 onmi
1312 3067 1510 3120 malitia
1535 3066 1702 3137 (Ep/ie
1720 3090 1746 3122 ·.

222 3167 279 3217 tv,
305 3153 410 3218 3|).
433 3151 492 3205 Et
515 3170 528 3206 :
555 3155 648 3207 Sol
666 3170 768 3207 non
799 3156 998 3208 occidat
1028 3173 1178 3224 super
1195 3158 1511 3208 iracundiam
1537 3171 1753 3212 vestram
1780 3159 1822 3230 (Σ
1857 3199 1899 3234 πε

223 3240 507 3310 (Ιδὶἀηῖϐ).
534 3245 733 3313 Nempe
775 3247 916 3299 sicut
959 3248 1159 3299 ltttllltm
1202 3247 1412 3314 prolicit
1438 3249 1488 3300 in
1529 3250 1750 3304 vulnere

219 3333 642 3397 medicamentum,
674 3334 719 3386 si
750 3335 820 3388 sit
843 3334 1063 3389 interius
1101 3333 1319 3400 lerrum,
1346 3336 1414 3388 ita
1447 3337 1578 3391 nihil
1625 3354 1750 3407 pro-

220 3419 308 3473 licit
326 3422 483 3475 oratio
504 3423 663 3485 iliiu<,
697 3423 748 3475 in
771 3423 927 3492 cujus
958 3433 1171 3499 pectore
1210 3425 1542 3480 mortiferum
1573 3413 1754 3481 versa-

221 3519 291 3563 tur
309 3511 494 3566 odium.
521 3513 821 3568 Habeamus
850 3527 1000 3581 ergo,
1033 3513 1242 3580 fratres,
1261 3515 1599 3579 charitatem,
1628 3518 1752 3584 quia

218 3601 254 3655 si
289 3602 417 3657 illam
444 3603 808 3668 habuerimus,
825 3603 1068 3657 omnibus
1090 3603 1376 3656 virtutibus
1391 3604 1750 3672 replebimur;

219 3693 252 3746 si
274 3707 388 3748 vero
413 3693 718 3747 cbaritatem
750 3708 858 3746 non
916 3693 1280 3756 habuerimus,
1323 3693 1582 3764 quidquid
1625 3694 1752 3746 boni

218 3784 385 3836 habere
411 3782 661 3848 videmur,
718 3789 889 3836 totum
935 3781 1236 3852 perdemus.
1289 3782 1396 3836 Nec
1445 3783 1497 3836 in
1538 3791 1750 3851 arrepto

217 3870 329 3926 bene
348 3874 524 3940 agendi
543 3873 820 3942 proposito
848 3873 1063 3942 penitus
1089 3872 1462 3936 lassescamus,
1485 3873 1752 3941 praecipue

219 3978 317 4016 cum
342 3964 583 4018 Dominus
606 3963 751 4018 dicat
779 3964 982 4016 nullum
1006 3972 1293 4031 ponentem
1310 3978 1523 4016 manum
1551 3964 1601 4017 in
1631 3978 1751 4016 ara-

219 4062 285 4105 tro
316 4061 364 4106 et
403 4053 768 4121 respicientem
816 4060 1109 4107 retrorsum
1161 4052 1378 4120 dignum
1411 4065 1530 4106 esse
1581 4065 1751 4127 regno,

217 4143 454 4195 cit-lorum.
487 4143 776 4212 Respicere
805 4150 982 4196 autem
1012 4150 1302 4196 retrorsum
1326 4143 1456 4196 nihil
1501 4142 1640 4196 aliud
1665 4148 1748 4196 est

218 4245 348 4297 quam
376 4234 423 4288 in
457 4249 519 4288 eo
544 4248 870 4303 quemquam
899 4235 1162 4303 pomitere
1186 4250 1293 4301 quo
1331 4235 1554 4304 coeperit
1582 4235 1742 4300 bono,

217 4331 258 4376 et
283 4340 468 4378 rursum
513 4326 797 4379 mundanis
840 4325 1117 4378 desideriis
1159 4325 1395 4389 obligari.
1448 4325 1682 4392 Denique
1711 4340 1742 4379 a

217 4426 292 4478 spe
319 4411 467 4464 venire
493 4412 759 4464 nulla-nos
790 4411 1048 4464 malorum
1074 4415 1340 4478 quantitas
1369 4422 1597 4474 revocet,
1617 4416 1739 4481 quia

218 4501 421 4566 quatnvis
443 4502 506 4554 sit
529 4501 954 4568 gravishumana
980 4501 1152 4569 culpa,
1181 4500 1377 4568 largior
1399 4500 1742 4553 nihilominus
1772 4492 1818 4548 υ

218 4599 284 4644 est
307 4593 646 4646 misericordia
680 4592 894 4653 divina;
927 4592 1066 4645 unde
1114 4607 1208 4659 per
1247 4591 1580 4645 Psalmistam
1607 4591 1741 4645 dici-

220 4679 491 4732 turztllulta
518 4690 592 4734 est
629 4683 770 4746 apud
825 4679 1101 4732 Dominum
1147 4681 1522 4747 ntisericordia,
1563 4688 1608 4733 et
1653 4698 1740 4733 co-

219 4771 333 4833 piosa
351 4775 475 4838 apud
492 4789 550 4825 eu
570 4791 597 4822 n
616 4772 899 4840 redemptio
920 4770 1090 4838 (Psal.
1122 4785 1301 4834 cmx,
1324 4769 1397 4837 7).
1422 4770 1485 4839 Et
1512 4773 1737 4827 iterum:

219 4858 300 4910 Cor
315 4863 562 4914 rontritum
583 4871 630 4914 rt
659 4860 982 4914 humiliatum
1006 4859 1142 4911 Des:
1171 4875 1270 4912 non
1321 4860 1533 4929 despicit
1567 4865 1735 4930 (l‘sal.

219 4963 259 5008 ι..
286 4949 411 5014 H9).
443 4949 558 5004 llaec
588 4966 704 5010 nos.
733 4949 944 5012 fratres,
977 4949 1163 5003 diebus
1219 4963 1280 5002 ac
1337 4950 1582 5004 noctibus
1620 4931 1743 5006 ’πηρ-

221 5040 357 5090 nzoria
384 5038 631 5104 refoveat,
669 5043 780 5093 bas:
810 5054 908 5093 eos
939 5049 1198 5106 praecepta
1245 5038 1552 5107 frequenter
1592 5041 1738 5094 solli-

221 5129 780 5192 ci:ent;debitumvit:n
830 5130 987 5182 finem
1034 5128 1144 5197 jam
1191 5129 1412 5199 jamque
1457 5129 1740 5185 all‘uturum

222 5227 447 5286 putemus,
471 5220 802 5289 vicinumque
849 5232 1126 5287 speremus
1177 5223 1364 5276 mortis
1393 5221 1549 5284 diem,
1582 5233 1739 5288 quem

224 5308 522 5376 longinquum
547 5325 663 5365 esse
693 5309 989 5371 nescimus;
1023 5308 1178 5361 modo
1209 5311 1552 5384 emendentus
1598 5311 1740 5378 quod

221 5397 556 5465 delinquimus,
582 5416 648 5454 ne
680 5411 824 5460 tunc,
849 5401 1110 5472 pmnitere
1164 5383 1481 5469 incipiamus
1525 5403 1742 5468 quando

221 5486 312 5553 iam
338 5505 431 5541 non
455 5491 740 5544 valebimus
773 5508 785 5542 :
814 5490 918 5543 erit
943 5489 1156 5557 quidem
1183 5498 1238 5542 et
1260 5492 1311 5544 in
1341 5492 1550 5547 inferno
1572 5495 1742 5560 patui-

227 5578 491 5643 tmtia,"sed
519 5580 733 5634 omnino
760 5579 1118 5643 infructuosa;
1155 5580 1256 5634 erit
1305 5582 1377 5638 ibi
1425 5581 1738 5653 pmnltentia
1826 5606 1831 5611 τ

286 5736 305 5764 ι
341 5732 645 5790 Voluntatcs.
677 5734 755 5787 An
787 5732 964 5803 potius
993 5735 1282 5805 voluptates.

1856 554 2032 621 ibique
2060 557 2362 611 nullatenus
2385 561 2579 627 poterit
2597 575 2624 611 a
2655 560 2761 612 Deo
2787 564 3077 627 promereri
3109 566 3250 630 quod
3275 569 3424 634 petit,

1855 645 2050 711 quihic
2092 647 2324 699 noluerit
2377 651 2560 703 audire
2604 650 2744 717 quod
2780 653 2915 704 licus
2938 652 3115 718 jussit.
3171 653 3424 723 ideoque,

1858 737 2192 801 Cll.‘.l‘lSSlllll,
2244 747 2500 803 quantum
2562 756 2688 807 poss
2730 755 2845 794 mus
2897 750 3174 810 pmceptts
3228 744 3316 797 Dei
3373 746 3427 798 in

1857 832 2104 885 omnibus
2161 831 2612 899 obtemperemus,
2649 842 2706 885 ut
2763 834 2832 887 ibi
2864 836 3137 901 prmmium
3186 837 3426 890 muneris

1860 923 2164 991 capiamus;
2210 924 2306 992 ipsi
2335 925 2457 977 dum
2495 923 2618 978 licet
2670 925 2754 979 hic
2812 942 2910 980 nos
2937 929 3271 993 castigemus,
3325 928 3425 996 ipsi

1857 1017 2131 1070 nobiseum
2163 1017 2227 1069 de
2275 1018 2478 1070 actibus
2508 1018 2701 1069 nostris
2732 1019 2994 1073 rationem
3025 1020 3296 1084 faciamus,
3328 1019 3425 1087 ipsi
3491 1072 3503 1081 ,

1859 1121 1956 1157 nos
1985 1103 2155 1158 .ludici
2186 1115 2368 1159 nostro
2395 1121 2725 1168 accusemus,
2782 1115 2944 1173 atque
2991 1109 3424 1161 emendationem

1861 1185 2093 1247 nostram
2119 1212 2223 1248 non
2255 1197 2321 1250 ad
2353 1205 2648 1250 extremum
2673 1198 2791 1250 vitae
2824 1196 3147 1260 dill'eratnus,
3176 1200 3267 1251 sed
3297 1213 3426 1266 quo-

1863 1285 1958 1340 tios
1991 1285 2043 1340 in
2102 1287 2337 1354 peccatis
2377 1288 2626 1351 labimur,
2661 1303 2755 1356 per
2785 1289 3152 1357 pmnitentiam
3186 1304 3429 1356 resurga-

1860 1393 1998 1442 mus,
2028 1393 2088 1432 ac
2113 1380 2237 1433 totis
2263 1379 2461 1434 viribus
2491 1381 2514 1408 °
2545 1380 2849 1434 voluntates
2874 1381 3128 1446 pessimus
3149 1384 3431 1449 carnisque

1863 1467 2138 1522 iilccebras
2171 1469 2464 1532 vincentes,
2498 1470 2627 1523 illud
2659 1471 2978 1524 onmimolis
3009 1486 3425 1538 pr:ecaveamus,

1861 1562 2114 1627 quoniam
2168 1561 2401 1628 quelilie
2449 1562 2514 1613 ad
2548 1571 2771 1614 mortem
2827 1577 3191 1630 properamus,
3222 1563 3428 1631 et_dutn

1863 1651 2126 1704 nescimus
2149 1651 2427 1718 securique
2457 1654 2792 1705 consistimus
2826 1660 3038 1719 tepente
3067 1666 3210 1705 mors
3231 1655 3427 1706 veniet.

1866 1739 1936 1792 lbi
1964 1755 2089 1805 ergo
2118 1738 2450 1800 festinemus,
2478 1742 2564 1794 ubi
2597 1757 2738 1796 mors
2781 1745 2889 1808 jam
2918 1759 3021 1795 non
3056 1745 3341 1804 tunebitur,
3377 1751 3430 1795 et

1862 1828 1944 1879 ubi
1980 1842 2075 1881 nos
2105 1829 2270 1880 sanc:i
2296 1844 2481 1881 omnes
2505 1814 2775 1897 suscipere
2797 1830 2877 1882 vel
2906 1830 3084 1883 videre
3107 1831 3426 1892 desid‘eiant,

1862 1918 1948 1970 ubi
1983 1934 2078 1970 nos
2103 1916 2216 1971 Rex
2247 1919 2482 1972 caelestis
2521 1917 2763 1974 Christus
2815 1927 2868 1971 et
2921 1920 3135 1985 Sttpcl‘tti
3164 1934 3429 1972 eivesan-

1860 2007 1984 2073 geli,
2031 2009 2286 2076 expansis
2329 2009 2604 2062 charitatis
2647 2009 2892 2068 brachiis.
2937 2018 3281 2076 exspectant;
3333 2010 3427 2070 ibi,

1859 2095 2097 2163 inquam,
2147 2097 2479 2163 festinemus,
2525 2098 2608 2150 ubi
2640 2100 2753 2151 sine
2804 2099 2907 2150 line
2952 2100 3206 2161 vi\a.i:u~,
3236 2107 3290 2150 et
3343 2101 3428 2152 ubi

1859 2186 2111 2254 angelicis
2160 2189 2459 2254 agminibus
2507 2200 2786 2263 consortes
2841 2205 2958 2242 esse
3016 2193 3298 2256 possimus.
3358 2191 3428 2254 ltp

1859 2287 2131 2348 postremo
2163 2280 2214 2332 in
2237 2281 2427 2335 exsilio
2458 2283 2634 2334 mundi
2662 2282 2813 2335 istius
2836 2296 3076 2348 agamus,
3110 2294 3166 2336 ut
3193 2284 3257 2336 ad
3291 2284 3427 2336 futu-

1860 2384 1974 2422 rum
2002 2368 2259 2438 judicium
2291 2387 2411 2424 cum
2433 2386 2620 2425 secura
2644 2373 2967 2426 conscientia
3000 2375 3151 2425 bonis
3181 2373 3427 2441 operibus

1860 2463 2035 2515 ornati
2084 2464 2391 2526 veniamus,
2448 2464 2627 2532 ibique
2671 2465 3030 2531 gratissimum
3077 2463 3184 2518 Deo
3241 2480 3427 2517 munus

1860 2562 2070 2605 nostras
2096 2553 2299 2606 animas
2345 2551 2652 2618 offeramus,
2705 2563 2762 2607 ut
2807 2571 2902 2622 pro
2934 2556 3035 2634 hor)!
3067 2556 3134 2607 ab
3181 2544 3250 2607 co
3281 2569 3427 2607 com-

1861 2642 2058 2696 mercio
2087 2643 2401 2696 aeternitatis
2425 2645 2802 2697 beatitudinem
2848 2645 3113 2710 acripere,
3155 2653 3209 2697 et
3247 2643 3298 2695 in
3329 2656 3428 2696 sa:-

1860 2734 2037 2821 culpm
2062 2733 2238 2787 saeculi
2261 2733 2479 2814 gloriari
2499 2735 2778 2802 possimus.
2807 2733 3076 2796 llaecinos,
3109 2735 3427 2800 charissimi,

1860 2824 2105 2876 mandata
2136 2824 2396 2877 hactenus
2424 2825 2575 2891 quasi
2605 2823 2685 2876 lac
2709 2824 2859 2877 vobis
2887 2823 3142 2892 gustauda
3191 2825 3430 2893 porrexi-

1860 2928 1996 2975 mus,
2022 2923 2076 2967 et
2106 2927 2232 2967 ecce
2253 2914 2413 2966 modo
2435 2914 2535 2966 sub
2566 2914 2874 2968 testimonio
2896 2914 2985 2967 Dei
3032 2923 3087 2968 ‘et
3122 2924 3276 2968 sanet
3299 2930 3429 2967 vrum

1857 3005 2191 3072 angelorum,
2221 3005 2442 3072 quinos
2490 3006 2767 3072 loquentes
2811 3007 3051 3069 audiunt,
3105 3006 3429 3059 absolvimus

1859 3092 2095 3146 debitum
2121 3078 2382 3159 nostrum,
2408 3096 2644 3148 coelestia
2666 3096 2812 3147 vobis
2831 3101 3095 3161 pneecpta
3123 3095 3425 3155 tradentes;

1897 3183 2048 3236 nodo
2072 3183 2181 3250 jam
2213 3193 2448 3237 vestrum
2479 3193 2560 3236 est
2580 3185 3129 3251 cogitare,~quatenus
3159 3194 3213 3237 ct
3245 3184 3428 3236 admo-

1857 3271 1987 3327 nitio
2019 3282 2197 3326 nostra
2231 3273 2478 3327 ellectum
2501 3275 2696 3327 habeat
2725 3275 2929 3332 salutis.
2975 3283 3029 3326 et
3079 3290 3173 3328 vos
3213 3289 3428 3343 semper

1854 3363 2179 3416 \oluntatem
2212 3363 2303 3417 Dei
2335 3364 2614 3428 facientes,
2655 3364 2720 3417 ab
2751 3364 2894 3418 omni
2929 3380 3022 3418 vos
3067 3365 3207 3417 malo
3255 3375 3407 3418 custo

1854 3454 2028 3536 uitatis,
2054 3462 2214 3523 atque
2244 3453 2460 3534 domum
2491 3454 2644 3507 liberi
2672 3452 2741 3506 ab
2780 3453 2923 3506 omni
2963 3455 3284 3518 euntagione
3309 3468 3406 3521 pec

1853 3560 1882 3599 c
1903 3547 1979 3608 .ti,
2003 3545 2067 3598 ad
2100 3560 2259 3611 regna
2291 3546 2531 3600 coelestia
2559 3545 2910 3613 tripudiantes
2947 3545 3226 3611 pervenire
3258 3547 3417 3614 possi-
3453 3569 3463 3580 κ

1855 3641 1940 3697 tis.
1974 3649 2259 3708 praestante
2293 3639 2517 3693 Domino
2540 3648 2723 3693 nostro
2751 3637 2881 3693 Jesu
2907 3637 3141 3703 Christo,
3172 3640 3261 3704 qui
3301 3654 3423 3692 cum

1854 3733 1962 3784 Deo
1985 3731 2162 3794 Patre,
2217 3739 2273 3784 et
2320 3729 2520 3798 Spiritu
2562 3739 2748 3784 sancto
2803 3729 2930 3783 vivit
2984 3736 3040 3783 et
3093 3739 3280 3797 regnat
3327 3744 3418 3795 per

1851 3829 2041 3875 cuncta
2071 3821 2262 3874 sarcula
2293 3820 2632 3874 seculorum.
2658 3821 2849 3874 Amen.

2404 3950 2639 4005 CAPUT
2688 3949 2823 4003 XVI.

1957 4060 2069 4124 Qua
2105 4060 2314 4127 pulo/tre
2341 4059 2747 4112 exhortationem
2787 4059 3088 4120 term'nnns,
3121 4057 3315 4126 populo

2430 4127 2828 4180 contestabatur.

1918 4264 2039 4321 llaec
2067 4265 2372 4319 summatim
2401 4265 2468 4319 de
2501 4264 2631 4317 tanti
2662 4263 2760 4318 viri
2807 4261 3159 4326 fatniliaribus
3199 4258 3419 4312 monitis

1845 4355 2119 4423 hucusque
2147 4370 2392 4410 nairasse
2441 4353 2670 4408 sulliciat
2705 4370 2719 4407 :
2770 4343 2888 4421 quae
2911 4350 2997 4402 ille
3026 4348 3126 4402 etsi
3172 4363 3277 4403 non
3318 4348 3417 4402 sub

1851 4449 2002 4497 miius
2032 4445 2133 4497 divi
2161 4446 2382 4498 articulo
2406 4451 2473 4498 ex
2487 4444 2680 4498 ordine
2701 4450 2758 4496 ut
2784 4442 2999 4505 digesta,
3021 4447 3164 4504 sunt,
3197 4453 3415 4508 pereur-

1846 4539 2014 4600 rchat,
2039 4536 2258 4590 diversis
2283 4547 2459 4589 tamen
2485 4535 2812 4603 temporibus
2845 4524 3150 4597 hulusmodi
3202 4545 3415 4595 semper

1845 4638 1950 4690 prm
1985 4632 2103 4690 epla
2145 4625 2355 4693 populis
2385 4605 2681 4677 intimabat.
2736 4621 2814 4676 Ad
2842 4623 3086 4676 ultimum
3119 4634 3246 4672 vero
3273 4618 3410 4672 infc-

1841 4714 1994 4764 rehat
2022 4711 2240 4766 dicens:
2275 4713 2414 4774 llaec,
2442 4710 2655 4776 fratres,
2697 4713 2742 4765 si
2798 4709 3094 4772 custoditis,
3146 4706 3411 4762 habebitis

1845 4799 2137 4866 pnnmium,
2169 4807 2220 4851 et
2243 4801 2286 4851 si
2307 4797 2570 4865 negligitis
2602 4797 2880 4852 incurretis
2904 4794 3253 4863 supplicium;
3287 4807 3408 4846 nam

1843 4905 1940 4958 ego
1962 4900 2218 4958 quantum
2249 4889 2314 4943 ad
2345 4905 2429 4944 me
2457 4891 2647 4944 attinet
2672 4888 2891 4942 absolvo
2922 4903 3102 4940 coram
3132 4885 3240 4938 Deo
3279 4897 3407 4937 con-
3485 4939 3490 4950 ,

1846 4982 2118 5034 scientiam
2150 4997 2345 5046 meam,
2377 4990 2644 5047 testesque
2678 4993 2838 5046 super
2867 4978 2971 5032 hoc
3001 4980 3187 5030 invoco
3213 4974 3402 5027 caelum

1842 5078 1897 5124 et
1920 5082 2133 5136 terram,
2168 5073 2308 5142 quod
2335 5071 2641 5142 prabuerim
2668 5070 2817 5124 vobis
2845 5078 3197 5138 opportunum
3249 5063 3396 5122 mini-

1841 5162 2078 5225 sterium,
2112 5172 2269 5228 atque
2290 5160 2713 5213 annuntiaverim
2737 5161 2896 5213 vitam
2927 5168 2978 5212 et
3007 5171 3251 5209 mometn.
3285 5154 3402 5207 Ca:-

1844 5263 2012 5306 terum
2038 5253 2090 5306 in
2120 5253 2365 5320 praesenti
2393 5253 2539 5307 vobis
2568 5254 2870 5314 innotesco,
2919 5251 3062 5318 quod
3113 5251 3155 5303 si
3189 5263 3404 5318 spreve-

1844 5342 1958 5395 ritis
1984 5343 2146 5407 verba
2169 5358 2310 5411 mea,
2336 5359 2526 5413 meque
2551 5349 2953 5398 contemnentes
2981 5342 3183 5400 audire
3221 5339 3401 5392 nolue-

1841 5433 1978 5498 ritis,
2009 5434 2254 5502 equidem
2277 5436 2494 5490 venieus
2520 5448 2696 5487 coram
2723 5430 3081 5500 Redemptore
3135 5443 3252 5481 meo
3275 5439 3399 5479 'ac-

1840 5525 2038 5579 cusabo
2087 5528 2429 5595 pertinaciam
2470 5532 2719 5585 vestram,
2757 5533 2811 5576 ct
2861 5523 3033 5591 palam
3080 5519 3264 5572 faciam
3308 5533 3402 5569 vos

1842 5626 2119 5694 prznceptis
2168 5636 2378 5692 sem,er
2427 5619 2637 5687 maligni
2693 5619 2958 5674 obediisse
3012 5613 3188 5683 potius
3243 5627 3401 5676 quam
