3934 6228
477 338 571 395 551

1641 333 1697 387 s.
1740 304 1938 385 ELlGll
1972 326 2245 383 nomen.
2288 324 2495 382 EPISC.

3572 326 3690 384 53!

472 447 695 510 Christi;
727 453 775 501 et
810 453 935 499 tunc
960 438 1084 498 vere
1110 444 1410 513 inlignante
1429 441 1611 497 iudice
1642 442 1874 497 exactori
1908 451 2015 495 tra-
2043 440 2090 499 Α
2117 438 2243 492 dum
2271 438 2505 492 divertit.
2538 436 2661 492 Post
2683 437 2834 507 cujus
2863 437 3110 493 videlicet
3130 440 3433 495 abscessum
3465 448 3696 509 repente

471 538 587 601 diti,
634 535 994 605 supplicioque
1036 534 1343 603 mancipati,
1391 531 1705 600 persolvetis
1757 532 1873 586 sine
1918 531 2022 585 fine

476 625 836 696 quadrantem.
870 623 990 678 Hac
1015 623 1173 690 igitur
1198 629 1323 675 sunt
1350 622 1510 676 verba
1545 620 1685 673 beati
1716 618 1867 688 Eligii
1906 634 2022 688 quae

476 730 596 770 cum
626 728 830 768 summo
857 713 1033 767 studio
1060 710 1199 778 plebi
1234 709 1546 778 proferebat
1581 725 1647 763 ex
1673 708 2025 778 locupletissi-

479 817 565 857 mo
612 802 792 856 cordis
832 802 915 855 sui
970 801 1253 863 thesauro;
1304 799 1395 852 sed
1434 806 1488 852 et
1527 799 1629 851 alia
1686 798 2027 853 nihilominus

479 894 640 949 multa
670 894 752 947 his
769 892 971 950 similia
998 890 1233 959 quotidie
1280 891 1585 956 exhortans,
1631 889 2030 957 evangelizabat

396 1030 400 1034 .
478 982 757 1054 populo.0
779 983 970 1051 pingue
990 996 1081 1035 vas
1106 972 1247 1049 quod
1278 981 1350 1034 ita
1380 979 1655 1034 afﬂuenter
1701 979 2031 1033 ministrabat

480 1073 619 1143 plebi
644 1073 845 1140 adipem
869 1070 1115 1125 frumenti
1156 1070 1367 1133 Christi,
1421 1078 1477 1123 et
1529 1070 1761 1123 laetitiam
1791 1069 1915 1130 olei,
1972 1082 2033 1121 ac

482 1163 716 1217 sobriam
742 1162 1050 1220 ebrietatem
1078 1161 1185 1215 vini
1213 1162 1226 1214 ι
1269 1161 1311 1214 0
1353 1175 1478 1214 vere
1526 1160 1811 1228 gloriosum
1840 1160 2030 1221 virum,

486 1251 800 1308 inetT-abilem
830 1251 919 1305 Dei
959 1261 1271 1316 amatorem,
1320 1252 1410 1320 qui
1453 1251 1596 1304 velut
1641 1252 1811 1304 bonus
1855 1257 2037 1319 pastor

486 1342 985 1411 satagebatstrenue
999 1350 1249 1409 vagantes
1277 1354 1544 1403 revocare,
1562 1341 1770 1394 attritos
1799 1338 2035 1406 alligare,

488 1440 825 1501 errantesque
875 1430 940 1483 ad
980 1430 1206 1499 paradisi
1262 1429 1438 1483 caulas
1466 1429 1824 1484 convertere!
1877 1426 2040 1492 Cujus

490 1521 627 1575 bona
658 1535 720 1574 ac
754 1520 975 1587 simplex
1005 1519 1240 1573 doctrina
1269 1519 1377 1573 olet
1404 1520 1587 1588 procul
1617 1519 1778 1572 dubio
1810 1519 2040 1587 prophe-

490 1612 574 1675 tis,
623 1611 764 1679 sapit
807 1609 1094 1683 Apostolis,
1145 1609 1427 1663 comitatur
1470 1608 1838 1675 evangelistis;
1893 1607 2041 1676 cujus

492 1698 717 1767 denique
743 1713 919 1752 sermo
951 1714 1055 1751 non
1100 1697 1240 1751 aliud
1269 1696 1405 1766 apud
1451 1714 1573 1752 suos
1612 1698 1723 1751 fuit
1768 1712 1926 1766 quam
1972 1699 2039 1751 de

2120 526 2327 592 cadum,
2356 527 2497 595 quod
2535 528 2599 582 ad
2627 542 2752 582 usus
2799 528 3119 582 famulorum
3168 528 3284 596 ejus
3328 545 3469 599 pene
3516 530 3703 584 fuerat

2121 612 2459 697 exhaustum,
2484 610 2776 668 divinitatis
2802 614 2970 681 gratia
2999 615 3348 680 exuberante,
3371 617 3501 671 vino
3523 630 3702 684 usque

2124 702 2190 755 ad
2219 717 2479 757 summum
2525 711 2607 757 est
2649 702 2932 770 repletum.
2975 703 3139 758 Facto
3173 713 3348 758 autem
3379 707 3468 759 die
3496 706 3702 770 altero,

2126 789 2340 863 fortuitu
2369 793 2637 860 ingressus
2668 792 2828 846 homo
2865 781 2925 845 in
2967 807 3162 861 penum
3208 793 3408 848 invenit
3448 805 3704 867 tunnam,

2127 896 2244 949 quae
2272 878 2439 950 pridie
2466 896 2630 937 vacua
2654 896 2820 951 prope
2842 891 3188 948 remanserat,
3219 899 3385 952 usque
3412 884 3479 937 ad
3501 899 3562 939 os
3586 885 3710 937 vini

2130 975 2383 1041 repletam
2414 992 2427 1026 :
2458 990 2525 1029 ex
2564 990 2667 1043 quo
2703 975 3046 1030 vehementer
3086 990 3209 1029 mox
3232 976 3493 1030 attonitus
3532 964 3713 1044 coepit

2134 1064 2347 1118 nimium
2387 1074 2635 1119 eventum
2677 1066 2753 1119 rei
2796 1065 3000 1131 mirari,
3045 1065 3428 1135 confestimque
3468 1056 3715 1134 hospitis

2133 1152 2215 1207 sui
2245 1152 2433 1207 merita
2462 1154 2721 1209 reducens
2749 1155 2817 1208 ad
2862 1156 3169 1208 memoriam
3199 1141 3426 1224 propere
3467 1156 3536 1210 ad
3574 1170 3715 1210 enim

2136 1241 2391 1310 perrexit,
2423 1255 2644 1295 narrans
2667 1251 2859 1308 quanta
2900 1242 2996 1294 sibi
3030 1241 3279 1296 Dominus
3316 1243 3379 1296 ad
3410 1244 3715 1297 adventum

2138 1334 2252 1401 ejus
2291 1332 2612 1400 prmstiterit.
2660 1330 2814 1395 Quod
2852 1346 2971 1383 cum
3002 1328 3201 1398 Eiigius
3229 1332 3506 1397 audiisset,
3538 1344 3719 1399 agens

2143 1422 2365 1489 Domino
2386 1423 2602 1490 gratias,
2626 1421 2753 1474 dixit
2780 1421 2844 1474 ad
2860 1435 3011 1474 eum:
3045 1419 3154 1474 Pax
3176 1422 3291 1485 tibi,
3319 1422 3501 1488 frater,
3528 1430 3716 1476 tecum

2141 1512 2209 1565 sit
2252 1512 2337 1566 hic
2374 1526 2566 1575 sermo,
2601 1506 2709 1565 nec'
2745 1510 2964 1580 patiaris
3001 1524 3229 1577 unquan
3270 1510 3528 1577 divulgari
3558 1526 3718 1573 eum,

2143 1600 2234 1654 sed
2264 1599 2415 1665 vade,
2448 1608 2505 1653 et
2544 1612 2662 1652 cum
2702 1599 2985 1666 gratiarum
3026 1599 3234 1653 actione
3279 1598 3420 1665 quod
3466 1599 3563 1651 tibi
3594 1598 3727 1665 pius

2147 1689 2399 1745 Dominus
2426 1684 2647 1757 largitus
2682 1696 2763 1740 est
2805 1688 2857 1740 in
2902 1703 3024 1740 usus
3073 1688 3401 1741 necessarios
3445 1685 3720 1753 expende.

492 1803 655 1857 regno
684 1788 794 1853 Dei,
816 1787 887 1842 de
913 1788 1135 1856 paradisi
1171 1776 1390 1853 deliciis,
1441 1797 1495 1843 ει
1529 1789 1595 1843 de
1637 1790 1890 1857 Schem“:
1914 1805 2041 1858 sup-
2074 1783 2120 1842 Β
2147 1780 2295 1833 Tunc
2322 1778 2409 1831 ille
2436 1773 2596 1845 C'I‘pil
2620 1789 2806 1843 rogare
2827 1788 2945 1830 eum
2976 1784 3031 1829 ut.
3050 1776 3355 1843 dignaretur
3384 1778 3494 1843 ipse
3518 1777 3725 1829 iterum

494 1877 677 1946 pliciis,
723 1878 789 1931 de
836 1878 1036 1945 justitia
1091 1893 1323 1946 quoque,
1377 1887 1432 1933 et
1460 1879 1561 1933 fide
1606 1888 1661 1934 et
1685 1881 1959 1944 charitate,
1988 1896 2051 1935 ac

496 1966 675 2020 mundi
726 1966 1039 2029 illecebras,
1086 1976 1383 2035 cunctaque
1431 1968 1609 2022 steculi
1663 1969 2049 2023 oblectamenta

495 2058 811 2112 omnimodis
840 2058 1207 2127 relinquenda,
1232 2066 1289 2112 et
1317 2059 1416 2112 soli
1447 2059 1673 2129 Domino
1701 2061 1824 2114 totis
1851 2062 2050 2114 viribus

496 2149 853 2203 serviendum.
882 2147 1193 2203 Proferebat
1219 2164 1347 2203 vero
1374 2148 1505 2203 illud
1531 2150 1669 2217 quod
1690 2151 1878 2206 beatus
1906 2151 2018 2219 Apo
2035 2181 2051 2191 -

498 2240 662 2294 stolus
683 2240 748 2293 ad
776 2238 1079 2294 Corinthios
1123 2240 1375 2305 scribens,
1424 2240 1646 2296 intulit:
1691 2240 1811 2297 Non
1855 2259 2049 2312 φαεν-ο,

499 2328 759 2396 inquiens,
788 2345 904 2396 qua:
922 2338 1088 2383 vestra
1124 2338 1260 2395 sunt,
1291 2332 1378 2383 sed
1420 2348 1503 2383 to.
1536 2329 1617 2401 (Il
1649 2330 1767 2385 Cor.
1818 2322 1912 2398 xit,
1943 2330 2050 2399 14).

498 2417 564 2471 Et
584 2416 722 2483 quod
745 2432 927 2471 rursus
950 2417 1199 2486 scriptum
1224 2426 1307 2471 est
1334 2419 1567 2472 :-Om‘nia
1604 2429 1770 2472 vestra
1797 2427 1934 2481 sunt,
1966 2433 2050 2470 vos

502 2516 668 2560 autem
697 2504 906 2571 Christi,
936 2504 1163 2561 Christus
1183 2524 1296 2560 vero
1326 2507 1423 2560 Dei
1456 2508 1503 2577 (1
1537 2509 1657 2562 Cor.
1690 2524 1742 2562 ιιι
1762 2547 1775 2572 ,
1806 2506 1896 2574 22,
1938 2507 2053 2576 23).

505 2594 812 2647 Meminerat
838 2606 1051 2660 quoque
1080 2592 1323 2646 eumdem
1371 2592 1682 2662 Apostolum
1716 2608 2058 2648 commonen-

506 2691 613 2735 tem
641 2699 657 2735 :
685 2684 747 2735 Et
772 2683 955 2750 quosd:
978 2698 1028 2735 in
1046 2682 1259 2750 quidem
1279 2682 1345 2737 de
1368 2682 1484 2751 igne
1512 2685 1696 2754 rapite,
1722 2684 1907 2739 dubios
1930 2689 2060 2738 vero

507 2770 869 2825 consulamini.
903 2770 967 2825 Et
1012 2770 1267 2825 Iacobum
1314 2773 1559 2827 similiter
1606 2772 1870 2829 dicentem
1903 2772 2061 2836 :.Qui

508 2860 727 2912 converti
759 2861 929 2929 fecerit
957 2868 1266 2928 peccatorent
1290 2863 1352 2915 ab
1375 2878 1547 2916 errore
1574 2863 1665 2917 via:
1692 2879 1819 2929 sum,
1847 2863 2062 2915 salvabit

511 2948 594 2999 ani
618 2963 733 2999 iam
759 2950 867 3015 ejus
890 2967 916 2997 τι
940 2958 1122 3014 morte,
1150 2960 1198 3002 et
1219 2953 1471 3019 cooperiet
1495 2953 1865 3005 multitudinem
1886 2969 2064 3018 pecca-

515 3046 675 3090 torum
702 3035 838 3106 (Jac.
870 3051 920 3100 v,
947 3036 1055 3106 20).

1081 3184 1302 3244 CAPUT
1340 3187 1497 3242 XVII.

521 3300 593 3353 De
622 3298 867 3353 miraculo
904 3300 1024 3364 cini,
1052 3298 1137 3350 ubi
1164 3316 1487 3381 vervacuum
1520 3311 1633 3370 post
1661 3304 2068 3371 repletum'inve-

1212 3380 1370 3421 nitur.

594 3499 717 3554 Erat
745 3507 921 3553 autem
956 3498 1038 3551 vir
1060 3498 1272 3568 quidam
1304 3499 1542 3555 habitans
1571 3499 1621 3553 in
1649 3500 1899 3555 suburbio
1927 3499 2071 3555 Pari-

524 3590 688 3656 siaco,
717 3588 858 3643 haud
906 3589 1147 3656 procula
1177 3587 1388 3643 basilica
1435 3588 1576 3644 beati
1616 3587 1757 3644 Petri
1804 3592 2071 3659 apostolo-

525 3694 642 3733 rum
686 3677 932 3745 principis
958 3690 1317 3744 comm'aneus,
1349 3692 1506 3745 quem
1538 3676 1733 3748 Eligius
1771 3696 1867 3747 pro
1894 3679 1997 3734 lide
2019 3691 2073 3733 et

526 3766 807 3822 devotione
847 3780 941 3819 sua
990 3765 1314 3820 familiariter
1353 3768 1621 3836 diligebat,
1656 3769 1872 3837 ipseque
1915 3770 1980 3823 ab
2008 3784 2073 3823 eo

526 3873 623 3926 pro
652 3855 943 3910 reverentia
965 3854 1276 3929 sanctitatis
1302 3858 1457 3910 unice
1499 3854 1833 3925 diligebatur.
1875 3860 2078 3929 Accidit

528 3924 653 4013 ergo
699 3951 925 4015 quadam
972 3946 1059 4000 die
1102 3924 1393 4013 ut’przedia
1434 3924 1738 4001 monasterii
1771 3951 1849 4002 sui
1884 3928 2078 4016 Eligius

532 4037 772 4101 lustrata,
804 4045 856 4091 et
895 4052 924 4089 a
953 4034 1247 4090 Gentiliaco
1272 4036 1380 4104 jam
1409 4036 1673 4103 digressus
1695 4078 1709 4101 ,
1741 4035 1953 4093 Parisiis
1991 4056 2076 4092 re-

532 4132 805 4187 maneret;
851 4137 1074 4191 cumque
1119 4140 1221 4178 non
1254 4124 1407 4197 longe
1450 4139 1478 4177 a
1513 4124 1673 4180 domo
1702 4126 1814 4195 ejus
1841 4144 1955 4181 cum
1983 4144 2078 4183 suo

534 4215 714 4278 nobili,
766 4219 826 4266 ut
878 4211 1109 4272 solebat,
1160 4213 1414 4267 comitatu
1458 4214 1722 4269 tramitem
1764 4218 2077 4286 prasteriret,

534 4302 752 4355 fortuitu
773 4300 860 4355 ille
879 4300 1085 4354 eminus
1104 4300 1433 4366 conspiciens
1454 4286 1703 4370 cognovit
1732 4303 1871 4357 illico
1898 4304 2082 4359 adesse

536 4389 778 4457 Eligium.
811 4389 959 4442 Tunc
1001 4387 1207 4442 obviam
1238 4400 1546 4454 accurreus,
1574 4390 1732 4458 cmpit
1771 4406 1939 4457 genua
1969 4392 2083 4458 ejus

2151 1870 2217 1922 ad
2258 1869 2471 1922 domum
2516 1882 2629 1935 ejus
2665 1881 2832 1935 usque
2862 1867 3088 1934 fatigari,
3135 1882 3196 1920 ac
3240 1882 3337 1935 per
3365 1866 3723 1935 semetipsum

2151 1965 2402 2010 temetum
2441 1950 2569 2009 illud
2598 1956 2926 2017 benedicere,
2962 1966 3015 2008 et
3054 1955 3305 2008 utendum
3336 1970 3401 2009 ex
3431 1971 3562 2010 vase
3593 1970 3730 2024 pro-

2150 2045 2308 2109 ferre,
2356 2044 2495 2113 quod
2543 2044 2642 2097 nisi
2689 2042 2918 2107 faceret,
2970 2044 3261 2097 testabatur
3308 2058 3366 2097 se
3410 2044 3729 2097 nullatenus

2151 2136 2342 2190 exinde
2387 2148 2616 2201 unquam
2664 2130 2747 2186 vel
2796 2141 2996 2199 guttam
3032 2131 3170 2186 foris
3194 2132 3497 2203 pmripere.
3534 2135 3603 2184 At
3638 2132 3732 2186 ille

2151 2238 2375 2279 cernens
2402 2220 2738 2276 devotionem
2768 2223 2999 2277 hominis
3027 2224 3224 2291 pariter
3250 2222 3314 2275 ad
3341 2223 3561 2277 domum
3591 2237 3727 2291 per-

2154 2316 2379 2378 rexit,et
2396 2315 2661 2382 ingressus
2684 2313 2899 2366 domum
2924 2314 3210 2380 prostravit
3233 2328 3291 2369 se
3318 2314 3367 2367 in
3393 2316 3732 2382 pavimento,

2156 2418 2218 2458 ac
2266 2402 2560 2456 diutissime
2607 2415 2818 2469 precem
2868 2398 3031 2465 fudit;
3076 2409 3196 2469 post
3245 2403 3543 2456 orationem
3596 2416 3733 2457 vero

2156 2492 2502 2547 considerans
2533 2490 2845 2558 apothecam
2877 2489 3105 2559 plenam,
3134 2490 3288 2558 jussit
3312 2504 3432 2545 eam
3468 2491 3733 2556 reserari,

2157 2581 2443 2648 vinumque
2468 2580 2518 2633 in
2544 2594 2668 2633 vase
2694 2578 2958 2648 proferre;
2984 2587 3181 2634 etcum
3212 2578 3405 2634 factum
3438 2580 3648 2645 fuisset,
3679 2588 3736 2633 et

2160 2672 2271 2740 ipse
2299 2668 2508 2739 quidem
2538 2669 2727 2721 exinde
2753 2669 3015 2735 modicum
3051 2670 3282 2737 gustavit
3306 2678 3362 2725 et
3404 2686 3597 2726 omnes
3640 2669 3734 2738 qui

2160 2759 2314 2815 simul
2357 2757 2576 2812 aderant
2616 2757 2935 2826 largissimas
2963 2774 3027 2812 ex
3075 2773 3140 2813 eo
3184 2774 3363 2815 meros
3410 2752 3736 2817 hauserunt.

2162 2851 2250 2906 Sic
2275 2849 2485 2905 demum
2526 2848 2692 2924 oculis
2734 2850 3079 2919 manibusque
3122 2851 3187 2905 ad
3227 2851 3418 2906 cretum
3447 2852 3735 2921 porrectis,

2164 2939 2359 3007 gratias
2402 2953 2563 3007 agens
2600 2947 2655 2992 et
2679 2938 2985 3006 glorillcans
3013 2953 3205 2994 nomen
3236 2939 3482 3006 Domini,
3515 2942 3601 2995 via
3630 2956 3738 3010 qua

2168 3034 2389 3088 venerat
2415 3026 2592 3082 rediit.
3088 3030 3092 3034 “
3270 3080 3273 3081 ν
3338 3031 3352 3042 ⁸

2096 3111 2144 3175 C
2729 3135 2951 3192 CAPUT
2988 3135 3170 3192 xvni.
3250 3102 3253 3103 ί

2167 3229 2369 3295 Quanta
2403 3227 2639 3281 severitas
2666 3227 2775 3297 ejus
2803 3229 3005 3282 verba»:
3042 3232 3401 3297 comitaretur;
3426 3241 3476 3286 et
3509 3232 3571 3286 de
3596 3235 3740 3288 inte-

2706 3301 2806 3350 ritu
2832 3299 3045 3365 infausti
3072 3301 3185 3351 tiri.

2237 3407 2339 3461 Sed
2382 3420 2551 3474 neque
2585 3406 2712 3461 illud
2756 3407 3014 3461 silendum
3062 3417 3215 3479 puto,
3242 3425 3307 3465 ex
3350 3427 3457 3481 quo
3504 3414 3743 3472 lectores

2169 3498 2649 3575 auditoresque'ad
2702 3498 2930 3553 studium
2987 3499 3296 3555 humilitatis
3357 3518 3522 3558 causa
3582 3505 3744 3574 hujus

2168 3587 2394 3655 exempli
2447 3586 2667 3639 incitare
2715 3585 2945 3653 confido,
2992 3597 3050 3641 ut
3092 3603 3159 3643 ne
3195 3589 3479 3660 aliquando
3510 3591 3746 3662 improbi

2170 3677 2363 3743 quique
2394 3683 2716 3745 praesumant
2760 3686 2942 3732 contra
2984 3688 3197 3733 sanctos
3227 3681 3368 3735 viros
3405 3682 3572 3735 verba
3621 3698 3749 3751 pro-

2172 3764 2318 3818 cacia
2370 3766 2581 3818 incaute
2634 3767 2890 3833 proferre,
2934 3768 3057 3820 dum
3103 3768 3261 3821 simili
3289 3779 3538 3824 metuunt
3578 3772 3748 3826 exitio

2174 3854 2537 3907 succumbere.
2584 3851 2807 3917 Quidam
2850 3854 3031 3920 itaque
3072 3855 3151 3907 vir
3181 3855 3461 3921 infaustus,
3491 3859 3748 3912 nimium-

2175 3957 2277 4010 que
2308 3950 2570 4008 protervae
2598 3943 2791 3996 mentis
2820 3956 2883 3996 ac
2911 3943 3085 4011 segnis
3116 3945 3198 4013 (ut
3226 3954 3351 4014 pote
3389 3961 3453 4001 ex
3486 3948 3746 4003 llebroini

2178 4030 2540 4101 familiaribus)
2567 4032 2990 4101 conquerebatur
3016 4034 3194 4089 multis
3222 4035 3405 4091 diebus
3430 4047 3619 4092 contra
3643 4038 3750 4093 Eli-

2176 4121 2315 4188 gium
2326 4162 2339 4187 ,
2356 4121 2539 4174 volens
2550 4122 2786 4175 ecclesia:
2801 4122 2913 4188 ejus
2928 4112 3597 4190 sylvamquamdamvalde
3618 4127 3751 4195 opti-

2179 4224 2315 4263 mam
2337 4210 2678 4277 pertinaciter
2700 4210 3001 4279 przeripere,
3027 4225 3239 4281 suaeque
3260 4212 3445 4267 ditioni
3477 4216 3751 4285 mancipa-

2180 4311 2237 4350 re
2254 4312 2382 4364 ;'pro
2394 4312 2496 4375 qua
2511 4311 2668 4351 causa
2687 4297 2993 4366 frequenter
3004 4299 3065 4352 ad
3086 4299 3230 4354 illum
3250 4303 3599 4373 conveniens,
3616 4320 3752 4375 pene

2184 4401 2302 4439 eum
2321 4386 2384 4440 ad
2412 4374 2656 4453 injuriam
2686 4388 2858 4442 verbis
2885 4389 3199 4457 procacibus
3226 4392 3585 4458 provocabat,
3610 4397 3750 4448 unde

538 4479 789 4540 lambere,
819 4476 997 4531 dicens
1030 4495 1041 4530 :
1070 4476 1162 4530 Est
1182 4478 1309 4530 mihi
1334 4478 1615 4544 pauxillum
1648 4479 1831 4534 falerni
1855 4482 1906 4535 in
1929 4480 2079 4546 cado,
2109 4448 2157 4507 ο
2186 4475 2346 4528 eliam
2390 4491 2489 4529 una
2522 4477 2726 4530 dierum
2770 4478 3017 4544 pP-Bfalus
3057 4480 3135 4532 vir
3177 4480 3357 4535 adiens
3384 4481 3634 4551 Eligium,
3664 4500 3751 4539 coo

538 4567 780 4631 divertat,
813 4580 1010 4634 quaeso,
1050 4566 1290 4620 dominus
1319 4580 1466 4620 meus
1495 4566 1761 4636 paulisper
1790 4570 1843 4623 in
1873 4570 2087 4624 domum

542 4658 673 4707 servi
703 4656 805 4721 sui,
837 4664 892 4706 ut
931 4655 982 4706 hi
1014 4656 1102 4721 qui
1145 4664 1317 4708 tecum
1359 4664 1482 4709 sunt
1527 4657 1821 4725 percipiant
1862 4674 2087 4724 merum,

543 4752 596 4793 et
626 4743 900 4794 benedicat
924 4743 1047 4795 mibi
1078 4742 1331 4797 Dominus
1354 4747 1417 4799 ad
1444 4747 1717 4800 introitum
1743 4755 1920 4815 tuum;
1947 4764 2093 4803 cum-

545 4846 647 4899 que
678 4832 762 4883 ille
797 4846 1038 4885 recusare
1068 4833 1243 4895 vellet,
1276 4834 1363 4886 vix
1390 4838 1750 4890 comitantium
1780 4837 1948 4891 victus
1978 4854 2095 4907 pre-

546 4922 694 4973 cibus
724 4920 930 4971 tandem
955 4920 1019 4971 ad
1041 4920 1253 4974 domum
1276 4921 1503 4975 divertit.
1532 4923 1657 4978 Erat
1678 4934 1851 4978 autem
1881 4928 2096 4993 prml'ato

546 5011 658 5061 viro
689 5007 913 5077 positum
952 5023 1041 5060 vas
1084 5010 1137 5061 in
1166 5010 1381 5065 cellario
1420 5011 1581 5081 (quod
1612 5017 1969 5082 vulgo‘tunna
2000 5032 2095 5069 vo-

548 5099 876 5167 catur)'duas
906 5098 1015 5151 fere
1041 5107 1130 5151 aut
1159 5108 1265 5155 ires
1295 5104 1659 5159 tantummodo
1690 5107 1738 5158 in
1766 5121 1822 5159 se
1848 5116 2101 5161 metretas

550 5186 657 5251 vini
688 5185 1065 5241 habens.-Cum
1098 5201 1222 5254 ergo
1248 5189 1353 5243 illic
1384 5192 1648 5258 ingressus
1672 5196 1864 5249 obnixe
1886 5211 2101 5264 rogare-

554 5285 637 5327 tur
661 5283 716 5327 nt
754 5275 834 5327 vel
881 5293 1063 5341 parum
1106 5277 1230 5344 quid
1258 5293 1353 5348 pro
1388 5280 1755 5337 benedictione
1787 5286 2102 5353 perciperet,

554 5366 767 5418 allatum
804 5364 901 5418 sibi
946 5368 1190 5432 poculum
1228 5368 1582 5431 benedicens,
1622 5373 1883 5427 modicum
1932 5390 1993 5428 ex
2043 5390 2105 5427 eo

553 5471 649 5522 pro
676 5448 1032 5509 satisfactione
1073 5455 1271 5522 hausit;
1303 5460 1477 5514 cuncti
1525 5469 1700 5513 tamen
1742 5464 1964 5516 comites
1994 5464 2107 5529 ejus

557 5544 848 5608 gratissime
872 5542 1201 5612 ubertimque
1229 5550 1395 5615 potati
1416 5559 1560 5605 sunt.
1590 5549 1808 5616 Deinde,
1832 5552 2105 5606 benedicm

558 5632 733 5714 domo,
778 5636 1073 5690 valedicens
1096 5636 1228 5699 viro,
1256 5638 1511 5706 discessit,
1544 5650 1705 5710 atque
1732 5641 1797 5694 ad
1838 5652 2105 5696 monaste-

560 5724 689 5776 rium
716 5738 881 5791 suuui,
916 5727 1053 5797 quod
1070 5728 1128 5782 in
1152 5726 1335 5783 eadem
1361 5731 1490 5785 urbe
1513 5733 1670 5786 situm
1693 5740 1775 5787 est
1802 5731 1865 5785 ad
1890 5746 2108 5787 maren-

2188 4580 2298 4617 ram
2327 4566 2539 4633 ecpiusa
2577 4565 2910 4619 multitudine
2938 4568 3102 4634 coepit
3139 4569 3479 4626 vehementer
3506 4573 3749 4627 eamdem

2191 4656 2255 4706 ab
2283 4669 2347 4708 eo
2380 4662 2641 4722 repetere.
2676 4652 2771 4707 Cui
2803 4670 2922 4708 cum
2954 4654 3147 4724 Eligius
3186 4659 3424 4713 modeste
3456 4660 3751 4730 leuiterque

2191 4744 2560 4811 responderet,
2615 4743 2721 4807 ille,
2771 4751 2831 4797 ut
2873 4760 2993 4800 sese
3046 4745 3205 4800 habet
3244 4747 3467 4801 humana
3493 4747 3749 4817 iactantia

2195 4833 2419 4901 amplius
2462 4846 2519 4884 se
2569 4831 2851 4900 extollens,
2902 4833 3153 4888 audacter
3192 4834 3547 4901 obtendebat,
3577 4841 3751 4892 multis

2196 4938 2313 4975 cum
2357 4922 2531 4975 verbis
2580 4921 2887 4975 lacessens:
2922 4934 2977 4977 at
3032 4926 3229 4993 Eligius
3277 4928 3538 4995 patienter
3584 4929 3753 4985 adhuc

2200 5012 2391 5077 rt'l't'llS,
2442 5012 2647 5066 biandis
2699 4997 2827 5066 cum
2868 5016 3039 5069 verbis
3080 5031 3331 5071 coercere
3373 5018 3642 5084 studebat,
3672 5023 3750 5075 di-

2198 5117 2367 5155 cens:
2402 5101 2612 5163 Amice,
2666 5102 2884 5157 teftmna
2925 5106 3266 5171 cupiditatem
3318 5115 3485 5174 tuam,
3526 5125 3621 5163 cur
3648 5125 3752 5165 non

2200 5192 2465 5246 erubeSt-is
2495 5198 2600 5243 tam
2650 5206 2787 5246 caeca
2818 5204 2996 5250 mente
3023 5210 3107 5249 res
3149 5196 3350 5251 alienas
3394 5207 3677 5267 appetere;
3709 5203 3750 5253 si

2202 5298 2315 5334 mea
2355 5299 2382 5335 a
2415 5297 2498 5335 me
2531 5284 2857 5349 postulares,
2883 5285 3063 5339 darem
3095 5285 3312 5340 forsitan
3342 5290 3483 5356 quod
3514 5301 3747 5359 peteres;

2204 5386 2351 5423 nunc
2371 5387 2495 5423 vero
2522 5372 2644 5438 quia
2675 5389 2779 5427 non
2823 5390 2995 5429 meum
3038 5374 3133 5429 sed
3168 5376 3403 5433 ecclesiae
3451 5382 3751 5449 prmdiuma

2162 5450 2166 5454 “
2206 5476 2286 5512 me
2330 5463 2541 5529 tepetis,
2574 5476 2677 5514 non
2716 5464 2808 5517 tibi
2837 5464 2905 5519 do
2934 5467 3151 5520 omnino
3181 5469 3319 5535 quod
3356 5485 3647 5539 pauperum
3676 5477 3752 5522 cst

2206 5565 2251 5599 ιι.
2276 5549 2604 5603 cessitatibus
2631 5551 2951 5621 delegatum.
2986 5550 3137 5608 Tuuc
3167 5555 3252 5611 ille
3296 5557 3471 5613 acrius
3512 5557 3751 5613 incitatus

2210 5640 2553 5694 vehementer
2597 5656 2714 5695 cum
2757 5643 3239 5713 t'crbisinjnriabat
3290 5649 3501 5703 dicens:
3532 5646 3588 5701 Si
3632 5647 3750 5707 n.th

2212 5733 2258 5784 id
2304 5731 2597 5785 \‘Olttttlarlc
2646 5749 2747 5787 non
2795 5734 2999 5809 reddis,
3046 5750 3145 5807 ego
3186 5740 3234 5793 vi
3284 5737 3602 5807 subr'pinm,
3630 5737 3751 5795 velis
