  <div class='ocr_page' id='page_1' title='image "/cluster/home/n/w/nwhite01/storage/ocr_20150623/87-88/uva.x000827073/284.png"; bbox 0 0 3912 6342; ppageno 0'>
   <div class='ocr_carea' id='block_1_1' title="bbox 176 409 277 463">
    <p class='ocr_par' dir='ltr' id='par_1_1' title="bbox 176 409 277 463">
     <span class='ocr_line' id='line_1_1' title="bbox 176 409 277 463; baseline 0.01 -1"><span class='ocrx_word' id='word_1_1' title='bbox 176 409 277 463; x_wconf 77' lang='lat'><strong>553</strong></span> 
     </span>
    </p>
   </div>
   <div class='ocr_carea' id='block_1_2' title="bbox 1701 406 1877 461">
    <p class='ocr_par' dir='ltr' id='par_1_2' title="bbox 1701 406 1877 461">
     <span class='ocr_line' id='line_1_2' title="bbox 1701 406 1877 461; baseline 0.006 -2"><span class='ocrx_word' id='word_1_2' title='bbox 1701 406 1877 461; x_wconf 77' lang='lat' dir='ltr'><strong>VITA.</strong></span> 
     </span>
    </p>
   </div>
   <div class='ocr_carea' id='block_1_3' title="bbox 3314 409 3416 461">
    <p class='ocr_par' dir='ltr' id='par_1_3' title="bbox 3314 409 3416 461">
     <span class='ocr_line' id='line_1_3' title="bbox 3314 409 3416 461; baseline 0 -1"><span class='ocrx_word' id='word_1_3' title='bbox 3314 409 3416 461; x_wconf 60' lang='lat'><strong>551</strong></span> 
     </span>
    </p>
   </div>
   <div class='ocr_carea' id='block_1_4' title="bbox 177 495 3418 587">
    <p class='ocr_par' dir='ltr' id='par_1_4' title="bbox 177 495 3418 587">
     <span class='ocr_line' id='line_1_4' title="bbox 177 495 3418 587; baseline 0.001 -17"><span class='ocrx_word' id='word_1_4' title='bbox 177 495 326 571; x_wconf 79' lang='lat' dir='ltr'><strong>nolis.</strong></span> <span class='ocrx_word' id='word_1_5' title='bbox 361 517 593 571; x_wconf 87' lang='lat' dir='ltr'><strong>Tandem</strong></span> <span class='ocrx_word' id='word_1_6' title='bbox 626 532 756 583; x_wconf 72' lang='lat' dir='ltr'><strong>ergo</strong></span> <span class='ocrx_word' id='word_1_7' title='bbox 794 517 994 585; x_wconf 82' lang='lat' dir='ltr'><strong>Eligius</strong></span> <span class='ocrx_word' id='word_1_8' title='bbox 1022 527 1329 587; x_wconf 87' lang='lat' dir='ltr'><strong>permotus,</strong></span> <span class='ocrx_word' id='word_1_9' title='bbox 1362 519 1556 572; x_wconf 79' lang='lat' dir='ltr'><strong>minaci</strong></span> <span class='ocrx_word' id='word_1_10' title='bbox 1593 517 1744 569; x_wconf 87' lang='lat' dir='ltr'><strong>vultu</strong></span> <span class='ocrx_word' id='word_1_11' title='bbox 1777 525 1821 580; x_wconf 79' lang='grc' dir='ltr'><strong>Α</strong></span> <span class='ocrx_word' id='word_1_12' title='bbox 1851 517 1993 582; x_wconf 90' lang='lat' dir='ltr'><strong>genti</strong></span> <span class='ocrx_word' id='word_1_13' title='bbox 2019 516 2284 583; x_wconf 85' lang='lat' dir='ltr'><strong>protervia</strong></span> <span class='ocrx_word' id='word_1_14' title='bbox 2312 516 2718 584; x_wconf 64' lang='lat' dir='ltr'><strong>respondi-bant,</strong></span> <span class='ocrx_word' id='word_1_15' title='bbox 2751 517 3019 571; x_wconf 88' lang='lat' dir='ltr'><strong>interitum</strong></span> <span class='ocrx_word' id='word_1_16' title='bbox 3042 519 3090 571; x_wconf 85' lang='lat' dir='ltr'><strong>ei</strong></span> <span class='ocrx_word' id='word_1_17' title='bbox 3115 519 3418 573; x_wconf 68' lang='lat' dir='ltr'><strong>minitantes</strong></span> 
     </span>
    </p>
   </div>
   <div class='ocr_carea' id='block_1_5' title="bbox 176 610 1746 666">
    <p class='ocr_par' dir='ltr' id='par_1_5' title="bbox 176 610 1746 666">
     <span class='ocr_line' id='line_1_5' title="bbox 176 610 1746 666; baseline -0.002 -3"><span class='ocrx_word' id='word_1_18' title='bbox 176 611 303 664; x_wconf 73' lang='lat' dir='ltr'><strong>dixit</strong></span> <span class='ocrx_word' id='word_1_19' title='bbox 332 611 395 662; x_wconf 87' lang='lat' dir='ltr'><strong>ad</strong></span> <span class='ocrx_word' id='word_1_20' title='bbox 434 626 550 663; x_wconf 87' lang='lat' dir='ltr'><strong>eum</strong></span> <span class='ocrx_word' id='word_1_21' title='bbox 587 628 598 662; x_wconf 87' lang='lat'><strong>:</strong></span> <span class='ocrx_word' id='word_1_22' title='bbox 631 614 786 663; x_wconf 75' lang='lat' dir='ltr'><strong>Novit</strong></span> <span class='ocrx_word' id='word_1_23' title='bbox 833 628 981 664; x_wconf 86' lang='lat' dir='ltr'><strong>meus</strong></span> <span class='ocrx_word' id='word_1_24' title='bbox 1010 613 1233 666; x_wconf 78' lang='lat' dir='ltr'><strong>Greater</strong></span> <span class='ocrx_word' id='word_1_25' title='bbox 1261 612 1360 665; x_wconf 88' lang='lat' dir='ltr'><strong>nisi</strong></span> <span class='ocrx_word' id='word_1_26' title='bbox 1391 612 1501 665; x_wconf 86' lang='lat' dir='ltr'><strong>cito</strong></span> <span class='ocrx_word' id='word_1_27' title='bbox 1525 610 1746 663; x_wconf 77' lang='lat' dir='ltr'><strong>desieris</strong></span> 
     </span>
    </p>
   </div>
   <div class='ocr_carea' id='block_1_6' title="bbox 176 698 1742 766">
    <p class='ocr_par' dir='ltr' id='par_1_6' title="bbox 176 698 1742 766">
     <span class='ocr_line' id='line_1_6' title="bbox 176 698 1742 766; baseline -0.003 -14"><span class='ocrx_word' id='word_1_28' title='bbox 176 701 242 752; x_wconf 88' lang='lat' dir='ltr'><strong>ab</strong></span> <span class='ocrx_word' id='word_1_29' title='bbox 272 700 367 750; x_wconf 89' lang='lat' dir='ltr'><strong>bac</strong></span> <span class='ocrx_word' id='word_1_30' title='bbox 404 699 723 760; x_wconf 88' lang='lat' dir='ltr'><strong>intentione,</strong></span> <span class='ocrx_word' id='word_1_31' title='bbox 757 700 969 763; x_wconf 75' lang='lat' dir='ltr'><strong>dignam</strong></span> <span class='ocrx_word' id='word_1_32' title='bbox 1002 702 1205 752; x_wconf 88' lang='lat' dir='ltr'><strong>meritis</strong></span> <span class='ocrx_word' id='word_1_33' title='bbox 1243 700 1345 751; x_wconf 89' lang='lat' dir='ltr'><strong>tuis</strong></span> <span class='ocrx_word' id='word_1_34' title='bbox 1389 698 1615 766; x_wconf 83' lang='lat' dir='ltr'><strong>recipies</strong></span> <span class='ocrx_word' id='word_1_35' title='bbox 1653 710 1742 747; x_wconf 79' lang='lat' dir='ltr'><strong>ex-</strong></span> 
     </span>
    </p>
   </div>
   <div class='ocr_carea' id='block_1_7' title="bbox 177 787 1746 853">
    <p class='ocr_par' dir='ltr' id='par_1_7' title="bbox 177 787 1746 853">
     <span class='ocr_line' id='line_1_7' title="bbox 177 787 1746 853; baseline -0.003 -11"><span class='ocrx_word' id='word_1_36' title='bbox 177 789 730 842; x_wconf 86' lang='lat' dir='ltr'><strong>communicationem.</strong></span> <span class='ocrx_word' id='word_1_37' title='bbox 754 788 906 853; x_wconf 82' lang='lat' dir='ltr'><strong>Quod</strong></span> <span class='ocrx_word' id='word_1_38' title='bbox 932 790 1150 843; x_wconf 81' lang='lat' dir='ltr'><strong>verbum</strong></span> <span class='ocrx_word' id='word_1_39' title='bbox 1178 788 1266 842; x_wconf 90' lang='lat' dir='ltr'><strong>ille</strong></span> <span class='ocrx_word' id='word_1_40' title='bbox 1286 787 1505 841; x_wconf 74' lang='lat' dir='ltr'><strong>audiens</strong></span> <span class='ocrx_word' id='word_1_41' title='bbox 1527 787 1576 838; x_wconf 92' lang='lat' dir='ltr'><strong>in</strong></span> <span class='ocrx_word' id='word_1_42' title='bbox 1602 793 1746 839; x_wconf 66' lang='lat' dir='ltr'><strong>tanta</strong></span> 
     </span>
    </p>
   </div>
   <div class='ocr_carea' id='block_1_8' title="bbox 175 874 1747 945">
    <p class='ocr_par' dir='ltr' id='par_1_8' title="bbox 175 874 1747 945">
     <span class='ocr_line' id='line_1_8' title="bbox 175 874 1747 945; baseline -0.003 -15"><span class='ocrx_word' id='word_1_43' title='bbox 175 877 578 930; x_wconf 75' lang='lat' dir='ltr'><strong>cachinnatione</strong></span> <span class='ocrx_word' id='word_1_44' title='bbox 601 878 865 945; x_wconf 90' lang='lat' dir='ltr'><strong>prorupit,</strong></span> <span class='ocrx_word' id='word_1_45' title='bbox 905 887 962 929; x_wconf 90' lang='lat' dir='ltr'><strong>ut</strong></span> <span class='ocrx_word' id='word_1_46' title='bbox 991 877 1154 930; x_wconf 90' lang='lat' dir='ltr'><strong>multa</strong></span> <span class='ocrx_word' id='word_1_47' title='bbox 1185 877 1234 931; x_wconf 90' lang='lat' dir='ltr'><strong>ei</strong></span> <span class='ocrx_word' id='word_1_48' title='bbox 1262 877 1455 945; x_wconf 90' lang='lat' dir='ltr'><strong>probra</strong></span> <span class='ocrx_word' id='word_1_49' title='bbox 1480 884 1535 928; x_wconf 91' lang='lat' dir='ltr'><strong>et</strong></span> <span class='ocrx_word' id='word_1_50' title='bbox 1565 874 1747 926; x_wconf 91' lang='lat' dir='ltr'><strong>convi-</strong></span> 
     </span>
    </p>
   </div>
   <div class='ocr_carea' id='block_1_9' title="bbox 177 964 1746 1034">
    <p class='ocr_par' dir='ltr' id='par_1_9' title="bbox 177 964 1746 1034">
     <span class='ocr_line' id='line_1_9' title="bbox 177 964 1746 1034; baseline -0.001 -16"><span class='ocrx_word' id='word_1_51' title='bbox 177 967 276 1019; x_wconf 87' lang='lat' dir='ltr'><strong>cia.</strong></span> <span class='ocrx_word' id='word_1_52' title='bbox 318 965 706 1034; x_wconf 84' lang='lat' dir='ltr'><strong>irrisionesque</strong></span> <span class='ocrx_word' id='word_1_53' title='bbox 744 969 1046 1034; x_wconf 87' lang='lat' dir='ltr'><strong>procaciter</strong></span> <span class='ocrx_word' id='word_1_54' title='bbox 1083 966 1424 1033; x_wconf 86' lang='lat' dir='ltr'><strong>jacularetur.</strong></span> <span class='ocrx_word' id='word_1_55' title='bbox 1459 965 1606 1018; x_wconf 86' lang='lat' dir='ltr'><strong>Tunc</strong></span> <span class='ocrx_word' id='word_1_56' title='bbox 1637 964 1746 1017; x_wconf 83' lang='lat' dir='ltr'><strong>Eli-</strong></span> 
     </span>
    </p>
   </div>
   <div class='ocr_carea' id='block_1_10' title="bbox 177 1056 1746 1124">
    <p class='ocr_par' dir='ltr' id='par_1_10' title="bbox 177 1056 1746 1124">
     <span class='ocr_line' id='line_1_10' title="bbox 177 1056 1746 1124; baseline 0.001 -18"><span class='ocrx_word' id='word_1_57' title='bbox 177 1057 290 1122; x_wconf 79' lang='lat' dir='ltr'><strong>gius</strong></span> <span class='ocrx_word' id='word_1_58' title='bbox 330 1057 511 1108; x_wconf 77' lang='lat' dir='ltr'><strong>videns</strong></span> <span class='ocrx_word' id='word_1_59' title='bbox 535 1072 658 1110; x_wconf 89' lang='lat' dir='ltr'><strong>eum</strong></span> <span class='ocrx_word' id='word_1_60' title='bbox 683 1057 830 1110; x_wconf 92' lang='lat' dir='ltr'><strong>nullo</strong></span> <span class='ocrx_word' id='word_1_61' title='bbox 856 1071 1052 1123; x_wconf 88' lang='lat' dir='ltr'><strong>genere</strong></span> <span class='ocrx_word' id='word_1_62' title='bbox 1082 1071 1237 1124; x_wconf 82' lang='lat' dir='ltr'><strong>posse</strong></span> <span class='ocrx_word' id='word_1_63' title='bbox 1263 1056 1466 1118; x_wconf 89' lang='lat' dir='ltr'><strong>sedari,</strong></span> <span class='ocrx_word' id='word_1_64' title='bbox 1499 1065 1746 1123; x_wconf 78' lang='lat' dir='ltr'><strong>protenso</strong></span> 
     </span>
    </p>
   </div>
   <div class='ocr_carea' id='block_1_11' title="bbox 180 1144 1747 1213">
    <p class='ocr_par' dir='ltr' id='par_1_11' title="bbox 180 1144 1747 1213">
     <span class='ocr_line' id='line_1_11' title="bbox 180 1144 1747 1213; baseline 0 -17"><span class='ocrx_word' id='word_1_65' title='bbox 180 1144 245 1197; x_wconf 86' lang='lat' dir='ltr'><strong>ad</strong></span> <span class='ocrx_word' id='word_1_66' title='bbox 274 1160 394 1196; x_wconf 83' lang='lat' dir='ltr'><strong>eum</strong></span> <span class='ocrx_word' id='word_1_67' title='bbox 427 1160 584 1198; x_wconf 88' lang='lat' dir='ltr'><strong>manu</strong></span> <span class='ocrx_word' id='word_1_68' title='bbox 623 1146 814 1199; x_wconf 80' lang='lat' dir='ltr'><strong>dextra</strong></span> <span class='ocrx_word' id='word_1_69' title='bbox 838 1146 1072 1213; x_wconf 86' lang='lat' dir='ltr'><strong>jaculum</strong></span> <span class='ocrx_word' id='word_1_70' title='bbox 1100 1145 1664 1200; x_wconf 78' lang='lat' dir='ltr'><strong>excommunicationis</strong></span> <span class='ocrx_word' id='word_1_71' title='bbox 1695 1144 1747 1196; x_wconf 90' lang='lat' dir='ltr'><strong>in</strong></span> 
     </span>
    </p>
   </div>
   <div class='ocr_carea' id='block_1_12' title="bbox 178 1233 1748 1301">
    <p class='ocr_par' dir='ltr' id='par_1_12' title="bbox 178 1233 1748 1301">
     <span class='ocr_line' id='line_1_12' title="bbox 178 1233 1748 1301; baseline -0.001 -17"><span class='ocrx_word' id='word_1_72' title='bbox 178 1249 296 1286; x_wconf 83' lang='lat' dir='ltr'><strong>eum</strong></span> <span class='ocrx_word' id='word_1_73' title='bbox 326 1234 642 1288; x_wconf 83' lang='lat' dir='ltr'><strong>terribiliter</strong></span> <span class='ocrx_word' id='word_1_74' title='bbox 669 1236 955 1300; x_wconf 85' lang='lat' dir='ltr'><strong>congessit.</strong></span> <span class='ocrx_word' id='word_1_75' title='bbox 987 1233 1068 1294; x_wconf 78' lang='lat' dir='ltr'><strong>Et,</strong></span> <span class='ocrx_word' id='word_1_76' title='bbox 1098 1249 1132 1287; x_wconf 93' lang='grc' dir='ltr'><strong>ο</strong></span> <span class='ocrx_word' id='word_1_77' title='bbox 1162 1236 1292 1287; x_wconf 83' lang='lat' dir='ltr'><strong>mira</strong></span> <span class='ocrx_word' id='word_1_78' title='bbox 1327 1233 1537 1286; x_wconf 86' lang='lat' dir='ltr'><strong>virtutis</strong></span> <span class='ocrx_word' id='word_1_79' title='bbox 1561 1241 1748 1301; x_wconf 85' lang='lat' dir='ltr'><strong>poten-</strong></span> 
     </span>
    </p>
   </div>
   <div class='ocr_carea' id='block_1_13' title="bbox 179 1320 1732 1393">
    <p class='ocr_par' dir='ltr' id='par_1_13' title="bbox 179 1320 1732 1393">
     <span class='ocr_line' id='line_1_13' title="bbox 179 1320 1732 1393; baseline 0.001 -24"><span class='ocrx_word' id='word_1_80' title='bbox 179 1323 278 1393; x_wconf 66' lang='lat' dir='ltr'><strong>tia!</strong></span> <span class='ocrx_word' id='word_1_81' title='bbox 313 1331 380 1373; x_wconf 83' lang='lat' dir='ltr'><strong>ita</strong></span> <span class='ocrx_word' id='word_1_82' title='bbox 414 1321 640 1389; x_wconf 86' lang='lat' dir='ltr'><strong>perculit</strong></span> <span class='ocrx_word' id='word_1_83' title='bbox 670 1321 874 1384; x_wconf 89' lang='lat' dir='ltr'><strong>virum,</strong></span> <span class='ocrx_word' id='word_1_84' title='bbox 907 1330 963 1374; x_wconf 89' lang='lat' dir='ltr'><strong>ut</strong></span> <span class='ocrx_word' id='word_1_85' title='bbox 991 1322 1133 1373; x_wconf 86' lang='lat' dir='ltr'><strong>omni</strong></span> <span class='ocrx_word' id='word_1_86' title='bbox 1166 1320 1399 1373; x_wconf 87' lang='lat' dir='ltr'><strong>funditus</strong></span> <span class='ocrx_word' id='word_1_87' title='bbox 1425 1320 1616 1373; x_wconf 86' lang='lat' dir='ltr'><strong>robore</strong></span> <span class='ocrx_word' id='word_1_88' title='bbox 1651 1320 1732 1370; x_wconf 89' lang='lat' dir='ltr'><strong>de-</strong></span> 
     </span>
    </p>
   </div>
   <div class='ocr_carea' id='block_1_14' title="bbox 174 1407 1746 1478">
    <p class='ocr_par' dir='ltr' id='par_1_14' title="bbox 174 1407 1746 1478">
     <span class='ocr_line' id='line_1_14' title="bbox 174 1407 1746 1478; baseline -0.001 -19"><span class='ocrx_word' id='word_1_89' title='bbox 174 1411 405 1473; x_wconf 80' lang='lat' dir='ltr'><strong>stitutus,</strong></span> <span class='ocrx_word' id='word_1_90' title='bbox 429 1419 484 1462; x_wconf 87' lang='lat' dir='ltr'><strong>et</strong></span> <span class='ocrx_word' id='word_1_91' title='bbox 512 1409 746 1476; x_wconf 77' lang='lat' dir='ltr'><strong>vigorem</strong></span> <span class='ocrx_word' id='word_1_92' title='bbox 778 1410 1071 1473; x_wconf 83' lang='lat' dir='ltr'><strong>amitteret,</strong></span> <span class='ocrx_word' id='word_1_93' title='bbox 1101 1420 1153 1461; x_wconf 86' lang='lat' dir='ltr'><strong>et</strong></span> <span class='ocrx_word' id='word_1_94' title='bbox 1178 1409 1412 1478; x_wconf 82' lang='lat' dir='ltr'><strong>speciem</strong></span> <span class='ocrx_word' id='word_1_95' title='bbox 1444 1411 1545 1460; x_wconf 87' lang='lat' dir='ltr'><strong>vivi</strong></span> <span class='ocrx_word' id='word_1_96' title='bbox 1573 1407 1746 1460; x_wconf 79' lang='lat' dir='ltr'><strong>homi-</strong></span> 
     </span>
    </p>
   </div>
   <div class='ocr_carea' id='block_1_15' title="bbox 176 1497 1748 1574">
    <p class='ocr_par' dir='ltr' id='par_1_15' title="bbox 176 1497 1748 1574">
     <span class='ocr_line' id='line_1_15' title="bbox 176 1497 1748 1574; baseline 0 -25"><span class='ocrx_word' id='word_1_97' title='bbox 176 1501 255 1551; x_wconf 85' lang='lat' dir='ltr'><strong>nis</strong></span> <span class='ocrx_word' id='word_1_98' title='bbox 291 1499 560 1568; x_wconf 77' lang='lat' dir='ltr'><strong>perderet.</strong></span> <span class='ocrx_word' id='word_1_99' title='bbox 604 1501 839 1566; x_wconf 86' lang='lat' dir='ltr'><strong>Denique</strong></span> <span class='ocrx_word' id='word_1_100' title='bbox 873 1515 994 1553; x_wconf 90' lang='lat' dir='ltr'><strong>cum</strong></span> <span class='ocrx_word' id='word_1_101' title='bbox 1039 1499 1236 1568; x_wconf 90' lang='lat' dir='ltr'><strong>pariter</strong></span> <span class='ocrx_word' id='word_1_102' title='bbox 1267 1497 1414 1566; x_wconf 79' lang='lat' dir='ltr'><strong>Eligii</strong></span> <span class='ocrx_word' id='word_1_103' title='bbox 1441 1499 1600 1574; x_wconf 36' lang='lat' dir='ltr'><strong>verbio</strong></span> <span class='ocrx_word' id='word_1_104' title='bbox 1627 1513 1748 1551; x_wconf 87' lang='lat' dir='ltr'><strong>eur-</strong></span> 
     </span>
    </p>
   </div>
   <div class='ocr_carea' id='block_1_16' title="bbox 174 1588 1750 1658">
    <p class='ocr_par' dir='ltr' id='par_1_16' title="bbox 174 1588 1750 1658">
     <span class='ocr_line' id='line_1_16' title="bbox 174 1588 1750 1658; baseline 0 -17"><span class='ocrx_word' id='word_1_105' title='bbox 174 1604 331 1641; x_wconf 86' lang='lat' dir='ltr'><strong>rueus</strong></span> <span class='ocrx_word' id='word_1_106' title='bbox 377 1589 429 1640; x_wconf 87' lang='lat' dir='ltr'><strong>in</strong></span> <span class='ocrx_word' id='word_1_107' title='bbox 461 1588 819 1658; x_wconf 79' lang='lat' dir='ltr'><strong>pavimentum</strong></span> <span class='ocrx_word' id='word_1_108' title='bbox 850 1591 926 1644; x_wconf 88' lang='lat' dir='ltr'><strong>sic</strong></span> <span class='ocrx_word' id='word_1_109' title='bbox 965 1590 1218 1644; x_wconf 89' lang='lat' dir='ltr'><strong>divinitus</strong></span> <span class='ocrx_word' id='word_1_110' title='bbox 1246 1600 1328 1643; x_wconf 81' lang='lat' dir='ltr'><strong>est</strong></span> <span class='ocrx_word' id='word_1_111' title='bbox 1358 1604 1663 1656; x_wconf 89' lang='lat' dir='ltr'><strong>percussus,</strong></span> <span class='ocrx_word' id='word_1_112' title='bbox 1695 1598 1750 1641; x_wconf 91' lang='lat' dir='ltr'><strong>ut</strong></span> 
     </span>
    </p>
   </div>
   <div class='ocr_carea' id='block_1_17' title="bbox 174 1675 1747 1742">
    <p class='ocr_par' dir='ltr' id='par_1_17' title="bbox 174 1675 1747 1742">
     <span class='ocr_line' id='line_1_17' title="bbox 174 1675 1747 1742; baseline 0.002 -15"><span class='ocrx_word' id='word_1_113' title='bbox 174 1675 343 1742; x_wconf 81' lang='lat' dir='ltr'><strong>palam</strong></span> <span class='ocrx_word' id='word_1_114' title='bbox 376 1677 626 1730; x_wconf 87' lang='lat' dir='ltr'><strong>omnibus</strong></span> <span class='ocrx_word' id='word_1_115' title='bbox 663 1679 962 1731; x_wconf 79' lang='lat' dir='ltr'><strong>astantibus</strong></span> <span class='ocrx_word' id='word_1_116' title='bbox 1006 1680 1276 1732; x_wconf 74' lang='lat' dir='ltr'><strong>videretur</strong></span> <span class='ocrx_word' id='word_1_117' title='bbox 1301 1679 1446 1730; x_wconf 89' lang='lat' dir='ltr'><strong>velut</strong></span> <span class='ocrx_word' id='word_1_118' title='bbox 1473 1689 1747 1738; x_wconf 88' lang='lat' dir='ltr'><strong>mortuus;</strong></span> 
     </span>
    </p>
   </div>
   <div class='ocr_carea' id='block_1_18' title="bbox 171 1767 1747 1835">
    <p class='ocr_par' dir='ltr' id='par_1_18' title="bbox 171 1767 1747 1835">
     <span class='ocr_line' id='line_1_18' title="bbox 171 1767 1747 1835; baseline 0.003 -19"><span class='ocrx_word' id='word_1_119' title='bbox 171 1782 290 1817; x_wconf 85' lang='lat' dir='ltr'><strong>nam</strong></span> <span class='ocrx_word' id='word_1_120' title='bbox 323 1767 505 1820; x_wconf 80' lang='lat' dir='ltr'><strong>cuncti</strong></span> <span class='ocrx_word' id='word_1_121' title='bbox 544 1767 653 1820; x_wconf 62' lang='lat' dir='ltr'><strong>hac</strong></span> <span class='ocrx_word' id='word_1_122' title='bbox 687 1768 926 1821; x_wconf 80' lang='lat' dir='ltr'><strong>videntes</strong></span> <span class='ocrx_word' id='word_1_123' title='bbox 964 1777 1179 1835; x_wconf 87' lang='lat' dir='ltr'><strong>stupore</strong></span> <span class='ocrx_word' id='word_1_124' title='bbox 1221 1768 1384 1820; x_wconf 90' lang='lat' dir='ltr'><strong>nimio</strong></span> <span class='ocrx_word' id='word_1_125' title='bbox 1428 1768 1648 1832; x_wconf 73' lang='lat' dir='ltr'><strong>perculsi</strong></span> <span class='ocrx_word' id='word_1_126' title='bbox 1697 1769 1747 1820; x_wconf 93' lang='lat' dir='ltr'><strong>in</strong></span> 
     </span>
    </p>
   </div>
   <div class='ocr_carea' id='block_1_19' title="bbox 1852 605 3416 674">
    <p class='ocr_par' dir='ltr' id='par_1_19' title="bbox 1852 605 3416 674">
     <span class='ocr_line' id='line_1_19' title="bbox 1852 605 3416 674; baseline 0.003 -16"><span class='ocrx_word' id='word_1_127' title='bbox 1852 615 2012 673; x_wconf 88' lang='lat' dir='ltr'><strong>atque</strong></span> <span class='ocrx_word' id='word_1_128' title='bbox 2039 605 2276 658; x_wconf 79' lang='lat' dir='ltr'><strong>dicentes</strong></span> <span class='ocrx_word' id='word_1_129' title='bbox 2302 624 2314 658; x_wconf 88' lang='lat'>:</span> <span class='ocrx_word' id='word_1_130' title='bbox 2341 607 2614 672; x_wconf 74' lang='lat' dir='ltr'><strong>Nunquam</strong></span> <span class='ocrx_word' id='word_1_131' title='bbox 2648 617 2722 672; x_wconf 91' lang='lat' dir='ltr'><strong>tu,</strong></span> <span class='ocrx_word' id='word_1_132' title='bbox 2753 605 3013 668; x_wconf 76' lang='lat' dir='ltr'><strong>Romane.</strong></span> <span class='ocrx_word' id='word_1_133' title='bbox 3042 608 3284 674; x_wconf 81' lang='lat' dir='ltr'><strong>quamvis</strong></span> <span class='ocrx_word' id='word_1_134' title='bbox 3307 610 3416 663; x_wconf 58' lang='lat' dir='ltr'><strong>haec</strong></span> 
     </span>
    </p>
   </div>
   <div class='ocr_carea' id='block_1_20' title="bbox 1850 695 3414 768">
    <p class='ocr_par' dir='ltr' id='par_1_20' title="bbox 1850 695 3414 768">
     <span class='ocr_line' id='line_1_20' title="bbox 1850 695 3414 768; baseline 0.006 -24"><span class='ocrx_word' id='word_1_135' title='bbox 1850 695 2156 761; x_wconf 79' lang='lat' dir='ltr'><strong>frequenter</strong></span> <span class='ocrx_word' id='word_1_136' title='bbox 2184 704 2350 756; x_wconf 75' lang='lat' dir='ltr'><strong>taxes,</strong></span> <span class='ocrx_word' id='word_1_137' title='bbox 2385 698 2796 750; x_wconf 75' lang='lat' dir='ltr'><strong>consuetudines</strong></span> <span class='ocrx_word' id='word_1_138' title='bbox 2827 707 3032 751; x_wconf 88' lang='lat' dir='ltr'><strong>nostras</strong></span> <span class='ocrx_word' id='word_1_139' title='bbox 3061 698 3293 754; x_wconf 79' lang='lat' dir='ltr'><strong>evellere</strong></span> <span class='ocrx_word' id='word_1_140' title='bbox 3325 717 3414 768; x_wconf 88' lang='lat' dir='ltr'><strong>po-</strong></span> 
     </span>
    </p>
   </div>
   <div class='ocr_carea' id='block_1_21' title="bbox 1850 783 3414 856">
    <p class='ocr_par' dir='ltr' id='par_1_21' title="bbox 1850 783 3414 856">
     <span class='ocr_line' id='line_1_21' title="bbox 1850 783 3414 856; baseline 0.004 -21"><span class='ocrx_word' id='word_1_141' title='bbox 1850 784 1996 844; x_wconf 85' lang='lat' dir='ltr'><strong>teris.</strong></span> <span class='ocrx_word' id='word_1_142' title='bbox 2025 783 2119 836; x_wconf 84' lang='lat' dir='ltr'><strong>sed</strong></span> <span class='ocrx_word' id='word_1_143' title='bbox 2163 784 2420 838; x_wconf 84' lang='lat' dir='ltr'><strong>solemnia</strong></span> <span class='ocrx_word' id='word_1_144' title='bbox 2467 796 2646 840; x_wconf 81' lang='lat' dir='ltr'><strong>nostra</strong></span> <span class='ocrx_word' id='word_1_145' title='bbox 2695 789 2832 842; x_wconf 90' lang='lat' dir='ltr'><strong>sicut</strong></span> <span class='ocrx_word' id='word_1_146' title='bbox 2876 789 3131 842; x_wconf 84' lang='lat' dir='ltr'><strong>hactenus</strong></span> <span class='ocrx_word' id='word_1_147' title='bbox 3178 789 3414 856; x_wconf 80' lang='lat' dir='ltr'><strong>fecimus,</strong></span> 
     </span>
    </p>
   </div>
   <div class='ocr_carea' id='block_1_22' title="bbox 1849 877 3416 948">
    <p class='ocr_par' dir='ltr' id='par_1_22' title="bbox 1849 877 3416 948">
     <span class='ocr_line' id='line_1_22' title="bbox 1849 877 3416 948; baseline 0.004 -22"><span class='ocrx_word' id='word_1_148' title='bbox 1849 883 2108 942; x_wconf 87' lang='lat' dir='ltr'><strong>perpetuo</strong></span> <span class='ocrx_word' id='word_1_149' title='bbox 2147 890 2461 943; x_wconf 84' lang='lat' dir='ltr'><strong>semperque</strong></span> <span class='ocrx_word' id='word_1_150' title='bbox 2491 877 2980 948; x_wconf 82' lang='lat' dir='ltr'><strong>frequentabituus,</strong></span> <span class='ocrx_word' id='word_1_151' title='bbox 3016 897 3112 935; x_wconf 89' lang='lat' dir='ltr'><strong>nec</strong></span> <span class='ocrx_word' id='word_1_152' title='bbox 3140 882 3274 934; x_wconf 91' lang='lat' dir='ltr'><strong>ullus</strong></span> <span class='ocrx_word' id='word_1_153' title='bbox 3318 883 3416 934; x_wconf 86' lang='lat' dir='ltr'><strong>ho-</strong></span> 
     </span>
    </p>
   </div>
   <div class='ocr_carea' id='block_1_23' title="bbox 1850 966 3419 1039">
    <p class='ocr_par' dir='ltr' id='par_1_23' title="bbox 1850 966 3419 1039">
     <span class='ocr_line' id='line_1_23' title="bbox 1850 966 3419 1039; baseline 0.003 -20"><span class='ocrx_word' id='word_1_154' title='bbox 1850 967 2051 1019; x_wconf 86' lang='lat' dir='ltr'><strong>tninum</strong></span> <span class='ocrx_word' id='word_1_155' title='bbox 2090 966 2210 1028; x_wconf 84' lang='lat' dir='ltr'><strong>erit,</strong></span> <span class='ocrx_word' id='word_1_156' title='bbox 2242 969 2329 1035; x_wconf 93' lang='lat' dir='ltr'><strong>qui</strong></span> <span class='ocrx_word' id='word_1_157' title='bbox 2361 969 2562 1034; x_wconf 91' lang='lat' dir='ltr'><strong>priscos</strong></span> <span class='ocrx_word' id='word_1_158' title='bbox 2593 979 2751 1036; x_wconf 88' lang='lat' dir='ltr'><strong>atque</strong></span> <span class='ocrx_word' id='word_1_159' title='bbox 2775 971 3102 1037; x_wconf 87' lang='lat' dir='ltr'><strong>gratissimos</strong></span> <span class='ocrx_word' id='word_1_160' title='bbox 3129 972 3294 1039; x_wconf 78' lang='lat' dir='ltr'><strong>possit</strong></span> <span class='ocrx_word' id='word_1_161' title='bbox 3324 989 3419 1025; x_wconf 82' lang='lat' dir='ltr'><strong>no-</strong></span> 
     </span>
    </p>
   </div>
   <div class='ocr_carea' id='block_1_24' title="bbox 1851 1056 3420 1124">
    <p class='ocr_par' dir='ltr' id='par_1_24' title="bbox 1851 1056 3420 1124">
     <span class='ocr_line' id='line_1_24' title="bbox 1851 1056 3420 1124; baseline 0.004 -17"><span class='ocrx_word' id='word_1_162' title='bbox 1851 1056 1930 1108; x_wconf 89' lang='lat' dir='ltr'><strong>bis</strong></span> <span class='ocrx_word' id='word_1_163' title='bbox 1960 1070 2191 1122; x_wconf 87' lang='lat' dir='ltr'><strong>unquam</strong></span> <span class='ocrx_word' id='word_1_164' title='bbox 2222 1057 2504 1124; x_wconf 89' lang='lat' dir='ltr'><strong>prohibere</strong></span> <span class='ocrx_word' id='word_1_165' title='bbox 2551 1057 2723 1110; x_wconf 80' lang='lat' dir='ltr'><strong>ludos.</strong></span> <span class='ocrx_word' id='word_1_166' title='bbox 2764 1059 2913 1112; x_wconf 83' lang='lat' dir='ltr'><strong>Tunc</strong></span> <span class='ocrx_word' id='word_1_167' title='bbox 2943 1060 3030 1114; x_wconf 93' lang='lat' dir='ltr'><strong>ille</strong></span> <span class='ocrx_word' id='word_1_168' title='bbox 3057 1076 3174 1113; x_wconf 90' lang='lat' dir='ltr'><strong>cum</strong></span> <span class='ocrx_word' id='word_1_169' title='bbox 3205 1062 3333 1114; x_wconf 86' lang='lat' dir='ltr'><strong>nihil</strong></span> <span class='ocrx_word' id='word_1_170' title='bbox 3362 1077 3420 1114; x_wconf 80' lang='lat' dir='ltr'><strong>se</strong></span> 
     </span>
    </p>
   </div>
   <div class='ocr_carea' id='block_1_25' title="bbox 1851 1147 3416 1216">
    <p class='ocr_par' dir='ltr' id='par_1_25' title="bbox 1851 1147 3416 1216">
     <span class='ocr_line' id='line_1_25' title="bbox 1851 1147 3416 1216; baseline 0.005 -20"><span class='ocrx_word' id='word_1_171' title='bbox 1851 1147 2110 1214; x_wconf 78' lang='lat' dir='ltr'><strong>prolicere</strong></span> <span class='ocrx_word' id='word_1_172' title='bbox 2149 1158 2428 1213; x_wconf 80' lang='lat' dir='ltr'><strong>cerneret,</strong></span> <span class='ocrx_word' id='word_1_173' title='bbox 2458 1148 2728 1216; x_wconf 77' lang='lat' dir='ltr'><strong>magisque</strong></span> <span class='ocrx_word' id='word_1_174' title='bbox 2757 1149 2911 1204; x_wconf 90' lang='lat' dir='ltr'><strong>ludos</strong></span> <span class='ocrx_word' id='word_1_175' title='bbox 2939 1150 3242 1205; x_wconf 85' lang='lat' dir='ltr'><strong>coalescere</strong></span> <span class='ocrx_word' id='word_1_176' title='bbox 3273 1152 3416 1204; x_wconf 76' lang='lat' dir='ltr'><strong>vide-</strong></span> 
     </span>
    </p>
   </div>
   <div class='ocr_carea' id='block_1_26' title="bbox 1850 1233 3419 1300">
    <p class='ocr_par' dir='ltr' id='par_1_26' title="bbox 1850 1233 3419 1300">
     <span class='ocr_line' id='line_1_26' title="bbox 1850 1233 3419 1300; baseline 0.002 -15"><span class='ocrx_word' id='word_1_177' title='bbox 1850 1241 1952 1297; x_wconf 86' lang='lat' dir='ltr'><strong>ret,</strong></span> <span class='ocrx_word' id='word_1_178' title='bbox 1978 1233 2342 1298; x_wconf 80' lang='lat' dir='ltr'><strong>indignatione</strong></span> <span class='ocrx_word' id='word_1_179' title='bbox 2365 1245 2687 1300; x_wconf 81' lang='lat' dir='ltr'><strong>cominutus,</strong></span> <span class='ocrx_word' id='word_1_180' title='bbox 2714 1236 2992 1288; x_wconf 84' lang='lat' dir='ltr'><strong>Dominum</strong></span> <span class='ocrx_word' id='word_1_181' title='bbox 3018 1237 3194 1290; x_wconf 79' lang='lat' dir='ltr'><strong>Iesum</strong></span> <span class='ocrx_word' id='word_1_182' title='bbox 3218 1253 3282 1290; x_wconf 79' lang='lat' dir='ltr'><strong>ex</strong></span> <span class='ocrx_word' id='word_1_183' title='bbox 3311 1237 3419 1291; x_wconf 87' lang='lat' dir='ltr'><strong>imo</strong></span> 
     </span>
    </p>
   </div>
   <div class='ocr_carea' id='block_1_27' title="bbox 1851 1326 3418 1394">
    <p class='ocr_par' dir='ltr' id='par_1_27' title="bbox 1851 1326 3418 1394">
     <span class='ocr_line' id='line_1_27' title="bbox 1851 1326 3418 1394; baseline 0.002 -17"><span class='ocrx_word' id='word_1_184' title='bbox 1851 1334 2070 1393; x_wconf 87' lang='lat' dir='ltr'><strong>pectore</strong></span> <span class='ocrx_word' id='word_1_185' title='bbox 2102 1326 2487 1392; x_wconf 87' lang='lat' dir='ltr'><strong>interpellavit,</strong></span> <span class='ocrx_word' id='word_1_186' title='bbox 2513 1327 2695 1380; x_wconf 75' lang='lat' dir='ltr'><strong>dicens</strong></span> <span class='ocrx_word' id='word_1_187' title='bbox 2722 1345 2735 1379; x_wconf 89' lang='lat'><strong>:</strong></span> <span class='ocrx_word' id='word_1_188' title='bbox 2768 1329 2979 1394; x_wconf 73' lang='lat' dir='ltr'><strong>Qumso,</strong></span> <span class='ocrx_word' id='word_1_189' title='bbox 3012 1327 3256 1394; x_wconf 89' lang='lat' dir='ltr'><strong>Domine,</strong></span> <span class='ocrx_word' id='word_1_190' title='bbox 3287 1329 3418 1380; x_wconf 86' lang='lat' dir='ltr'><strong>divi-</strong></span> 
     </span>
    </p>
   </div>
   <div class='ocr_carea' id='block_1_28' title="bbox 1851 1416 3418 1485">
    <p class='ocr_par' dir='ltr' id='par_1_28' title="bbox 1851 1416 3418 1485">
     <span class='ocr_line' id='line_1_28' title="bbox 1851 1416 3418 1485; baseline 0.003 -19"><span class='ocrx_word' id='word_1_191' title='bbox 1851 1430 1970 1466; x_wconf 84' lang='lat' dir='ltr'><strong>nam</strong></span> <span class='ocrx_word' id='word_1_192' title='bbox 2001 1416 2338 1468; x_wconf 88' lang='lat' dir='ltr'><strong>clementiam</strong></span> <span class='ocrx_word' id='word_1_193' title='bbox 2370 1425 2533 1480; x_wconf 89' lang='lat' dir='ltr'><strong>tuam,</strong></span> <span class='ocrx_word' id='word_1_194' title='bbox 2568 1426 2624 1470; x_wconf 91' lang='lat' dir='ltr'><strong>ut</strong></span> <span class='ocrx_word' id='word_1_195' title='bbox 2654 1418 2704 1470; x_wconf 92' lang='lat' dir='ltr'><strong>hi</strong></span> <span class='ocrx_word' id='word_1_196' title='bbox 2733 1419 2821 1485; x_wconf 89' lang='lat' dir='ltr'><strong>qui</strong></span> <span class='ocrx_word' id='word_1_197' title='bbox 2866 1433 2985 1472; x_wconf 92' lang='lat' dir='ltr'><strong>cum</strong></span> <span class='ocrx_word' id='word_1_198' title='bbox 3026 1427 3167 1471; x_wconf 92' lang='lat' dir='ltr'><strong>tanta</strong></span> <span class='ocrx_word' id='word_1_199' title='bbox 3199 1419 3418 1470; x_wconf 86' lang='lat' dir='ltr'><strong>audacia</strong></span> 
     </span>
    </p>
   </div>
   <div class='ocr_carea' id='block_1_29' title="bbox 1850 1508 3419 1577">
    <p class='ocr_par' dir='ltr' id='par_1_29' title="bbox 1850 1508 3419 1577">
     <span class='ocr_line' id='line_1_29' title="bbox 1850 1508 3419 1577; baseline 0.003 -19"><span class='ocrx_word' id='word_1_200' title='bbox 1850 1517 2008 1575; x_wconf 85' lang='lat' dir='ltr'><strong>atque</strong></span> <span class='ocrx_word' id='word_1_201' title='bbox 2037 1508 2280 1577; x_wconf 72' lang='lat' dir='ltr'><strong>superbia</strong></span> <span class='ocrx_word' id='word_1_202' title='bbox 2312 1509 2416 1563; x_wconf 91' lang='lat' dir='ltr'><strong>tuis</strong></span> <span class='ocrx_word' id='word_1_203' title='bbox 2445 1512 2642 1564; x_wconf 89' lang='lat' dir='ltr'><strong>sanctis</strong></span> <span class='ocrx_word' id='word_1_204' title='bbox 2676 1511 2891 1566; x_wconf 86' lang='lat' dir='ltr'><strong>monitis</strong></span> <span class='ocrx_word' id='word_1_205' title='bbox 2934 1511 3298 1565; x_wconf 88' lang='lat' dir='ltr'><strong>contradicere</strong></span> <span class='ocrx_word' id='word_1_206' title='bbox 3326 1526 3419 1564; x_wconf 90' lang='lat' dir='ltr'><strong>au-</strong></span> 
     </span>
    </p>
   </div>
   <div class='ocr_carea' id='block_1_30' title="bbox 1849 1599 3419 1671">
    <p class='ocr_par' dir='ltr' id='par_1_30' title="bbox 1849 1599 3419 1671">
     <span class='ocr_line' id='line_1_30' title="bbox 1849 1599 3419 1671; baseline 0.003 -22"><span class='ocrx_word' id='word_1_207' title='bbox 1849 1599 1996 1662; x_wconf 84' lang='lat' dir='ltr'><strong>dent,</strong></span> <span class='ocrx_word' id='word_1_208' title='bbox 2027 1607 2082 1651; x_wconf 90' lang='lat' dir='ltr'><strong>ct</strong></span> <span class='ocrx_word' id='word_1_209' title='bbox 2119 1599 2284 1664; x_wconf 80' lang='lat' dir='ltr'><strong>magis</strong></span> <span class='ocrx_word' id='word_1_210' title='bbox 2331 1600 2626 1653; x_wconf 71' lang='lat' dir='ltr'><strong>dzemonum</strong></span> <span class='ocrx_word' id='word_1_211' title='bbox 2672 1603 3072 1658; x_wconf 88' lang='lat' dir='ltr'><strong>seductionibus</strong></span> <span class='ocrx_word' id='word_1_212' title='bbox 3116 1617 3274 1671; x_wconf 88' lang='lat' dir='ltr'><strong>quam</strong></span> <span class='ocrx_word' id='word_1_213' title='bbox 3318 1603 3419 1654; x_wconf 79' lang='lat' dir='ltr'><strong>tuis</strong></span> 
     </span>
    </p>
   </div>
   <div class='ocr_carea' id='block_1_31' title="bbox 1852 1687 3418 1760">
    <p class='ocr_par' dir='ltr' id='par_1_31' title="bbox 1852 1687 3418 1760">
     <span class='ocr_line' id='line_1_31' title="bbox 1852 1687 3418 1760; baseline 0.003 -22"><span class='ocrx_word' id='word_1_214' title='bbox 1852 1687 2128 1755; x_wconf 56' lang='lat' dir='ltr'><strong>proneptis</strong></span> <span class='ocrx_word' id='word_1_215' title='bbox 2151 1688 2552 1755; x_wconf 83' lang='lat' dir='ltr'><strong>obtemperant,</strong></span> <span class='ocrx_word' id='word_1_216' title='bbox 2589 1698 2679 1741; x_wconf 92' lang='lat' dir='ltr'><strong>tuo</strong></span> <span class='ocrx_word' id='word_1_217' title='bbox 2704 1691 2981 1757; x_wconf 88' lang='lat' dir='ltr'><strong>permissu,</strong></span> <span class='ocrx_word' id='word_1_218' title='bbox 3015 1693 3249 1760; x_wconf 81' lang='lat' dir='ltr'><strong>ipsorum</strong></span> <span class='ocrx_word' id='word_1_219' title='bbox 3280 1705 3418 1744; x_wconf 89' lang='lat' dir='ltr'><strong>nunc</strong></span> 
     </span>
    </p>
   </div>
   <div class='ocr_carea' id='block_1_32' title="bbox 1851 1774 3419 1848">
    <p class='ocr_par' dir='ltr' id='par_1_32' title="bbox 1851 1774 3419 1848">
     <span class='ocr_line' id='line_1_32' title="bbox 1851 1774 3419 1848; baseline 0.003 -20"><span class='ocrx_word' id='word_1_220' title='bbox 1851 1774 2132 1831; x_wconf 84' lang='lat' dir='ltr'><strong>ferocitate</strong></span> <span class='ocrx_word' id='word_1_221' title='bbox 2155 1777 2220 1829; x_wconf 88' lang='lat' dir='ltr'><strong>ad</strong></span> <span class='ocrx_word' id='word_1_222' title='bbox 2248 1778 2550 1846; x_wconf 80' lang='lat' dir='ltr'><strong>exemplum</strong></span> <span class='ocrx_word' id='word_1_223' title='bbox 2577 1788 2941 1848; x_wconf 89' lang='lat' dir='ltr'><strong>terroremque</strong></span> <span class='ocrx_word' id='word_1_224' title='bbox 2985 1782 3273 1834; x_wconf 90' lang='lat' dir='ltr'><strong>multorum</strong></span> <span class='ocrx_word' id='word_1_225' title='bbox 3320 1781 3419 1833; x_wconf 85' lang='lat' dir='ltr'><strong>im-</strong></span> 
     </span>
    </p>
   </div>
   <div class='ocr_carea' id='block_1_33' title="bbox 175 1856 3420 1939">
    <p class='ocr_par' dir='ltr' id='par_1_33' title="bbox 175 1856 3420 1939">
     <span class='ocr_line' id='line_1_33' title="bbox 175 1856 3420 1939; baseline 0.002 -32"><span class='ocrx_word' id='word_1_226' title='bbox 175 1856 327 1924; x_wconf 56' lang='lat' dir='ltr'><strong>I‘Lligii</strong></span> <span class='ocrx_word' id='word_1_227' title='bbox 378 1856 627 1922; x_wconf 82' lang='lat' dir='ltr'><strong>injuriatn</strong></span> <span class='ocrx_word' id='word_1_228' title='bbox 684 1857 773 1909; x_wconf 88' lang='lat' dir='ltr'><strong>Dei</strong></span> <span class='ocrx_word' id='word_1_229' title='bbox 829 1857 1072 1911; x_wconf 86' lang='lat' dir='ltr'><strong>ultricem</strong></span> <span class='ocrx_word' id='word_1_230' title='bbox 1138 1857 1471 1910; x_wconf 71' lang='lat' dir='ltr'><strong>mirabantur</strong></span> <span class='ocrx_word' id='word_1_231' title='bbox 1532 1857 1748 1910; x_wconf 73' lang='lat' dir='ltr'><strong>all‘uisse</strong></span> <span class='ocrx_word' id='word_1_232' title='bbox 1782 1879 1822 1935; x_wconf 73' lang='grc' dir='ltr'><strong>Β</strong></span> <span class='ocrx_word' id='word_1_233' title='bbox 1852 1865 2112 1932; x_wconf 60' lang='grc' dir='ltr'><strong>ριρηηιιπ,</strong></span> <span class='ocrx_word' id='word_1_234' title='bbox 2135 1882 2244 1936; x_wconf 78' lang='lat' dir='ltr'><strong>quo</strong></span> <span class='ocrx_word' id='word_1_235' title='bbox 2265 1881 2584 1933; x_wconf 59' lang='lat' dir='ltr'><strong>cognoscere</strong></span> <span class='ocrx_word' id='word_1_236' title='bbox 2611 1868 2811 1939; x_wconf 75' lang='lat' dir='ltr'><strong>possim</strong></span> <span class='ocrx_word' id='word_1_237' title='bbox 2833 1885 3056 1936; x_wconf 76' lang='lat' dir='ltr'><strong>quorum</strong></span> <span class='ocrx_word' id='word_1_238' title='bbox 3078 1885 3239 1936; x_wconf 74' lang='lat' dir='ltr'><strong>opera</strong></span> <span class='ocrx_word' id='word_1_239' title='bbox 3263 1884 3420 1924; x_wconf 70' lang='grc' dir='ltr'><strong>οχον..</strong></span> 
     </span>
    </p>
   </div>
   <div class='ocr_carea' id='block_1_34' title="bbox 174 1945 1744 2010">
    <p class='ocr_par' dir='ltr' id='par_1_34' title="bbox 174 1945 1744 2010">
     <span class='ocr_line' id='line_1_34' title="bbox 174 1945 1744 2010; baseline 0.001 -15"><span class='ocrx_word' id='word_1_240' title='bbox 174 1945 324 1996; x_wconf 88' lang='lat' dir='ltr'><strong>iram.</strong></span> <span class='ocrx_word' id='word_1_241' title='bbox 354 1945 444 1998; x_wconf 89' lang='lat' dir='ltr'><strong>Sic</strong></span> <span class='ocrx_word' id='word_1_242' title='bbox 471 1959 598 2010; x_wconf 80' lang='lat' dir='ltr'><strong>ergo</strong></span> <span class='ocrx_word' id='word_1_243' title='bbox 642 1947 801 1998; x_wconf 87' lang='lat' dir='ltr'><strong>miser</strong></span> <span class='ocrx_word' id='word_1_244' title='bbox 835 1947 922 2000; x_wconf 93' lang='lat' dir='ltr'><strong>ille</strong></span> <span class='ocrx_word' id='word_1_245' title='bbox 951 1947 1001 2000; x_wconf 90' lang='lat' dir='ltr'><strong>in</strong></span> <span class='ocrx_word' id='word_1_246' title='bbox 1034 1947 1280 1999; x_wconf 87' lang='lat' dir='ltr'><strong>manibus</strong></span> <span class='ocrx_word' id='word_1_247' title='bbox 1323 1945 1444 1999; x_wconf 90' lang='lat' dir='ltr'><strong>inde</strong></span> <span class='ocrx_word' id='word_1_248' title='bbox 1489 1945 1744 2008; x_wconf 78' lang='lat' dir='ltr'><strong>sublatus,</strong></span> 
     </span>
    </p>
   </div>
   <div class='ocr_carea' id='block_1_35' title="bbox 173 2032 1748 2103">
    <p class='ocr_par' dir='ltr' id='par_1_35' title="bbox 173 2032 1748 2103">
     <span class='ocr_line' id='line_1_35' title="bbox 173 2032 1748 2103; baseline 0.003 -20"><span class='ocrx_word' id='word_1_249' title='bbox 173 2032 323 2085; x_wconf 87' lang='lat' dir='ltr'><strong>triste</strong></span> <span class='ocrx_word' id='word_1_250' title='bbox 351 2033 434 2085; x_wconf 86' lang='lat' dir='ltr'><strong>val</strong></span> <span class='ocrx_word' id='word_1_251' title='bbox 455 2047 504 2086; x_wconf 85' lang='lat' dir='ltr'><strong>:e</strong></span> <span class='ocrx_word' id='word_1_252' title='bbox 533 2050 685 2086; x_wconf 88' lang='lat' dir='ltr'><strong>suum</strong></span> <span class='ocrx_word' id='word_1_253' title='bbox 731 2036 1139 2102; x_wconf 72' lang='lat' dir='ltr'><strong>prmstolabatur</strong></span> <span class='ocrx_word' id='word_1_254' title='bbox 1166 2035 1343 2089; x_wconf 84' lang='lat' dir='ltr'><strong>funus.</strong></span> <span class='ocrx_word' id='word_1_255' title='bbox 1387 2036 1584 2088; x_wconf 85' lang='lat' dir='ltr'><strong>Omnes</strong></span> <span class='ocrx_word' id='word_1_256' title='bbox 1614 2050 1748 2103; x_wconf 72' lang='lat' dir='ltr'><strong>pra:-</strong></span> 
     </span>
    </p>
   </div>
   <div class='ocr_carea' id='block_1_36' title="bbox 175 2122 1750 2193">
    <p class='ocr_par' dir='ltr' id='par_1_36' title="bbox 175 2122 1750 2193">
     <span class='ocr_line' id='line_1_36' title="bbox 175 2122 1750 2193; baseline 0.004 -23"><span class='ocrx_word' id='word_1_257' title='bbox 175 2129 314 2174; x_wconf 86' lang='lat' dir='ltr'><strong>terea</strong></span> <span class='ocrx_word' id='word_1_258' title='bbox 339 2124 430 2188; x_wconf 89' lang='lat' dir='ltr'><strong>qui</strong></span> <span class='ocrx_word' id='word_1_259' title='bbox 472 2122 700 2175; x_wconf 73' lang='lat' dir='ltr'><strong>aderant</strong></span> <span class='ocrx_word' id='word_1_260' title='bbox 731 2125 1000 2177; x_wconf 90' lang='lat' dir='ltr'><strong>connuuni</strong></span> <span class='ocrx_word' id='word_1_261' title='bbox 1043 2139 1202 2193; x_wconf 87' lang='lat' dir='ltr'><strong>prece</strong></span> <span class='ocrx_word' id='word_1_262' title='bbox 1226 2125 1318 2178; x_wconf 88' lang='lat' dir='ltr'><strong>Dei</strong></span> <span class='ocrx_word' id='word_1_263' title='bbox 1348 2125 1618 2177; x_wconf 83' lang='lat' dir='ltr'><strong>IlOllllllelll</strong></span> <span class='ocrx_word' id='word_1_264' title='bbox 1655 2125 1750 2177; x_wconf 88' lang='lat' dir='ltr'><strong>de-</strong></span> 
     </span>
    </p>
   </div>
   <div class='ocr_carea' id='block_1_37' title="bbox 173 2213 1749 2278">
    <p class='ocr_par' dir='ltr' id='par_1_37' title="bbox 173 2213 1749 2278">
     <span class='ocr_line' id='line_1_37' title="bbox 173 2213 1749 2278; baseline 0.001 -14"><span class='ocrx_word' id='word_1_265' title='bbox 173 2214 550 2278; x_wconf 84' lang='lat' dir='ltr'><strong>precabantur,</strong></span> <span class='ocrx_word' id='word_1_266' title='bbox 577 2227 634 2266; x_wconf 84' lang='lat' dir='ltr'><strong>ut</strong></span> <span class='ocrx_word' id='word_1_267' title='bbox 662 2231 767 2267; x_wconf 88' lang='lat' dir='ltr'><strong>non</strong></span> <span class='ocrx_word' id='word_1_268' title='bbox 799 2217 1144 2270; x_wconf 82' lang='lat' dir='ltr'><strong>considerans</strong></span> <span class='ocrx_word' id='word_1_269' title='bbox 1165 2216 1304 2268; x_wconf 90' lang='lat' dir='ltr'><strong>illius</strong></span> <span class='ocrx_word' id='word_1_270' title='bbox 1327 2213 1537 2268; x_wconf 79' lang='lat' dir='ltr'><strong>infausti</strong></span> <span class='ocrx_word' id='word_1_271' title='bbox 1565 2229 1749 2268; x_wconf 91' lang='lat' dir='ltr'><strong>vecor-</strong></span> 
     </span>
    </p>
   </div>
   <div class='ocr_carea' id='block_1_38' title="bbox 174 2303 1751 2376">
    <p class='ocr_par' dir='ltr' id='par_1_38' title="bbox 174 2303 1751 2376">
     <span class='ocr_line' id='line_1_38' title="bbox 174 2303 1751 2376; baseline 0.004 -23"><span class='ocrx_word' id='word_1_272' title='bbox 174 2303 348 2366; x_wconf 88' lang='lat' dir='ltr'><strong>diam,</strong></span> <span class='ocrx_word' id='word_1_273' title='bbox 398 2319 495 2372; x_wconf 89' lang='lat' dir='ltr'><strong>pro</strong></span> <span class='ocrx_word' id='word_1_274' title='bbox 545 2306 733 2359; x_wconf 82' lang='lat' dir='ltr'><strong>eodem</strong></span> <span class='ocrx_word' id='word_1_275' title='bbox 785 2322 971 2376; x_wconf 86' lang='lat' dir='ltr'><strong>preces</strong></span> <span class='ocrx_word' id='word_1_276' title='bbox 1011 2309 1274 2368; x_wconf 85' lang='lat' dir='ltr'><strong>funderet,</strong></span> <span class='ocrx_word' id='word_1_277' title='bbox 1325 2321 1433 2375; x_wconf 92' lang='lat' dir='ltr'><strong>quo</strong></span> <span class='ocrx_word' id='word_1_278' title='bbox 1475 2307 1751 2360; x_wconf 87' lang='lat' dir='ltr'><strong>restitutus</strong></span> 
     </span>
    </p>
   </div>
   <div class='ocr_carea' id='block_1_39' title="bbox 171 2395 1751 2465">
    <p class='ocr_par' dir='ltr' id='par_1_39' title="bbox 171 2395 1751 2465">
     <span class='ocr_line' id='line_1_39' title="bbox 171 2395 1751 2465; baseline 0.001 -17"><span class='ocrx_word' id='word_1_279' title='bbox 171 2395 384 2448; x_wconf 80' lang='lat' dir='ltr'><strong>sanitati</strong></span> <span class='ocrx_word' id='word_1_280' title='bbox 425 2405 619 2461; x_wconf 79' lang='lat' dir='ltr'><strong>Sponte</strong></span> <span class='ocrx_word' id='word_1_281' title='bbox 660 2411 821 2465; x_wconf 81' lang='lat' dir='ltr'><strong>super</strong></span> <span class='ocrx_word' id='word_1_282' title='bbox 866 2397 947 2450; x_wconf 89' lang='lat' dir='ltr'><strong>bis</strong></span> <span class='ocrx_word' id='word_1_283' title='bbox 975 2411 1093 2464; x_wconf 70' lang='lat' dir='ltr'><strong>quze</strong></span> <span class='ocrx_word' id='word_1_284' title='bbox 1126 2407 1314 2450; x_wconf 90' lang='lat' dir='ltr'><strong>contra</strong></span> <span class='ocrx_word' id='word_1_285' title='bbox 1360 2411 1481 2451; x_wconf 90' lang='lat' dir='ltr'><strong>eum</strong></span> <span class='ocrx_word' id='word_1_286' title='bbox 1510 2404 1751 2464; x_wconf 77' lang='lat' dir='ltr'><strong>gesserat</strong></span> 
     </span>
    </p>
   </div>
   <div class='ocr_carea' id='block_1_40' title="bbox 175 2482 1746 2551">
    <p class='ocr_par' dir='ltr' id='par_1_40' title="bbox 175 2482 1746 2551">
     <span class='ocr_line' id='line_1_40' title="bbox 175 2482 1746 2551; baseline 0.003 -18"><span class='ocrx_word' id='word_1_287' title='bbox 175 2482 494 2548; x_wconf 74' lang='lat' dir='ltr'><strong>ptrnitcret;</strong></span> <span class='ocrx_word' id='word_1_288' title='bbox 525 2486 666 2551; x_wconf 91' lang='lat' dir='ltr'><strong>quod</strong></span> <span class='ocrx_word' id='word_1_289' title='bbox 711 2495 886 2538; x_wconf 79' lang='lat' dir='ltr'><strong>utrum</strong></span> <span class='ocrx_word' id='word_1_290' title='bbox 929 2484 1158 2550; x_wconf 69' lang='lat' dir='ltr'><strong>fecerit,&quot;</strong></span> <span class='ocrx_word' id='word_1_291' title='bbox 1185 2486 1443 2540; x_wconf 87' lang='lat' dir='ltr'><strong>hactenus</strong></span> <span class='ocrx_word' id='word_1_292' title='bbox 1488 2488 1746 2540; x_wconf 85' lang='lat' dir='ltr'><strong>incertum</strong></span> 
     </span>
    </p>
   </div>
   <div class='ocr_carea' id='block_1_41' title="bbox 174 2571 1748 2627">
    <p class='ocr_par' dir='ltr' id='par_1_41' title="bbox 174 2571 1748 2627">
     <span class='ocr_line' id='line_1_41' title="bbox 174 2571 1748 2627; baseline 0.003 -6"><span class='ocrx_word' id='word_1_293' title='bbox 174 2571 431 2625; x_wconf 84' lang='lat' dir='ltr'><strong>habemus</strong></span> <span class='ocrx_word' id='word_1_294' title='bbox 461 2591 474 2623; x_wconf 83' lang='grc'>;</span> <span class='ocrx_word' id='word_1_295' title='bbox 511 2574 612 2626; x_wconf 90' lang='lat' dir='ltr'><strong>hoc</strong></span> <span class='ocrx_word' id='word_1_296' title='bbox 644 2574 890 2626; x_wconf 87' lang='lat' dir='ltr'><strong>nimirum</strong></span> <span class='ocrx_word' id='word_1_297' title='bbox 933 2575 1105 2627; x_wconf 90' lang='lat' dir='ltr'><strong>solum</strong></span> <span class='ocrx_word' id='word_1_298' title='bbox 1142 2573 1481 2627; x_wconf 83' lang='lat' dir='ltr'><strong>admirationi</strong></span> <span class='ocrx_word' id='word_1_299' title='bbox 1527 2575 1748 2627; x_wconf 58' lang='lat' dir='ltr'><strong>ascribi.</strong></span> 
     </span>
    </p>
   </div>
   <div class='ocr_carea' id='block_1_42' title="bbox 173 2662 1748 2730">
    <p class='ocr_par' dir='ltr' id='par_1_42' title="bbox 173 2662 1748 2730">
     <span class='ocr_line' id='line_1_42' title="bbox 173 2662 1748 2730; baseline 0.003 -17"><span class='ocrx_word' id='word_1_300' title='bbox 173 2675 312 2722; x_wconf 87' lang='lat' dir='ltr'><strong>mus,</strong></span> <span class='ocrx_word' id='word_1_301' title='bbox 343 2671 596 2726; x_wconf 85' lang='lat' dir='ltr'><strong>quantam</strong></span> <span class='ocrx_word' id='word_1_302' title='bbox 628 2662 733 2714; x_wconf 89' lang='lat' dir='ltr'><strong>vim</strong></span> <span class='ocrx_word' id='word_1_303' title='bbox 763 2678 937 2716; x_wconf 69' lang='lat' dir='ltr'><strong>sermo</strong></span> <span class='ocrx_word' id='word_1_304' title='bbox 979 2664 1094 2730; x_wconf 86' lang='lat' dir='ltr'><strong>ejus</strong></span> <span class='ocrx_word' id='word_1_305' title='bbox 1134 2678 1203 2716; x_wconf 80' lang='lat' dir='ltr'><strong>ex</strong></span> <span class='ocrx_word' id='word_1_306' title='bbox 1245 2663 1423 2716; x_wconf 89' lang='lat' dir='ltr'><strong>divina</strong></span> <span class='ocrx_word' id='word_1_307' title='bbox 1467 2663 1748 2729; x_wconf 86' lang='lat' dir='ltr'><strong>largitione</strong></span> 
     </span>
    </p>
   </div>
   <div class='ocr_carea' id='block_1_43' title="bbox 171 2752 1746 2822">
    <p class='ocr_par' dir='ltr' id='par_1_43' title="bbox 171 2752 1746 2822">
     <span class='ocr_line' id='line_1_43' title="bbox 171 2752 1746 2822; baseline 0.001 -20"><span class='ocrx_word' id='word_1_308' title='bbox 171 2752 461 2812; x_wconf 87' lang='lat' dir='ltr'><strong>obtineret,</strong></span> <span class='ocrx_word' id='word_1_309' title='bbox 485 2753 574 2819; x_wconf 88' lang='lat' dir='ltr'><strong>qui</strong></span> <span class='ocrx_word' id='word_1_310' title='bbox 599 2753 800 2821; x_wconf 88' lang='lat' dir='ltr'><strong>absque</strong></span> <span class='ocrx_word' id='word_1_311' title='bbox 827 2753 933 2806; x_wconf 91' lang='lat' dir='ltr'><strong>ullo</strong></span> <span class='ocrx_word' id='word_1_312' title='bbox 964 2754 1184 2808; x_wconf 85' lang='lat' dir='ltr'><strong>verbere</strong></span> <span class='ocrx_word' id='word_1_313' title='bbox 1208 2754 1324 2808; x_wconf 90' lang='lat' dir='ltr'><strong>solo</strong></span> <span class='ocrx_word' id='word_1_314' title='bbox 1347 2755 1550 2822; x_wconf 83' lang='lat' dir='ltr'><strong>potenti</strong></span> <span class='ocrx_word' id='word_1_315' title='bbox 1582 2755 1746 2806; x_wconf 89' lang='lat' dir='ltr'><strong>verbo</strong></span> 
     </span>
    </p>
   </div>
   <div class='ocr_carea' id='block_1_44' title="bbox 170 2841 1747 2910">
    <p class='ocr_par' dir='ltr' id='par_1_44' title="bbox 170 2841 1747 2910">
     <span class='ocr_line' id='line_1_44' title="bbox 170 2841 1747 2910; baseline 0.001 -16"><span class='ocrx_word' id='word_1_316' title='bbox 170 2841 460 2907; x_wconf 85' lang='lat' dir='ltr'><strong>superbum</strong></span> <span class='ocrx_word' id='word_1_317' title='bbox 481 2842 532 2893; x_wconf 88' lang='lat' dir='ltr'><strong>in</strong></span> <span class='ocrx_word' id='word_1_318' title='bbox 567 2851 762 2896; x_wconf 90' lang='lat' dir='ltr'><strong>terram</strong></span> <span class='ocrx_word' id='word_1_319' title='bbox 785 2843 1003 2910; x_wconf 82' lang='lat' dir='ltr'><strong>dejecit,</strong></span> <span class='ocrx_word' id='word_1_320' title='bbox 1027 2852 1472 2910; x_wconf 88' lang='lat' dir='ltr'><strong>arrogantemque</strong></span> <span class='ocrx_word' id='word_1_321' title='bbox 1501 2843 1747 2896; x_wconf 81' lang='lat' dir='ltr'><strong>humilia-</strong></span> 
     </span>
    </p>
   </div>
   <div class='ocr_carea' id='block_1_45' title="bbox 170 2929 1746 2999">
    <p class='ocr_par' dir='ltr' id='par_1_45' title="bbox 170 2929 1746 2999">
     <span class='ocr_line' id='line_1_45' title="bbox 170 2929 1746 2999; baseline 0.003 -20"><span class='ocrx_word' id='word_1_322' title='bbox 170 2929 276 2994; x_wconf 86' lang='lat' dir='ltr'><strong>vit;</strong></span> <span class='ocrx_word' id='word_1_323' title='bbox 302 2945 568 2998; x_wconf 82' lang='lat' dir='ltr'><strong>quamque</strong></span> <span class='ocrx_word' id='word_1_324' title='bbox 595 2931 814 2985; x_wconf 85' lang='lat' dir='ltr'><strong>charum</strong></span> <span class='ocrx_word' id='word_1_325' title='bbox 844 2931 984 2986; x_wconf 88' lang='lat' dir='ltr'><strong>hunc</strong></span> <span class='ocrx_word' id='word_1_326' title='bbox 1015 2931 1154 2985; x_wconf 87' lang='lat' dir='ltr'><strong>Deus</strong></span> <span class='ocrx_word' id='word_1_327' title='bbox 1186 2933 1437 2999; x_wconf 86' lang='lat' dir='ltr'><strong>haberet,</strong></span> <span class='ocrx_word' id='word_1_328' title='bbox 1465 2933 1615 2999; x_wconf 82' lang='lat' dir='ltr'><strong>cujus</strong></span> <span class='ocrx_word' id='word_1_329' title='bbox 1644 2933 1746 2984; x_wconf 87' lang='lat' dir='ltr'><strong>uti-</strong></span> 
     </span>
    </p>
   </div>
   <div class='ocr_carea' id='block_1_46' title="bbox 169 3022 1741 3086">
    <p class='ocr_par' dir='ltr' id='par_1_46' title="bbox 169 3022 1741 3086">
     <span class='ocr_line' id='line_1_46' title="bbox 169 3022 1741 3086; baseline 0.002 -14"><span class='ocrx_word' id='word_1_330' title='bbox 169 3034 277 3086; x_wconf 88' lang='lat' dir='ltr'><strong>que</strong></span> <span class='ocrx_word' id='word_1_331' title='bbox 299 3022 516 3073; x_wconf 81' lang='lat' dir='ltr'><strong>verbum</strong></span> <span class='ocrx_word' id='word_1_332' title='bbox 541 3031 646 3074; x_wconf 85' lang='lat' dir='ltr'><strong>tam</strong></span> <span class='ocrx_word' id='word_1_333' title='bbox 672 3023 815 3076; x_wconf 87' lang='lat' dir='ltr'><strong>celer</strong></span> <span class='ocrx_word' id='word_1_334' title='bbox 836 3022 889 3075; x_wconf 90' lang='lat' dir='ltr'><strong>in</strong></span> <span class='ocrx_word' id='word_1_335' title='bbox 916 3023 1182 3076; x_wconf 86' lang='lat' dir='ltr'><strong>hominem</strong></span> <span class='ocrx_word' id='word_1_336' title='bbox 1210 3022 1340 3075; x_wconf 91' lang='lat' dir='ltr'><strong>ultio</strong></span> <span class='ocrx_word' id='word_1_337' title='bbox 1361 3023 1617 3075; x_wconf 62' lang='lat' dir='ltr'><strong>comitata</strong></span> <span class='ocrx_word' id='word_1_338' title='bbox 1640 3031 1741 3076; x_wconf 90' lang='lat' dir='ltr'><strong>est.</strong></span> 
     </span>
    </p>
   </div>
   <div class='ocr_carea' id='block_1_47' title="bbox 169 3107 1728 3178">
    <p class='ocr_par' dir='ltr' id='par_1_47' title="bbox 169 3107 1728 3178">
     <span class='ocr_line' id='line_1_47' title="bbox 169 3107 1728 3178; baseline 0.001 -16"><span class='ocrx_word' id='word_1_339' title='bbox 169 3107 277 3162; x_wconf 83' lang='lat' dir='ltr'><strong>Sed</strong></span> <span class='ocrx_word' id='word_1_340' title='bbox 321 3125 388 3163; x_wconf 90' lang='lat' dir='ltr'><strong>ne</strong></span> <span class='ocrx_word' id='word_1_341' title='bbox 427 3111 594 3163; x_wconf 86' lang='lat' dir='ltr'><strong>solam</strong></span> <span class='ocrx_word' id='word_1_342' title='bbox 636 3111 773 3162; x_wconf 87' lang='lat' dir='ltr'><strong>banc</strong></span> <span class='ocrx_word' id='word_1_343' title='bbox 816 3112 990 3163; x_wconf 84' lang='lat' dir='ltr'><strong>verbis</strong></span> <span class='ocrx_word' id='word_1_344' title='bbox 1031 3111 1148 3178; x_wconf 87' lang='lat' dir='ltr'><strong>ejus</strong></span> <span class='ocrx_word' id='word_1_345' title='bbox 1191 3119 1390 3177; x_wconf 81' lang='lat' dir='ltr'><strong>putetis</strong></span> <span class='ocrx_word' id='word_1_346' title='bbox 1437 3110 1728 3164; x_wconf 86' lang='lat' dir='ltr'><strong>comitasse</strong></span> 
     </span>
    </p>
   </div>
   <div class='ocr_carea' id='block_1_48' title="bbox 170 3198 1304 3267">
    <p class='ocr_par' dir='ltr' id='par_1_48' title="bbox 170 3198 1304 3267">
     <span class='ocr_line' id='line_1_48' title="bbox 170 3198 1304 3267; baseline 0.001 -18"><span class='ocrx_word' id='word_1_347' title='bbox 170 3198 444 3262; x_wconf 82' lang='lat' dir='ltr'><strong>virtutem,</strong></span> <span class='ocrx_word' id='word_1_348' title='bbox 469 3198 652 3253; x_wconf 84' lang='lat' dir='ltr'><strong>audite</strong></span> <span class='ocrx_word' id='word_1_349' title='bbox 678 3200 800 3267; x_wconf 88' lang='lat' dir='ltr'><strong>quid</strong></span> <span class='ocrx_word' id='word_1_350' title='bbox 823 3208 879 3253; x_wconf 88' lang='lat' dir='ltr'><strong>et</strong></span> <span class='ocrx_word' id='word_1_351' title='bbox 907 3199 1029 3252; x_wconf 86' lang='lat' dir='ltr'><strong>alibi</strong></span> <span class='ocrx_word' id='word_1_352' title='bbox 1060 3202 1304 3266; x_wconf 80' lang='lat' dir='ltr'><strong>gesserit.</strong></span> 
     </span>
    </p>
   </div>
   <div class='ocr_carea' id='block_1_49' title="bbox 753 3328 1154 3384">
    <p class='ocr_par' dir='ltr' id='par_1_49' title="bbox 753 3328 1154 3384">
     <span class='ocr_line' id='line_1_49' title="bbox 753 3328 1154 3384; baseline 0 0"><span class='ocrx_word' id='word_1_353' title='bbox 753 3328 979 3384; x_wconf 71' lang='lat' dir='ltr'><strong>CAPUT</strong></span> <span class='ocrx_word' id='word_1_354' title='bbox 1019 3330 1154 3384; x_wconf 71' lang='lat' dir='ltr'><strong>XIX.</strong></span> 
     </span>
    </p>
   </div>
   <div class='ocr_carea' id='block_1_50' title="bbox 275 3439 1628 3508">
    <p class='ocr_par' dir='ltr' id='par_1_50' title="bbox 275 3439 1628 3508">
     <span class='ocr_line' id='line_1_50' title="bbox 275 3439 1628 3508; baseline 0.001 -16"><span class='ocrx_word' id='word_1_355' title='bbox 275 3439 352 3493; x_wconf 82' lang='lat' dir='ltr'><strong>De</strong></span> <span class='ocrx_word' id='word_1_356' title='bbox 375 3449 637 3508; x_wconf 76' lang='lat' dir='ltr'><strong>potentatu</strong></span> <span class='ocrx_word' id='word_1_357' title='bbox 669 3441 824 3502; x_wconf 70' lang='lat' dir='ltr'><strong>verbi.</strong></span> <span class='ocrx_word' id='word_1_358' title='bbox 853 3452 899 3495; x_wconf 85' lang='lat' dir='ltr'><strong>et</strong></span> <span class='ocrx_word' id='word_1_359' title='bbox 929 3444 994 3496; x_wconf 78' lang='lat' dir='ltr'><strong>de</strong></span> <span class='ocrx_word' id='word_1_360' title='bbox 1019 3444 1351 3497; x_wconf 65' lang='lat' dir='ltr'><strong>daemoniaci:</strong></span> <span class='ocrx_word' id='word_1_361' title='bbox 1378 3444 1628 3496; x_wconf 64' lang='lat' dir='ltr'><strong>iiber-aris.</strong></span> 
     </span>
    </p>
   </div>
   <div class='ocr_carea' id='block_1_51' title="bbox 241 3546 1764 3622">
    <p class='ocr_par' dir='ltr' id='par_1_51' title="bbox 241 3546 1764 3622">
     <span class='ocr_line' id='line_1_51' title="bbox 241 3546 1764 3622; baseline -0.001 -14"><span class='ocrx_word' id='word_1_362' title='bbox 241 3553 412 3620; x_wconf 79' lang='lat' dir='ltr'><strong>Igitur</strong></span> <span class='ocrx_word' id='word_1_363' title='bbox 438 3554 668 3621; x_wconf 86' lang='lat' dir='ltr'><strong>quodam</strong></span> <span class='ocrx_word' id='word_1_364' title='bbox 699 3564 938 3622; x_wconf 88' lang='lat' dir='ltr'><strong>tempore</strong></span> <span class='ocrx_word' id='word_1_365' title='bbox 975 3569 1097 3607; x_wconf 91' lang='lat' dir='ltr'><strong>cum</strong></span> <span class='ocrx_word' id='word_1_366' title='bbox 1127 3546 1240 3607; x_wconf 80' lang='lat' dir='ltr'><strong>dies</strong></span> <span class='ocrx_word' id='word_1_367' title='bbox 1281 3556 1551 3607; x_wconf 86' lang='lat' dir='ltr'><strong>natalitius</strong></span> <span class='ocrx_word' id='word_1_368' title='bbox 1599 3555 1764 3607; x_wconf 71' lang='lat' dir='ltr'><strong>beati-</strong></span> 
     </span>
    </p>
   </div>
   <div class='ocr_carea' id='block_1_52' title="bbox 164 3641 1740 3712">
    <p class='ocr_par' dir='ltr' id='par_1_52' title="bbox 164 3641 1740 3712">
     <span class='ocr_line' id='line_1_52' title="bbox 164 3641 1740 3712; baseline -0.002 -16"><span class='ocrx_word' id='word_1_369' title='bbox 164 3643 312 3698; x_wconf 81' lang='lat' dir='ltr'><strong>Petri</strong></span> <span class='ocrx_word' id='word_1_370' title='bbox 342 3643 566 3712; x_wconf 84' lang='lat' dir='ltr'><strong>apostoli</strong></span> <span class='ocrx_word' id='word_1_371' title='bbox 602 3644 655 3695; x_wconf 88' lang='lat' dir='ltr'><strong>in</strong></span> <span class='ocrx_word' id='word_1_372' title='bbox 695 3642 912 3696; x_wconf 72' lang='lat' dir='ltr'><strong>dimcesi</strong></span> <span class='ocrx_word' id='word_1_373' title='bbox 939 3641 1170 3710; x_wconf 87' lang='lat' dir='ltr'><strong>quadam</strong></span> <span class='ocrx_word' id='word_1_374' title='bbox 1197 3642 1334 3695; x_wconf 88' lang='lat' dir='ltr'><strong>haud</strong></span> <span class='ocrx_word' id='word_1_375' title='bbox 1363 3641 1548 3712; x_wconf 86' lang='lat' dir='ltr'><strong>procul</strong></span> <span class='ocrx_word' id='word_1_376' title='bbox 1576 3656 1603 3693; x_wconf 92' lang='lat' dir='ltr'><strong>a</strong></span> <span class='ocrx_word' id='word_1_377' title='bbox 1635 3641 1740 3700; x_wconf 81' lang='lat' dir='ltr'><strong>No-</strong></span> 
     </span>
    </p>
   </div>
   <div class='ocr_carea' id='block_1_53' title="bbox 165 3730 1739 3800">
    <p class='ocr_par' dir='ltr' id='par_1_53' title="bbox 165 3730 1739 3800">
     <span class='ocr_line' id='line_1_53' title="bbox 165 3730 1739 3800; baseline -0.002 -14"><span class='ocrx_word' id='word_1_378' title='bbox 165 3735 444 3786; x_wconf 85' lang='lat' dir='ltr'><strong>viomense</strong></span> <span class='ocrx_word' id='word_1_379' title='bbox 481 3731 677 3800; x_wconf 88' lang='lat' dir='ltr'><strong>oppido</strong></span> <span class='ocrx_word' id='word_1_380' title='bbox 707 3733 1088 3795; x_wconf 86' lang='lat' dir='ltr'><strong>celebraretur,</strong></span> <span class='ocrx_word' id='word_1_381' title='bbox 1120 3732 1306 3784; x_wconf 88' lang='lat' dir='ltr'><strong>adiens</strong></span> <span class='ocrx_word' id='word_1_382' title='bbox 1338 3730 1536 3799; x_wconf 78' lang='lat' dir='ltr'><strong>Eligins</strong></span> <span class='ocrx_word' id='word_1_383' title='bbox 1565 3730 1739 3783; x_wconf 84' lang='lat' dir='ltr'><strong>vicum</strong></span> 
     </span>
    </p>
   </div>
   <div class='ocr_carea' id='block_1_54' title="bbox 162 3822 1742 3892">
    <p class='ocr_par' dir='ltr' id='par_1_54' title="bbox 162 3822 1742 3892">
     <span class='ocr_line' id='line_1_54' title="bbox 162 3822 1742 3892; baseline 0 -16"><span class='ocrx_word' id='word_1_384' title='bbox 162 3839 288 3877; x_wconf 87' lang='lat' dir='ltr'><strong>cum</strong></span> <span class='ocrx_word' id='word_1_385' title='bbox 334 3824 534 3890; x_wconf 72' lang='lat' dir='ltr'><strong>ingenti</strong></span> <span class='ocrx_word' id='word_1_386' title='bbox 572 3823 894 3888; x_wconf 87' lang='lat' dir='ltr'><strong>constantia,</strong></span> <span class='ocrx_word' id='word_1_387' title='bbox 936 3822 1290 3892; x_wconf 63' lang='lat' dir='ltr'><strong>pradicabnt,</strong></span> <span class='ocrx_word' id='word_1_388' title='bbox 1340 3823 1480 3876; x_wconf 90' lang='lat' dir='ltr'><strong>sicut</strong></span> <span class='ocrx_word' id='word_1_389' title='bbox 1528 3837 1742 3890; x_wconf 83' lang='lat' dir='ltr'><strong>semper</strong></span> 
     </span>
    </p>
   </div>
   <div class='ocr_carea' id='block_1_55' title="bbox 163 3913 1742 3984">
    <p class='ocr_par' dir='ltr' id='par_1_55' title="bbox 163 3913 1742 3984">
     <span class='ocr_line' id='line_1_55' title="bbox 163 3913 1742 3984; baseline 0.001 -16"><span class='ocrx_word' id='word_1_390' title='bbox 163 3924 541 3978; x_wconf 83' lang='lat' dir='ltr'><strong>consueverat,</strong></span> <span class='ocrx_word' id='word_1_391' title='bbox 572 3913 662 3968; x_wconf 89' lang='lat' dir='ltr'><strong>Dei</strong></span> <span class='ocrx_word' id='word_1_392' title='bbox 697 3916 937 3980; x_wconf 86' lang='lat' dir='ltr'><strong>verbum,</strong></span> <span class='ocrx_word' id='word_1_393' title='bbox 964 3915 1292 3984; x_wconf 87' lang='lat' dir='ltr'><strong>abjiciendos</strong></span> <span class='ocrx_word' id='word_1_394' title='bbox 1323 3914 1584 3969; x_wconf 80' lang='lat' dir='ltr'><strong>duntaxat</strong></span> <span class='ocrx_word' id='word_1_395' title='bbox 1613 3917 1742 3969; x_wconf 86' lang='lat' dir='ltr'><strong>abo-</strong></span> 
     </span>
    </p>
   </div>
   <div class='ocr_carea' id='block_1_56' title="bbox 163 4003 1741 4067">
    <p class='ocr_par' dir='ltr' id='par_1_56' title="bbox 163 4003 1741 4067">
     <span class='ocr_line' id='line_1_56' title="bbox 163 4003 1741 4067; baseline 0.001 -11"><span class='ocrx_word' id='word_1_396' title='bbox 163 4004 448 4058; x_wconf 84' lang='lat' dir='ltr'><strong>minandus</strong></span> <span class='ocrx_word' id='word_1_397' title='bbox 471 4018 590 4058; x_wconf 88' lang='lat' dir='ltr'><strong>esse</strong></span> <span class='ocrx_word' id='word_1_398' title='bbox 619 4012 841 4058; x_wconf 87' lang='lat' dir='ltr'><strong>cunctos</strong></span> <span class='ocrx_word' id='word_1_399' title='bbox 864 4004 1168 4058; x_wconf 72' lang='lat' dir='ltr'><strong>daemonum</strong></span> <span class='ocrx_word' id='word_1_400' title='bbox 1208 4003 1377 4067; x_wconf 85' lang='lat' dir='ltr'><strong>ludos,</strong></span> <span class='ocrx_word' id='word_1_401' title='bbox 1402 4012 1456 4058; x_wconf 88' lang='lat' dir='ltr'><strong>et</strong></span> <span class='ocrx_word' id='word_1_402' title='bbox 1485 4004 1741 4058; x_wconf 77' lang='lat' dir='ltr'><strong>nefandas</strong></span> 
     </span>
    </p>
   </div>
   <div class='ocr_carea' id='block_1_57' title="bbox 162 4092 1740 4162">
    <p class='ocr_par' dir='ltr' id='par_1_57' title="bbox 162 4092 1740 4162">
     <span class='ocr_line' id='line_1_57' title="bbox 162 4092 1740 4162; baseline -0.001 -15"><span class='ocrx_word' id='word_1_403' title='bbox 162 4093 501 4152; x_wconf 83' lang='lat' dir='ltr'><strong>saltationes,</strong></span> <span class='ocrx_word' id='word_1_404' title='bbox 529 4093 614 4145; x_wconf 87' lang='lat' dir='ltr'><strong>vel</strong></span> <span class='ocrx_word' id='word_1_405' title='bbox 657 4092 947 4157; x_wconf 86' lang='lat' dir='ltr'><strong>caranisas,</strong></span> <span class='ocrx_word' id='word_1_406' title='bbox 989 4107 1284 4160; x_wconf 89' lang='lat' dir='ltr'><strong>omnesque</strong></span> <span class='ocrx_word' id='word_1_407' title='bbox 1310 4093 1494 4147; x_wconf 87' lang='lat' dir='ltr'><strong>inanes</strong></span> <span class='ocrx_word' id='word_1_408' title='bbox 1521 4108 1740 4162; x_wconf 87' lang='lat' dir='ltr'><strong>prorsus</strong></span> 
     </span>
    </p>
   </div>
   <div class='ocr_carea' id='block_1_58' title="bbox 163 4179 1737 4248">
    <p class='ocr_par' dir='ltr' id='par_1_58' title="bbox 163 4179 1737 4248">
     <span class='ocr_line' id='line_1_58' title="bbox 163 4179 1737 4248; baseline 0.001 -16"><span class='ocrx_word' id='word_1_409' title='bbox 163 4179 546 4246; x_wconf 87' lang='lat' dir='ltr'><strong>relinquendas</strong></span> <span class='ocrx_word' id='word_1_410' title='bbox 569 4179 998 4245; x_wconf 85' lang='lat' dir='ltr'><strong>superstitiones.</strong></span> <span class='ocrx_word' id='word_1_411' title='bbox 1032 4179 1203 4244; x_wconf 89' lang='lat' dir='ltr'><strong>Quam</strong></span> <span class='ocrx_word' id='word_1_412' title='bbox 1242 4179 1360 4248; x_wconf 88' lang='lat' dir='ltr'><strong>ejus</strong></span> <span class='ocrx_word' id='word_1_413' title='bbox 1407 4180 1737 4247; x_wconf 74' lang='lat' dir='ltr'><strong>pncdieatio-</strong></span> 
     </span>
    </p>
   </div>
   <div class='ocr_carea' id='block_1_59' title="bbox 161 4267 1739 4337">
    <p class='ocr_par' dir='ltr' id='par_1_59' title="bbox 161 4267 1739 4337">
     <span class='ocr_line' id='line_1_59' title="bbox 161 4267 1739 4337; baseline 0.001 -15"><span class='ocrx_word' id='word_1_414' title='bbox 161 4284 292 4324; x_wconf 81' lang='lat' dir='ltr'><strong>nem</strong></span> <span class='ocrx_word' id='word_1_415' title='bbox 319 4268 715 4337; x_wconf 65' lang='lat' dir='ltr'><strong>praestantiores</strong></span> <span class='ocrx_word' id='word_1_416' title='bbox 738 4267 936 4337; x_wconf 81' lang='lat' dir='ltr'><strong>quique</strong></span> <span class='ocrx_word' id='word_1_417' title='bbox 965 4268 1066 4322; x_wconf 91' lang='lat' dir='ltr'><strong>loci</strong></span> <span class='ocrx_word' id='word_1_418' title='bbox 1096 4267 1234 4322; x_wconf 79' lang='lat' dir='ltr'><strong>illius</strong></span> <span class='ocrx_word' id='word_1_419' title='bbox 1254 4268 1407 4322; x_wconf 88' lang='lat' dir='ltr'><strong>valde</strong></span> <span class='ocrx_word' id='word_1_420' title='bbox 1432 4282 1573 4336; x_wconf 72' lang='lat' dir='ltr'><strong>aegre</strong></span> <span class='ocrx_word' id='word_1_421' title='bbox 1603 4269 1739 4323; x_wconf 81' lang='lat' dir='ltr'><strong>fere-</strong></span> 
     </span>
    </p>
   </div>
   <div class='ocr_carea' id='block_1_60' title="bbox 161 4356 1739 4425">
    <p class='ocr_par' dir='ltr' id='par_1_60' title="bbox 161 4356 1739 4425">
     <span class='ocr_line' id='line_1_60' title="bbox 161 4356 1739 4425; baseline -0.001 -12"><span class='ocrx_word' id='word_1_422' title='bbox 161 4359 321 4423; x_wconf 80' lang='lat' dir='ltr'><strong>bant,</strong></span> <span class='ocrx_word' id='word_1_423' title='bbox 345 4358 553 4414; x_wconf 78' lang='lat' dir='ltr'><strong>scilicet</strong></span> <span class='ocrx_word' id='word_1_424' title='bbox 593 4356 738 4425; x_wconf 89' lang='lat' dir='ltr'><strong>quod</strong></span> <span class='ocrx_word' id='word_1_425' title='bbox 766 4357 922 4412; x_wconf 89' lang='lat' dir='ltr'><strong>ferias</strong></span> <span class='ocrx_word' id='word_1_426' title='bbox 948 4373 1131 4412; x_wconf 90' lang='lat' dir='ltr'><strong>eorum</strong></span> <span class='ocrx_word' id='word_1_427' title='bbox 1161 4366 1445 4422; x_wconf 86' lang='lat' dir='ltr'><strong>everteret,</strong></span> <span class='ocrx_word' id='word_1_428' title='bbox 1477 4373 1542 4412; x_wconf 89' lang='lat' dir='ltr'><strong>ac</strong></span> <span class='ocrx_word' id='word_1_429' title='bbox 1568 4359 1739 4425; x_wconf 77' lang='lat' dir='ltr'><strong>legiti-</strong></span> 
     </span>
    </p>
   </div>
   <div class='ocr_carea' id='block_1_61' title="bbox 165 4432 1740 4521">
    <p class='ocr_par' dir='ltr' id='par_1_61' title="bbox 165 4432 1740 4521">
     <span class='ocr_line' id='line_1_61' title="bbox 165 4432 1740 4521; baseline 0.003 -21"><span class='ocrx_word' id='word_1_430' title='bbox 165 4461 314 4512; x_wconf 83' lang='lat' dir='ltr'><strong>mas,</strong></span> <span class='ocrx_word' id='word_1_431' title='bbox 345 4457 405 4501; x_wconf 90' lang='lat' dir='ltr'><strong>ut</strong></span> <span class='ocrx_word' id='word_1_432' title='bbox 443 4432 722 4516; x_wconf 78' lang='lat' dir='ltr'><strong>putabant,</strong></span> <span class='ocrx_word' id='word_1_433' title='bbox 770 4449 1182 4504; x_wconf 86' lang='lat' dir='ltr'><strong>consuetudines</strong></span> <span class='ocrx_word' id='word_1_434' title='bbox 1223 4450 1543 4521; x_wconf 79' lang='lat' dir='ltr'><strong>exinanirct.</strong></span> <span class='ocrx_word' id='word_1_435' title='bbox 1592 4450 1740 4504; x_wconf 82' lang='lat' dir='ltr'><strong>Tunc</strong></span> 
     </span>
    </p>
   </div>
   <div class='ocr_carea' id='block_1_62' title="bbox 1851 1956 3421 2024">
    <p class='ocr_par' dir='ltr' id='par_1_62' title="bbox 1851 1956 3421 2024">
     <span class='ocr_line' id='line_1_62' title="bbox 1851 1956 3421 2024; baseline 0.001 -18"><span class='ocrx_word' id='word_1_436' title='bbox 1851 1961 1990 2015; x_wconf 88' lang='lat' dir='ltr'><strong>cent,</strong></span> <span class='ocrx_word' id='word_1_437' title='bbox 2031 1964 2086 2007; x_wconf 91' lang='lat' dir='ltr'><strong>ut</strong></span> <span class='ocrx_word' id='word_1_438' title='bbox 2109 1960 2176 2008; x_wconf 88' lang='lat' dir='ltr'><strong>ab</strong></span> <span class='ocrx_word' id='word_1_439' title='bbox 2206 1956 2507 2010; x_wconf 84' lang='lat' dir='ltr'><strong>hominibus</strong></span> <span class='ocrx_word' id='word_1_440' title='bbox 2537 1958 2589 2010; x_wconf 90' lang='lat' dir='ltr'><strong>in</strong></span> <span class='ocrx_word' id='word_1_441' title='bbox 2622 1967 2672 2010; x_wconf 92' lang='lat' dir='ltr'><strong>te</strong></span> <span class='ocrx_word' id='word_1_442' title='bbox 2701 1957 3042 2012; x_wconf 88' lang='lat' dir='ltr'><strong>credentibus</strong></span> <span class='ocrx_word' id='word_1_443' title='bbox 3070 1958 3278 2012; x_wconf 68' lang='lat' dir='ltr'><strong>enixius</strong></span> <span class='ocrx_word' id='word_1_444' title='bbox 3308 1959 3421 2024; x_wconf 77' lang='lat' dir='ltr'><strong>glu-</strong></span> 
     </span>
    </p>
   </div>
   <div class='ocr_carea' id='block_1_63' title="bbox 1851 2045 3419 2116">
    <p class='ocr_par' dir='ltr' id='par_1_63' title="bbox 1851 2045 3419 2116">
     <span class='ocr_line' id='line_1_63' title="bbox 1851 2045 3419 2116; baseline 0.003 -20"><span class='ocrx_word' id='word_1_445' title='bbox 1851 2045 2087 2098; x_wconf 89' lang='lat' dir='ltr'><strong>rilicetur</strong></span> <span class='ocrx_word' id='word_1_446' title='bbox 2135 2061 2326 2101; x_wconf 91' lang='lat' dir='ltr'><strong>nomen</strong></span> <span class='ocrx_word' id='word_1_447' title='bbox 2377 2058 2618 2101; x_wconf 89' lang='lat' dir='ltr'><strong>sanctum</strong></span> <span class='ocrx_word' id='word_1_448' title='bbox 2673 2058 2840 2102; x_wconf 89' lang='lat' dir='ltr'><strong>tnunt.</strong></span> <span class='ocrx_word' id='word_1_449' title='bbox 2890 2048 3017 2103; x_wconf 84' lang='lat' dir='ltr'><strong>I’ost</strong></span> <span class='ocrx_word' id='word_1_450' title='bbox 3059 2049 3207 2116; x_wconf 87' lang='lat' dir='ltr'><strong>cujus</strong></span> <span class='ocrx_word' id='word_1_451' title='bbox 3259 2049 3419 2100; x_wconf 85' lang='lat' dir='ltr'><strong>verba</strong></span> 
     </span>
    </p>
   </div>
   <div class='ocr_carea' id='block_1_64' title="bbox 1850 2135 3420 2207">
    <p class='ocr_par' dir='ltr' id='par_1_64' title="bbox 1850 2135 3420 2207">
     <span class='ocr_line' id='line_1_64' title="bbox 1850 2135 3420 2207; baseline 0.001 -20"><span class='ocrx_word' id='word_1_452' title='bbox 1850 2135 2026 2187; x_wconf 91' lang='lat' dir='ltr'><strong>subito</strong></span> <span class='ocrx_word' id='word_1_453' title='bbox 2055 2135 2296 2203; x_wconf 89' lang='lat' dir='ltr'><strong>plurimi,</strong></span> <span class='ocrx_word' id='word_1_454' title='bbox 2325 2135 2376 2188; x_wconf 89' lang='lat' dir='ltr'><strong>hi</strong></span> <span class='ocrx_word' id='word_1_455' title='bbox 2407 2137 2670 2205; x_wconf 73' lang='lat' dir='ltr'><strong>pamcipue</strong></span> <span class='ocrx_word' id='word_1_456' title='bbox 2695 2140 2786 2205; x_wconf 90' lang='lat' dir='ltr'><strong>qui</strong></span> <span class='ocrx_word' id='word_1_457' title='bbox 2816 2149 2970 2191; x_wconf 88' lang='lat' dir='ltr'><strong>erant</strong></span> <span class='ocrx_word' id='word_1_458' title='bbox 3013 2154 3077 2192; x_wconf 79' lang='lat' dir='ltr'><strong>ex</strong></span> <span class='ocrx_word' id='word_1_459' title='bbox 3111 2148 3258 2207; x_wconf 89' lang='lat' dir='ltr'><strong>parte</strong></span> <span class='ocrx_word' id='word_1_460' title='bbox 3287 2136 3420 2190; x_wconf 84' lang='lat' dir='ltr'><strong>Her-</strong></span> 
     </span>
    </p>
   </div>
   <div class='ocr_carea' id='block_1_65' title="bbox 1851 2224 3418 2296">
    <p class='ocr_par' dir='ltr' id='par_1_65' title="bbox 1851 2224 3418 2296">
     <span class='ocr_line' id='line_1_65' title="bbox 1851 2224 3418 2296; baseline 0.004 -20"><span class='ocrx_word' id='word_1_461' title='bbox 1851 2224 2147 2289; x_wconf 88' lang='lat' dir='ltr'><strong>chenoaldi,</strong></span> <span class='ocrx_word' id='word_1_462' title='bbox 2179 2226 2376 2293; x_wconf 91' lang='lat' dir='ltr'><strong>quique</strong></span> <span class='ocrx_word' id='word_1_463' title='bbox 2412 2227 2587 2280; x_wconf 86' lang='lat' dir='ltr'><strong>divina</strong></span> <span class='ocrx_word' id='word_1_464' title='bbox 2616 2227 2861 2281; x_wconf 85' lang='lat' dir='ltr'><strong>mandata</strong></span> <span class='ocrx_word' id='word_1_465' title='bbox 2905 2229 3256 2296; x_wconf 84' lang='lat' dir='ltr'><strong>despicientes</strong></span> <span class='ocrx_word' id='word_1_466' title='bbox 3303 2243 3418 2283; x_wconf 86' lang='lat' dir='ltr'><strong>ma-</strong></span> 
     </span>
    </p>
   </div>
   <div class='ocr_carea' id='block_1_66' title="bbox 1851 2314 3422 2388">
    <p class='ocr_par' dir='ltr' id='par_1_66' title="bbox 1851 2314 3422 2388">
     <span class='ocr_line' id='line_1_66' title="bbox 1851 2314 3422 2388; baseline 0.005 -23"><span class='ocrx_word' id='word_1_467' title='bbox 1851 2329 1950 2366; x_wconf 89' lang='lat' dir='ltr'><strong>nus</strong></span> <span class='ocrx_word' id='word_1_468' title='bbox 1977 2314 2029 2366; x_wconf 91' lang='lat' dir='ltr'><strong>in</strong></span> <span class='ocrx_word' id='word_1_469' title='bbox 2051 2330 2170 2368; x_wconf 93' lang='lat' dir='ltr'><strong>cum</strong></span> <span class='ocrx_word' id='word_1_470' title='bbox 2194 2317 2453 2383; x_wconf 83' lang='lat' dir='ltr'><strong>parabant</strong></span> <span class='ocrx_word' id='word_1_471' title='bbox 2481 2317 2722 2384; x_wconf 87' lang='lat' dir='ltr'><strong>injicere,</strong></span> <span class='ocrx_word' id='word_1_472' title='bbox 2753 2318 3020 2370; x_wconf 84' lang='lat' dir='ltr'><strong>immundo</strong></span> <span class='ocrx_word' id='word_1_473' title='bbox 3043 2320 3204 2374; x_wconf 84' lang='lat' dir='ltr'><strong>afﬂati</strong></span> <span class='ocrx_word' id='word_1_474' title='bbox 3231 2319 3422 2388; x_wconf 88' lang='lat' dir='ltr'><strong>spiritu</strong></span> 
     </span>
    </p>
   </div>
   <div class='ocr_carea' id='block_1_67' title="bbox 1850 2407 3421 2475">
    <p class='ocr_par' dir='ltr' id='par_1_67' title="bbox 1850 2407 3421 2475">
     <span class='ocr_line' id='line_1_67' title="bbox 1850 2407 3421 2475; baseline 0.003 -17"><span class='ocrx_word' id='word_1_475' title='bbox 1850 2415 2124 2475; x_wconf 72' lang='lat' dir='ltr'><strong>cmperunt</strong></span> <span class='ocrx_word' id='word_1_476' title='bbox 2149 2407 2402 2460; x_wconf 90' lang='lat' dir='ltr'><strong>continuo</strong></span> <span class='ocrx_word' id='word_1_477' title='bbox 2433 2408 2602 2461; x_wconf 85' lang='lat' dir='ltr'><strong>modis</strong></span> <span class='ocrx_word' id='word_1_478' title='bbox 2625 2408 2848 2462; x_wconf 88' lang='lat' dir='ltr'><strong>diversis</strong></span> <span class='ocrx_word' id='word_1_479' title='bbox 2873 2408 3209 2462; x_wconf 85' lang='lat' dir='ltr'><strong>debacchari.</strong></span> <span class='ocrx_word' id='word_1_480' title='bbox 3236 2410 3421 2462; x_wconf 62' lang='lat' dir='ltr'><strong>Omnis</strong></span> 
     </span>
    </p>
   </div>
   <div class='ocr_carea' id='block_1_68' title="bbox 1850 2494 3419 2565">
    <p class='ocr_par' dir='ltr' id='par_1_68' title="bbox 1850 2494 3419 2565">
     <span class='ocr_line' id='line_1_68' title="bbox 1850 2494 3419 2565; baseline 0.003 -20"><span class='ocrx_word' id='word_1_481' title='bbox 1850 2503 2028 2546; x_wconf 86' lang='lat' dir='ltr'><strong>autem</strong></span> <span class='ocrx_word' id='word_1_482' title='bbox 2072 2494 2370 2558; x_wconf 87' lang='lat' dir='ltr'><strong>multitudo,</strong></span> <span class='ocrx_word' id='word_1_483' title='bbox 2422 2496 2655 2564; x_wconf 84' lang='lat' dir='ltr'><strong>exceptis</strong></span> <span class='ocrx_word' id='word_1_484' title='bbox 2685 2497 2764 2549; x_wconf 84' lang='lat' dir='ltr'><strong>his</strong></span> <span class='ocrx_word' id='word_1_485' title='bbox 2800 2496 2889 2564; x_wconf 84' lang='lat' dir='ltr'><strong>qui</strong></span> <span class='ocrx_word' id='word_1_486' title='bbox 2936 2497 3177 2562; x_wconf 86' lang='lat' dir='ltr'><strong>aderant,</strong></span> <span class='ocrx_word' id='word_1_487' title='bbox 3221 2499 3419 2565; x_wconf 80' lang='lat' dir='ltr'><strong>ingenti</strong></span> 
     </span>
    </p>
   </div>
   <div class='ocr_carea' id='block_1_69' title="bbox 1851 2584 3419 2653">
    <p class='ocr_par' dir='ltr' id='par_1_69' title="bbox 1851 2584 3419 2653">
     <span class='ocr_line' id='line_1_69' title="bbox 1851 2584 3419 2653; baseline 0.001 -19"><span class='ocrx_word' id='word_1_488' title='bbox 1851 2597 2048 2650; x_wconf 89' lang='lat' dir='ltr'><strong>pavore</strong></span> <span class='ocrx_word' id='word_1_489' title='bbox 2078 2584 2368 2650; x_wconf 86' lang='lat' dir='ltr'><strong>perterriti,</strong></span> <span class='ocrx_word' id='word_1_490' title='bbox 2418 2586 2636 2653; x_wconf 80' lang='lat' dir='ltr'><strong>vestigia</strong></span> <span class='ocrx_word' id='word_1_491' title='bbox 2683 2586 2911 2640; x_wconf 89' lang='lat' dir='ltr'><strong>hominis</strong></span> <span class='ocrx_word' id='word_1_492' title='bbox 2960 2587 3050 2639; x_wconf 90' lang='lat' dir='ltr'><strong>Dei</strong></span> <span class='ocrx_word' id='word_1_493' title='bbox 3094 2587 3419 2645; x_wconf 85' lang='lat' dir='ltr'><strong>lambebant,</strong></span> 
     </span>
    </p>
   </div>
   <div class='ocr_carea' id='block_1_70' title="bbox 1849 2676 3419 2747">
    <p class='ocr_par' dir='ltr' id='par_1_70' title="bbox 1849 2676 3419 2747">
     <span class='ocr_line' id='line_1_70' title="bbox 1849 2676 3419 2747; baseline 0.004 -21"><span class='ocrx_word' id='word_1_494' title='bbox 1849 2684 2094 2727; x_wconf 79' lang='lat' dir='ltr'><strong>verentes</strong></span> <span class='ocrx_word' id='word_1_495' title='bbox 2139 2689 2205 2728; x_wconf 90' lang='lat' dir='ltr'><strong>ne</strong></span> <span class='ocrx_word' id='word_1_496' title='bbox 2250 2676 2443 2728; x_wconf 86' lang='lat' dir='ltr'><strong>similia</strong></span> <span class='ocrx_word' id='word_1_497' title='bbox 2495 2687 2825 2744; x_wconf 83' lang='lat' dir='ltr'><strong>paterentur.</strong></span> <span class='ocrx_word' id='word_1_498' title='bbox 2876 2679 3188 2745; x_wconf 89' lang='lat' dir='ltr'><strong>pollicentes</strong></span> <span class='ocrx_word' id='word_1_499' title='bbox 3228 2679 3419 2747; x_wconf 73' lang='lat' dir='ltr'><strong>singuli</strong></span> 
     </span>
    </p>
   </div>
   <div class='ocr_carea' id='block_1_71' title="bbox 1847 2766 3422 2833">
    <p class='ocr_par' dir='ltr' id='par_1_71' title="bbox 1847 2766 3422 2833">
     <span class='ocr_line' id='line_1_71' title="bbox 1847 2766 3422 2833; baseline 0.004 -19"><span class='ocrx_word' id='word_1_500' title='bbox 1847 2771 2038 2816; x_wconf 83' lang='lat' dir='ltr'><strong>cuncta</strong></span> <span class='ocrx_word' id='word_1_501' title='bbox 2083 2778 2200 2829; x_wconf 75' lang='lat' dir='ltr'><strong>qua:</strong></span> <span class='ocrx_word' id='word_1_502' title='bbox 2245 2766 2520 2818; x_wconf 85' lang='lat' dir='ltr'><strong>mandaret</strong></span> <span class='ocrx_word' id='word_1_503' title='bbox 2567 2766 2682 2818; x_wconf 75' lang='lat' dir='ltr'><strong>sine</strong></span> <span class='ocrx_word' id='word_1_504' title='bbox 2721 2767 2896 2833; x_wconf 87' lang='lat' dir='ltr'><strong>aliqua</strong></span> <span class='ocrx_word' id='word_1_505' title='bbox 2941 2768 3050 2832; x_wconf 91' lang='lat' dir='ltr'><strong>jam</strong></span> <span class='ocrx_word' id='word_1_506' title='bbox 3087 2767 3422 2821; x_wconf 87' lang='lat' dir='ltr'><strong>simulatione</strong></span> 
     </span>
    </p>
   </div>
   <div class='ocr_carea' id='block_1_72' title="bbox 1846 2853 3427 2919">
    <p class='ocr_par' dir='ltr' id='par_1_72' title="bbox 1846 2853 3427 2919">
     <span class='ocr_line' id='line_1_72' title="bbox 1846 2853 3427 2919; baseline 0.003 -16"><span class='ocrx_word' id='word_1_507' title='bbox 1846 2867 1964 2905; x_wconf 89' lang='lat' dir='ltr'><strong>sese</strong></span> <span class='ocrx_word' id='word_1_508' title='bbox 2008 2861 2366 2905; x_wconf 83' lang='lat' dir='ltr'><strong>assecuturos.</strong></span> <span class='ocrx_word' id='word_1_509' title='bbox 2415 2853 2491 2905; x_wconf 80' lang='lat' dir='ltr'><strong>Ad</strong></span> <span class='ocrx_word' id='word_1_510' title='bbox 2543 2868 2678 2919; x_wconf 80' lang='lat' dir='ltr'><strong>quos</strong></span> <span class='ocrx_word' id='word_1_511' title='bbox 2721 2854 2799 2907; x_wconf 87' lang='lat' dir='ltr'><strong>vir</strong></span> <span class='ocrx_word' id='word_1_512' title='bbox 2830 2855 3016 2908; x_wconf 89' lang='lat' dir='ltr'><strong>beatus</strong></span> <span class='ocrx_word' id='word_1_513' title='bbox 3041 2856 3176 2908; x_wconf 83' lang='lat' dir='ltr'><strong>dixit</strong></span> <span class='ocrx_word' id='word_1_514' title='bbox 3205 2872 3218 2907; x_wconf 88' lang='lat'>:</span> <span class='ocrx_word' id='word_1_515' title='bbox 3245 2855 3427 2918; x_wconf 35' lang='lat' dir='ltr'><strong>Nolite.</strong></span> 
     </span>
    </p>
   </div>
   <div class='ocr_carea' id='block_1_73' title="bbox 1848 2941 3473 3012">
    <p class='ocr_par' dir='ltr' id='par_1_73' title="bbox 1848 2941 3473 3012">
     <span class='ocr_line' id='line_1_73' title="bbox 1848 2941 3473 3012; baseline 0.002 -21"><span class='ocrx_word' id='word_1_516' title='bbox 1848 2941 2035 2993; x_wconf 89' lang='lat' dir='ltr'><strong>timere</strong></span> <span class='ocrx_word' id='word_1_517' title='bbox 2063 2954 2178 3001; x_wconf 90' lang='lat' dir='ltr'><strong>vos,</strong></span> <span class='ocrx_word' id='word_1_518' title='bbox 2209 2941 2302 2994; x_wconf 84' lang='lat' dir='ltr'><strong>sed</strong></span> <span class='ocrx_word' id='word_1_519' title='bbox 2336 2944 2502 3010; x_wconf 82' lang='lat' dir='ltr'><strong>magis</strong></span> <span class='ocrx_word' id='word_1_520' title='bbox 2528 2942 2726 3009; x_wconf 81' lang='lat' dir='ltr'><strong>justum</strong></span> <span class='ocrx_word' id='word_1_521' title='bbox 2778 2942 2869 2997; x_wconf 79' lang='lat' dir='ltr'><strong>[lci</strong></span> <span class='ocrx_word' id='word_1_522' title='bbox 2911 2943 3168 3011; x_wconf 87' lang='lat' dir='ltr'><strong>judicium</strong></span> <span class='ocrx_word' id='word_1_523' title='bbox 3217 2943 3419 3011; x_wconf 81' lang='lat' dir='ltr'><strong>gloriIi-</strong></span> <span class='ocrx_word' id='word_1_524' title='bbox 3470 3009 3473 3012; x_wconf 93' lang='lat'>_</span> 
     </span>
    </p>
   </div>
   <div class='ocr_carea' id='block_1_74' title="bbox 1846 3030 3419 3102">
    <p class='ocr_par' dir='ltr' id='par_1_74' title="bbox 1846 3030 3419 3102">
     <span class='ocr_line' id='line_1_74' title="bbox 1846 3030 3419 3102; baseline 0.003 -20"><span class='ocrx_word' id='word_1_525' title='bbox 1846 3039 1996 3092; x_wconf 87' lang='lat' dir='ltr'><strong>cate,</strong></span> <span class='ocrx_word' id='word_1_526' title='bbox 2027 3030 2276 3096; x_wconf 91' lang='lat' dir='ltr'><strong>quoniam</strong></span> <span class='ocrx_word' id='word_1_527' title='bbox 2308 3045 2491 3084; x_wconf 88' lang='lat' dir='ltr'><strong>revera</strong></span> <span class='ocrx_word' id='word_1_528' title='bbox 2523 3031 2738 3098; x_wconf 85' lang='lat' dir='ltr'><strong>dignum</strong></span> <span class='ocrx_word' id='word_1_529' title='bbox 2783 3043 2863 3085; x_wconf 85' lang='lat' dir='ltr'><strong>est</strong></span> <span class='ocrx_word' id='word_1_530' title='bbox 2901 3043 2956 3086; x_wconf 91' lang='lat' dir='ltr'><strong>ut</strong></span> <span class='ocrx_word' id='word_1_531' title='bbox 2983 3033 3037 3087; x_wconf 82' lang='lat' dir='ltr'><strong>IlI</strong></span> <span class='ocrx_word' id='word_1_532' title='bbox 3065 3034 3155 3102; x_wconf 91' lang='lat' dir='ltr'><strong>qui</strong></span> <span class='ocrx_word' id='word_1_533' title='bbox 3186 3034 3299 3102; x_wconf 89' lang='lat' dir='ltr'><strong>ejus</strong></span> <span class='ocrx_word' id='word_1_534' title='bbox 3323 3050 3419 3086; x_wconf 86' lang='lat' dir='ltr'><strong>vo-</strong></span> 
     </span>
    </p>
   </div>
   <div class='ocr_carea' id='block_1_75' title="bbox 1846 3118 3418 3190">
    <p class='ocr_par' dir='ltr' id='par_1_75' title="bbox 1846 3118 3418 3190">
     <span class='ocr_line' id='line_1_75' title="bbox 1846 3118 3418 3190; baseline 0.004 -22"><span class='ocrx_word' id='word_1_535' title='bbox 1846 3118 2038 3171; x_wconf 86' lang='lat' dir='ltr'><strong>luntati</strong></span> <span class='ocrx_word' id='word_1_536' title='bbox 2068 3120 2336 3172; x_wconf 84' lang='lat' dir='ltr'><strong>contraire</strong></span> <span class='ocrx_word' id='word_1_537' title='bbox 2367 3120 2631 3186; x_wconf 89' lang='lat' dir='ltr'><strong>videntur,</strong></span> <span class='ocrx_word' id='word_1_538' title='bbox 2659 3121 2836 3173; x_wconf 72' lang='lat' dir='ltr'><strong>traditi</strong></span> <span class='ocrx_word' id='word_1_539' title='bbox 2858 3122 2934 3176; x_wconf 88' lang='lat' dir='ltr'><strong>eis</strong></span> <span class='ocrx_word' id='word_1_540' title='bbox 2961 3121 3026 3174; x_wconf 89' lang='lat' dir='ltr'><strong>ad</strong></span> <span class='ocrx_word' id='word_1_541' title='bbox 3056 3133 3263 3190; x_wconf 81' lang='lat' dir='ltr'><strong>tempus</strong></span> <span class='ocrx_word' id='word_1_542' title='bbox 3283 3137 3418 3190; x_wconf 85' lang='lat' dir='ltr'><strong>quos</strong></span> 
     </span>
    </p>
   </div>
   <div class='ocr_carea' id='block_1_76' title="bbox 1765 3198 3418 3278">
    <p class='ocr_par' dir='ltr' id='par_1_76' title="bbox 1765 3198 3418 3278">
     <span class='ocr_line' id='line_1_76' title="bbox 1765 3198 3418 3278; baseline 0.001 -15"><span class='ocrx_word' id='word_1_543' title='bbox 1765 3198 1814 3263; x_wconf 84' lang='lat' dir='ltr'><strong><em>C</em></strong></span> <span class='ocrx_word' id='word_1_544' title='bbox 1842 3206 2087 3275; x_wconf 89' lang='lat' dir='ltr'><strong>diligunt,</strong></span> <span class='ocrx_word' id='word_1_545' title='bbox 2141 3209 2376 3261; x_wconf 83' lang='lat' dir='ltr'><strong>sentiant</strong></span> <span class='ocrx_word' id='word_1_546' title='bbox 2420 3217 2776 3276; x_wconf 64' lang='lat' dir='ltr'><strong>praeceptores</strong></span> <span class='ocrx_word' id='word_1_547' title='bbox 2816 3225 2939 3263; x_wconf 85' lang='lat' dir='ltr'><strong>suos</strong></span> <span class='ocrx_word' id='word_1_548' title='bbox 2980 3224 3206 3278; x_wconf 87' lang='lat' dir='ltr'><strong>quorum</strong></span> <span class='ocrx_word' id='word_1_549' title='bbox 3249 3212 3418 3266; x_wconf 88' lang='lat' dir='ltr'><strong>cultui</strong></span> 
     </span>
    </p>
   </div>
   <div class='ocr_carea' id='block_1_77' title="bbox 1844 3298 3416 3366">
    <p class='ocr_par' dir='ltr' id='par_1_77' title="bbox 1844 3298 3416 3366">
     <span class='ocr_line' id='line_1_77' title="bbox 1844 3298 3416 3366; baseline 0.003 -16"><span class='ocrx_word' id='word_1_550' title='bbox 1844 3298 2175 3364; x_wconf 87' lang='lat' dir='ltr'><strong>inserviunt;</strong></span> <span class='ocrx_word' id='word_1_551' title='bbox 2212 3312 2309 3351; x_wconf 74' lang='lat' dir='ltr'><strong>vos</strong></span> <span class='ocrx_word' id='word_1_552' title='bbox 2354 3307 2532 3350; x_wconf 91' lang='lat' dir='ltr'><strong>autem</strong></span> <span class='ocrx_word' id='word_1_553' title='bbox 2563 3298 2605 3350; x_wconf 85' lang='lat' dir='ltr'><strong>si</strong></span> <span class='ocrx_word' id='word_1_554' title='bbox 2648 3298 2925 3366; x_wconf 62' lang='lat' dir='ltr'><strong>proiceptis</strong></span> <span class='ocrx_word' id='word_1_555' title='bbox 2963 3299 3158 3362; x_wconf 74' lang='lat' dir='ltr'><strong>(lbristi</strong></span> <span class='ocrx_word' id='word_1_556' title='bbox 3191 3300 3416 3355; x_wconf 84' lang='lat' dir='ltr'><strong>libenter</strong></span> 
     </span>
    </p>
   </div>
   <div class='ocr_carea' id='block_1_78' title="bbox 1842 3389 3414 3460">
    <p class='ocr_par' dir='ltr' id='par_1_78' title="bbox 1842 3389 3414 3460">
     <span class='ocr_line' id='line_1_78' title="bbox 1842 3389 3414 3460; baseline 0.003 -18"><span class='ocrx_word' id='word_1_557' title='bbox 1842 3391 2215 3460; x_wconf 85' lang='lat' dir='ltr'><strong>obtemperare</strong></span> <span class='ocrx_word' id='word_1_558' title='bbox 2241 3389 2445 3454; x_wconf 82' lang='lat' dir='ltr'><strong>velitis,</strong></span> <span class='ocrx_word' id='word_1_559' title='bbox 2475 3390 2600 3443; x_wconf 90' lang='lat' dir='ltr'><strong>nihil</strong></span> <span class='ocrx_word' id='word_1_560' title='bbox 2633 3391 2898 3459; x_wconf 74' lang='lat' dir='ltr'><strong>paventis,</strong></span> <span class='ocrx_word' id='word_1_561' title='bbox 2929 3393 3050 3458; x_wconf 88' lang='lat' dir='ltr'><strong>quia</strong></span> <span class='ocrx_word' id='word_1_562' title='bbox 3100 3392 3304 3446; x_wconf 82' lang='lat' dir='ltr'><strong>innoxii</strong></span> <span class='ocrx_word' id='word_1_563' title='bbox 3343 3395 3414 3447; x_wconf 84' lang='lat' dir='ltr'><strong>ab</strong></span> 
     </span>
    </p>
   </div>
   <div class='ocr_carea' id='block_1_79' title="bbox 1843 3478 3415 3550">
    <p class='ocr_par' dir='ltr' id='par_1_79' title="bbox 1843 3478 3415 3550">
     <span class='ocr_line' id='line_1_79' title="bbox 1843 3478 3415 3550; baseline 0.004 -20"><span class='ocrx_word' id='word_1_564' title='bbox 1843 3478 1923 3532; x_wconf 73' lang='lat' dir='ltr'><strong>his</strong></span> <span class='ocrx_word' id='word_1_565' title='bbox 1953 3479 2268 3533; x_wconf 88' lang='lat' dir='ltr'><strong>latrunculis</strong></span> <span class='ocrx_word' id='word_1_566' title='bbox 2291 3494 2504 3549; x_wconf 88' lang='lat' dir='ltr'><strong>semper</strong></span> <span class='ocrx_word' id='word_1_567' title='bbox 2528 3480 2695 3534; x_wconf 89' lang='lat' dir='ltr'><strong>eritis.</strong></span> <span class='ocrx_word' id='word_1_568' title='bbox 2731 3479 2908 3534; x_wconf 83' lang='lat' dir='ltr'><strong>Multis</strong></span> <span class='ocrx_word' id='word_1_569' title='bbox 2930 3489 3184 3548; x_wconf 51' lang='lat' dir='ltr'><strong>praeterea</strong></span> <span class='ocrx_word' id='word_1_570' title='bbox 3215 3494 3415 3550; x_wconf 86' lang='lat' dir='ltr'><strong>rogan-</strong></span> 
     </span>
    </p>
   </div>
   <div class='ocr_carea' id='block_1_80' title="bbox 1843 3570 3413 3640">
    <p class='ocr_par' dir='ltr' id='par_1_80' title="bbox 1843 3570 3413 3640">
     <span class='ocr_line' id='line_1_80' title="bbox 1843 3570 3413 3640; baseline 0.004 -20"><span class='ocrx_word' id='word_1_571' title='bbox 1843 3570 1980 3622; x_wconf 86' lang='lat' dir='ltr'><strong>tibus</strong></span> <span class='ocrx_word' id='word_1_572' title='bbox 2010 3577 2106 3637; x_wconf 88' lang='lat' dir='ltr'><strong>pro</strong></span> <span class='ocrx_word' id='word_1_573' title='bbox 2146 3575 2372 3636; x_wconf 83' lang='lat' dir='ltr'><strong>vexatis,</strong></span> <span class='ocrx_word' id='word_1_574' title='bbox 2416 3572 2582 3623; x_wconf 92' lang='lat' dir='ltr'><strong>noluit</strong></span> <span class='ocrx_word' id='word_1_575' title='bbox 2625 3571 2801 3623; x_wconf 89' lang='lat' dir='ltr'><strong>statim</strong></span> <span class='ocrx_word' id='word_1_576' title='bbox 2847 3572 3144 3625; x_wconf 85' lang='lat' dir='ltr'><strong>orationem</strong></span> <span class='ocrx_word' id='word_1_577' title='bbox 3192 3588 3289 3640; x_wconf 92' lang='lat' dir='ltr'><strong>pro</strong></span> <span class='ocrx_word' id='word_1_578' title='bbox 3335 3574 3413 3626; x_wconf 81' lang='lat' dir='ltr'><strong>eia</strong></span> 
     </span>
    </p>
   </div>
   <div class='ocr_carea' id='block_1_81' title="bbox 1842 3657 3412 3727">
    <p class='ocr_par' dir='ltr' id='par_1_81' title="bbox 1842 3657 3412 3727">
     <span class='ocr_line' id='line_1_81' title="bbox 1842 3657 3412 3727; baseline 0.003 -18"><span class='ocrx_word' id='word_1_579' title='bbox 1842 3672 2133 3722; x_wconf 87' lang='lat' dir='ltr'><strong>assumere,</strong></span> <span class='ocrx_word' id='word_1_580' title='bbox 2160 3657 2254 3712; x_wconf 86' lang='lat' dir='ltr'><strong>sed</strong></span> <span class='ocrx_word' id='word_1_581' title='bbox 2275 3659 2345 3711; x_wconf 90' lang='lat' dir='ltr'><strong>ait</strong></span> <span class='ocrx_word' id='word_1_582' title='bbox 2383 3676 2395 3710; x_wconf 92' lang='lat'><strong>:</strong></span> <span class='ocrx_word' id='word_1_583' title='bbox 2428 3659 2596 3712; x_wconf 87' lang='lat' dir='ltr'><strong>Sinite</strong></span> <span class='ocrx_word' id='word_1_584' title='bbox 2621 3660 2722 3712; x_wconf 90' lang='lat' dir='ltr'><strong>huc</strong></span> <span class='ocrx_word' id='word_1_585' title='bbox 2745 3673 2930 3727; x_wconf 90' lang='lat' dir='ltr'><strong>usque,</strong></span> <span class='ocrx_word' id='word_1_586' title='bbox 2955 3660 3133 3727; x_wconf 90' lang='lat' dir='ltr'><strong>sinite,</strong></span> <span class='ocrx_word' id='word_1_587' title='bbox 3155 3661 3412 3726; x_wconf 86' lang='lat' dir='ltr'><strong>sentiant,</strong></span> 
     </span>
    </p>
   </div>
   <div class='ocr_carea' id='block_1_82' title="bbox 1841 3746 3410 3818">
    <p class='ocr_par' dir='ltr' id='par_1_82' title="bbox 1841 3746 3410 3818">
     <span class='ocr_line' id='line_1_82' title="bbox 1841 3746 3410 3818; baseline 0.003 -20"><span class='ocrx_word' id='word_1_588' title='bbox 1841 3747 2092 3809; x_wconf 89' lang='lat' dir='ltr'><strong>sentiant,</strong></span> <span class='ocrx_word' id='word_1_589' title='bbox 2115 3746 2311 3800; x_wconf 89' lang='lat' dir='ltr'><strong>debent</strong></span> <span class='ocrx_word' id='word_1_590' title='bbox 2357 3747 2494 3802; x_wconf 90' lang='lat' dir='ltr'><strong>scire</strong></span> <span class='ocrx_word' id='word_1_591' title='bbox 2538 3748 2749 3800; x_wconf 90' lang='lat' dir='ltr'><strong>demum</strong></span> <span class='ocrx_word' id='word_1_592' title='bbox 2800 3763 2932 3816; x_wconf 91' lang='lat' dir='ltr'><strong>quos</strong></span> <span class='ocrx_word' id='word_1_593' title='bbox 2981 3749 3410 3818; x_wconf 80' lang='lat' dir='ltr'><strong>perhorrescant,</strong></span> 
     </span>
    </p>
   </div>
   <div class='ocr_carea' id='block_1_83' title="bbox 1842 3835 3425 3905">
    <p class='ocr_par' dir='ltr' id='par_1_83' title="bbox 1842 3835 3425 3905">
     <span class='ocr_line' id='line_1_83' title="bbox 1842 3835 3425 3905; baseline 0.005 -17"><span class='ocrx_word' id='word_1_594' title='bbox 1842 3842 1897 3889; x_wconf 89' lang='lat' dir='ltr'><strong>et</strong></span> <span class='ocrx_word' id='word_1_595' title='bbox 1946 3835 2135 3902; x_wconf 87' lang='lat' dir='ltr'><strong>quibus</strong></span> <span class='ocrx_word' id='word_1_596' title='bbox 2175 3838 2432 3891; x_wconf 89' lang='lat' dir='ltr'><strong>hactenus</strong></span> <span class='ocrx_word' id='word_1_597' title='bbox 2464 3837 2896 3905; x_wconf 88' lang='lat' dir='ltr'><strong>obtemperantes</strong></span> <span class='ocrx_word' id='word_1_598' title='bbox 2929 3838 3264 3893; x_wconf 89' lang='lat' dir='ltr'><strong>obedierunt.</strong></span> <span class='ocrx_word' id='word_1_599' title='bbox 3323 3843 3425 3896; x_wconf 65' lang='lat' dir='ltr'><strong>Sic,</strong></span> 
     </span>
    </p>
   </div>
   <div class='ocr_carea' id='block_1_84' title="bbox 1843 3926 3411 3994">
    <p class='ocr_par' dir='ltr' id='par_1_84' title="bbox 1843 3926 3411 3994">
     <span class='ocr_line' id='line_1_84' title="bbox 1843 3926 3411 3994; baseline 0.004 -14"><span class='ocrx_word' id='word_1_600' title='bbox 1843 3929 2043 3994; x_wconf 85' lang='lat' dir='ltr'><strong>itaque,</strong></span> <span class='ocrx_word' id='word_1_601' title='bbox 2095 3940 2237 3980; x_wconf 89' lang='lat' dir='ltr'><strong>anno</strong></span> <span class='ocrx_word' id='word_1_602' title='bbox 2291 3935 2578 3990; x_wconf 88' lang='lat' dir='ltr'><strong>transacto,</strong></span> <span class='ocrx_word' id='word_1_603' title='bbox 2636 3941 2755 3981; x_wconf 92' lang='lat' dir='ltr'><strong>cum</strong></span> <span class='ocrx_word' id='word_1_604' title='bbox 2808 3926 3171 3983; x_wconf 86' lang='lat' dir='ltr'><strong>anniversaria</strong></span> <span class='ocrx_word' id='word_1_605' title='bbox 3228 3945 3411 3986; x_wconf 84' lang='lat' dir='ltr'><strong>rursus</strong></span> 
     </span>
    </p>
   </div>
   <div class='ocr_carea' id='block_1_85' title="bbox 1842 4013 3412 4084">
    <p class='ocr_par' dir='ltr' id='par_1_85' title="bbox 1842 4013 3412 4084">
     <span class='ocr_line' id='line_1_85' title="bbox 1842 4013 3412 4084; baseline 0.004 -15"><span class='ocrx_word' id='word_1_606' title='bbox 1842 4013 2061 4084; x_wconf 73' lang='lat' dir='ltr'><strong>przefata</strong></span> <span class='ocrx_word' id='word_1_607' title='bbox 2106 4015 2364 4069; x_wconf 79' lang='lat' dir='ltr'><strong>festivitas</strong></span> <span class='ocrx_word' id='word_1_608' title='bbox 2412 4015 2731 4080; x_wconf 85' lang='lat' dir='ltr'><strong>advenisset,</strong></span> <span class='ocrx_word' id='word_1_609' title='bbox 2768 4015 2927 4084; x_wconf 89' lang='lat' dir='ltr'><strong>jussit</strong></span> <span class='ocrx_word' id='word_1_610' title='bbox 2966 4032 3152 4073; x_wconf 90' lang='lat' dir='ltr'><strong>omnes</strong></span> <span class='ocrx_word' id='word_1_611' title='bbox 3191 4029 3412 4076; x_wconf 72' lang='lat' dir='ltr'><strong>vexatos</strong></span> 
     </span>
    </p>
   </div>
   <div class='ocr_carea' id='block_1_86' title="bbox 1842 4105 3411 4175">
    <p class='ocr_par' dir='ltr' id='par_1_86' title="bbox 1842 4105 3411 4175">
     <span class='ocr_line' id='line_1_86' title="bbox 1842 4105 3411 4175; baseline 0.004 -17"><span class='ocrx_word' id='word_1_612' title='bbox 1842 4105 1960 4160; x_wconf 90' lang='lat' dir='ltr'><strong>illos</strong></span> <span class='ocrx_word' id='word_1_613' title='bbox 1999 4107 2170 4175; x_wconf 87' lang='lat' dir='ltr'><strong>palam</strong></span> <span class='ocrx_word' id='word_1_614' title='bbox 2217 4107 2440 4170; x_wconf 87' lang='lat' dir='ltr'><strong>adesse;</strong></span> <span class='ocrx_word' id='word_1_615' title='bbox 2483 4122 2709 4174; x_wconf 90' lang='lat' dir='ltr'><strong>cumque</strong></span> <span class='ocrx_word' id='word_1_616' title='bbox 2760 4123 2946 4163; x_wconf 87' lang='lat' dir='ltr'><strong>omnes</strong></span> <span class='ocrx_word' id='word_1_617' title='bbox 2991 4111 3256 4173; x_wconf 81' lang='lat' dir='ltr'><strong>adessent,</strong></span> <span class='ocrx_word' id='word_1_618' title='bbox 3289 4127 3411 4164; x_wconf 86' lang='lat' dir='ltr'><strong>ora-</strong></span> 
     </span>
    </p>
   </div>
   <div class='ocr_carea' id='block_1_87' title="bbox 1843 4195 3407 4268">
    <p class='ocr_par' dir='ltr' id='par_1_87' title="bbox 1843 4195 3407 4268">
     <span class='ocr_line' id='line_1_87' title="bbox 1843 4195 3407 4268; baseline 0.003 -20"><span class='ocrx_word' id='word_1_619' title='bbox 1843 4197 1988 4250; x_wconf 91' lang='lat' dir='ltr'><strong>tione</strong></span> <span class='ocrx_word' id='word_1_620' title='bbox 2030 4196 2317 4264; x_wconf 67' lang='lat' dir='ltr'><strong>prtemissa,</strong></span> <span class='ocrx_word' id='word_1_621' title='bbox 2345 4195 2666 4250; x_wconf 80' lang='lat' dir='ltr'><strong>exorcizavit</strong></span> <span class='ocrx_word' id='word_1_622' title='bbox 2694 4211 2916 4266; x_wconf 85' lang='lat' dir='ltr'><strong>aquam,</strong></span> <span class='ocrx_word' id='word_1_623' title='bbox 2943 4206 2999 4252; x_wconf 87' lang='lat' dir='ltr'><strong>et</strong></span> <span class='ocrx_word' id='word_1_624' title='bbox 3027 4197 3173 4253; x_wconf 90' lang='lat' dir='ltr'><strong>dedit</strong></span> <span class='ocrx_word' id='word_1_625' title='bbox 3205 4201 3282 4256; x_wconf 90' lang='lat' dir='ltr'><strong>eis</strong></span> <span class='ocrx_word' id='word_1_626' title='bbox 3312 4216 3407 4268; x_wconf 72' lang='lat' dir='ltr'><strong>pro</strong></span> 
     </span>
    </p>
   </div>
   <div class='ocr_carea' id='block_1_88' title="bbox 1843 4285 3408 4352">
    <p class='ocr_par' dir='ltr' id='par_1_88' title="bbox 1843 4285 3408 4352">
     <span class='ocr_line' id='line_1_88' title="bbox 1843 4285 3408 4352; baseline 0.003 -14"><span class='ocrx_word' id='word_1_627' title='bbox 1843 4286 2080 4350; x_wconf 65' lang='lat' dir='ltr'><strong>medefa,</strong></span> <span class='ocrx_word' id='word_1_628' title='bbox 2137 4285 2518 4352; x_wconf 84' lang='lat' dir='ltr'><strong>confestimque</strong></span> <span class='ocrx_word' id='word_1_629' title='bbox 2576 4285 2818 4338; x_wconf 88' lang='lat' dir='ltr'><strong>liberavit</strong></span> <span class='ocrx_word' id='word_1_630' title='bbox 2871 4301 2966 4340; x_wconf 89' lang='lat' dir='ltr'><strong>eos</strong></span> <span class='ocrx_word' id='word_1_631' title='bbox 3014 4288 3083 4341; x_wconf 90' lang='lat' dir='ltr'><strong>ab</strong></span> <span class='ocrx_word' id='word_1_632' title='bbox 3129 4289 3408 4344; x_wconf 83' lang='lat' dir='ltr'><strong>obsidione</strong></span> 
     </span>
    </p>
   </div>
   <div class='ocr_carea' id='block_1_89' title="bbox 1840 4373 3406 4450">
    <p class='ocr_par' dir='ltr' id='par_1_89' title="bbox 1840 4373 3406 4450">
     <span class='ocr_line' id='line_1_89' title="bbox 1840 4373 3406 4450; baseline 0.006 -25"><span class='ocrx_word' id='word_1_633' title='bbox 1840 4375 2122 4430; x_wconf 77' lang='lat' dir='ltr'><strong>diabolica.</strong></span> <span class='ocrx_word' id='word_1_634' title='bbox 2152 4373 2278 4428; x_wconf 88' lang='lat' dir='ltr'><strong>Erat</strong></span> <span class='ocrx_word' id='word_1_635' title='bbox 2302 4384 2475 4429; x_wconf 89' lang='lat' dir='ltr'><strong>autem</strong></span> <span class='ocrx_word' id='word_1_636' title='bbox 2509 4390 2764 4430; x_wconf 89' lang='lat' dir='ltr'><strong>numerus</strong></span> <span class='ocrx_word' id='word_1_637' title='bbox 2791 4390 2975 4430; x_wconf 88' lang='lat' dir='ltr'><strong>eorum</strong></span> <span class='ocrx_word' id='word_1_638' title='bbox 2998 4379 3226 4448; x_wconf 89' lang='lat' dir='ltr'><strong>amplius</strong></span> <span class='ocrx_word' id='word_1_639' title='bbox 3246 4396 3406 4450; x_wconf 87' lang='lat' dir='ltr'><strong>quam</strong></span> 
     </span>
    </p>
   </div>
   <div class='ocr_carea' id='block_1_90' title="bbox 1841 4463 3401 4532">
    <p class='ocr_par' dir='ltr' id='par_1_90' title="bbox 1841 4463 3401 4532">
     <span class='ocr_line' id='line_1_90' title="bbox 1841 4463 3401 4532; baseline 0.004 -15"><span class='ocrx_word' id='word_1_640' title='bbox 1841 4465 2243 4532; x_wconf 84' lang='lat' dir='ltr'><strong>quinquaginta.</strong></span> <span class='ocrx_word' id='word_1_641' title='bbox 2289 4463 2379 4518; x_wconf 90' lang='lat' dir='ltr'><strong>Sic</strong></span> <span class='ocrx_word' id='word_1_642' title='bbox 2425 4478 2552 4530; x_wconf 84' lang='lat' dir='ltr'><strong>ergo</strong></span> <span class='ocrx_word' id='word_1_643' title='bbox 2599 4466 2675 4518; x_wconf 89' lang='lat' dir='ltr'><strong>eis</strong></span> <span class='ocrx_word' id='word_1_644' title='bbox 2719 4464 2804 4518; x_wconf 90' lang='lat' dir='ltr'><strong>via</strong></span> <span class='ocrx_word' id='word_1_645' title='bbox 2847 4466 3032 4521; x_wconf 86' lang='lat' dir='ltr'><strong>salutis</strong></span> <span class='ocrx_word' id='word_1_646' title='bbox 3069 4472 3401 4532; x_wconf 87' lang='lat' dir='ltr'><strong>annuntiata,</strong></span> 
     </span>
    </p>
   </div>
   <div class='ocr_carea' id='block_1_91' title="bbox 165 4530 1745 4622">
    <p class='ocr_par' dir='ltr' id='par_1_91' title="bbox 165 4530 1745 4609">
     <span class='ocr_line' id='line_1_91' title="bbox 165 4530 1745 4609; baseline 0.001 -19"><span class='ocrx_word' id='word_1_647' title='bbox 165 4536 320 4607; x_wconf 87' lang='lat' dir='ltr'><strong>pravi</strong></span> <span class='ocrx_word' id='word_1_648' title='bbox 357 4537 558 4604; x_wconf 81' lang='lat' dir='ltr'><strong>quique</strong></span> <span class='ocrx_word' id='word_1_649' title='bbox 604 4537 831 4592; x_wconf 85' lang='lat' dir='ltr'><strong>inientes</strong></span> <span class='ocrx_word' id='word_1_650' title='bbox 859 4530 1135 4593; x_wconf 80' lang='lat' dir='ltr'><strong>censilium</strong></span> <span class='ocrx_word' id='word_1_651' title='bbox 1167 4539 1253 4609; x_wconf 91' lang='lat' dir='ltr'><strong>(et</strong></span> <span class='ocrx_word' id='word_1_652' title='bbox 1281 4540 1545 4609; x_wconf 76' lang='lat' dir='ltr'><strong>prmcipue</strong></span> <span class='ocrx_word' id='word_1_653' title='bbox 1573 4556 1638 4594; x_wconf 73' lang='lat' dir='ltr'><strong>ex</strong></span> <span class='ocrx_word' id='word_1_654' title='bbox 1669 4541 1745 4592; x_wconf 76' lang='lat' dir='ltr'><strong>t&#39;a-</strong></span> 
     </span>
    </p>
   </div>
   <div class='ocr_carea' id='block_1_92' title="bbox 1848 4530 3406 4622">
    <p class='ocr_par' dir='ltr' id='par_1_92' title="bbox 1849 4555 3406 4622">
     <span class='ocr_line' id='line_1_92' title="bbox 1849 4555 3406 4622; baseline 0.005 -17"><span class='ocrx_word' id='word_1_655' title='bbox 1849 4555 2237 4622; x_wconf 78' lang='lat' dir='ltr'><strong>plurimumque</strong></span> <span class='ocrx_word' id='word_1_656' title='bbox 2259 4562 2528 4607; x_wconf 80' lang='lat' dir='ltr'><strong>correctos</strong></span> <span class='ocrx_word' id='word_1_657' title='bbox 2547 4567 2642 4607; x_wconf 88' lang='lat' dir='ltr'><strong>eos</strong></span> <span class='ocrx_word' id='word_1_658' title='bbox 2670 4563 2724 4609; x_wconf 89' lang='lat' dir='ltr'><strong>et</strong></span> <span class='ocrx_word' id='word_1_659' title='bbox 2741 4555 3026 4622; x_wconf 86' lang='lat' dir='ltr'><strong>castigatos</strong></span> <span class='ocrx_word' id='word_1_660' title='bbox 3046 4556 3241 4610; x_wconf 87' lang='lat' dir='ltr'><strong>dmisit</strong></span> <span class='ocrx_word' id='word_1_661' title='bbox 3259 4559 3406 4613; x_wconf 86' lang='lat' dir='ltr'><strong>abire</strong></span> 
     </span>
    </p>
   </div>
   <div class='ocr_carea' id='block_1_93' title="bbox 164 4625 1748 4699">
    <p class='ocr_par' dir='ltr' id='par_1_93' title="bbox 164 4625 1748 4699">
     <span class='ocr_line' id='line_1_93' title="bbox 164 4625 1748 4699; baseline 0.002 -18"><span class='ocrx_word' id='word_1_662' title='bbox 164 4627 314 4682; x_wconf 85' lang='lat' dir='ltr'><strong>milia</strong></span> <span class='ocrx_word' id='word_1_663' title='bbox 345 4625 754 4688; x_wconf 82' lang='lat' dir='ltr'><strong>Ilercbenoaldi,</strong></span> <span class='ocrx_word' id='word_1_664' title='bbox 783 4629 873 4696; x_wconf 90' lang='lat' dir='ltr'><strong>qui</strong></span> <span class='ocrx_word' id='word_1_665' title='bbox 903 4637 1020 4681; x_wconf 89' lang='lat' dir='ltr'><strong>erat</strong></span> <span class='ocrx_word' id='word_1_666' title='bbox 1059 4643 1126 4682; x_wconf 92' lang='lat' dir='ltr'><strong>co</strong></span> <span class='ocrx_word' id='word_1_667' title='bbox 1167 4637 1407 4697; x_wconf 90' lang='lat' dir='ltr'><strong>tempore</strong></span> <span class='ocrx_word' id='word_1_668' title='bbox 1435 4631 1748 4699; x_wconf 74' lang='lat' dir='ltr'><strong>pmpositus</strong></span> 
     </span>
    </p>
   </div>
   <div class='ocr_carea' id='block_1_94' title="bbox 165 4716 1748 4791">
    <p class='ocr_par' dir='ltr' id='par_1_94' title="bbox 165 4716 1748 4791">
     <span class='ocr_line' id='line_1_94' title="bbox 165 4716 1748 4791; baseline 0.002 -20"><span class='ocrx_word' id='word_1_669' title='bbox 165 4718 354 4786; x_wconf 74' lang='lat' dir='ltr'><strong>palatii</strong></span> <span class='ocrx_word' id='word_1_670' title='bbox 380 4716 734 4771; x_wconf 84' lang='lat' dir='ltr'><strong>:emulabatur</strong></span> <span class='ocrx_word' id='word_1_671' title='bbox 762 4717 1014 4785; x_wconf 75' lang='lat' dir='ltr'><strong>Eligium,</strong></span> <span class='ocrx_word' id='word_1_672' title='bbox 1044 4718 1138 4772; x_wconf 85' lang='lat' dir='ltr'><strong>sed</strong></span> <span class='ocrx_word' id='word_1_673' title='bbox 1164 4735 1268 4773; x_wconf 90' lang='lat' dir='ltr'><strong>non</strong></span> <span class='ocrx_word' id='word_1_674' title='bbox 1296 4719 1360 4772; x_wconf 87' lang='lat' dir='ltr'><strong>ad</strong></span> <span class='ocrx_word' id='word_1_675' title='bbox 1397 4720 1628 4791; x_wconf 87' lang='lat' dir='ltr'><strong>bonum)</strong></span> <span class='ocrx_word' id='word_1_676' title='bbox 1656 4723 1748 4776; x_wconf 89' lang='lat' dir='ltr'><strong>de-</strong></span> 
     </span>
    </p>
   </div>
   <div class='ocr_carea' id='block_1_95' title="bbox 163 4808 1747 4878">
    <p class='ocr_par' dir='ltr' id='par_1_95' title="bbox 163 4808 1747 4878">
     <span class='ocr_line' id='line_1_95' title="bbox 163 4808 1747 4878; baseline 0.003 -16"><span class='ocrx_word' id='word_1_677' title='bbox 163 4817 460 4863; x_wconf 78' lang='lat' dir='ltr'><strong>creverunt</strong></span> <span class='ocrx_word' id='word_1_678' title='bbox 482 4809 663 4872; x_wconf 83' lang='lat' dir='ltr'><strong>simul,</strong></span> <span class='ocrx_word' id='word_1_679' title='bbox 698 4817 757 4862; x_wconf 91' lang='lat' dir='ltr'><strong>ut</strong></span> <span class='ocrx_word' id='word_1_680' title='bbox 783 4808 828 4862; x_wconf 85' lang='lat' dir='ltr'><strong>si</strong></span> <span class='ocrx_word' id='word_1_681' title='bbox 870 4809 1088 4863; x_wconf 89' lang='lat' dir='ltr'><strong>ulterius</strong></span> <span class='ocrx_word' id='word_1_682' title='bbox 1129 4809 1432 4878; x_wconf 85' lang='lat' dir='ltr'><strong>hujusuiodi</strong></span> <span class='ocrx_word' id='word_1_683' title='bbox 1471 4810 1621 4877; x_wconf 82' lang='lat' dir='ltr'><strong>nugis</strong></span> <span class='ocrx_word' id='word_1_684' title='bbox 1661 4827 1747 4866; x_wconf 88' lang='lat' dir='ltr'><strong>eo-</strong></span> 
     </span>
    </p>
   </div>
   <div class='ocr_carea' id='block_1_96' title="bbox 165 4898 1748 4968">
    <p class='ocr_par' dir='ltr' id='par_1_96' title="bbox 165 4898 1748 4968">
     <span class='ocr_line' id='line_1_96' title="bbox 165 4898 1748 4968; baseline 0.004 -19"><span class='ocrx_word' id='word_1_685' title='bbox 165 4911 293 4949; x_wconf 82' lang='lat' dir='ltr'><strong>rum</strong></span> <span class='ocrx_word' id='word_1_686' title='bbox 336 4898 631 4954; x_wconf 85' lang='lat' dir='ltr'><strong>contrairet</strong></span> <span class='ocrx_word' id='word_1_687' title='bbox 667 4901 888 4968; x_wconf 78' lang='lat' dir='ltr'><strong>Eligius,</strong></span> <span class='ocrx_word' id='word_1_688' title='bbox 932 4902 1072 4957; x_wconf 91' lang='lat' dir='ltr'><strong>illico</strong></span> <span class='ocrx_word' id='word_1_689' title='bbox 1103 4902 1363 4957; x_wconf 88' lang='lat' dir='ltr'><strong>irruentes</strong></span> <span class='ocrx_word' id='word_1_690' title='bbox 1387 4902 1748 4957; x_wconf 83' lang='lat' dir='ltr'><strong>interficerent</strong></span> 
     </span>
    </p>
   </div>
   <div class='ocr_carea' id='block_1_97' title="bbox 166 4982 1744 5062">
    <p class='ocr_par' dir='ltr' id='par_1_97' title="bbox 166 4982 1744 5062">
     <span class='ocr_line' id='line_1_97' title="bbox 166 4982 1744 5062; baseline 0.003 -22"><span class='ocrx_word' id='word_1_691' title='bbox 166 4997 320 5040; x_wconf 71' lang='lat' dir='ltr'><strong>omn.</strong></span> <span class='ocrx_word' id='word_1_692' title='bbox 349 4982 502 5048; x_wconf 82' lang='lat' dir='ltr'><strong>Quod</strong></span> <span class='ocrx_word' id='word_1_693' title='bbox 529 5000 648 5040; x_wconf 91' lang='lat' dir='ltr'><strong>cum</strong></span> <span class='ocrx_word' id='word_1_694' title='bbox 678 4988 877 5056; x_wconf 83' lang='lat' dir='ltr'><strong>Eligius</strong></span> <span class='ocrx_word' id='word_1_695' title='bbox 905 4991 1260 5056; x_wconf 85' lang='lat' dir='ltr'><strong>cognovisset,</strong></span> <span class='ocrx_word' id='word_1_696' title='bbox 1285 4991 1485 5059; x_wconf 87' lang='lat' dir='ltr'><strong>ingenti</strong></span> <span class='ocrx_word' id='word_1_697' title='bbox 1510 4992 1744 5062; x_wconf 83' lang='lat' dir='ltr'><strong>martyrii</strong></span> 
     </span>
    </p>
   </div>
   <div class='ocr_carea' id='block_1_98' title="bbox 168 5071 1749 5149">
    <p class='ocr_par' dir='ltr' id='par_1_98' title="bbox 168 5071 1749 5149">
     <span class='ocr_line' id='line_1_98' title="bbox 168 5071 1749 5149; baseline 0.005 -23"><span class='ocrx_word' id='word_1_698' title='bbox 168 5071 446 5129; x_wconf 80' lang='lat' dir='ltr'><strong>desiderio</strong></span> <span class='ocrx_word' id='word_1_699' title='bbox 490 5075 796 5130; x_wconf 88' lang='lat' dir='ltr'><strong>stimulatus</strong></span> <span class='ocrx_word' id='word_1_700' title='bbox 839 5078 1070 5131; x_wconf 80' lang='lat' dir='ltr'><strong>surrexit</strong></span> <span class='ocrx_word' id='word_1_701' title='bbox 1113 5080 1356 5143; x_wconf 87' lang='lat' dir='ltr'><strong>concite,</strong></span> <span class='ocrx_word' id='word_1_702' title='bbox 1404 5090 1460 5133; x_wconf 90' lang='lat' dir='ltr'><strong>et</strong></span> <span class='ocrx_word' id='word_1_703' title='bbox 1500 5085 1749 5149; x_wconf 71' lang='lat' dir='ltr'><strong>przccepit</strong></span> 
     </span>
    </p>
   </div>
   <div class='ocr_carea' id='block_1_99' title="bbox 169 5161 1747 5237">
    <p class='ocr_par' dir='ltr' id='par_1_99' title="bbox 169 5161 1747 5237">
     <span class='ocr_line' id='line_1_99' title="bbox 169 5161 1747 5237; baseline 0.005 -20"><span class='ocrx_word' id='word_1_704' title='bbox 169 5161 288 5217; x_wconf 78' lang='lat' dir='ltr'><strong>suis</strong></span> <span class='ocrx_word' id='word_1_705' title='bbox 322 5164 588 5229; x_wconf 85' lang='lat' dir='ltr'><strong>omnibus,</strong></span> <span class='ocrx_word' id='word_1_706' title='bbox 621 5175 681 5219; x_wconf 91' lang='lat' dir='ltr'><strong>ut</strong></span> <span class='ocrx_word' id='word_1_707' title='bbox 719 5166 894 5221; x_wconf 89' lang='lat' dir='ltr'><strong>nullus</strong></span> <span class='ocrx_word' id='word_1_708' title='bbox 933 5181 1077 5228; x_wconf 86' lang='lat' dir='ltr'><strong>eum,</strong></span> <span class='ocrx_word' id='word_1_709' title='bbox 1115 5175 1307 5237; x_wconf 64' lang='lat' dir='ltr'><strong>praeter</strong></span> <span class='ocrx_word' id='word_1_710' title='bbox 1351 5167 1485 5222; x_wconf 89' lang='lat' dir='ltr'><strong>duos</strong></span> <span class='ocrx_word' id='word_1_711' title='bbox 1523 5170 1747 5225; x_wconf 83' lang='lat' dir='ltr'><strong>clericos</strong></span> 
     </span>
    </p>
   </div>
   <div class='ocr_carea' id='block_1_100' title="bbox 170 5253 1748 5326">
    <p class='ocr_par' dir='ltr' id='par_1_100' title="bbox 170 5253 1748 5326">
     <span class='ocr_line' id='line_1_100' title="bbox 170 5253 1748 5326; baseline 0.005 -22"><span class='ocrx_word' id='word_1_712' title='bbox 170 5259 346 5320; x_wconf 80' lang='lat' dir='ltr'><strong>atque</strong></span> <span class='ocrx_word' id='word_1_713' title='bbox 390 5265 552 5304; x_wconf 87' lang='lat' dir='ltr'><strong>unum</strong></span> <span class='ocrx_word' id='word_1_714' title='bbox 591 5253 896 5321; x_wconf 86' lang='lat' dir='ltr'><strong>diaconum,</strong></span> <span class='ocrx_word' id='word_1_715' title='bbox 941 5265 1274 5326; x_wconf 81' lang='lat' dir='ltr'><strong>sequeretur.</strong></span> <span class='ocrx_word' id='word_1_716' title='bbox 1309 5255 1462 5310; x_wconf 73' lang='lat' dir='ltr'><strong>Venit</strong></span> <span class='ocrx_word' id='word_1_717' title='bbox 1500 5271 1626 5326; x_wconf 86' lang='lat' dir='ltr'><strong>ergo</strong></span> <span class='ocrx_word' id='word_1_718' title='bbox 1652 5273 1748 5326; x_wconf 89' lang='lat' dir='ltr'><strong>per</strong></span> 
     </span>
    </p>
   </div>
   <div class='ocr_carea' id='block_1_101' title="bbox 173 5340 1744 5421">
    <p class='ocr_par' dir='ltr' id='par_1_101' title="bbox 173 5340 1744 5421">
     <span class='ocr_line' id='line_1_101' title="bbox 173 5340 1744 5421; baseline 0.003 -26"><span class='ocrx_word' id='word_1_719' title='bbox 173 5340 389 5395; x_wconf 82' lang='lat' dir='ltr'><strong>medias</strong></span> <span class='ocrx_word' id='word_1_720' title='bbox 414 5341 730 5411; x_wconf 86' lang='lat' dir='ltr'><strong>populorum</strong></span> <span class='ocrx_word' id='word_1_721' title='bbox 759 5345 963 5421; x_wconf 80' lang='lat' dir='ltr'><strong>turbas,</strong></span> <span class='ocrx_word' id='word_1_722' title='bbox 996 5356 1050 5400; x_wconf 89' lang='lat' dir='ltr'><strong>et</strong></span> <span class='ocrx_word' id='word_1_723' title='bbox 1075 5354 1223 5400; x_wconf 90' lang='lat' dir='ltr'><strong>stans</strong></span> <span class='ocrx_word' id='word_1_724' title='bbox 1258 5345 1310 5400; x_wconf 91' lang='lat' dir='ltr'><strong>in</strong></span> <span class='ocrx_word' id='word_1_725' title='bbox 1349 5343 1578 5414; x_wconf 89' lang='lat' dir='ltr'><strong>quodam</strong></span> <span class='ocrx_word' id='word_1_726' title='bbox 1609 5348 1744 5400; x_wconf 84' lang='lat' dir='ltr'><strong>emi-</strong></span> 
     </span>
    </p>
   </div>
   <div class='ocr_carea' id='block_1_102' title="bbox 173 5429 1745 5504">
    <p class='ocr_par' dir='ltr' id='par_1_102' title="bbox 173 5429 1745 5504">
     <span class='ocr_line' id='line_1_102' title="bbox 173 5429 1745 5504; baseline 0.004 -20"><span class='ocrx_word' id='word_1_727' title='bbox 173 5429 330 5484; x_wconf 81' lang='lat' dir='ltr'><strong>nenti</strong></span> <span class='ocrx_word' id='word_1_728' title='bbox 349 5429 476 5486; x_wconf 87' lang='lat' dir='ltr'><strong>loco</strong></span> <span class='ocrx_word' id='word_1_729' title='bbox 503 5440 628 5487; x_wconf 84' lang='lat' dir='ltr'><strong>ante</strong></span> <span class='ocrx_word' id='word_1_730' title='bbox 647 5430 942 5499; x_wconf 85' lang='lat' dir='ltr'><strong>basilicam,</strong></span> <span class='ocrx_word' id='word_1_731' title='bbox 965 5437 1129 5504; x_wconf 75' lang='lat' dir='ltr'><strong>erepit</strong></span> <span class='ocrx_word' id='word_1_732' title='bbox 1157 5437 1437 5490; x_wconf 85' lang='lat' dir='ltr'><strong>instantius</strong></span> <span class='ocrx_word' id='word_1_733' title='bbox 1462 5435 1745 5503; x_wconf 79' lang='lat' dir='ltr'><strong>przcdicare</strong></span> 
     </span>
    </p>
   </div>
   <div class='ocr_carea' id='block_1_103' title="bbox 171 5515 1746 5593">
    <p class='ocr_par' dir='ltr' id='par_1_103' title="bbox 171 5515 1746 5593">
     <span class='ocr_line' id='line_1_103' title="bbox 171 5515 1746 5593; baseline 0.003 -21"><span class='ocrx_word' id='word_1_734' title='bbox 171 5515 527 5574; x_wconf 66' lang='lat' dir='ltr'><strong>vehementer</strong></span> <span class='ocrx_word' id='word_1_735' title='bbox 563 5519 850 5591; x_wconf 86' lang='lat' dir='ltr'><strong>objurgans</strong></span> <span class='ocrx_word' id='word_1_736' title='bbox 876 5523 1131 5590; x_wconf 89' lang='lat' dir='ltr'><strong>populum</strong></span> <span class='ocrx_word' id='word_1_737' title='bbox 1158 5538 1226 5578; x_wconf 92' lang='lat' dir='ltr'><strong>co</strong></span> <span class='ocrx_word' id='word_1_738' title='bbox 1254 5523 1397 5593; x_wconf 90' lang='lat' dir='ltr'><strong>quod</strong></span> <span class='ocrx_word' id='word_1_739' title='bbox 1422 5522 1634 5578; x_wconf 85' lang='lat' dir='ltr'><strong>monitis</strong></span> <span class='ocrx_word' id='word_1_740' title='bbox 1661 5539 1746 5577; x_wconf 64' lang='lat' dir='ltr'><strong>sa.</strong></span> 
     </span>
    </p>
   </div>
   <div class='ocr_carea' id='block_1_104' title="bbox 169 5609 1742 5687">
    <p class='ocr_par' dir='ltr' id='par_1_104' title="bbox 169 5609 1742 5687">
     <span class='ocr_line' id='line_1_104' title="bbox 169 5609 1742 5687; baseline 0.002 -21"><span class='ocrx_word' id='word_1_741' title='bbox 169 5609 442 5670; x_wconf 69' lang='lat' dir='ltr'><strong>balatibus</strong></span> <span class='ocrx_word' id='word_1_742' title='bbox 467 5621 613 5683; x_wconf 84' lang='lat' dir='ltr'><strong>terga</strong></span> <span class='ocrx_word' id='word_1_743' title='bbox 642 5623 909 5685; x_wconf 76' lang='lat' dir='ltr'><strong>parantes,</strong></span> <span class='ocrx_word' id='word_1_744' title='bbox 939 5614 1219 5670; x_wconf 87' lang='lat' dir='ltr'><strong>diabolicis</strong></span> <span class='ocrx_word' id='word_1_745' title='bbox 1247 5615 1586 5687; x_wconf 82' lang='lat' dir='ltr'><strong>pbylactcriis</strong></span> <span class='ocrx_word' id='word_1_746' title='bbox 1632 5627 1742 5670; x_wconf 90' lang='lat' dir='ltr'><strong>lan-</strong></span> 
     </span>
    </p>
   </div>
   <div class='ocr_carea' id='block_1_105' title="bbox 171 5703 1745 5773">
    <p class='ocr_par' dir='ltr' id='par_1_105' title="bbox 171 5703 1745 5773">
     <span class='ocr_line' id='line_1_105' title="bbox 171 5703 1745 5773; baseline 0.001 -15"><span class='ocrx_word' id='word_1_747' title='bbox 171 5706 368 5773; x_wconf 69' lang='lat' dir='ltr'><strong>tom</strong></span> <span class='ocrx_word' id='word_1_748' title='bbox 395 5712 578 5758; x_wconf 67' lang='lat' dir='ltr'><strong>ment</strong></span> <span class='ocrx_word' id='word_1_749' title='bbox 613 5704 826 5760; x_wconf 89' lang='lat' dir='ltr'><strong>intenti.</strong></span> <span class='ocrx_word' id='word_1_750' title='bbox 856 5704 935 5760; x_wconf 81' lang='lat' dir='ltr'><strong>Ad</strong></span> <span class='ocrx_word' id='word_1_751' title='bbox 958 5703 1112 5772; x_wconf 84' lang='lat' dir='ltr'><strong>cujus</strong></span> <span class='ocrx_word' id='word_1_752' title='bbox 1133 5703 1556 5760; x_wconf 79' lang='lat' dir='ltr'><strong>exhortationem</strong></span> <span class='ocrx_word' id='word_1_753' title='bbox 1584 5705 1745 5760; x_wconf 83' lang='lat' dir='ltr'><strong>vehe-</strong></span> 
     </span>
    </p>
   </div>
   <div class='ocr_carea' id='block_1_106' title="bbox 169 5792 1740 5864">
    <p class='ocr_par' dir='ltr' id='par_1_106' title="bbox 169 5792 1740 5864">
     <span class='ocr_line' id='line_1_106' title="bbox 169 5792 1740 5864; baseline 0.001 -18"><span class='ocrx_word' id='word_1_754' title='bbox 169 5792 568 5864; x_wconf 41' lang='grc' dir='ltr'><strong>ωεστ-ηυδε</strong></span> <span class='ocrx_word' id='word_1_755' title='bbox 599 5802 884 5856; x_wconf 86' lang='lat' dir='ltr'><strong>commota,</strong></span> <span class='ocrx_word' id='word_1_756' title='bbox 915 5795 1172 5862; x_wconf 89' lang='lat' dir='ltr'><strong>probrosa</strong></span> <span class='ocrx_word' id='word_1_757' title='bbox 1202 5792 1250 5846; x_wconf 90' lang='lat' dir='ltr'><strong>ei</strong></span> <span class='ocrx_word' id='word_1_758' title='bbox 1293 5793 1452 5849; x_wconf 87' lang='lat' dir='ltr'><strong>verba</strong></span> <span class='ocrx_word' id='word_1_759' title='bbox 1499 5809 1618 5848; x_wconf 91' lang='lat' dir='ltr'><strong>cum</strong></span> <span class='ocrx_word' id='word_1_760' title='bbox 1657 5795 1740 5848; x_wconf 87' lang='lat' dir='ltr'><strong>iu-</strong></span> 
     </span>
    </p>
   </div>
   <div class='ocr_carea' id='block_1_107' title="bbox 502 5877 1199 5941">
    <p class='ocr_par' dir='ltr' id='par_1_107' title="bbox 502 5877 1199 5941">
     <span class='ocr_line' id='line_1_107' title="bbox 502 5877 1199 5941; baseline -0.004 0"><span class='ocrx_word' id='word_1_761' title='bbox 502 5877 770 5941; x_wconf 69' lang='grc' dir='ltr'><strong>Ριτιοι.</strong></span> <span class='ocrx_word' id='word_1_762' title='bbox 817 5881 1199 5940; x_wconf 72' lang='lat' dir='ltr'><strong>LXXXVII.</strong></span> 
     </span>
    </p>
   </div>
   <div class='ocr_carea' id='block_1_108' title="bbox 1847 4655 2028 4695">
    <p class='ocr_par' dir='ltr' id='par_1_108' title="bbox 1847 4655 2028 4695">
     <span class='ocr_line' id='line_1_108' title="bbox 1847 4655 2028 4695; baseline -0.011 -1"><span class='ocrx_word' id='word_1_763' title='bbox 1847 4655 2028 4695; x_wconf 87' lang='lat' dir='ltr'><strong>sanos.</strong></span> 
     </span>
    </p>
   </div>
   <div class='ocr_carea' id='block_1_109' title="bbox 2427 4790 2801 4848">
    <p class='ocr_par' dir='ltr' id='par_1_109' title="bbox 2427 4790 2801 4848">
     <span class='ocr_line' id='line_1_109' title="bbox 2427 4790 2801 4848; baseline -0.005 -2"><span class='ocrx_word' id='word_1_764' title='bbox 2427 4792 2649 4848; x_wconf 70' lang='lat' dir='ltr'><strong>CAPUT</strong></span> <span class='ocrx_word' id='word_1_765' title='bbox 2689 4790 2801 4845; x_wconf 80' lang='grc' dir='ltr'><strong>ΧΧ.</strong></span> 
     </span>
    </p>
   </div>
   <div class='ocr_carea' id='block_1_110' title="bbox 1850 4897 3399 4970">
    <p class='ocr_par' dir='ltr' id='par_1_110' title="bbox 1850 4897 3399 4970">
     <span class='ocr_line' id='line_1_110' title="bbox 1850 4897 3399 4970; baseline 0.001 -14"><span class='ocrx_word' id='word_1_766' title='bbox 1850 4904 1993 4967; x_wconf 87' lang='lat' dir='ltr'><strong>Quoa</strong></span> <span class='ocrx_word' id='word_1_767' title='bbox 2024 4913 2076 4956; x_wconf 81' lang='lat' dir='ltr'><strong>in</strong></span> <span class='ocrx_word' id='word_1_768' title='bbox 2102 4904 2310 4958; x_wconf 63' lang='lat' dir='ltr'><strong>basilica</strong></span> <span class='ocrx_word' id='word_1_769' title='bbox 2339 4902 2558 4970; x_wconf 87' lang='lat' dir='ltr'><strong>quadam</strong></span> <span class='ocrx_word' id='word_1_770' title='bbox 2582 4917 2780 4953; x_wconf 62' lang='lat' dir='ltr'><strong>cursum</strong></span> <span class='ocrx_word' id='word_1_771' title='bbox 2806 4905 2880 4954; x_wconf 82' lang='lat' dir='ltr'><strong>rel</strong></span> <span class='ocrx_word' id='word_1_772' title='bbox 2908 4897 3212 4959; x_wconf 72' lang='lat' dir='ltr'><strong>oblationem</strong></span> <span class='ocrx_word' id='word_1_773' title='bbox 3239 4907 3399 4958; x_wconf 73' lang='lat' dir='ltr'><strong>inter-</strong></span> 
     </span>
    </p>
   </div>
   <div class='ocr_carea' id='block_1_111' title="bbox 2416 4971 2829 5024">
    <p class='ocr_par' dir='ltr' id='par_1_111' title="bbox 2416 4971 2829 5024">
     <span class='ocr_line' id='line_1_111' title="bbox 2416 4971 2829 5024; baseline 0.007 -3"><span class='ocrx_word' id='word_1_774' title='bbox 2416 4971 2539 5022; x_wconf 83' lang='lat' dir='ltr'><strong>dicit</strong></span> <span class='ocrx_word' id='word_1_775' title='bbox 2564 4971 2829 5024; x_wconf 81' lang='lat' dir='ltr'><strong>celebrari.</strong></span> 
     </span>
    </p>
   </div>
   <div class='ocr_carea' id='block_1_112' title="bbox 1917 5081 3398 5154">
    <p class='ocr_par' dir='ltr' id='par_1_112' title="bbox 1917 5081 3398 5154">
     <span class='ocr_line' id='line_1_112' title="bbox 1917 5081 3398 5154; baseline 0.005 -20"><span class='ocrx_word' id='word_1_776' title='bbox 1917 5081 2034 5134; x_wconf 83' lang='lat' dir='ltr'><strong>Alio</strong></span> <span class='ocrx_word' id='word_1_777' title='bbox 2063 5095 2190 5133; x_wconf 89' lang='lat' dir='ltr'><strong>vero</strong></span> <span class='ocrx_word' id='word_1_778' title='bbox 2233 5088 2471 5147; x_wconf 90' lang='lat' dir='ltr'><strong>tempore</strong></span> <span class='ocrx_word' id='word_1_779' title='bbox 2500 5095 2618 5133; x_wconf 89' lang='lat' dir='ltr'><strong>cum</strong></span> <span class='ocrx_word' id='word_1_780' title='bbox 2647 5081 2904 5137; x_wconf 71' lang='lat' dir='ltr'><strong>dimccses</strong></span> <span class='ocrx_word' id='word_1_781' title='bbox 2928 5098 3077 5147; x_wconf 88' lang='lat' dir='ltr'><strong>suas,</strong></span> <span class='ocrx_word' id='word_1_782' title='bbox 3111 5092 3168 5137; x_wconf 94' lang='lat' dir='ltr'><strong>ut</strong></span> <span class='ocrx_word' id='word_1_783' title='bbox 3195 5087 3398 5154; x_wconf 86' lang='lat' dir='ltr'><strong>episco-</strong></span> 
     </span>
    </p>
   </div>
   <div class='ocr_carea' id='block_1_113' title="bbox 1846 5169 3399 5240">
    <p class='ocr_par' dir='ltr' id='par_1_113' title="bbox 1846 5169 3399 5240">
     <span class='ocr_line' id='line_1_113' title="bbox 1846 5169 3399 5240; baseline 0.005 -18"><span class='ocrx_word' id='word_1_784' title='bbox 1846 5171 1927 5240; x_wconf 87' lang='lat' dir='ltr'><strong>pis</strong></span> <span class='ocrx_word' id='word_1_785' title='bbox 1954 5184 2070 5222; x_wconf 91' lang='lat' dir='ltr'><strong>mos</strong></span> <span class='ocrx_word' id='word_1_786' title='bbox 2091 5177 2190 5233; x_wconf 85' lang='lat' dir='ltr'><strong>est,</strong></span> <span class='ocrx_word' id='word_1_787' title='bbox 2215 5169 2472 5232; x_wconf 90' lang='lat' dir='ltr'><strong>visitaret,</strong></span> <span class='ocrx_word' id='word_1_788' title='bbox 2501 5171 2704 5225; x_wconf 78' lang='lat' dir='ltr'><strong>exstitit</strong></span> <span class='ocrx_word' id='word_1_789' title='bbox 2730 5171 2967 5240; x_wconf 60' lang='lat' dir='ltr'><strong>quaedam</strong></span> <span class='ocrx_word' id='word_1_790' title='bbox 2993 5181 3136 5227; x_wconf 81' lang='lat' dir='ltr'><strong>certa</strong></span> <span class='ocrx_word' id='word_1_791' title='bbox 3159 5190 3317 5230; x_wconf 72' lang='lat' dir='ltr'><strong>causa</strong></span> <span class='ocrx_word' id='word_1_792' title='bbox 3342 5188 3399 5229; x_wconf 85' lang='lat' dir='ltr'><strong>ut</strong></span> 
     </span>
    </p>
   </div>
   <div class='ocr_carea' id='block_1_114' title="bbox 1848 5259 3397 5328">
    <p class='ocr_par' dir='ltr' id='par_1_114' title="bbox 1848 5259 3397 5328">
     <span class='ocr_line' id='line_1_114' title="bbox 1848 5259 3397 5328; baseline 0.001 -14"><span class='ocrx_word' id='word_1_793' title='bbox 1848 5261 1898 5314; x_wconf 91' lang='lat' dir='ltr'><strong>in</strong></span> <span class='ocrx_word' id='word_1_794' title='bbox 1929 5274 2032 5314; x_wconf 90' lang='lat' dir='ltr'><strong>una</strong></span> <span class='ocrx_word' id='word_1_795' title='bbox 2061 5259 2272 5314; x_wconf 85' lang='lat' dir='ltr'><strong>basilica</strong></span> <span class='ocrx_word' id='word_1_796' title='bbox 2304 5261 2642 5315; x_wconf 86' lang='lat' dir='ltr'><strong>interdiceret</strong></span> <span class='ocrx_word' id='word_1_797' title='bbox 2680 5276 2890 5316; x_wconf 87' lang='lat' dir='ltr'><strong>cursum</strong></span> <span class='ocrx_word' id='word_1_798' title='bbox 2929 5263 3012 5316; x_wconf 90' lang='lat' dir='ltr'><strong>vel</strong></span> <span class='ocrx_word' id='word_1_799' title='bbox 3054 5265 3397 5328; x_wconf 88' lang='lat' dir='ltr'><strong>oblationem,</strong></span> 
     </span>
    </p>
   </div>
   <div class='ocr_carea' id='block_1_115' title="bbox 1844 5349 3396 5418">
    <p class='ocr_par' dir='ltr' id='par_1_115' title="bbox 1844 5349 3396 5418">
     <span class='ocr_line' id='line_1_115' title="bbox 1844 5349 3396 5418; baseline 0.003 -16"><span class='ocrx_word' id='word_1_800' title='bbox 1844 5363 2118 5418; x_wconf 85' lang='lat' dir='ltr'><strong>quousque</strong></span> <span class='ocrx_word' id='word_1_801' title='bbox 2161 5349 2274 5417; x_wconf 88' lang='lat' dir='ltr'><strong>ipse</strong></span> <span class='ocrx_word' id='word_1_802' title='bbox 2313 5350 2521 5416; x_wconf 88' lang='lat' dir='ltr'><strong>juberet</strong></span> <span class='ocrx_word' id='word_1_803' title='bbox 2567 5350 2841 5404; x_wconf 87' lang='lat' dir='ltr'><strong>celebrari.</strong></span> <span class='ocrx_word' id='word_1_804' title='bbox 2895 5351 3020 5405; x_wconf 86' lang='lat' dir='ltr'><strong>Erat</strong></span> <span class='ocrx_word' id='word_1_805' title='bbox 3066 5361 3240 5406; x_wconf 89' lang='lat' dir='ltr'><strong>autem</strong></span> <span class='ocrx_word' id='word_1_806' title='bbox 3288 5352 3396 5407; x_wconf 66' lang='lat' dir='ltr'><strong>illic</strong></span> 
     </span>
    </p>
   </div>
   <div class='ocr_carea' id='block_1_116' title="bbox 1847 5439 3394 5510">
    <p class='ocr_par' dir='ltr' id='par_1_116' title="bbox 1847 5439 3394 5510">
     <span class='ocr_line' id='line_1_116' title="bbox 1847 5439 3394 5510; baseline 0.001 -18"><span class='ocrx_word' id='word_1_807' title='bbox 1847 5441 2118 5510; x_wconf 83' lang='lat' dir='ltr'><strong>presbyter</strong></span> <span class='ocrx_word' id='word_1_808' title='bbox 2159 5440 2372 5508; x_wconf 87' lang='lat' dir='ltr'><strong>quidatn</strong></span> <span class='ocrx_word' id='word_1_809' title='bbox 2421 5441 2569 5492; x_wconf 75' lang='lat' dir='ltr'><strong>malm</strong></span> <span class='ocrx_word' id='word_1_810' title='bbox 2614 5439 2953 5500; x_wconf 71' lang='lat' dir='ltr'><strong>conscientia:</strong></span> <span class='ocrx_word' id='word_1_811' title='bbox 2980 5441 3208 5505; x_wconf 87' lang='lat' dir='ltr'><strong>saucius,</strong></span> <span class='ocrx_word' id='word_1_812' title='bbox 3244 5441 3394 5507; x_wconf 85' lang='lat' dir='ltr'><strong>cujus</strong></span> 
     </span>
    </p>
   </div>
   <div class='ocr_carea' id='block_1_117' title="bbox 1844 5527 3389 5596">
    <p class='ocr_par' dir='ltr' id='par_1_117' title="bbox 1844 5527 3389 5596">
     <span class='ocr_line' id='line_1_117' title="bbox 1844 5527 3389 5596; baseline 0 -18"><span class='ocrx_word' id='word_1_813' title='bbox 1844 5527 2089 5581; x_wconf 85' lang='lat' dir='ltr'><strong>videlicet</strong></span> <span class='ocrx_word' id='word_1_814' title='bbox 2132 5528 2200 5581; x_wconf 90' lang='lat' dir='ltr'><strong>ob</strong></span> <span class='ocrx_word' id='word_1_815' title='bbox 2246 5527 2456 5596; x_wconf 89' lang='lat' dir='ltr'><strong>culpam</strong></span> <span class='ocrx_word' id='word_1_816' title='bbox 2500 5529 2980 5583; x_wconf 79' lang='lat' dir='ltr'><strong>excornmunieatio</strong></span> <span class='ocrx_word' id='word_1_817' title='bbox 3026 5534 3389 5596; x_wconf 84' lang='lat' dir='ltr'><strong>processerat,</strong></span> 
     </span>
    </p>
   </div>
   <div class='ocr_carea' id='block_1_118' title="bbox 1843 5611 3399 5684">
    <p class='ocr_par' dir='ltr' id='par_1_118' title="bbox 1843 5611 3399 5684">
     <span class='ocr_line' id='line_1_118' title="bbox 1843 5611 3399 5684; baseline -0.003 -14"><span class='ocrx_word' id='word_1_818' title='bbox 1843 5617 1933 5684; x_wconf 91' lang='lat' dir='ltr'><strong>qui</strong></span> <span class='ocrx_word' id='word_1_819' title='bbox 1958 5616 2191 5684; x_wconf 88' lang='lat' dir='ltr'><strong>episcopi</strong></span> <span class='ocrx_word' id='word_1_820' title='bbox 2216 5616 2378 5683; x_wconf 89' lang='lat' dir='ltr'><strong>jussis</strong></span> <span class='ocrx_word' id='word_1_821' title='bbox 2419 5615 2590 5668; x_wconf 89' lang='lat' dir='ltr'><strong>minus</strong></span> <span class='ocrx_word' id='word_1_822' title='bbox 2633 5613 3102 5680; x_wconf 83' lang='lat' dir='ltr'><strong>obtemperandum</strong></span> <span class='ocrx_word' id='word_1_823' title='bbox 3152 5611 3399 5670; x_wconf 87' lang='lat' dir='ltr'><strong>credens.</strong></span> 
     </span>
    </p>
   </div>
   <div class='ocr_carea' id='block_1_119' title="bbox 1843 5701 3394 5770">
    <p class='ocr_par' dir='ltr' id='par_1_119' title="bbox 1843 5701 3394 5770">
     <span class='ocr_line' id='line_1_119' title="bbox 1843 5701 3394 5770; baseline -0.002 -13"><span class='ocrx_word' id='word_1_824' title='bbox 1843 5705 2107 5770; x_wconf 87' lang='lat' dir='ltr'><strong>verbaque</strong></span> <span class='ocrx_word' id='word_1_825' title='bbox 2128 5704 2241 5769; x_wconf 72' lang='lat' dir='ltr'><strong>ejus</strong></span> <span class='ocrx_word' id='word_1_826' title='bbox 2267 5703 2451 5756; x_wconf 85' lang='lat' dir='ltr'><strong>leviter</strong></span> <span class='ocrx_word' id='word_1_827' title='bbox 2480 5703 2635 5760; x_wconf 87' lang='lat' dir='ltr'><strong>valde</strong></span> <span class='ocrx_word' id='word_1_828' title='bbox 2662 5704 2866 5767; x_wconf 85' lang='lat' dir='ltr'><strong>ferens;</strong></span> <span class='ocrx_word' id='word_1_829' title='bbox 2897 5717 3016 5756; x_wconf 91' lang='lat' dir='ltr'><strong>cum</strong></span> <span class='ocrx_word' id='word_1_830' title='bbox 3047 5701 3251 5768; x_wconf 84' lang='lat' dir='ltr'><strong>longius</strong></span> <span class='ocrx_word' id='word_1_831' title='bbox 3271 5715 3394 5754; x_wconf 89' lang='lat' dir='ltr'><strong>cum</strong></span> 
     </span>
    </p>
   </div>
   <div class='ocr_carea' id='block_1_120' title="bbox 1843 5788 3391 5859">
    <p class='ocr_par' dir='ltr' id='par_1_120' title="bbox 1843 5788 3391 5859">
     <span class='ocr_line' id='line_1_120' title="bbox 1843 5788 3391 5859; baseline -0.005 -13"><span class='ocrx_word' id='word_1_832' title='bbox 1843 5808 1872 5846; x_wconf 92' lang='lat' dir='ltr'><strong>a</strong></span> <span class='ocrx_word' id='word_1_833' title='bbox 1902 5793 2020 5846; x_wconf 85' lang='lat' dir='ltr'><strong>loco</strong></span> <span class='ocrx_word' id='word_1_834' title='bbox 2050 5791 2138 5843; x_wconf 92' lang='lat' dir='ltr'><strong>illo</strong></span> <span class='ocrx_word' id='word_1_835' title='bbox 2176 5791 2364 5847; x_wconf 72' lang='lat' dir='ltr'><strong>abiisse</strong></span> <span class='ocrx_word' id='word_1_836' title='bbox 2392 5797 2695 5859; x_wconf 65' lang='lat' dir='ltr'><strong>arstimaret,</strong></span> <span class='ocrx_word' id='word_1_837' title='bbox 2739 5806 2859 5845; x_wconf 78' lang='lat' dir='ltr'><strong>mox</strong></span> <span class='ocrx_word' id='word_1_838' title='bbox 2905 5791 3111 5859; x_wconf 84' lang='lat' dir='ltr'><strong>signum</strong></span> <span class='ocrx_word' id='word_1_839' title='bbox 3158 5788 3391 5845; x_wconf 71' lang='lat' dir='ltr'><strong>ecclesias</strong></span> 
     </span>
    </p>
   </div>
   <div class='ocr_carea' id='block_1_121' title="bbox 2851 5880 2924 5941">
    <p class='ocr_par' dir='ltr' id='par_1_121' title="bbox 2851 5880 2924 5941">
     <span class='ocr_line' id='line_1_121' title="bbox 2851 5880 2924 5941; baseline 0.027 -2"><span class='ocrx_word' id='word_1_840' title='bbox 2851 5880 2924 5941; x_wconf 88' lang='grc'><strong>18</strong></span> 
     </span>
    </p>
   </div>
  </div>
