3934 6228
554 346 661 402 εἶἷὸ

546 545 923 599 confutandam
968 545 1251 599 humanam
1294 549 1752 614 praesumptionem
1800 548 1966 614 magis
2012 542 2095 601 in?

545 634 817 687 sensibilis
841 648 995 700 quam
1036 633 1361 686 rationabilis
1390 640 1628 686 creatura
1667 634 1840 687 verbis
1862 635 2097 704 episcopi

552 738 762 789 parens.
796 723 954 775 veluti
980 722 1082 775 sibi
1112 721 1391 773 interdicto
1416 720 1646 785 silentio,
1671 722 1871 775 nullum
1893 722 1958 775 ad
1982 723 2098 790 pul-

553 814 718 865 santis
748 813 917 866 nisum
944 814 1147 875 signum
1176 801 1398 862 reddidit
1421 824 1644 875 sonum;
1671 809 1859 864 deinde
1882 811 2099 887 presby-

554 912 635 955 ter
662 901 857 954 diutius
884 899 1069 952 l‘unem
1097 900 1386 961 terebrans,
1416 911 1533 950 cum
1563 905 1809 951 cerneret
1836 897 2095 952 tinnulum

555 989 769 1041 omnino
798 1000 1105 1054 permanere
1133 996 1353 1043 mutum.
1383 999 1625 1052 egressus
1654 986 1891 1052 protinus
1917 984 2097 1039 basili-

537 1092 694 1139 cam,
722 1091 934 1130 causam
968 1076 1171 1129 cunctis
1202 1072 1521 1129 manifestat.
1548 1067 1697 1127 T'unc
1718 1062 1912 1127 'autem
1942 1074 2095 1142 Eltgii

540 1167 948 1220 reminiscentes
991 1161 1590 1217 excotnmunicationem
1634 1169 1751 1229 post
1795 1175 1915 1215 eum
1959 1177 2097 1215 non-

538 1258 679 1310 .nulli
709 1255 1022 1323 quantocius
1045 1259 1351 1322 properant,
1378 1266 1443 1303 ac
1471 1250 1798 1304 reconciliari
1825 1251 1891 1304 ab
1912 1264 1977 1305 eo
2003 1252 2094 1304 ba-

544 1346 749 1399 silicam
775 1352 1041 1405 exorant;
1084 1341 1175 1392 sed
1218 1339 1327 1403 ille,
1362 1338 1596 1407 quamvis
1638 1346 1776 1392 esset
1815 1338 2129 1407 benignus,—

550 1435 717 1488 neluit
738 1442 1057 1486 tamentam
1088 1429 1276 1491 calide,
1298 1428 1605 1497 priusquam
1640 1426 1933 1482 satisfactio
1956 1442 2092 1497 pra:-

549 1524 779 1585 cederet,
796 1520 1109 1574 sententiam
1128 1532 1274 1572 suam
1288 1515 1678 1572 reﬂectere.Sic
1693 1504 1818 1584 ergo
1835 1525 2093 1571 transacta

548 1614 635 1665 die
664 1626 766 1664 una
795 1624 859 1662 ac
889 1620 1041 1663 nocte
1084 1623 1203 1661 cum
1239 1606 1520 1675 smpissime
1566 1608 1839 1675 presbyter
1875 1615 2094 1669 auatere

547 1703 751 1767 signum
799 1706 1042 1761 tentaret,
1084 1697 1281 1750 nullum
1324 1696 1550 1765 pulsanti
1597 1697 1813 1762 pnebuit
1838 1699 2087 1753 sonitum.

1697 346 1755 402 S.
1799 349 1998 404 ELICII
2036 351 2307 406 NOVIOM.
2347 353 2556 410 EPISC.

548 464 751 510 statuta
780 457 931 522 hora,
958 455 1094 510 sicut
1119 464 1395 520 mos'erat,
1419 456 1629 526 pulsare
1655 459 1834 526 erepit.
1857 457 2005 513 Tunc
2030 459 2095 512 ad
2125 464 2175 521 Λ
2248 513 2258 521 _

3647 360 3751 415 556

2760 462 2980 517 CAPUT
3020 462 3175 517 XXII.

2405 550 2717 605 Dmoniaci
2745 553 2812 602 ad
2839 552 2946 619 ejus
2971 554 3233 621 imperium
3262 555 3535 609 siluerunt.

2268 640 2455 707 Aliquo
2482 656 2663 695 rursus
2704 643 2758 695 in
2801 651 3036 711 tempore
3078 643 3333 711 agebatur
3377 646 3573 701 natalis
3612 647 3753 705 beati

2194 731 2401 787 Martini
2429 733 2723 802 pontificis;
2752 748 2977 802 eumque
3004 736 3140 789 inter
3164 736 3445 791 missarum
3470 730 3752 806 solemnia,

2195 828 2500 895 evangelica
2519 827 2669 895 juxta
2696 838 2897 881 morem
2926 828 3153 889 lectione
3179 830 3414 898 expleta,
3436 829 3619 885 divina
3646 833 3753 887 Eli-

2194 915 2312 979 gius
2339 915 2533 982 populo
2558 915 2869 983 praedicaret
2908 916 3186 981 mandata,
3212 917 3561 973 vehementer
3588 921 3756 975 inter-

2196 1001 2458 1068 cipiebant
2476 1002 2637 1071 verba
2657 1003 2773 1071 ejus
2788 1002 3001 1071 plurimi
3022 1004 3408 1061 debacchantes
3434 1007 3486 1061 in
3500 1009 3751 1064 eulesia.

2179 1091 2344 1145 A'l‘unc
2393 1089 2593 1159 Eligius
2639 1102 2881 1160 porrecta
2914 1102 3111 1148 contra
3160 1098 3497 1165 impatientes
3565 1113 3751 1164 manu,

2194 1180 2461 1248 praecepit,
2488 1181 2540 1233 in
2581 1182 2793 1235 nomine
2820 1180 2944 1236 Jesu
2967 1182 3181 1249 Christi,
3213 1194 3270 1238 ut
3311 1200 3595 1254 quousque
3637 1187 3754 1257 ipse

2196 1268 2615 1334 praedicationem
2643 1270 2953 1339 compleret,
2977 1271 3151 1326 nullus
3178 1288 3361 1328 eorum
3393 1278 3589 1329 mutire
3614 1291 3752 1345 pne-

2191 1365 2452 1421 sumeret;
2477 1357 2616 1424 quod
2644 1367 2698 1411 et
2727 1374 2849 1413 mox
2884 1359 3079 1414 factum
3108 1370 3192 1417 est
3225 1382 3237 1415 :
3267 1373 3321 1417 et
3341 1380 3447 1418 non
3475 1367 3649 1419 solum
3682 1366 3750 1418 ad

2190 1442 2424 1511 jubentis
2451 1445 2667 1497 verbum
2698 1461 2731 1499 o
2753 1447 2870 1500 nnis
2908 1448 2996 1501 illa
3024 1450 3174 1504 turba
3203 1453 3460 1507 conticuit
3486 1454 3751 1524 (amplius

2194 1532 2333 1586 enim
2359 1541 2512 1585 erant
2530 1546 2687 1599 quam
2712 1532 3035 1603 duodecim),
3066 1552 3247 1591 verum
3277 1541 3435 1595 etiam
3466 1550 3519 1593 et
3542 1542 3749 1594 damo-

2193 1636 2290 1675 nes
2316 1636 2421 1675 non
2451 1621 2684 1678 ferentes
2729 1630 2928 1676 tantam
2977 1625 3257 1680 verborum
3304 1628 3421 1696 ejus
3470 1631 3745 1693 virtutem,

2193 1713 2468 1779 confestim
2504 1722 2563 1767 ut
2590 1713 2680 1768 ille
2708 1729 2919 1769 manum
2947 1726 3130 1773 contra
3170 1734 3263 1773 eos
3292 1722 3581 1789 protendit,
3609 1738 3749 1775 non-

549 1789 776 1841 Transiit
798 1800 1009 1855 quoque
1033 1798 1087 1840 et
1112 1798 1340 1875 sequens
1366 1798 1473 1875 nox
1499 1798 1617 1875 cum
1650 1785 1752 1875 die.
1797 1792 1851 1837 ει
1872 1798 1983 1841 nec
2015 1784 2090 1875 sic
2120 1785 2163 1842 Β
2190 1799 2365 1857 nullos
2391 1815 2457 1853 ex
2485 1800 2563 1852 eis
2597 1800 2974 1868 relinquentes,
2998 1804 3202 1859 confusi
3235 1784 3499 1875 fugerunt,
3528 1784 3593 1863 ac
3618 1824 3747 1862 vasa

546 1878 757 1947 quidem
785 1892 971 1933 sonum
1001 1874 1278 1944 produxit;
1310 1870 1459 1925 ﬂuxit
1486 1871 1823 1926 nihilominus
1848 1882 1909 1926 et
1937 1874 2089 1927 tertia

540 1969 657 2022 dies
684 1983 805 2021 cum
831 1974 1009 2026 nocte,
1040 1964 1133 2017 sed
1162 1978 1259 2016 nec
1281 1950 1488 2015 tandem
1510 1979 1697 2017 sonum
1718 1964 1944 2030 aliquem
1964 1962 2088 2017 red-

532 2056 707 2118 didit;
739 2061 919 2123 postea
950 2068 1073 2106 vero
1099 2051 1297 2105 crebris
1318 2051 1727 2106 discurrentibus
1752 2051 1952 2107 nuntiis
1966 2067 2086 2105 cum

535 2143 855 2209 optimatum
877 2149 932 2194 et
950 2142 1213 2195 seniorum
1235 2140 1489 2211 epistolis,
1521 2141 1729 2195 tandem
1755 2156 1939 2195 eorum
1965 2155 2086 2209 pre-

545 2231 694 2283 cibus
721 2230 909 2294 vietus,
934 2243 1135 2282 necnon
1161 2236 1214 2281 et
1240 2228 1561 2295 pmnitentize
1583 2218 1938 2283 satisfactione
1960 2244 2089 2299 pra:-

547 2321 653 2372 lata
678 2358 693 2382 ,
750 2320 865 2375 solo
906 2320 1072 2374 verbo
1118 2317 1312 2384 Ellgius
1366 2318 1725 2372 reconciliavit
1769 2318 1980 2379 locum,
2036 2326 2090 2370 et

544 2424 666 2463 mox
700 2410 850 2477 signo
896 2417 1040 2463 tacto
1071 2421 1236 2461 sonus
1280 2406 1530 2473 pristinus
1573 2406 1727 2459 rediit
1756 2406 1807 2481 in
1836 2406 2086 2460 tintinna-

530 2498 740 2551 bulum.

1116 2599 1339 2656 CAPUT
1380 2599 1516 2654 XXI.

918 2735 1201 2790 Arbuscula
1224 2734 1421 2787 nucarii
1451 2734 1695 2803 arefacta.

614 2845 724 2899 Una
759 2853 935 2899 autem
967 2844 1173 2899 dierum
1203 2839 1303 2899 iter
1331 2844 1689 2921 necessarium
1716 2855 1963 2909 carpens,
1992 2840 2087 2893 de-

524 2935 684 2989 venit
710 2934 773 2987 ad
809 2933 1089 3000 quemdam
1117 2934 1288 2987 locum
1336 2931 1474 2985 haud
1519 2931 1673 2997 longe
1717 2945 1745 2983 a
1767 2930 2089 2996 Compendio

525 3022 744 3088 .ltegali,
767 3023 1021 3091 optimum
1049 3022 1318 3090 prmdium,
1348 3028 1401 3074 et
1426 3018 1672 3086 fatigatus
1702 3032 1767 3071 ex
1797 3017 1986 3072 itinere
2010 3018 2089 3070 di-

2186 1886 2381 1941 dudum
2404 1884 2620 1942 obsessa
2646 1902 2773 1945 sana
2805 1890 2945 1945 illico
2971 1892 3302 1948 dimiserunt.

2733 1998 2952 2055 CAPUT
2989 1999 3171 2054 XXIII.

2560 2086 2629 2141 Ut
2653 2088 2899 2157 {amulum
2925 2105 2958 2141 a
2984 2092 3106 2158 ﬁcta
3134 2094 3351 2144 sanavit.

2256 2192 2373 2246 Alio
2401 2207 2615 2261 quoque
2639 2202 2877 2263 tempore
2905 2197 3118 2265 quidam
3140 2212 3207 2251 ex
3228 2199 3572 2259 familiaribus
3600 2200 3743 2268 ejus,

2154 2331 2160 2337 .
2189 2280 2531 2336 Ermesiudus
2564 2286 2799 2349 nomine,
2830 2287 3056 2353 pessima
3089 2288 3357 2341 laborabat
3392 2292 3742 2356 mgritudine;

2186 2367 2412 2436 denique
2455 2370 2568 2423 dira
2608 2379 2766 2439 atque
2812 2374 3128 2429 intolerabili
3170 2392 3445 2443 percussus
3494 2358 3635 2443 lic-1.2.
3692 2394 3747 2435 et

2188 2458 2697 2529 mortejamjamque
2725 2450 3053 2528 imminente,
3082 2473 3135 2518 et
3150 2464 3258 2532 jam
3282 2482 3311 2518 a
3341 2466 3466 2519 ﬂatu
3495 2468 3747 2536 spirami-

2186 2546 2267 2597 nis
2290 2546 2583 2600 arcebatur.
2619 2551 2739 2601 Erat
2766 2559 2939 2603 autem
2970 2560 3095 2606 tunc
3122 2551 3319 2621 Eligius
3345 2556 3443 2609 iter
3468 2557 3743 2622 quoddam

2186 2647 2405 2701 carpere
2429 2635 2745 2705 dispositus;
2776 2648 2884 2690 tum
2914 2640 3089 2694 subito
3123 2644 3354 2711 postulat
3398 2660 3560 2712 :eger,
3591 2656 3744 2701 motu

2186 2724 2360 2794 potius
2385 2740 2540 2792 quam
2563 2729 2745 2789 verbo,
2768 2737 2825 2781 ut
2846 2744 2964 2783 sese
2986 2720 3151 2785 ‘herus
3170 2735 3471 2800 priusquam
3498 2736 3743 2801 spiritum

2185 2814 2475 2879 exhalaret,
2502 2805 2810 2885 dignaretur
2838 2818 3048 2873 visitare
3074 2838 3085 2870 :
3117 2821 3182 2873 ad
3210 2816 3365 2887 quem
3388 2836 3508 2874 cum
3543 2823 3743 2892 Eligqu

2186 2900 2451 2965 intrasset,
2480 2905 2647 2972 ctepit
2686 2920 2803 2959 eum
2848 2908 2992 2961 duris
3038 2909 3213 2960 verbis
3248 2908 3545 2977 increpare,
3596 2913 3743 2977 quod

2186 2992 2385 3045 scilicet
2408 2993 2567 3047 corde
2592 3001 2787 3047 czecato
2806 2995 3177 3063 paenitentiam
3204 2996 3421 3050 minime
3446 3012 3549 3065 pro
3570 3000 3740 3067 negli-

535 3081 699 3164 verlit
741 3081 1012 3177 in.agrum
1049 3081 1332 3177 cujusdam
1377 3081 1549 3161 coloni
1582 3123 1595 3157 :
1628 3114 1742 3161 erat
1788 3114 1963 3160 autem
2010 3105 2083 3159 illi
2114 3105 2158 3167 C
2187 3082 2375 3177 βθηῖίίδ
2398 3081 2506 3177 “fis
2533 3083 2771 3177 mser“-
2804 3084 2868 3177 εί
2900 3099 3019 3137 cum
3058 3083 3147 3137 me
3184 3085 3339 3137 ηίηῖίί
3364 3086 3575 3177 ἒηιξυε
3606 3104 3741 3156 Pe"e

530 3199 698 3252 arbor
725 3212 909 3264 magna
934 3197 1133 3250 nucarii
1157 3204 1343 3249 onusta
1374 3192 1543 3248 fructu
1573 3192 1823 3246 vescibili.
1846 3193 2085 3261 Cumque

546 3285 740 3352 Eligius
784 3284 836 3337 in
865 3282 1155 3336 diversorio
1184 3282 1498 3350 quiesceret,
1528 3280 1724 3345 egressi
1765 3279 1975 3346 quidam
2018 3294 2085 3331 ex

544 3369 794 3424 ministris
819 3368 931 3435 ejus
957 3376 1229 3435 emperunt
1248 3380 1313 3420 ex
1334 3364 1544 3434 prmfata
1564 3363 1838 3416 arbuscula
1860 3362 2087 3417 avellere

545 3456 725 3523 nuces,
753 3464 869 3511 erat
906 3456 1043 3509 enim
1075 3462 1282 3522 tempus
1321 3467 1427 3520 quo
1473 3464 1704 3518 congrue
1745 3451 1887 3504 vesci
1936 3459 2085 3519 pote-

542 3552 662 3599 rant
703 3561 716 3599 :
756 3547 1035 3597 accurrens
1074 3549 1262 3594 autem
1318 3538 1523 3593 concite
1566 3538 1809 3591 dominus
1860 3537 2085 3593 arbusta:

540 3633 859 3687 causabatur
886 3630 1178 3701 procaciter
1203 3642 1362 3683 nuces
1388 3628 1487 3680 sibi
1513 3627 1813 3695 subripere;
1844 3639 1949 3693 quo
1982 3626 2084 3679 lali-

528 3721 655 3786 gius
680 3728 952 3789 comperto
981 3726 1135 3773 vocat
1161 3718 1225 3770 ad
1256 3732 1315 3771 se
1354 3717 1544 3782 virum,
1575 3723 1630 3769 et
1653 3716 1841 3769 blande
1869 3730 1931 3769 ac
1956 3714 2087 3769 leni-

545 3820 625 3861 ter
666 3821 789 3861 eum
831 3806 1129 3859 demulcens
1158 3807 1231 3856 ait
1262 3803 1440 3865 :Nuli,
1472 3804 1659 3866 amice,
1690 3804 1757 3855 ob
1787 3802 2083 3869 hujusmodi

544 3907 755 3948 causam
797 3892 1047 3944 melestus
1085 3889 1233 3955 nobis
1275 3888 1523 3949 existere,
1552 3896 1607 3940 et
1653 3888 1695 3939 si
1744 3902 1908 3954 pauca
1939 3887 2085 3955 pueri

545 3986 1013 4050 prtesumpserunt,
1044 3977 1266 4046 plurima
1296 3976 1387 4029 tibi
1416 3976 1585 4029 adhuc
1620 3983 1934 4044 supersunt;
1964 3990 2081 4029 nam

541 4084 595 4123 et
623 4072 723 4125 hoc
750 4068 889 4137 quod
919 4068 1206 4139 attigerunt
1232 4080 1345 4134 ego.
1372 4066 1494 4118 data
1530 4066 1751 4133 pecunia
1789 4065 1879 4118 tibi
1920 4066 2084 4131 grati-

544 4164 643 4215 lice
669 4160 1005 4217 satisfaciam.
1045 4158 1113 4211 At
1140 4158 1226 4210 ille
1253 4156 1447 4209 tumida
1476 4163 1650 4208 mente
1678 4155 1949 4208 lenitatem
1970 4154 2086 4221 ejus

544 4265 795 4317 spernens
814 4287 829 4311 ,
856 4250 998 4301 duris
1024 4262 1143 4300 eum
1174 4245 1493 4297 amaricabat
1523 4244 1693 4296 verb?s
1715 4283 1729 4307 ,
1748 4243 1941 4297 eadem
1971 4259 2084 4298 cre-

546 4342 687 4393 brius
714 4347 919 4391 taxans.
946 4337 1091 4389 Tunc
1114 4338 1305 4403 Eligius
1332 4337 1505 4388 animo
1534 4335 1835 4386 innnutatus
1861 4332 2083 4387 famulos

2181 3171 2292 3239 jam
2321 3188 2387 3226 ex
2434 3173 2533 3227 hac
2574 3174 2677 3226 vita
2710 3174 2989 3242 penderet,
3022 3188 3084 3227 ac
3124 3189 3219 3243 pro
3249 3175 3441 3228 'serbis
3490 3175 3743 3245 lacrymis

2184 3260 2513 3313 solummodo
2542 3275 2657 3313 cum
2686 3262 2800 3314 diro
2824 3262 3019 3327 gemitu
3054 3263 3401 3327 satisfaceret,
3432 3265 3742 3325 misericor-

2184 3346 2267 3399 dia
2298 3355 2470 3399 motus
2493 3354 2596 3411 est,
2626 3346 2741 3415 pius
2763 3349 2903 3400 enim
2934 3355 3050 3400 erat
3073 3348 3270 3415 Eligius
3295 3350 3435 3403 circa
3467 3353 3743 3418 subjectos

2184 3450 2325 3497 suos,
2379 3436 2659 3504 posuitque
2706 3451 2865 3505 super
2910 3450 3031 3491 eum
3076 3452 3232 3506 quem
3289 3455 3447 3491 manu
3497 3444 3743 3507 gestabat

2184 3527 2492 3591 bacterium,
2524 3535 2578 3581 et
2614 3529 2862 3597 praecepit
2898 3529 2947 3583 ei
2980 3537 3035 3582 ut
3071 3529 3186 3584 sine
3229 3546 3376 3583 mora
3423 3532 3478 3583 in
3522 3536 3743 3589 nomine

2182 3615 2307 3671 Jesu
2330 3615 2519 3671 Christi
2550 3632 2707 3673 sanus
2736 3629 3061 3687 exsurgeret.
3091 3635 3373 3689 secumque
3404 3622 3550 3678 illico
3580 3625 3632 3678 in
3656 3628 3741 3679 iti-

2183 3720 2309 3759 nere
2333 3706 2587 3774 disposito
2616 3715 2875 3774 pergeret.
2901 3706 3194 3763 Confestim
3224 3725 3349 3777 ergo
3379 3712 3443 3764 ad
3470 3728 3589 3779 e,us
3616 3731 3738 3770 ver-

2183 3796 2305 3849 bum
2348 3796 2490 3849 omni
2536 3793 2672 3850 a‘se
2700 3794 2900 3849 dolore
2946 3798 3105 3851 celeri
3147 3800 3433 3855 velocitate
3478 3804 3736 3870 fugiente,

2182 3883 2409 3937 surrexit
2445 3884 2536 3950 qui
2562 3893 2679 3938 erat
2699 3894 2924 3953 aegrotus
2943 3926 2957 3949 ,
2985 3887 3187 3941 cunctis
3215 3888 3548 3953 mirantibus,
3575 3909 3740 3950 sanus

2182 3967 2340 4039 atque
2366 3974 2436 4026 ita
2456 3972 2701 4028 exsiliens
2714 3959 2981 4035 praecessit
3001 3988 3120 4028 eum
3140 3989 3246 4042 quo
3270 3979 3523 4046 pergebat
3546 3964 3737 4036 itinere

2182 4058 2353 4116 laetus.

2729 4130 2950 4187 CAPUT
2987 4132 3171 4188 XXIV.

2497 4219 2716 4273 Levitam
2738 4236 2768 4273 a
2807 4224 2981 4275 lateri:
2998 4216 3179 4277 dolore
3197 4235 3412 4291 sanaret.

2250 4328 2474 4394 Quidam
2519 4341 2695 4385 autem
2740 4332 2993 4384 diaconus
3041 4302 3220 4386 lateris
3270 4333 3459 4387 dolore
3501 4339 3732 4405 pessime

544 4430 752 4492 quidem
783 4441 877 4494 pro
906 4424 983 4478 rei
1014 4424 1149 4474 facto
1175 4422 1353 4476 durius
1381 4422 1698 4490 objurgavit,
1730 4422 1927 4474 homini
1954 4437 2079 4474 vero
2109 4426 2157 4483 ι)
2182 4416 2454 4484 obseptus,
2482 4418 2711 4484 graviter
2752 4417 3028 4471 laborabat
3056 4434 3151 4487 per
3197 4421 3311 4474 dies
3335 4422 3614 4491 plurimos,
3641 4429 3730 4480 diu

538 4536 641 4584 pro
660 4514 970 4571 substantia:
998 4513 1188 4564 damno
1218 4518 1324 4563 tres
1346 4525 1536 4562 aureos
1561 4510 1670 4562 dari
1692 4509 1879 4577 jussit;
1909 4510 1971 4561 al
2002 4526 2086 4560 ar-

546 4608 751 4658 iiustam
783 4612 958 4656 tamen
984 4614 1291 4662 conversus,
1324 4598 1564 4649 nimirum
1606 4598 1893 4651 Salvatoris
1942 4600 2084 4651 lietrl-

548 4708 659 4747 nete
699 4691 1001 4757 imperantis
1038 4688 1285 4757 exemplo
1308 4701 1451 4749 usus,
1481 4686 1549 4737 ait
1579 4702 1589 4735 :
1620 4688 1874 4748 Quoniam
1918 4697 2081 4741 tanto-

548 4796 673 4847 pere
714 4794 809 4847 pro
840 4788 889 4830 te
917 4780 1247 4840 lacessimur,
1278 4791 1542 4844 nunquam
1584 4790 1648 4828 ex
1678 4784 1728 4827 te
1752 4791 1816 4828 ex
1853 4777 1954 4829 hoc
1977 4778 2085 4844 jam

549 4873 745 4923 fructus
775 4874 1018 4919 nascatur
1048 4866 1095 4915 in
1121 4873 1397 4917 mternum.
1431 4866 1514 4925 Et,
1546 4880 1577 4915 ο
1608 4864 1738 4916 mira
1764 4862 1968 4916 Domini
1996 4880 2088 4931 po-

551 4958 747 5019 tentia!
791 4954 943 5019 cujus
989 4951 1283 5014 excmplum
1330 4964 1541 5005 secutus
1587 4952 1755 5004 fuerat
1800 4951 1850 5004 in
1897 4953 2085 5013 verbo,

550 5020 785 5109 ejusdem
829 5050 879 5093 et
920 5041 1085 5092 Virtus
1124 5037 1452 5102 subsequitur
1492 5039 1541 5090 in
1572 5038 1791 5101 eli‘ectu;
1824 5054 1943 5093 nam
1972 5048 2089 5109 post

537 5146 655 5185 .non
686 5131 893 5195 longum
922 5130 1145 5197 spatium
1173 5126 1401 5179 arefacta
1431 5122 1669 5201 arbusta,
1698 5129 1835 5183 sicca
1876 5130 2087 5182 demum

543 5222 823 5291 permanet
845 5218 893 5270 in
916 5232 1100 5269 navum.
1133 5215 1319 5270 Merito
1342 5214 1499 5283 igitur
1526 5216 1578 5267 in
1606 5216 1709 5269 hoc
1734 5230 1895 5285 opere
1913 5217 2089 5272 Domi-

554 5312 727 5363 nicum
772 5314 983 5360 secutus
1025 5305 1354 5375 exemplum,
1384 5303 1607 5358 arbusta:
1634 5318 1749 5357 cum
1779 5305 1961 5361 fiducia
1991 5308 2089 5361 im-‘

554 5394 891 5464 peravitLqui
922 5392 1025 5446 lide
1060 5393 1358 5459 plenissima
1379 5390 1698 5445 Dominicam
1730 5396 1939 5449 tenebat
1963 5411 2086 5449 sen-

526 5476 532 5481 ’
555 5488 790 5546 tentiam,
818 5498 920 5551 qua
948 5481 1139 5535 dicitur
1167 5499 1177 5531 τ
1208 5483 1337 5546 Quia
1365 5483 1450 5549 qui
1478 5482 1634 5533 credit
1664 5482 1713 5533 in
1738 5498 1845 5545 me,
1878 5499 1975 5535 non
2002 5502 2081 5537 ao-

556 5577 657 5626 lum
687 5574 833 5640 faciet
860 5588 919 5624 ea
966 5586 1075 5637 quer
1109 5586 1200 5639 ego
1248 5574 1396 5635 facio,
1436 5571 1521 5626 sed
1545 5579 1591 5625 et
1638 5573 1852 5640 majora,
1898 5572 2083 5638 inquit,

553 5672 699 5729 lacte!
727 5659 898 5729 (Joau.
929 5677 1014 5713 xiv
1034 5704 1045 5725 ,
1087 5658 1191 5730 12).
2036 5656 2037 5659 “

2182 4517 2393 4569 quoilue
2422 4503 2606 4557 morbo
2652 4515 3038 4569 succrescente,
3062 4514 3175 4560 toto
3222 4523 3359 4576 pene
3383 4526 3608 4580 corpore
3634 4514 3732 4568 de-

2182 4592 2464 4645 cumbebat
2488 4592 2730 4657 tabidus;
2776 4594 2859 4647 cui
2906 4608 3025 4647 cum
3077 4594 3280 4665 Eligius
3332 4614 3493 4654 manu
3544 4610 3728 4655 sancta

2184 4680 2335 4735 latus.
2365 4691 2419 4735 et
2467 4684 2697 4736 membra
2739 4694 3143 4748 contrectasset,
3185 4688 3363 4739 statim
3409 4688 3731 4761 abscedente

2186 4770 2324 4833 tabo,
2354 4772 2604 4837 omnique
2634 4787 2757 4824 mox
2785 4772 2923 4825 malo
2949 4772 3193 4840 depulso,
3220 4772 3426 4828 sanavit
3452 4788 3645 4845 corpus
3695 4790 3726 4829 a

2182 4859 2351 4913 larido
2378 4861 2467 4913 illo
2495 4860 2702 4913 inorbo.
3531 4870 3535 4874 ‘

2536 5013 2544 5021 υ
2730 4945 2952 5003 CAPUT
3005 4946 3167 5004 xxv.

2552 5038 2629 5090 De
2652 5038 2939 5107 presbytero
2982 5038 3045 5091 at
3067 5056 3125 5093 eo
3151 5053 3349 5095 sanato.

2250 5122 2370 5176 Fuit
2390 5125 2604 5193 quidam
2656 5128 2930 5195 presbyter
2962 5127 3013 5178 in
3065 5123 3290 5193 quadam
3316 5126 3533 5181 ὀίωοεεί
3585 5128 3720 5195 ejus,

2185 5214 2401 5283 cui.plu
2432 5215 2521 5267 imi
2570 5215 2863 5268 vicinorum
2899 5213 3232 5267 inhonestum
3281 5214 3435 5269 valde
3480 5214 3726 5270 ferebant

2186 5303 2562 5365 testimonium,
2592 5315 2751 5368 quem
2781 5302 2977 5371 Eligius
2999 5300 3302 5371 frequenter
3325 5302 3506 5358 verbis
3554 5296 3727 5358 corri-

2185 5392 2352 5459 piens,
2384 5390 2633 5457 nequibat
2654 5405 2773 5443 eum
2796 5406 2827 5444 a
2873 5390 3095 5459 pristino
3139 5405 3395 5446 revocare
3441 5392 3723 5458 contagio;

2185 5494 2409 5546 cumque
2438 5479 2898 5534 latiusinfaustum
2944 5479 3057 5546 eius
3094 5478 3458 5535 crebresceret
3500 5478 3727 5542 vitium.

2188 5584 2291 5621 non
2316 5567 2526 5636 patiens
2549 5569 2684 5623 ultra
2714 5570 2913 5640 Eligius
2958 5575 3103 5622 tanta
3146 5565 3373 5619 nefanda
3424 5567 3611 5623 audire
3653 5567 3727 5621 de

2188 5657 2298 5720 illo,
2335 5656 2418 5712 die
2466 5657 2686 5724 quadam
2709 5658 3015 5713 accersitum
3044 5654 3109 5710 ad
3152 5670 3212 5710 se
3259 5670 3471 5713 causam
3516 5656 3721 5722 vulgati
