3912 6370
172 457 272 512 567

1705 458 1878 510 Vt'l'A.

3274 466 3374 515 5.33

169 571 404 626 criminis
441 581 820 640 percunctatur
847 612 861 635 ,
910 572 1130 627 hortans
1178 587 1300 628 eum
1372 572 1612 628 mode.tc
1655 571 1721 625 ad
1753 579 1798 634 Α
1828 570 1936 624 bito
1981 571 2281 628 columnam
2313 587 2451 644 ignis
2498 589 2530 630 e
2581 577 2716 632 cmlo
2769 575 3115 643 descendere,
3159 580 3380 630 cubicu-

167 660 611 734 emendationetn,
668 662 902 716 invitans
928 663 1123 717 leniter
1169 663 1236 716 ad
1281 661 1722 717 confessionem:

166 760 224 805 st
244 752 332 806 ille
359 753 512 818 longe
530 767 560 805 a
590 767 651 806 se
673 754 782 806 tale
806 752 934 820 quid
963 752 1163 814 factum
1192 752 1484 820 abnegans,
1512 753 1726 807 audaci-

168 850 252 894 ter
281 843 488 909 culpam
514 841 802 896 defendere
832 842 1122 908 nitebatur,
1163 841 1284 912 plus
1329 842 1574 896 videlicet
1604 857 1726 911 per-

168 930 452 984 timescens
487 930 964 1008 bominem_quam
1016 930 1249 984 divinam
1280 938 1522 985 metuens
1565 932 1724 985 ultio-

166 1031 312 1072 nem.
341 1019 488 1072 Tunc
516 1018 712 1086 Eligius
761 1033 880 1073 eum
910 1018 1055 1072 nulla
1085 1032 1207 1073 eum
1258 1024 1466 1074 ratione
1509 1020 1724 1076 ﬂectere

169 1107 437 1172 possetad
485 1107 894 1172 confessionem,
947 1110 1427 1163 cacommunicavit
1463 1123 1609 1175 enm,
1663 1123 1724 1163 ιιι

167 1197 382 1250 interim
405 1198 498 1264 qui
544 1211 642 1263 pro
668 1196 900 1251 admisso
927 1197 1136 1252 scelere
1165 1197 1376 1266 publice
1417 1201 1722 1263 pmniterct,

167 1283 316 1337 nullo
343 1283 502 1338 modo
540 1286 708 1339 altare
735 1285 919 1340 adiens
946 1301 1096 1340 sacra
1150 1286 1408 1356 mysteria
1450 1287 1725 1342 celebrare

164 1381 534 1442 presumeret,
589 1376 922 1430 comminans
970 1376 1194 1429 multum
1242 1386 1404 1443 atque
1445 1375 1724 1444 pollicens,

161 1463 314 1533 quod
335 1465 381 1517 si
427 1463 480 1516 id
523 1464 683 1538 ultra.
714 1474 1012 1531 usurparet,
1049 1478 1170 1518 sese
1219 1464 1520 1518 nullatenus
1547 1473 1727 1532 posset

166 1551 356 1616 latere,
387 1553 482 1607 sed
507 1553 654 1606 illico
672 1569 732 1607 se
757 1554 931 1622 palam
978 1554 1188 1616 adesse,
1217 1562 1273 1606 et
1298 1556 1536 1608 scvetius
1565 1556 1615 1606 in
1662 1570 1726 1605 eo

163 1641 378 1708 culpam
402 1641 689 1695 vindicare.
740 1641 919 1696 Atille
943 1657 973 1695 a
1005 1642 1143 1696 facie
1169 1645 1288 1710 ejus
1313 1655 1578 1708 egressus,
1630 1657 1727 1707 pro

165 1730 335 1784 nihilo
355 1729 556 1784 ducens
580 1732 751 1786 minas
786 1731 974 1799 ipsius.
1007 1733 1122 1786 dies
1149 1747 1276 1785 suos
1323 1732 1374 1784 in
1405 1731 1724 1797 negligentia

161 1822 570 1876 consummabat
601 1839 615 1873 :
647 1823 927 1876 transactis
955 1835 1133 1875 autent
1165 1821 1348 1889 paucis
1374 1822 1580 1883 diebus,
1624 1836 1688 1872 ex
1712 1849 1724 1860 -

1827 662 2042 730 lnmque
2069 661 2455 721 Ilercbenoaldi
2500 668 2839 724 vehementer
2877 678 3182 736 penetrare,
3212 677 3267 722 et
3299 678 3376 722 ta-

1827 752 1933 805 cite
1969 767 2150 807 sceum
2193 767 2440 810 eventum
2476 758 2552 812 rei
2589 759 2952 822 considerans,
2985 759 3258 811 interitum
3288 759 3379 811 be-

1827 844 1942 896 stiae
1965 843 2105 899 illius
2126 844 2354 900 diacono
2401 861 2521 910 suo,
2572 848 2660 914 qui
2693 847 2827 902 forte
2871 846 3017 902 solus
3041 862 3161 901 cum
3191 861 3257 900 eo
3303 848 3384 900 in-

1830 941 2020 986 ventus
2067 941 2206 998 erat,
2257 933 2471 988 indicat.
2504 933 2795 990 Confestim
2845 949 2972 990 vero
3023 933 3383 989 Hercltenoal-

1828 1019 1930 1076 dus.
1957 1019 2158 1074 ultione
2185 1020 2361 1074 divina
2389 1035 2693 1088 percussus,
2726 1038 2846 1076 cum
2889 1023 3065 1076 subito
3115 1024 3166 1076 in
3220 1022 3376 1075 inter-

1831 1111 1912 1164 nis
1968 1110 2261 1166 visceribus
2314 1119 2466 1164 vasto
2509 1121 2839 1164 cremaretur
2904 1111 3176 1174 incendio,
3226 1109 3379 1178 jussit

1833 1199 2071 1264 protinus
2100 1197 2166 1251 ad
2194 1213 2253 1252 se
2278 1199 2458 1253 vocari
2489 1198 2745 1265 Eligium;
2779 1199 3014 1265 quicum
3050 1207 3266 1252 vocatus
3294 1197 3386 1249 ad-

1833 1285 2038 1348 fuisset,
2087 1295 2145 1341 et
2184 1286 2391 1340 videret
2433 1301 2554 1340 eum
2585 1286 2926 1339 vehementer
2953 1286 3096 1352 angi,
3126 1287 3286 1351 coepit
3337 1284 3384 1336 ei

1829 1373 2075 1440 suadere,
2107 1382 2163 1426 ut
2183 1375 2306 1442 quia
2329 1374 2440 1443 jam
2471 1376 2518 1428 ei
2560 1376 2768 1428 vivendi
2819 1391 2921 1427 non
2966 1374 3149 1427 aderat
3174 1375 3382 1436 liducia,

1830 1462 1910 1513 vel
1949 1463 2052 1514 hoc
2085 1462 2284 1516 faceret
2310 1465 2599 1518 moriturus
2624 1463 2766 1530 quod
2817 1481 2919 1517 non
2970 1462 3168 1516 fecerat
3194 1476 3387 1533 sponte

1831 1552 1995 1613 vivus,
2026 1552 2230 1604 scilicet
2259 1559 2316 1603 ut
2341 1553 2590 1606 sacculos
2636 1551 2890 1619 copiosos
2917 1551 3132 1604 metallo
3160 1554 3271 1604 auri
3303 1567 3386 1605 rc-

1829 1636 2012 1700 fertos,
2065 1652 2201 1704 quos
2228 1653 2407 1692 secum
2431 1641 2553 1706 equi
2603 1641 3212 1708 vebebantiueomptos,
3260 1656 3388 1709 pau-

1832 1727 2044 1795 peribus
2063 1726 2172 1794 jam
2197 1728 2313 1781 sine
2341 1728 2600 1782 dilatione
2627 1744 2726 1797 pro
2755 1730 3032 1798 refrigerio
3067 1744 3174 1784 sum
3203 1730 3390 1783 anitum
3467 1746 3485 1752 ι

1833 1815 2108 1879 tribueret,
2159 1816 2260 1869 hoc
2282 1820 2329 1870 ei
2355 1817 2528 1870 solum
2566 1826 2811 1871 astruens
2840 1819 3118 1886 prodesse,
3149 1818 3238 1871 illa
3265 1834 3392 1872 vero

165 1911 705 1965 communicationem
735 1911 968 1966 hominis
1021 1911 1112 1964 Dei
1155 1910 1320 1963 veluti
1364 1909 1474 1977 jatn
1525 1910 1725 1962 invete-
1761 1908 1805 1965 Β
1829 1918 1948 1970 qua!
1980 1906 2030 1958 in
2062 1906 2325 1960 thesauris
2355 1906 2711 1974 relinquebat,
2761 1908 2945 1976 procul
2996 1909 3161 1962 dubio
3202 1909 3391 1962 animat

165 2007 339 2051 ratam
400 1999 728 2066 negligenter
775 1999 1110 2061 oblitterans,
1155 2000 1384 2065 quadam
1413 1997 1500 2050 die
1537 1997 1723 2060 altare,

161 2086 486 2141 sacrificium
528 2089 823 2154 oblaturus,
855 2089 1194 2156 aggreditur;
1244 2101 1470 2154 eumque
1501 2085 1726 2154 primatu

161 2174 354 2228 altaris
408 2184 612 2244 partem
661 2175 954 2244 intrepidus
999 2175 1192 2232 adiret.
1244 2175 1425 2228 statim
1478 2173 1729 2226 divinitus

164 2277 474 2332 percussus,
502 2279 568 2318 ac
596 2266 941 2319 vehementer
960 2265 1011 2317 in
1042 2274 1238 2318 tetram
1267 2272 1585 2332 prostratus,
1631 2278 1730 2315 ex-

162 2353 410 2421 spiravit.
443 2355 517 2406 l-Lx
543 2368 652 2420 quo
681 2353 822 2408 facto
853 2354 1018 2422 empit
1045 2353 1339 2420 indignatio
1388 2352 1540 2420 tligii
1594 2369 1726 2406 cun-

163 2443 268 2496 etis
295 2440 549 2497 terribilis
578 2443 760 2504 videri.
788 2457 1072 2512 sermoque
1109 2441 1225 2510 ejus
1264 2442 1375 2510 jam
1427 2442 1566 2510 apud
1614 2457 1728 2496 om-

162 2543 263 2587 nes
310 2532 588 2586 oraculum
633 2534 842 2588 ctelitus
890 2533 1210 2603 computari.
1263 2532 1380 2601 Ipse
1426 2547 1555 2586 vero
1607 2547 1727 2584 cunt

160 2624 515 2693 comperisset
561 2625 981 2679 internecionem
1017 2634 1126 2677 tam
1174 2623 1559 2677 exsecrabilem
1590 2622 1730 2676 illius

161 2713 479 2775 miserandi,
505 2714 850 2767 vehementer
874 2728 998 2768 eum
1026 2713 1183 2776 luxit,
1213 2720 1268 2766 et
1294 2711 1473 2765 multis
1512 2710 1725 2765 demunt

160 2802 307 2855 male
329 2801 629 2856 viventibus
649 2801 719 2855 ad
745 2803 1053 2870 exemplum
1073 2801 1400 2870 corrigenda:
1429 2800 1728 2855 vitat-eunt-

160 2889 289 2944 dem
317 2889 378 2944 in
423 2891 751 2958 argumentis
777 2892 1073 2960 proposuit.
1120 2889 1384 2946 Prmterea
1426 2890 1626 2959 Eliglus
1675 2893 1724 2943 ιιι

161 2987 378 3034 tantum
407 2983 602 3036 mentis
625 2979 933 3036 sinceritate
959 2980 1279 3051 profecerat,
1305 2979 1491 3036 sedule
1535 2980 1646 3036 Deo
1676 2981 1726 3034 in

162 3073 382 3143 hymnis
425 3083 480 3126 et
530 3072 860 3126 orationibus
904 3070 1164 3136 serviens,
1213 3077 1376 3138 atque
1404 3070 1476 3124 ita
1521 3069 1727 3124 cunctis

163 3163 332 3216 animi
358 3162 642 3216 virtutibus
666 3161 980 3218 sublimatus
999 3161 1239 3226 ﬂorebat,
1265 3170 1323 3215 ut
1350 3175 1726 3228 nonnunquam

166 3265 233 3301 ea
256 3265 382 3317 qua:
405 3251 583 3303 fututa
611 3259 765 3303 erant
813 3253 1065 3318 prascius
1090 3250 1247 3317 longe
1297 3258 1422 3302 ante
1473 3263 1728 3317 pmlllltt-
1758 3234 1804 3294 C

162 3343 360 3404 tiaret,
382 3339 449 3393 ad
477 3341 621 3408 quod
645 3339 1021 3402 declarandum
1068 3339 1425 3398 necessarium
1472 3353 1596 3393 reor
1648 3340 1729 3391 vel

161 3446 341 3500 pauca
368 3430 438 3484 de
462 3431 703 3501 plurimis
723 3445 996 3485 enarrare.

713 3558 935 3616 CAPUT
972 3557 1156 3614 XXVI.

164 3674 246 3726 De
272 3675 452 3746 gratia
477 3673 760 3742 prophetia:
783 3672 950 3788 cidem
976 3672 1187 3793 ergata,
1233 3682 1283 3725 et
1311 3673 1372 3725 de
1421 3682 1579 3726 morte
1629 3673 1730 3726 Er-

804 3757 831 3792 c
850 3756 996 3793 tenoa
1079 3778 1093 3793 .

804 3756 928 3792 cuen
935 3756 1013 3793 σαι
1019 3756 1070 3793 tu
1079 3778 1093 3793 ο

237 3851 492 3918 Quodam
519 3852 698 3919 itaque
722 3859 966 3919 tempore
1003 3851 1200 3905 obnixe
1237 3852 1304 3904 ab
1333 3841 1736 3908 Ilcrchenoaldo

159 3929 360 4009 palatii
393 3937 700 4007 prteposito.
756 3937 1041 4006 quamdam
1067 3938 1136 3992 ob
1191 3951 1409 3993 causam
1442 3941 1623 4009 procul
1668 3944 1735 3995 ab

158 4030 374 4100 oppido
437 4043 624 4102 secum
688 4018 910 4098 pergere
964 4019 1017 4082 in
1080 4028 1340 4083 comitatu
1408 4031 1731 4098 rogabatur;

159 4128 219 4173 at
248 4120 348 4174 ille
393 4133 578 4173 secum
625 4118 787 4172 multa
816 4128 1070 4189 reputans
1109 4121 1370 4176 renu'ebat
1424 4121 1734 4189 pncdiclum

157 4212 272 4263 iter
299 4222 374 4262 eo
396 4216 640 4274 tempore
677 4221 798 4262 cum
818 4207 936 4276 ipso
980 4208 1246 4277 arripere;
1295 4210 1584 4277 cogebatur
1611 4207 1736 4262 vero

158 4312 190 4349 a
217 4295 534 4351 senioribus
561 4301 618 4348 et
643 4294 924 4350 abbatibus
969 4296 1200 4352 civitatis
1242 4313 1376 4365 sum,
1430 4308 1487 4365 ut
1513 4314 1737 4367 quoquo

160 4385 336 4440 modo
378 4383 712 4442 satisfaceret
757 4383 1022 4439 voluntati
1069 4385 1203 4454 ejus,
1251 4402 1320 4440 ne
1369 4403 1466 4456 pro
1504 4403 1736 4442 excusa-

161 4475 322 4528 tione
352 4473 564 4556 itineris
590 4471 965 4528 olendiculum
994 4473 1077 4528 vel
1103 4474 1431 4530 inimicitiam
1453 4484 1566 4530 tam
1595 4490 1734 4544 pne-

159 4557 492 4617 stantissimi
529 4561 828 4632 incurreret
861 4563 982 4618 viri.
1031 4562 1270 4618 Tandem
1314 4573 1494 4618 autem
1547 4565 1613 4618 ab
1657 4567 1737 4618 eis
1771 4565 1816 4622 ί)

159 4655 220 4707 in
271 4650 566 4722 propatulo
595 4652 919 4718 respondere
958 4654 1290 4722 compulsus.
1321 4656 1396 4708 ait
1427 4672 1439 4705 :
1471 4654 1606 4720 Quid
1646 4670 1737 4708 tte-

159 4755 328 4797 eesse
351 4747 460 4805 est,
506 4736 717 4800 fratres,
765 4739 907 4805 quod
951 4740 1108 4795 nobis
1153 4749 1351 4794 tantam
1402 4743 1739 4796 vexationem

159 4831 451 4887 conamini
479 4830 756 4898 ingerere;
793 4842 894 4897 ego
922 4828 1103 4897 procul
1127 4829 1290 4885 dubio
1319 4831 1444 4884 novi
1472 4830 1618 4897 quod
1646 4845 1740 4882 vos

159 4924 404 4981 mnino
428 4922 664 4986 nescitis,
719 4921 974 4990 quoniam
1005 4922 1050 4975 si
1079 4919 1205 4978 illuc
1255 4920 1738 4991 properaverimtts,

161 5024 434 5080 magnam
458 5010 654 5064 ibidem
678 5009 930 5079 injuriam
968 5011 1176 5080 passuri
1203 5024 1418 5077 sumus;
1448 5008 1571 5063 hinc
1600 5008 1740 5062 enim

165 5105 347 5159 homo
378 5113 604 5170 pergens
631 5100 777 5154 vadit
798 5100 945 5162 illuc.
975 5101 1071 5156 sed
1099 5103 1252 5157 vivus
1272 5157 1277 5162 ,
1299 5101 1496 5157 exinde,
1519 5115 1625 5155 non
1655 5115 1742 5153 re-

163 5201 446 5255 vertetur,
473 5190 582 5245 illic
631 5191 828 5245 etenim
858 5191 1136 5244 morietur.
1187 5188 1359 5243 Porro
1398 5198 1520 5256 post
1545 5204 1745 5257 paucos

161 5280 293 5336 dies
317 5276 626 5344 completur
651 5292 830 5333 sermo
853 5275 989 5345 ejus,
1010 5282 1064 5332 et
1091 5289 1214 5330 cum
1248 5276 1338 5329 vix
1389 5276 1572 5343 acturi
1587 5275 1744 5328 simul

163 5372 244 5427 ad
266 5367 605 5426 destinatam
630 5367 881 5436 prmdium
922 5365 1306 5436 pervenissent,
1335 5363 1522 5432 ibique
1540 5364 1746 5433 aliquot

322 5441 912 5532 commot‘arentur,'ita
940 5463 1001 5509 ut
1045 5453 1244 5510 dudum
1277 5452 1596 5520 prmdixerat
1626 5466 1747 5504 con-

169 5551 321 5616 tigit.
357 5545 600 5611 Denique
621 5541 846 5609 quadam
874 5550 1034 5594 nocte
1082 5558 1204 5597 cum
1253 5543 1366 5595 alto
1414 5553 1607 5608 sopore
1632 5554 1746 5591 om-

171 5654 278 5693 nes
303 5635 676 5706 quiescerent,
726 5629 944 5685 fortuitu
987 5630 1183 5698 Eligius
1208 5646 1457 5700 egressus
1503 5629 1746 5683 taberna-

171 5729 370 5786 culum
399 5764 415 5786 ,
464 5724 590 5778 dum
645 5723 768 5778 foris
810 5732 933 5776 ante
980 5721 1296 5787 vestibulum
1348 5708 1744 5786 deambularct,

178 5836 248 5872 ac
276 5817 355 5870 de
383 5813 604 5881 psalmis
630 5811 805 5867 neScio
849 5811 974 5881 quid
1000 5824 1186 5867 secum
1216 5812 1476 5874 volveret,
1504 5809 1634 5865 vidit
1661 5824 1746 5862 su-

1829 2007 1936 2046 suc
1966 1997 2176 2048 obesse.
2207 1995 2310 2049 Sed
2341 1997 2448 2059 ille,
2477 1997 2617 2050 sicut
2657 2012 2888 2066 semper,
2919 1997 3157 2065 rapidus,
3191 1998 3262 2050 ita
3308 2008 3390 2051 te-

1831 2092 1931 2132 nax
1965 2089 2018 2133 et
2041 2095 2254 2146 avarus,
2280 2083 2406 2135 dum
2432 2098 2609 2141 moras
2634 2085 2904 2139 dilationis
2923 2084 3129 2153 longius
3151 2085 3389 2148 innectit,

1829 2178 2048 2235 repente
2074 2170 2232 2221 miser
2261 2171 2506 2237 spiritum
2535 2171 2842 2236 exhalavit;
2864 2173 3014 2241 cujus
3041 2188 3236 2242 corpus
3281 2173 3389 2226 Eli-

1828 2260 1943 2326 gius
1965 2273 2146 2312 secum
2171 2275 2267 2327 pro
2294 2261 2657 2315 misericordia
2689 2261 2948 2327 referens,
2971 2263 3257 2332 sepultura:
3287 2273 3391 2317 tra-

1828 2348 1978 2407 didit,
2009 2361 2070 2399 ac
2098 2349 2175 2401 sic
2206 2347 2367 2400 verba
2416 2364 2509 2405 sua
2560 2349 2768 2404 cunctis
2799 2351 3083 2406 manifeste
3128 2352 3393 2433 completa

1831 2437 2082 2488 ostendit.

2363 2527 2588 2583 CAPUT
2651 2528 2860 2584 XXVII.

2045 2617 2122 2670 De
2149 2629 2309 2673 morte
2337 2618 2560 2673 Ποιναάί
2585 2619 2646 2672 ab
2676 2637 2734 2674 eo
2763 2632 2881 2674 ante
2909 2625 3171 2690 ;.ra'dicla.

1900 2724 2157 2780 Similiter
2202 2727 2400 2805 dudum
2427 2729 2496 2784 de
2541 2739 2714 2784 morte
2761 2746 2973 2799 quoque
3003 2732 3219 2786 Flavadi
3273 2750 3395 2788 cru-

1829 2815 2084 2870 delissimi
2114 2817 2227 2872 viri
2259 2818 2510 2873 fratribus
2556 2810 3008 2888 pranuntiaverat
3039 2841 3050 2875 :
3101 2840 3221 2876 nam
3270 2842 3391 2880 cunt

1830 2909 2080 2975 pra-fatus
2151 2919 2408 2978 tyrannus
2472 2909 2814 2964 Willibadum
2880 2909 3391 2966 Christianissitnunt

1832 3002 2021 3066 virum,
2051 2999 2368 3068 Burgundize
2398 3001 2709 3068 patricium,
2757 3000 2971 3055 innoxie
3020 3001 3394 3065 interfecisset,

1832 3103 1995 3159 atque
2040 3091 2160 3162 ejus
2185 3109 2328 3146 mors
2357 3092 2526 3160 El'gio
2555 3094 2791 3147 nuntiata
2821 3093 3026 3154 fuisset,
3059 3093 3147 3147 ille
3177 3095 3240 3147 ad
3283 3095 3396 3147 lucc

1834 3198 1863 3234 e
1893 3185 2162 3236 contrario
2192 3184 2289 3237 ista
2322 3183 2659 3236 narrantibus
2684 3184 2976 3250 respondit,
3011 3184 3194 3238 dicens
3224 3201 3238 3236 :
3290 3184 3399 3238 Vos

1837 3271 2048 3335 quidem
2097 3273 2420 3324 asseveratis
2467 3268 2810 3322 Willihadum
2859 3273 3122 3324 mortuum
3150 3310 3165 3333 ,
3207 3273 3397 3326 Flava—

1834 3359 1958 3412 dum
1991 3373 2117 3414 vero
2143 3360 2317 3412 vivum
2342 3376 2355 3423 ;
2386 3371 2486 3426 ego
2515 3367 2694 3411 autem
2725 3357 2873 3411 illum
2924 3375 3080 3427 quem
3108 3360 3287 3414 dicitis
3317 3364 3394 3412 in-

1836 3448 2086 3501 tefectum
2117 3447 2241 3501 novi
2283 3463 2379 3516 pro
2422 3447 2629 3502 eximiis
2673 3447 2874 3501 meritis
2903 3449 3091 3501 melius
3124 3459 3274 3502 'nunc
3322 3451 3397 3501 vi-

1835 3553 1961 3592 vere
2009 3538 2061 3590 iu
2092 3538 2259 3601 cmlo;
2308 3537 2454 3590 illum
2488 3552 2614 3591 vero
2643 3549 2800 3605 quem
2841 3553 2934 3592 vos
2955 3538 3274 3606 applauditis
3323 3543 3400 3590 vi-

1835 3641 1981 3686 vum,
2005 3627 2198 3679 scitote
2227 3627 2389 3680 celeri
2415 3625 2783 3679 internecione
2812 3628 2951 3679 male
3000 3627 3114 3679 fore
3169 3634 3396 3680 tnor'tn-

1836 3713 2101 3770 runt.°Cui
2149 3729 2506 3767 cumtausam
2558 3714 2712 3781 hujus
2743 3714 3125 3768 immutatiouis
3171 3703 3394 3784 percun-

1835 3815 2124 3867 ctarentur,
2152 3803 2385 3869 apertius
2410 3801 2552 3855 illico
2573 3804 2949 3870 praenuntiatus,
2980 3804 3054 3855 ait
3085 3821 3099 3857 :
3134 3802 3254 3858 Ilmc
3275 3805 3396 3858 ideo

1837 3895 1966 3957 dixi,
1997 3894 2118 3960 quia
2151 3895 2230 3944 vir
2261 3892 2348 3944 ille
2380 3906 2532 3944 verus
2566 3892 2655 3944 Dei
2687 3892 2860 3946 cultor
2887 3903 3126 3946 mortuus
3155 3893 3221 3945 ad
3262 3903 3396 3947 tent-

1839 4000 1936 4052 pus
1958 3985 2182 4047 videtur,
2216 3982 2307 4034 sed
2332 3982 2443 4050 jam
2467 3983 2583 4035 sine
2615 3984 2716 4035 line
2747 3981 2973 4036 feliciter
3003 3984 3162 4046 vivit;
3193 3983 3384 4037 Flava-

1837 4075 1934 4126 dus
1979 4088 2128 4134 vero,
2160 4073 2247 4140 qui
2278 4087 2374 4140 per
2415 4072 2621 4140 prolixa
2651 4081 2892 4140 tempora
2921 4075 3100 4126 vivere
3151 4084 3390 4142 putatur,

1838 4163 1972 4217 infra
2015 4169 2112 4216 ltos
2135 4163 2316 4216 decent
2346 4162 2462 4214 dies
2487 4163 2643 4224 male,
2674 4173 2732 4214 ut
2762 4162 2952 4228 dignus
2977 4172 3080 4224 est,
3112 4167 3388 4217 morietur.

1839 4256 1911 4305 Ita
1940 4267 2067 4319 ergo
2096 4251 2289 4305 factum
2319 4260 2401 4305 est
2420 4250 2556 4303 sicut
2576 4251 2690 4318 ipse
2718 4252 2987 4318 praedixit;
3039 4266 3160 4303 nam
3188 4261 3392 4321 septeni

1835 4343 2017 4394 diebus
2045 4341 2338 4403 transactis,
2374 4339 2591 4393 fortuitu
2622 4337 2884 4391 Flavadus
2906 4353 3218 4406 percussus,
3243 4341 3394 4407 juxta

1834 4434 2153 4485 sententiam
2179 4433 2273 4484 viri
2305 4432 2394 4484 Dei
2419 4429 2791 4484 miserabiliter
2819 4438 2906 4482 est
2926 4430 3227 4487 defunctus.

2366 4537 2590 4592 CAPUT
2627 4536 2856 4591 XXVIII.

2147 4628 2220 4679 De
2249 4628 2438 4679 visione
2456 4629 2776 4694 episcopatus
2799 4627 3071 4696 Simplicii.

1896 4722 2011 4776 Alia
2039 4704 2198 4774 etiam
2230 4723 2498 4786 complura
2533 4723 2815 4790 episc0pus
2863 4721 3030 4772 factus
3073 4718 3205 4771 mira
3249 4731 3390 4787 prin-

1827 4808 1986 4875 dixit;
2011 4810 2104 4865 sed
2133 4811 2257 4866 dum
2287 4810 2459 4864 adhuc
2485 4812 2584 4864 sub
2621 4809 2791 4863 laicali
2827 4808 3007 4861 habitu
3045 4818 3223 4873 esset,
3257 4823 3391 4875 pra:-

1827 4915 1983 4968 sagus
2011 4900 2181 4954 futura
2211 4898 2608 4967 praenuntiavit;
2645 4913 2707 4951 ex
2748 4898 2939 4966 quibus
2971 4905 3129 4952 nocte
3161 4898 3390 4964 quadam

1829 4992 1953 5046 dum
1983 4999 2261 5046 consuetas
2288 4990 2555 5041 orationes
2575 4988 2862 5056 explesse-t,
2895 4989 3165 5056 paululum
3193 4988 3245 5040 in
3274 4987 3391 5039 dis-

1829 5083 2008 5136 cubitu
2049 5081 2417 5147 requiescens,
2457 5081 2620 5148 cmpit
2655 5081 2833 5136 subito
2885 5082 2939 5135 in
2979 5079 3178 5135 somnis
3224 5079 3391 5135 velte-

1831 5179 2033 5246 menter
2067 5177 2341 5237 satagere;
2382 5185 2537 5238 quem
2575 5185 2695 5224 mox
2731 5171 2959 5234 clericus
2996 5168 3231 5224 excitum
3268 5179 3392 5223 eum

1830 5277 2040 5317 causam
2072 5261 2288 5314 visionis
2321 5260 2458 5316 illius
2486 5263 2869 5331 interrogaret,
2901 5259 3202 5330 hujusmodi
3231 5261 3298 5320 ab
3326 5274 3393 5313 eo

1814 5367 2141 5429 responsum
2189 5355 2647 5424 audivitanper,
2697 5354 2886 5423 inquit,
2939 5352 3241 5422 Simplicius
3289 5351 3391 5406 Le-

1833 5440 2107 5496 movicinte
2156 5444 2299 5497 urbis
2337 5444 2613 5512 episcopus
2659 5444 2903 5515 migravit
2949 5444 3016 5497 de
3066 5440 3295 5506 mundo,
3337 5451 3393 5494 et

1830 5545 1957 5587 ecce
2001 5535 2160 5588 modo
2184 5534 2293 5601 jam
2320 5535 2466 5587 Felix
2511 5534 2600 5601 qui
2631 5535 2930 5588 sacerdotio
2973 5533 3214 5594 sortitur,
3265 5532 3391 5585 mis-

1832 5637 1921 5677 sos
1948 5623 2014 5678 ad
2041 5638 2138 5678 nos
2173 5623 2488 5685 destinavit,
2536 5632 2590 5675 ut
2625 5622 2739 5690 ejus
2783 5622 2913 5689 parti
2963 5620 3206 5673 solatium
3257 5632 3393 5686 prae-

1833 5714 2081 5778 beamus;
2111 5727 2230 5767 eum
2264 5711 2392 5777 ipsis
2418 5711 2630 5778 quidem
2677 5725 2816 5766 nunc
2859 5711 3136 5777 loquebar;
3176 5710 3390 5764 solliciti
3462 5760 3469 5765 .

1835 5819 1960 5875 ergo
1989 5818 2124 5859 nunc
2150 5812 2349 5872 estote,
2381 5806 2515 5862 haud
2563 5807 2746 5877 procul
2793 5804 2935 5858 enim
2975 5813 3120 5858 sunt.
3164 5801 3305 5858 Dixit
3336 5816 3389 5858 et
