3934 6228
1683 379 1736 433 S.
1780 375 1976 432 ELIGII
2017 374 2290 429 NOVIOM.
2334 371 2540 425 EPISC.

3639 356 3747 411 560

538 491 861 561 conquievit,
890 499 944 544 et
988 504 1112 545 ecce
1141 500 1261 559 post
1313 490 1425 557 ejus
1461 489 1621 542 verba
1675 503 1793 540 cum
1842 487 1929 540 lux
1978 484 2081 537 dici
2113 488 2154 543 Α
2187 480 2271 535 ubi
2319 480 2386 533 ab
2413 479 2582 547 Eligio
2626 475 2917 530 honorifice
2963 478 3242 543 susceptus
3276 478 3392 561 est.
3428 465 3748 561 Contigerat

537 584 690 636 daret
715 580 938 643 initium,
978 590 1253 649 C(eperuut
1280 588 1498 648 repente
1524 578 1756 647 przcdicti
1788 576 1951 631 nuntii
1984 590 2080 627 vc-

539 674 781 728 stibulum
809 674 995 727 domus
1034 672 1268 743 pulsare,
1306 674 1395 741 qui
1423 673 1563 727 illico
1592 672 1809 739 ingressi
1834 671 2084 724 nuntiant

540 763 774 832 episcopi
828 771 1077 823 mortem,
1129 770 1425 830 cunctaque
1453 762 1521 814 ita
1563 775 1681 815 esse
1724 769 1893 827 gesta,
1942 760 2081 813 sicut

534 854 644 921 jam
673 852 873 920 Eligius
891 853 1233 920 praedixerat.
1263 853 1408 907 Tunc
1444 868 1570 907 vero
1599 854 1883 927 ollerentes
1908 852 2083 919 copio‘

538 958 651 997 sam
679 941 955 1010 pecuniam
1004 956 1033 994 a
1085 942 1255 997 Felice
1298 940 1759 1012 pio‘adminiculo
1806 941 2087 1010 episcopa-

540 1043 623 1086 tus
648 1034 881 1095 missam,
912 1032 1211 1107 nullatenus
1258 1033 1480 1087 suadere
1506 1039 1792 1101 potuerunt
1838 1038 1896 1085 ut
1934 1030 2088 1098 quid-

539 1122 677 1190 piam
700 1137 772 1177 ex
800 1120 983 1175 eadem
1008 1123 1293 1190 acciperet,
1325 1122 1417 1177 sed
1442 1122 1677 1190 protinus
1708 1121 1971 1188 ingressus
2019 1119 2085 1171 ad

542 1210 828 1279 principem
856 1210 1089 1276 gratilice
1126 1219 1313 1264 cuncta
1361 1225 1478 1277 qua:
1523 1209 1783 1277 petierant
1837 1208 2080 1271 obtinuit,

538 1309 593 1353 et
610 1301 691 1355 sic
716 1300 923 1355 demum
949 1302 1171 1355 eosdem
1201 1300 1266 1352 ad
1294 1300 1506 1368 propria
1537 1314 1775 1353 remeare
1799 1300 1942 1353 fecit.

1095 1408 1320 1464 CAPUT
1360 1407 1539 1461 XXIX.

864 1498 939 1553 De
965 1499 1158 1552 visione
1180 1499 1507 1568 dispersianis
1534 1500 1769 1553 cmitobii.

610 1609 818 1665 Accidit
846 1611 1005 1663 etiam
1050 1617 1110 1663 ut
1155 1609 1363 1677 quidam
1413 1611 1597 1677 abbas,
1635 1610 1893 1665 vocabulo
1921 1611 2077 1664 Dom-

539 1698 711 1761 nolus,
755 1696 1066 1751 visitationis
1095 1699 1264 1766 gratia
1304 1697 1370 1751 ad
1419 1714 1542 1751 cum
1588 1698 1854 1766 quondam
1904 1697 2086 1765 profe-

538 1794 675 1849 ctus,
704 1786 901 1841 diutius
927 1787 1065 1855 apud
1114 1803 1234 1841 eum
1265 1796 1685 1841 commoraretur
1711 1804 1723 1838 :
1754 1787 1839 1840 cui
1886 1786 2085 1853 Eligius
2115 1817 2161 1875 1)
2195 1817 2388 1883 ﬂuxius
2426 1786 2675 1872 macri"
2703 1831 2819 1870 eam

541 1882 696 1930 nocte
717 1875 941 1944 quadam
967 1884 1087 1945 post
1104 1876 1337 1943 quietem
1365 1876 1623 1929 secretius
1648 1884 1890 1941 evocato,
1914 1876 2046 1930 dixit
2070 1894 2083 1930 :

538 1962 615 2017 Tu
645 1964 731 2018 hic
751 1979 971 2018 securus
998 1961 1266 2029 consistis,
1294 1963 1385 2017 sed
1411 1965 1788 2017 monasterium
1817 1965 1911 2019 tibi
1938 1980 2087 2020 com-

540 2054 1157 2126 itiissum'vebementer
1206 2054 1401 2108 inimici
1450 2055 1674 2123 impulsu
1721 2056 1974 2124 quatitur,
2028 2073 2089 2113 ac

541 2142 843 2195 daemonum
867 2141 1112 2209 procellis
1134 2141 1343 2197 fortiter
1364 2146 1777 2213 conquassatur;
1811 2146 1918 2199 vidi
1945 2147 2088 2200 enim

544 2229 599 2281 in
625 2229 830 2283 visione
860 2231 1027 2285 noctis
1050 2230 1245 2286 ﬂumen
1295 2232 1479 2301 ingens
1500 2234 1662 2287 multa
1694 2236 1740 2288 vi
1764 2249 1923 2303 super
1968 2250 2090 2290 eum

541 2321 766 2382 irruere,
797 2327 851 2372 et
878 2320 1130 2373 nonnulla
1153 2320 1376 2375 :cdiiicia
1404 2320 1639 2375 funditus
1682 2323 1748 2376 ad
1779 2324 1955 2376 solum
2006 2339 2091 2377 us-

537 2422 640 2475 que
659 2406 902 2473 diruere;
930 2410 1274 2476 quamobrem
1308 2424 1488 2480 perge,
1529 2425 1733 2477 quaeso,
1763 2412 1865 2465 nisi
1894 2426 2091 2466 onero-

538 2513 654 2550 sum
686 2506 789 2565 est,
824 2507 879 2552 et
899 2499 1017 2553 vide
1040 2507 1216 2551 utrum
1238 2512 1361 2564 erga
1390 2498 1584 2552 fratres
1607 2507 1798 2553 cuncta
1843 2514 2095 2568 prospere

540 2596 784 2655 agantur.
810 2586 969 2640 Tunc
1005 2586 1169 2640 abbas
1213 2584 1921 2652 sollicitudinecumulatns,
1967 2604 2093 2657 pro-

542 2677 684 2730 tinus
705 2677 893 2730 itinere
920 2686 1133 2745 arrepte
1164 2691 1435 2746 regressus
1460 2687 1538 2732 est
1562 2680 1627 2732 ad
1678 2680 2001 2742 emnobium,
2034 2690 2089 2734 et

532 2768 847 2835 priusquam
880 2766 1244 2836 ingrederetur
1290 2770 1669 2823 monasterium
1698 2770 1748 2823 ei
1794 2769 2094 2823 nuntiatum

542 2862 623 2908 est
650 2854 927 2909 duodecim
954 2855 1064 2909 fere
1093 2855 1283 2910 fratres
1304 2856 1598 2910 daemonum
1623 2857 1873 2910 instinctu
1904 2872 2097 2924 propo-

541 2944 646 2995 sito
675 2943 921 2997 monachi
970 2943 1158 2996 relicto
1184 2944 1425 2997 clancule
1455 2946 1520 2999 de
1568 2946 1894 2998 monasterio
1940 2945 2098 2999 fuisse

540 3024 807 3097 egressos,
835 3037 889 3082 et
910 3030 1022 3084 'ltuc
1052 3030 1281 3098 illucque
1308 3032 1483 3096 vagari
1532 3031 1784 3093 incertos,
1819 3033 2129 3101 saeculique'

772 3133 889 3215 esse
913 3119 1023 3186 jam
1074 3108 1303 3211 deditos.
1348 3119 1437 3174 Sic
1458 3134 1591 3188 ergo
1640 3122 1886 3189 praelatus
1933 3122 2097 3175 abbas
2125 3153 2171 3215 ρ

551 3207 705 3275 Eligii
742 3209 900 3261 verba
936 3223 1039 3261 non
1062 3209 1176 3263 sine
1195 3206 1545 3263 admiratione
1595 3210 1956 3273 rettiiniscens,
1995 3210 2099 3265 Do-

549 3295 677 3348 mini
731 3296 784 3351 in
838 3312 902 3351 eo
946 3298 1170 3365 gratiam
1219 3300 1508 3352 mirabatur
1559 3300 1821 3353 dilfusam.
1880 3298 2095 3353 Interim

548 3400 678 3439 vero
703 3386 772 3439 de
800 3386 968 3440 salute
996 3386 1216 3449 fratrum
1246 3387 1525 3451 sollicitus,
1555 3388 1623 3441 ad
1648 3403 1742 3443 eos
1771 3388 2100 3456 investigan-

549 3475 644 3526 dos
667 3482 916 3543 properat
935 3476 1271 3543 quantocius,
1298 3484 1352 3529 et
1378 3476 1660 3530 nonnullos
1682 3491 1747 3531 ex
1765 3476 1841 3531 eis
1860 3486 2101 3544 repertos

548 3565 615 3617 ad
660 3554 957 3619 eoenobium
1014 3566 1260 3633 reduxit,
1312 3566 1609 3635 aliquantos
1661 3575 1841 3621 tamen
1894 3567 2100 3634 longius

549 3655 851 3725 profugatos
880 3670 1140 3724 nusquam
1170 3656 1622 3724 comprehendere
1659 3656 1849 3725 potuit.

1109 3762 1329 3819 CAPUT
1364 3762 1529 3817 XXX.

815 3850 1030 3904 Cnidum
1053 3850 1147 3905 Dei
1175 3853 1366 3920 {amulo
1388 3855 1561 3920 futura
1591 3854 1849 3920 prwdixit.

625 3964 743 4016 Alia
766 3977 898 4018 vero
920 3972 1162 4031 tempore
1183 3977 1303 4017 cum
1327 3962 1520 4032 Eligius
1545 3963 1920 4017 monasterium
1950 3979 2101 4017 suum

557 4058 610 4111 in
641 4059 908 4113 territorio
933 4055 1279 4111 Lemovicino
1308 4056 1595 4119 visitasset,
1640 4054 1799 4122 atque
1846 4053 1971 4108 inde
2019 4069 2103 4107 re-

556 4150 711 4202 diens
740 4146 999 4202 Bituricae
1032 4147 1351 4208 devenisset,
1399 4140 1567 4199 voluit
1596 4143 1777 4198 videre
1826 4141 2105 4212 quemdam

565 4238 661 4305 qui
683 4237 787 4292 illic
806 4238 1116 4291 morabatur
1136 4236 1415 4296 inclusum,
1465 4233 1677 4287 nomine
1732 4231 2106 4297 Ebrigisilum;

562 4327 714 4393 cujus
741 4327 877 4380 bona
914 4326 1053 4380 fama
1074 4327 1141 4380 ab
1168 4326 1414 4380 omnibus
1444 4333 1567 4378 tunc
1593 4323 1834 4377 Biturica:
1853 4321 1994 4374 urbis
2013 4319 2110 4371 lio-

558 4414 793 4468 minibus
815 4412 1181 4466 celebrabatur
1212 4430 1223 4463 :
1254 4415 1364 4479 qui,
1388 4413 1650 4475 vi.lc|icet,
1678 4411 1915 4464 inclusus
1941 4408 2106 4460 indis-

2184 572 2324 623 enim
2358 578 2413 623 ut
2442 569 2510 621 ibi
2543 576 2669 621 tunc
2695 568 2926 628 adesset,
2976 572 3031 617 et
3074 564 3211 616 inter
3256 560 3431 613 dulcia
3477 557 3744 623 colloquia

2186 661 2408 715 boneste
2462 658 2619 711 valde
2672 666 2725 709 et
2772 653 3071 721 jocabiliter
3124 652 3469 719 increpatus,
3518 646 3741 699 demunt

2187 758 2306 817 post
2344 756 2666 802 transactam
2706 743 3013 813 petitionem
3060 742 3123 793 ad
3150 738 3372 809 propria,
3410 744 3495 793 est
3526 748 3742 801 regres-

2184 853 2295 890 κδ’
2756 898 2976 955 CAPUT
3014 896 3203 951 xxxr

2260 992 2439 1046 Ortum
2462 992 2836 1062 Lotlrariigrcgis
2861 991 2980 1045 olim
3007 988 3266 1057 prwdixt't,
3294 994 3345 1038 et
3363 987 3472 1037 alia
3492 983 3667 1049 plura.

2256 1086 2472 1158 Santet
2496 1103 2597 1157 alia
2627 1102 2792 1156 multa
2820 1116 2937 1168 qua:
2984 1098 3316 1151 familiariter
3344 1096 3574 1165 loquens
3604 1108 3751 1161 sape

2188 1195 2555 1263 prophetando
2576 1193 2835 1263 praedixit,
2863 1193 3003 1246 sicut
3052 1197 3107 1243 et
3162 1188 3228 1241 de
3254 1197 3425 1240 morte
3472 1183 3750 1253 quondam

2188 1284 2455 1337 llariberti
2495 1284 2655 1349 regis,
2686 1295 2842 1350 quam
2887 1279 3024 1333 sicut
3073 1274 3463 1345 praenuntiavit,
3497 1276 3574 1327 ita
3620 1281 3751 1342 pust

2187 1373 2458 1441 paululum
2505 1372 2711 1426 evenit.
2766 1371 2830 1423 Et
2881 1370 2948 1423 de
2998 1376 3172 1422 morte
3222 1365 3504 1433 Dagoberti
3560 1362 3752 1433 inclyti

2189 1462 2442 1529 principis
2468 1474 2672 1514 necnon
2700 1467 2756 1512 et
2807 1458 2876 1512 de
2914 1454 3459 1511 nativitate‘Lotharii
3478 1451 3752 1521 iunioris;

2192 1564 2309 1603 nam
2337 1564 2458 1603 cum
2507 1547 2679 1601 adhuc
2721 1557 2864 1601 esset
2909 1548 2959 1600 in
3013 1556 3165 1600 utero
3209 1545 3421 1609 inditus,
3451 1552 3505 1597 et
3558 1544 3753 1608 regina

2191 1650 2512 1705 magnopere
2538 1636 2608 1691 ob
2636 1636 2686 1689 id
2714 1636 2991 1705 pavitaret,
3023 1649 3210 1688 verens
3239 1648 3305 1687 ne
3344 1632 3502 1685 tiliam
3536 1631 3757 1694 ederet,

2188 1736 2243 1780 et
2289 1726 2358 1780 ob
2391 1726 2493 1779 hoc
2513 1739 2731 1793 regnum
2780 1724 3152 1779 succumberet
3180 1762 3195 1786 ,
3244 1722 3461 1775 venietis
3502 1720 3570 1773 ad
3624 1734 3755 1773 eam

2871 1815 3153 1879 recreavit,
3202 1822 3369 1881 atque
3413 1827 3596 1867 coram
3625 1826 3757 1864 om-

2209 1910 2338 1961 .ibus
2368 1923 2683 1977 puerperam
2734 1908 2994 1968 vocitans,
3042 1912 3251 1973 partum
3303 1904 3417 1971 ejus
3448 1902 3756 1957 masculum

2192 1996 2583 2063 ,:renuntiavit,
2614 2009 2875 2062 suumque
2925 1994 3087 2047 lilium
3126 2007 3191 2046 ex
3222 1991 3476 2061 mysterio
3521 2003 3758 2056 regene-

2189 2104 2201 2137 ξ
2276 2088 2408 2141 ‘onis
2456 2087 2569 2141 fore
2617 2087 2886 2155 prmdixit;
2919 2099 3110 2139 nomen
3160 2085 3319 2138 etiam
3351 2097 3515 2149 puero
3569 2082 3758 2138 adhuc

2190 2177 2239 2227 ira
2276 2176 2389 2229 alvo
2420 2176 2668 2246 imposuit
2694 2192 2708 2228 :
2739 2184 2793 2229 et
2819 2176 2885 2228 ad
2916 2175 3026 2229 lucc
3053 2174 3229 2227 omnia
3269 2172 3466 2227 certius
3487 2170 3753 2232 tenenda,

2191 2264 2455 2330 qvoddam
2505 2264 2794 2331 opificium,
2840 2264 2982 2330 quod
3033 2263 3255 2331 parvulo
3302 2270 3482 2331 posset
3527 2260 3710 2329 aptari
3739 2298 3755 2321 ,

2194 2353 2305 2407 fieri
2353 2354 2584 2422 rogavit,
2634 2362 2794 2419 atque
2822 2352 2888 2407 ad
2919 2368 3042 2407 usus
3069 2352 3204 2419 ejus.
3237 2366 3404 2419 usque
3445 2351 3573 2404 dum
3623 2365 3758 2403 nas-

2143 2497 2147 2501 .
2193 2456 2423 2507 cea'etur,
2456 2442 2711 2497 custodiri
2753 2442 2928 2511 jussit.
2986 2441 3111 2495 Haec
3154 2447 3332 2494 autem
3383 2439 3569 2494 omnia
3607 2439 3759 2493 sicut

2194 2534 2460 2604 praedixit,
2490 2533 2562 2586 ita
2584 2532 2796 2586 detuum
2827 2533 2905 2587 rei
2945 2540 3166 2587 eventus
3196 2532 3472 2600 probavit;
3520 2544 3647 2583 nam
3701 2539 3761 2583 et

2194 2621 2373 2689 regina
2398 2618 2558 2673 lilium
2584 2621 2827 2689 protulit,
2850 2630 2907 2675 et
2930 2618 3127 2688 Eligius
3147 2634 3268 2674 eum
3292 2620 3509 2673 filiolum
3534 2618 3757 2680 habuit,

2195 2728 2258 2765 ac
2300 2726 2493 2765 nomen
2539 2710 2841 2775 Lotliarius,
2893 2712 3033 2780 quod
3083 2711 3281 2765 dudum
3307 2711 3572 2765 indiderat
3601 2710 3757 2765 voci-

2195 2802 2341 2855 tavit.
2373 2801 2498 2857 Post
2521 2802 2662 2857 hunc
2690 2816 2906 2871 quoque
2932 2802 3071 2856 Deus
3093 2801 3332 2857 sobolem
3383 2802 3499 2867 ejus
3554 2800 3753 2853 multi-

2196 2890 2427 2958 plicavit,
2458 2900 2513 2944 et
2536 2892 2719 2961 genuit
2736 2892 2908 2945 adhuc
2950 2889 3087 2945 ﬁlios
3111 2890 3274 2953 duos;
3324 2889 3419 2942 sed
3463 2903 3590 2942 cum
3641 2896 3756 2940 tres

2193 2982 2302 3048 jam
2332 2982 2597 3051 procreati
2620 2990 2797 3037 essent
2822 2980 3046 3050 parvuli,
3072 2990 3127 3034 et
3150 2995 3246 3034 rex
3281 2993 3344 3033 ac
3368 2979 3552 3047 regina
3604 2979 3759 3048 paci-

2199 3070 2297 3123 tice
2324 3079 2575 3138 grateque
2621 3070 2991 3133 consisterent,
3023 3068 3181 3122 talem
3207 3067 3514 3123 relationem
3559 3055 3632 3122 de
3676 3067 3760 3122 eis

2202 3159 2253 3211 in
2275 3157 2460 3214 diebus
2488 3158 2591 3212 illis
2622 3158 2818 3226 Eligius
2846 3157 3105 3227 praedixit.
3588 3148 3591 3149 ⁷

2264 3247 2618 3314 Aspiciebam,
2652 3248 2840 3316 inquit,
2871 3248 2921 3299 in
2953 3247 3155 3301 visione
3176 3254 3431 3300 nocturna
3452 3259 3552 3300 ceu
3573 3244 3753 3298 solem

2197 3336 2338 3389 circa
2393 3336 2603 3387 tertiam
2626 3335 2755 3387 ~diei
2803 3336 2984 3388 boram
3036 3319 3408 3403 pi-nperantem
3434 3374 3450 3397 ,
3498 3334 3761 3401 clareque

2198 3424 2593 3493 praelucentem,
2640 3423 2816 3478 subito
2862 3438 3124 3491 nusquam
3167 3422 3553 3490 comparuisse,
3607 3437 3764 3475 cum-

2198 3528 2301 3581 que
2330 3513 2501 3567 adlmc
2525 3510 2751 3567 informe
2779 3512 3075 3583 prodigium
3126 3510 3351 3565 solerter
3395 3509 3757 3574 intenderem,

2198 3604 2448 3672 conspexi
2479 3604 2620 3659 illico
2648 3642 2665 3669 ,
2721 3612 2952 3661 et_ecce
2994 3603 3145 3671 quasi
3193 3602 3364 3655 media
3407 3601 3595 3654 aborta
3626 3600 3759 3653 luna

2200 3703 2309 3746 tres
2337 3691 2952 3760 circumquaquevallata
2984 3690 3164 3744 stellas
3210 3704 3277 3742 eo
3317 3690 3487 3743 teneri
3538 3688 3761 3741 tramite

2202 3782 2488 3846 visebatur,
2514 3794 2620 3848 quo
2648 3780 2731 3833 sol
2786 3794 2952 3832 recuri
2966 3793 3061 3831 ens
3084 3777 3320 3844 quotidie
3362 3777 3587 3829 vertitur
3612 3792 3628 3839 ;
3660 3776 3761 3827 ita-

2203 3883 2305 3936 que
2331 3882 2451 3920 cum
2479 3877 2535 3921 et
2587 3867 2695 3921 hoc
2739 3874 3038 3935 portentum
3062 3863 3315 3917 attonitus
3344 3871 3719 3929 exspectarem
3740 3902 3756 3924 ,

2205 3972 2327 4012 mox
2354 3957 2488 4010 intra
2519 3956 2760 4010 minantis
2787 3955 3029 4010 obtutum
3081 3953 3246 4009 stellis
3293 3952 3761 4021 permanentibus,

2204 4047 2328 4101 luna
2349 4044 2563 4099 fortuitu
2594 4053 2839 4112 exempta
2869 4051 2978 4108 est;
3007 4051 3125 4111 post
3151 4042 3264 4096 haec
3310 4057 3436 4097 vero
3462 4057 3585 4096 cum
3632 4042 3727 4095 eni
3748 4074 3762 4083 -

2205 4136 2321 4189 aius
2350 4142 2457 4188 tres
2478 4133 2591 4187 illas
2619 4131 3007 4188 considerar‘em
3046 4130 3244 4195 stellas,
3287 4132 3351 4183 ad
3397 4130 3585 4184 horam
3618 4145 3759 4199 pene

2207 4219 2847 4283 meridian’am'accederc,
2895 4234 2961 4274 ac
2988 4220 3217 4274 vicissim
3268 4217 3376 4273 suis
3428 4219 3596 4272 radiis
3640 4233 3763 4273 sese

2208 4322 2569 4383 repercutere,
2593 4327 2655 4365 ea
2686 4326 2803 4378 qua:
2840 4310 3064 4365 eximinr
3084 4324 3150 4362 ex
3182 4311 3347 4362 tribus
3367 4306 3653 4361 videbatur
3692 4322 3760 4362 ex

2210 4402 2496 4469 improviso
2537 4399 2763 4463 sublata,
2794 4397 2925 4450 duas
2957 4406 3160 4449 tantum
3212 4395 3425 4462 reliquit
3476 4394 3529 4447 in
3560 4410 3764 4463 propa-

556 4512 709 4557 vcrete
735 4516 843 4557 suae
872 4500 1220 4554 institutionis
1248 4501 1474 4566 rigorem
1501 4492 1739 4564 servans,
1774 4511 1872 4551 nec
1920 4495 2103 4549 facient

2212 4490 2352 4551 tulo;
2386 4486 2574 4540 deinde
2594 4500 2715 4538 cum
2754 4484 2909 4537 simul
2935 4482 3054 4536 dum
3081 4482 3180 4535 illa:
3219 4482 3459 4536 comitari
3508 4482 3761 4536 videren-

569 4590 777 4658 quidem
821 4605 967 4645 suam
1024 4589 1193 4655 Eligis
1233 4596 1364 4641 tunc
1394 4586 1618 4655 praebuit
1662 4585 1965 4650 videndam,
2020 4584 2111 4637 sed

570 4678 900 4733 solummodo
931 4694 1024 4746 per
1070 4677 1375 4740 fenestram,
1424 4684 1479 4728 et
1534 4674 1698 4742 ipsam
1748 4673 1943 4727 infecto
1975 4674 2111 4731 vitro

572 4767 825 4829 clausam,
855 4766 991 4819 sicut
1027 4769 1232 4820 caeteris
1267 4770 1637 4824 consueverat,
1679 4761 1905 4828 elogium
1938 4760 2114 4813 reddi-

574 4857 652 4909 dit
683 4872 697 4909 :
729 4854 814 4910 cui
864 4852 1061 4923 Eligius
1106 4864 1226 4920 post
1270 4851 1648 4921 aliquantulam
1680 4849 2114 4912 collocutiouem,

580 4962 697 4999 cum
728 4945 909 4999 videre
941 4957 1058 4997 eum
1115 4958 1214 4995 non
1240 4944 1512 5009 quivissct,
1560 4942 1745 4995 ultimo
1798 4938 2120 4992 vale‘aciens

580 5036 655 5086 ait
684 5052 696 5085 :
730 5034 824 5088 Hic
853 5044 925 5099 te,
953 5034 1133 5094 frater,
1164 5030 1342 5083 videre
1375 5048 1476 5085 non
1522 5032 1670 5100 potui
1702 5028 1885 5096 modo,
1930 5027 2119 5081 videbo

585 5122 762 5193 procul
805 5124 963 5178 dubio
1008 5123 1113 5177 cito
1165 5120 1215 5173 in
1241 5118 1359 5171 aula
1402 5120 1557 5185 regis,
1616 5117 1886 5187 Clipiaco;
1930 5125 1985 5169 at
2033 5114 2125 5187 ille

576 5225 705 5267 cum
752 5210 801 5265 id
848 5225 1107 5276 nunquam
1160 5208 1273 5265 fore
1303 5215 1727 5277 protestaretur:
1765 5207 1876 5271 Eia,
1934 5206 2122 5274 inquit,

582 5303 804 5370 Eligius,
830 5300 929 5363 eia,
959 5299 1202 5367 probabis
1230 5301 1331 5353 hoc
1374 5298 1425 5350 in
1460 5295 1544 5348 die
1574 5294 1683 5358 illa,
1732 5310 1852 5348 cum
1902 5304 1958 5349 te
2004 5295 2127 5348 illuc

588 5405 768 5445 coram
793 5388 998 5458 populis
1028 5395 1079 5439 et
1103 5387 1421 5454 principibus
1450 5385 1660 5438 visurus
1687 5397 1802 5434 sum
1846 5381 1900 5433 in
1928 5382 2123 5449 palam.

595 5480 783 5533 Verum
826 5488 941 5548 post
988 5479 1146 5530 breve
1195 5485 1401 5544 tempus
1447 5472 1689 5540 sequitur
1736 5468 1955 5524 effectus
2016 5471 2131 5537 ejus

586 5582 921 5631 sermonem;
972 5582 1093 5619 nam
1142 5564 1261 5616 talis
1305 5558 1792 5630 quaedam'exstitit
1842 5572 2023 5622 causa,
2076 5566 2132 5609 ut

596 5655 838 5708 eumdem
882 5656 1138 5710 inclusum
1186 5649 1386 5706 cellula:
1433 5665 1539 5705 suae
1583 5648 1827 5703 claustris
1858 5632 2157 5715 palelactis‘

594 5744 846 5813 palatium
878 5744 1013 5811 regis
1055 5742 1197 5797 adire
1240 5737 1527 5794 necessitas
1572 5747 1713 5791 certa
1763 5734 2123 5804 compelleret,

2216 4586 2318 4639 tur,
2344 4575 2486 4628 dicto
2515 4573 2696 4635 citius,
2731 4586 2836 4626 una
2864 4586 3044 4625 earutn
3070 4570 3345 4623 obscurata
3367 4578 3528 4637 atque
3548 4569 3766 4621 subtra-

2213 4675 2317 4728 cta,
2348 4679 2447 4717 una
2479 4660 2840 4716 tantummodo
2875 4660 3126 4723 remansit
3164 4658 3213 4711 in
3240 4657 3433 4725 palam,
3479 4669 3600 4723 quae
3646 4654 3763 4708 sola

2214 4763 2360 4808 recto
2388 4752 2600 4807 tramite
2645 4750 2771 4805 solis
2812 4763 3023 4803 cursum
3066 4747 3296 4808 imitans,
3335 4756 3529 4811 magno
3546 4742 3763 4815 demum

2218 4842 2421 4909 fulgore
2470 4838 2742 4910 rutilabat,
2772 4842 3077 4904 quatitoque
3130 4832 3357 4900 amplius
3402 4830 3467 4884 ad
3505 4830 3767 4886 Occiden-

2219 4938 2323 4982 tem
2350 4926 2672 4990 declinabat,
2701 4931 2849 4977 tanto
2881 4922 3095 4977 uberius
3116 4922 3327 4976 claritas
3353 4920 3471 4989 ejus
3496 4920 3604 4975 late
3640 4935 3769 4988 pro-

2220 5017 2537 5087 pagabatur;
2581 5020 2636 5065 at
2676 5012 2761 5065 ubi
2798 5013 2861 5065 ad
2905 5012 3143 5064 ultimum
3182 5010 3390 5064 occidui
3438 5008 3615 5060 locum
3645 5023 3770 5077 pero

2222 5104 2384 5168 venit,
2409 5110 2608 5156 tantam
2628 5099 2921 5154 claritatem
2947 5113 3161 5152 suarum
3187 5094 3553 5161 lampadaruni
3580 5095 3767 5165 proin-

2223 5197 2321 5261 dit,
2347 5204 2403 5249 ut
2428 5192 2759 5262 potissimam
2787 5188 2914 5243 solis
2941 5188 3235 5241 claritatem
3264 5198 3517 5253 superare
3559 5184 3771 5238 videreo

2227 5294 2330 5337 tur.
2378 5281 2483 5336 Hic
2533 5288 2614 5334 est
2666 5279 2844 5343 itaque
2886 5273 3016 5327 ordo
3069 5273 3308 5327 visionis.
3344 5272 3491 5327 ’Post
3536 5280 3769 5327 mortem

2227 5373 2474 5428 Clodovei
2499 5370 2637 5435 regis
2665 5369 2809 5436 (nam
2858 5366 3055 5432 absque
3076 5364 3234 5419 dubio
3276 5366 3385 5418 cito
3427 5362 3771 5428 defungetur)

2229 5462 2499 5531 aliquanto
2553 5467 2790 5523 tempore
2836 5455 3093 5509 obtinebit
3139 5455 3240 5509 hoc
3288 5452 3613 5506 Francorum
3683 5464 3770 5504 re-

2230 5566 2387 5618 gnum
2416 5550 2599 5603 relicta
2622 5545 2737 5613 ejus
2760 5547 2936 5614 regina
2962 5559 3081 5599 cum
3113 5543 3277 5596 tribus
3304 5538 3537 5608 parvulis
3554 5580 3573 5605 ,
3618 5549 3771 5608 post-

2233 5654 2387 5705 quam
2406 5651 2544 5689 vero
2584 5643 2638 5687 et
2688 5634 2795 5701 ipsa
2840 5646 3003 5699 regno
3060 5630 3217 5683 fuerit
3266 5635 3547 5695 exempta,
3604 5627 3775 5680 tribus

2238 5729 2354 5783 liliis
2379 5728 2428 5780 in
2461 5740 2623 5793 regno
2656 5725 2873 5787 relictis,
2921 5736 3055 5776 unus
3080 5719 3289 5774 demum
3317 5734 3383 5774 ex
3412 5719 3541 5788 ipsis
3580 5716 3771 5775 cadet;
