3912 6338
158 449 252 504 561

1664 441 1694 492 ι’
1709 439 1834 494 ΙΤᾹ.

3253 449 3354 504 5ίὲ

153 565 206 609 et
256 559 372 621 post
411 551 511 604 hoc
562 550 702 603 haud
749 551 908 616 longo
949 549 1120 618 spatio
1147 564 1213 604 ex
1241 549 1442 604 duobus
1485 567 1550 614 qi:
1581 566 1694 615 qua
1728 553 1766 602 Α
1801 548 2069 611 virtutem,
2121 551 2169 603 in
2199 552 2432 606 moribus
2462 554 2794 623 disciplinam
2832 576 2841 608 :
2872 559 3094 625 gerebat
3124 563 3173 614 in
3225 565 3353 618 sim-

155 657 313 710 regno
355 656 491 695 unus
538 641 865 708 privabitur,
913 639 1099 694 tertius
1133 654 1259 692 vero
1305 640 1444 692 50an
1479 655 1696 688 ιιι-λιπβ

152 736 318 788 chiam
349 731 576 801 adeptus
611 730 917 784 difatabitur
938 744 1099 796 super
1121 743 1307 782 omnes
1331 728 1436 782 λιιι.
1464 746 1516 781 εδ
1543 745 1690 790 suos,

154 836 306 891 atque
330 821 773 891 magniﬁcabitur,
823 828 878 872 et
906 817 1171 872 obtinebit
1220 817 1317 870 sub
1364 816 1565 868 ditiune
1601 831 1678 868 si"

151 917 246 969 tria
293 915 407 967 haec
451 926 612 978 regna
638 952 650 972 ,
705 921 758 961 et
785 909 862 962 sic
889 908 1023 962 visio
1063 908 1175 961 hate
1217 908 1696 960 consummahitur.

155 1003 261 1057 lfuc
292 1017 458 1069 usque
490 1001 718 1067 Eligius,
749 999 841 1053 sed
873 1012 970 1051 nos
998 996 1214 1052 minime
1235 995 1476 1051 diftidere
1495 1011 1701 1049 conve-

153 1093 245 1157 nit,
271 1107 390 1144 eum
438 1089 599 1143 verba
645 1089 760 1156 ejus
803 1096 1194 1154 consequantur
1237 1084 1508 1149 εσθςιυω,
1556 1103 1697 1154 pra--

147 1184 326 1233 sertiru
384 1195 506 1234 cum
559 1179 671 1232 haec
712 1178 822 1245 jam
873 1177 1048 1244 aliqua
1095 1191 1161 1229 ex
1220 1185 1370 1243 parte
1423 1177 1694 1243 completa

145 1286 442 1334 cernamus,
496 1278 687 1323 extera
716 1281 842 1321 vero
879 1280 999 1334 quae
1026 1266 1262 1320 nondum
1290 1265 1504 1334 impleta
1549 1275 1692 1328 sunt,

142 1373 209 1412 ex
237 1356 664 1412 consideratione
696 1353 1124 1425 ’przecedentium
1155 1353 1360 1424 impleri
1391 1369 1422 1408 e
1451 1356 1698 1423 proximo

145 1464 245 1501 non
271 1447 613 1510 dubitamus;
657 1461 777 1499 nam
816 1444 1104 1500 secundum
1131 1443 1244 1512 ejus
1273 1445 1590 1500 sententiam
1638 1454 1695 1498 et

143 1555 234 1594 rex
284 1539 588 1593 (liodoveus
644 1536 779 1591 infra
827 1549 1054 1605 paucam
1103 1542 1349 1602 tempus,
1405 1535 1490 1587 Itur
1571 1543 1696 1601 est,

140 1629 437 1697 anticipaus
458 1627 670 1695 triginta
711 1626 825 1679 dies
865 1625 918 1680 in
968 1638 1099 1693 pace
1142 1623 1289 1686 obiit,
1338 1622 1483 1690 «just,
1528 1639 1556 1673 ιε
1597 1621 1696 1676 de-

141 1733 281 1771 mum
330 1715 518 1770 rei‘cta
566 1715 748 1782 regina
797 1728 918 1768 cum
970 1711 1242 1780 parvulis,
1293 1712 1478 1780 paucis
1544 1712 1698 1765 annis

139 1821 356 1875 regrrum
412 1806 697 1863 obtinens.
754 1802 1090 1870 postmodum
1137 1801 1255 1869 jure
1317 1803 1461 1867 regis
1512 1816 1702 1856 exem-

1803 636 2037 702 plicitale
2063 638 2442 704 innocentiam,
2474 643 2524 694 in
2567 644 2824 699 charitate
2867 651 3240 713 concordiam,
3298 654 3347 704 in

1803 725 2097 781 humilitate
2135 729 2476 792 modestiam,
2511 732 2560 784 in
2609 732 3076 790 administratione
3127 737 3352 806 diligen-

1804 816 1949 878 tiam,
1972 815 2024 868 in
2052 814 2362 883 adjuvaodis
2383 819 2756 875 laborantibus
2775 822 3127 893 vigilantiam,
3159 827 3210 878 in
3268 828 3349 881 fo-

1802 903 1983 956 vendis
2027 907 2348 973 pauperibus
2395 909 2846 974 ntisericondiam,
2894 915 2947 966 in
3002 914 3350 970 defendendis

1799 990 2131 1058 dogmatibus
2173 996 2560 1060 constantiam;
2594 1009 2814 1068 eratque
2844 1016 3021 1055 sermo
3048 1006 3174 1071 ejus
3207 1020 3340 1058 sem-

1802 1093 1897 1146 per
1922 1095 2042 1132 cum
2070 1080 2330 1135 cbaritnte
2359 1093 2411 1136 et
2452 1084 2673 1140 lenitate
2702 1088 2967 1150 conditus,
2993 1105 3100 1158 quo
3144 1101 3350 1154 mentes

1802 1166 2124 1222 audientium
2173 1180 2419 1238 tanquam
2464 1172 2724 1229 luminare
2778 1176 3159 1233 lucidissimum
3217 1182 3350 1234 irra»

1801 1253 2003 1307 diabat.
2056 1254 2102 1310 0
2145 1271 2267 1311 vere
2295 1258 2598 1313 imitabilem
2627 1263 2825 1316 virum!
2857 1281 2890 1318 ο
2919 1280 3099 1319 semen
3129 1266 3353 1322 Abrahae

1800 1342 2133 1398 benedictum
2161 1347 2173 1397 !
2205 1361 2239 1399 o
2273 1346 2653 1414 przefereodu-u
2681 1353 2926 1408 omnibus
2979 1354 3132 1424 Eligii
3166 1372 3350 1411 exem-

1801 1430 2130 1499 plumtJure
2160 1433 2337 1502 itaque
2366 1436 2589 1490 Abrahae
2637 1436 2772 1492 filius
2820 1452 3175 1510 nuncupatur,
3227 1445 3353 1498 dum

1799 1521 2038 1576 ordinem
2067 1525 2248 1590 gloriae
2279 1536 2512 1594 paterna:
2557 1529 2826 1596 dignitatis
2851 1533 3187 1600 exsequitur;
3242 1552 3354 1588 iue-

1799 1608 1924 1675 rito,
1951 1611 2184 1679 inquam,
2208 1615 2433 1669 Abrahre
2478 1618 2689 1672 soboles
2714 1621 3017 1688 ascribitur,
3051 1623 3174 1687 fide,
3203 1626 3346 1678 scili-

1799 1705 1902 1760 eet,
1953 1714 2057 1753 non
2102 1715 2318 1768 genere,
2350 1703 2668 1769 imitatione,
2701 1725 2808 1762 non
2853 1712 3132 1780 progenie,
3189 1715 3355 1768 devn.

1802 1787 1968 1850 tione,
1999 1803 2103 1842 non
2133 1789 2300 1859 stirpe
2333 1808 2345 1842 :
2379 1807 2569 1859 nempe
2615 1796 2842 1852 Abrahae
2888 1799 3189 1857 benedictio
3235 1820 3321 1857 me

137 1904 246 1964 pia,
277 1895 417 1948 ﬁtios
441 1895 496 1946 in
524 1892 875 1960 principatum
899 1889 1133 1957 reliquit,
1165 1904 1228 1944 ac
1258 1906 1361 1944 non
1389 1901 1510 1954 post
1554 1889 1694 1944 mni.
1733 1876 1775 1935 Β
1802 1879 1906 1932 ruit
1934 1879 2092 1933 filium
2112 1919 2127 1943 ,
2160 1881 2362 1951 Eligius
2401 1899 2530 1940 vero
2579 1887 2890 1947 benedictus
2929 1895 3248 1951 transfertur
3297 1900 3347 1952 in

136 1995 218 2038 tos
237 1997 411 2036 annos
457 1981 634 2048 major
663 1988 789 2032 natu
814 1993 879 2031 ex
911 1979 1058 2046 ipsis,
1089 1979 1180 2046 qui
1224 1988 1554 2047 pOUSNIHUIn
1605 1982 1695 2043 jus

137 2083 322 2128 tenere
350 2073 653 2132 videbatur,
681 2071 806 2125 dum
847 2071 1029 2138 quiete
1074 2071 1462 2138 tranquillenie
1509 2085 1699 2138 regna-

133 2173 233 2231 ret,
261 2164 406 2218 diem
438 2164 644 2223 obiens,
696 2161 831 2214 (lu-ia
880 2161 1195 2229 superstites
1224 2161 1415 2214 fratres
1459 2161 1695 2226 reliquit.

133 2255 206 2308 De
227 2253 352 2308 visis
376 2253 488 2322 jam
514 2253 638 2320 quid
664 2261 877 2317 agatur,
925 2251 1093 2304 solius
1124 2251 1214 2305 Dei
1254 2249 1388 2318 judiot
1409 2250 1459 2305 io
1488 2249 1696 2306 deﬁniri

133 2343 406 2398 convenit.
461 2341 585 2395 llzee
613 2341 794 2408 igitur,
818 2339 921 2394 sed
959 2348 1014 2394 et
1041 2340 1144 2393 alia
1176 2341 1326 2408 plura
1360 2351 1436 2394 [τε
1485 2340 1695 2404 similia,

131 2449 247 2502 qua:
274 2434 529 2502 prosequi
561 2431 775 2499 longum
798 2441 879 2486 est
910 2430 1224 2500 plerumque
1246 2429 1447 2497 Eligius
1465 2431 1697 2500 prophe-

133 2524 220 2580 tia:
245 2523 417 2592 gratia
448 2519 665 2574 afﬂatus
691 2519 1084 2588 pronuntiavit.

686 2626 914 2682 CAPUT
947 2625 1156 2680 XXXII.

134 2724 340 2791 Quanta
382 2722 734 2776 moderatione
769 2736 826 2772 se
870 2720 947 2772 vir
983 2731 1204 2791 sanctus,
1240 2720 1592 2791 dispensabat,
1648 2731 1695 2774 et

466 2792 602 2860 quod
629 2791 832 2860 poeulis
858 2789 1140 2858 exemplum
1172 2789 1349 2842 dabat.

199 2878 262 2932 Et
288 2881 434 2933 inter
458 2889 653 2934 caetera
684 2878 828 2932 bona
878 2893 1056 2932 sermo
1085 2893 1299 2946 quoque
1323 2881 1372 2931 ei
1399 2878 1692 2947 sapientia,

130 2977 290 3038 atque
339 2969 603 3033 scientia,
645 2977 702 3020 et
743 2967 1125 3021 consolationis
1153 2967 1443 3021 afﬂuenter
1469 2967 1695 3022 collatus

129 3070 266 3120 erat,
318 3059 679 3115 humilitatem
709 3068 889 3114 autem
915 3074 1075 3126 supra
1104 3060 1316 3113 modum
1362 3067 1415 3113 et
1462 3059 1693 3116 cbarita-

129 3159 236 3204 tem
274 3149 556 3220 mqualiter
591 3149 915 3220 possidebat.
950 3149 1063 3202 Non
1099 3149 1443 3217 pra-ponebat
1490 3149 1543 3202 in
1589 3150 1691 3202 ho-

1801 1984 2020 2024 numero
2045 1968 2301 2036 filiorum;
2326 1973 2413 2028 ille
2439 1975 2879 2046 Domino-,obtulit
2905 1981 3091 2050 filium,
3122 1986 3222 2041 iste
3252 2003 3352 2056 pu-

1802 2061 1934 2113 tiora
1983 2061 2137 2116 donis
2165 2065 2414 2118 omnibus
2440 2064 3052 2142 obtulit'semetipsum;
3084 2087 3140 2130 et
3167 2077 3346 2132 Abra-

1799 2149 1919 2201 ham
1940 2150 2154 2217 quidem
2178 2155 2394 2208 tradidit
2420 2155 2702 2222 hreredem,
2731 2161 2814 2214 hic
2848 2162 3186 2219 nihilominus
3233 2169 3345 2221 hm-

1799 2238 2117 2303 reditatem;
2171 2241 2260 2293 ille
2314 2242 2514 2297 sobolis
2562 2246 2944 2312 innocentiam,
2999 2250 3087 2306 hic
3135 2268 3348 2309 omnem

1796 2325 2171 2380 substantiam.
2206 2327 2436 2384 Necesse
2458 2345 2586 2398 ergo
2613 2343 2698 2389 est
2741 2344 2798 2389 ut
2824 2339 3113 2396 similitudo
3143 2342 3349 2398 ofllciu-

1798 2433 1911 2471 rum
1953 2419 2347 2476 similitudinem
2393 2424 2633 2479 conferat
2679 2431 3016 2490 meritorum.
3071 2435 3347 2494 Postremo

1798 2511 2061 2565 Abraham
2091 2515 2232 2581 quod
2255 2515 2432 2569 habuit
2463 2519 2651 2586 pignus
2682 2520 2954 2588 exhibuit;
2980 2525 3177 2595 Eligius
3215 2547 3346 2583 vero

1798 2607 1966 2653 totum
1997 2603 2138 2670 quod
2189 2603 2386 2659 habere
2429 2607 2480 2658 in
2510 2608 2706 2663 mundo
2745 2613 2937 2680 potuit,
2986 2614 3195 2672 Domini
3240 2621 3348 2688 juri

1797 2689 2127 2758 arbitrioque
2155 2694 2438 2749 commisit.
2469 2695 2574 2752 Sed
2624 2699 2746 2766 quia
2792 2715 2887 2770 per
2926 2702 3160 2760 alternas
3213 2717 3300 2762 te.i
3326 2741 3351 2751 -

1796 2788 1984 2842 porum
2017 2776 2155 2830 vices
2205 2778 2510 2837 discurrens
2535 2786 2712 2840 oratio
2743 2803 2881 2856 pene
2905 2789 3015 2854 jam
3064 2793 3130 2846 ad
3186 2795 3359 2859 linem,

1794 2873 1849 2917 et
1876 2861 2083 2920 felicem
2112 2861 2229 2934 ejus
2251 2871 2531 2926 transitum
2581 2877 2828 2943 perduxit
2873 2882 3067 2952 stylum
3117 2884 3345 2941 sulticiat
3419 2901 3425 2908 '

1796 2954 2009 3009 interim
2043 2957 2152 3012 huc
2205 2974 2371 3029 usque
2412 2961 2606 3016 seriem
2635 2965 2758 3019 vitae
2804 2969 2920 3037 ejus
2968 2972 3345 3044 descripsisse;

1792 3044 1901 3112 jam
1940 3047 2106 3113 enim,
2151 3058 2209 3102 ut
2250 3065 2432 3119 spero,
2485 3053 2585 3106 etsi
2632 3069 2794 3110 sensu
2847 3061 3048 3115 rustico
3087 3064 3348 3132 pru'ixuui

1795 3133 2142 3201 produximus
2171 3153 2470 3195 sermonem
2492 3182 2510 3208 ,
2537 3156 2841 3212 quanquam
2893 3147 3097 3203 meritis
3123 3153 3240 3221 ejus
3269 3155 3348 3206 di-

133 3199 235 3204 φτ
275 3199 320 3205 η
368 3199 544 3205 νη---
633 3199 913 3204 "mw,"
950 3199 1062 3202 τ--
1100 3199 1441 3217 .--γη-πῆ
1797 3199 1810 3201 -
2493 3199 2508 3208 ,
2555 3199 2571 3210 ,
2701 3199 2718 3212 ,
3129 3199 3238 3221 ,οη
3272 3199 3319 3206 _.

129 3255 259 3294 nere
286 3199 618 3309 lojcupletcn:
657 3237 904 3307 pauperi,
937 3252 1037 3291 nec
1087 3237 1381 3304 principem
1426 3237 1509 3290 vel
1534 3237 1690 3290 nobi-
1720 3199 1764 3260 Ο
1795 3236 1896 3291 grta
1925 3227 2188 3293 prmconia
2217 3229 2521 3286 nullatenus
2544 3247 2761 3288 narrare
2789 3235 3172 3303 suﬂecerimus,
3204 3256 3343 3294 nunc

126 3328 230 3384 lem
258 3328 507 3395 subjecto
528 3337 584 3383 et
614 3327 703 3382 vili
728 3329 1079 3398 praeferebat;
1102 3327 1196 3381 sed
1239 3327 1322 3381 bis
1345 3341 1405 3381 se
1431 3327 1694 3382 austerio-

124 3432 238 3472 rem
259 3418 548 3487 exhibens,
579 3419 685 3474 illis
708 3417 1086 3474 modestiorem
1110 3416 1416 3486 praestabat.
1444 3415 1693 3472 Famulos

123 3524 339 3578 quoque
371 3524 480 3564 non
521 3520 579 3563 ut
606 3524 796 3565 servos
823 3509 1160 3564 dominorum
1202 3523 1353 3564 more
1401 3506 1688 3577 afﬂigebat,

123 3597 217 3653 sed
244 3599 481 3667 benigne
507 3609 562 3655 et
579 3599 822 3654 modeste
842 3598 1075 3652 fraterna
1114 3598 1376 3652 cbaritate
1413 3598 1687 3666 diligebat.

123 3688 238 3744 Jam
263 3705 402 3745 vero
424 3691 476 3742 in
496 3689 745 3744 Barbaris
770 3687 1061 3743 tolerandis
1081 3689 1450 3756 aequanimitas
1468 3697 1685 3757 quanta,

121 3788 177 3834 et
201 3792 404 3848 quanta
429 3780 688 3850 patientia
719 3780 869 3834 erat!
905 3779 1139 3833 instabat
1168 3767 1414 3833 nimirum
1439 3778 1687 3834 incredu-

123 3869 202 3922 los
224 3868 292 3923 ad
341 3867 503 3924 iidem
529 3870 804 3924 suadendo
855 3851 1089 3934 flectere,
1143 3869 1401 3940 obsequio
1443 3870 1685 3939 ingratos

121 3958 291 4014 lenire
319 3958 818 4015 contradicentibus
844 3960 1037 4015 leuiter
1056 3960 1406 4029 respondere,
1427 3961 1688 4032 superbos

121 4049 397 4106 humiliter
435 4059 781 4120 supportare,
814 4051 1185 4122 existebatque
1214 4052 1281 4106 ad
1307 4067 1520 4106 omnem
1550 4052 1685 4107 tole-

121 4141 351 4193 rantiam
409 4136 583 4203 fortis,
615 4138 684 4192 ad
722 4138 1088 4193 sustinendam
1114 4140 1360 4209 injuriam
1399 4140 1558 4206 mitis,
1612 4140 1682 4194 ad

117 4227 418 4280 faciendam
464 4225 885 4282 misericordiam
931 4228 1131 4293 facilis;
1189 4229 1452 4284 t:ibuebat
1497 4229 1680 4298 egenis

111 4317 497 4381 substantiam,
528 4317 872 4388 committens
910 4316 1125 4373 Christo
1165 4321 1470 4389 pecuniam,
1502 4330 1562 4375 ut
1611 4319 1679 4373 ab

116 4408 228 4473 ipso
253 4413 463 4462 stem:
486 4409 788 4479 perciperet
817 4408 1063 4480 praemia;
1136 4411 1414 4478 ieebatque
1443 4425 1532 4464 res
1553 4424 1677 4463 suas

115 4510 221 4572 non
248 4511 376 4552 esse
402 4511 557 4566 suas,
587 4498 684 4554 sed
728 4515 1042 4570 pauperum,
1091 4515 1296 4567 uorum
1343 4500 1678 4567 procuratio-

113 4602 234 4641 nem
258 4588 664 4657 quodammodo
694 4605 854 4660 agere
875 4592 1183 4655 videbatur;
1214 4592 1442 4659 denique
1486 4607 1678 4648 omnes

111 4692 241 4745 opes
265 4677 321 4734 in
342 4678 614 4733 thesauris
658 4681 965 4737 coelestibus
1013 4681 1291 4738 lars‘iendo
1318 4681 1501 4750 egenis
1546 4697 1678 4736 cou-

110 4771 243 4824 dens
269 4810 287 4836 ,
345 4777 600 4823 cunctam
648 4770 1031 4838 supellectilem
1073 4771 1216 4841 j.sta
1255 4773 1566 4843 operatione
1610 4772 1678 4827 ad

108 4861 418 4927 paradisum
469 4861 811 4926 removebat;
869 4861 976 4918 illic
1015 4863 1264 4920 videlicet
1308 4862 1632 4923 transferens
1656 4905 1672 4931 ,

109 4950 196 5004 ubi
223 4950 438 5006 fructus
482 4959 702 5020 caperet
744 4953 1098 5021 possessionis
1123 4963 1368 5018 aeternae;
1417 4953 1524 5008 illic
1554 4955 1674 5009 the-

107 5053 296 5096 sauros
319 5041 681 5107 abscondens,
715 5043 803 5097 ubi
824 5057 1037 5112 semper
1080 5044 1306 5100 feliciter
1328 5044 1676 5114 glorioseque

113 5129 600 5187 virentsine-iiae.
637 5135 764 5187 Erat
790 5141 1047 5204 praeterea
1080 5135 1162 5190 hic
1192 5135 1330 5189 idem
1373 5134 1454 5187 vir
1483 5134 1675 5189 beatus

113 5220 164 5273 in
212 5215 318 5273 ﬁde
362 5215 565 5274 Christi
617 5219 903 5285 firmus,in
951 5236 1114 5290 opere
1156 5222 1353 5291 justus,
1386 5225 1438 5277 in
1465 5223 1674 5292 judicio

110 5307 384 5380 providus,
413 5309 471 5364 in
497 5310 796 5366 humilitate
821 5312 1108 5381 perfectus,
1139 5313 1190 5366 in
1219 5313 1502 5375 devotione
1531 5326 1672 5381 pne-

107 5399 348 5466 cinutts,
407 5399 649 5456 moribus
696 5401 1064 5467 suavissimus,
1109 5415 1269 5456 sensu
1318 5401 1670 5462 doctissimus,

111 5488 288 5544 animo
313 5489 591 5559 paciﬁcus,
633 5485 797 5544 corde
824 5487 1108 5558 piissimus.
1131 5490 1369 5545 Tenebat
1391 5489 1589 5560 jugiter
1618 5490 1669 5542 in

112 5581 726 5647 actibnssinceritatem,
773 5580 825 5635 in
854 5581 1018 5635 corde
1044 5583 1347 5651 puritatem,
1401 5582 1454 5636 iu
1508 5595 1672 5649 opere

179 5749 202 5775 ⁸
241 5737 654 5809 Criprtiramque.
683 5738 913 5809 Achcrio
950 5736 1156 5790 videtur
1175 5739 1461 5809 legendum
1491 5752 1669 5806 ruptu—

109 5807 350 5879 rantqtte,‘
383 5807 483 5864 sed
508 5823 609 5864 vox
639 5810 866 5877 rriptrra
884 5807 1078 5877 legitur
1111 5808 1270 5863 etiam
1294 5825 1411 5879 cap.
1446 5811 1528 5864 47.
1555 5809 1672 5864 Gal-

1791 3325 1917 3380 ergu
1971 3314 2185 3382 dignum
2237 3327 2366 3386 puto
2412 3320 2482 3374 ob
2534 3321 2867 3378 audientium
2929 3327 3332 3383 aedificationem

1789 3415 1897 3471 quo
1939 3406 2128 3462 ordine
2173 3423 2239 3463 ex
2289 3410 2390 3464 hac
2433 3411 2742 3481 migraverit
2784 3419 2890 3470 vita
2937 3418 3120 3488 paucis
3167 3421 3341 3490 expli-

1789 3508 1934 3549 care.

2264 3631 2268 3635 ρ
2304 3567 2530 3624 CAPUT
2568 3570 2799 3628 χχχιιι.

2135 3654 2339 3713 Obitunt
2365 3677 2507 3715 suum
2532 3663 2723 3718 dudum
2742 3667 3005 3734 pradixit.

1855 3765 2072 3822 Factum
2093 3779 2175 3824 est
2199 3780 2375 3826 autem
2401 3773 2450 3827 in
2481 3775 2668 3831 diebus
2717 3777 2820 3832 illis
2841 3820 2856 3844 ,
2910 3790 3187 3852 postquam
3235 3782 3340 3840 Eli-

1785 3856 1900 3926 gius
1927 3868 2120 3914 cuncta
2145 3861 2323 3917 mundi
2356 3863 2513 3934 hujus
2558 3867 2774 3922 adversa
2796 3911 2813 3935 ,
2842 3880 3169 3941 cunctosque
3196 3873 3344 3930 labo-

1783 3963 1869 4005 res
1918 3952 2284 4019 aequanimiter
2339 3955 2632 4024 toleravit,
2687 3968 2809 4028 post
2842 3961 2962 4014 vita:
3012 3967 3341 4031 temporaria:

1781 4039 2299 4099 administrationem
2336 4045 2472 4102 bene
2499 4055 2838 4117 transactam,
2869 4063 2990 4122 post
3031 4056 3339 4128 multiplicia

1781 4131 2155 4189 misericordia;
2182 4151 2366 4205 opera,
2388 4147 2510 4206 post
2528 4140 2698 4194 dulcia
2719 4143 2838 4195 vita:
2883 4147 3124 4214 exempla
3152 4188 3168 4213 ,
3216 4158 3336 4216 post

1779 4223 2052 4278 innumera
2083 4226 2410 4293 captivorum
2437 4228 2645 4296 agmina
2672 4229 2892 4285 liberata
2918 4271 2940 4298 ,
2983 4244 3102 4302 post
3148 4251 3335 4290 mena-

1778 4315 1997 4369 chorum
2061 4315 2427 4386 virginumque
2475 4317 2865 4374 multitudinem
2904 4323 3169 4391 copiosam
3227 4326 3336 4382 Deo

1779 4403 2045 4467 traditam,
2075 4403 2444 4474 cmuobiisque
2486 4407 2860 4476 mancipatam,
2883 4419 3002 4477 post
3029 4411 3337 4470 immensam

1781 4495 1972 4550 molem
1990 4496 2297 4550 substantia:
2323 4496 3022 4568 eleemosynisdistributam
3051 4541 3068 4568 ,
3124 4513 3244 4573 post
3277 4507 3336 4556 ti.-

1779 4584 2055 4640 delissimm
2079 4585 2492 4655 dispensationis
2519 4588 2731 4642 credita:
2774 4590 2872 4642 sibi
2913 4592 3148 4658 pecunia:
3176 4595 3331 4648 undi-

1778 4692 1880 4750 que
1909 4679 2096 4732 merita
2124 4679 2411 4744 cumulata,
2435 4690 2684 4744 vergente
2731 4681 2841 4747 jam
2873 4681 2923 4733 in
2953 4683 3101 4736 senio
3139 4693 3325 4749 aetate,

1775 4788 1894 4825 cum
1923 4780 2064 4827 esset
2089 4787 2346 4828 annorum
2374 4773 2598 4841 amplius
2627 4774 3204 4842 septuaginta,cunctis
3229 4779 3327 4833 bo-

1776 4866 1856 4920 isis
1874 4865 2125 4935 operibus
2145 4867 2390 4931 re'ertus,
2412 4867 2646 4920 sentiens
2668 4867 2778 4935 jam
2805 4868 3208 4924 dissolutionem
3242 4876 3323 4926 sui

1774 4955 2012 5024 corporis
2041 4955 2332 5016 imminere,
2368 4955 2530 5022 erepit
2557 4955 2786 5023 quadam
2817 4957 2903 5011 die
2933 4973 3052 5012 cum
3083 4959 3324 5026 discipu-

1774 5043 1840 5098 lis
1867 5043 2123 5100 Noviomo
2148 5043 2199 5096 in
2223 5041 2420 5112 oppido
2467 5044 2832 5112 deambulare,
2860 5055 2914 5102 et
2951 5047 3168 5100 fortuitu
3195 5061 3324 5101 eon-

1773 5135 1998 5200 spiciens
2024 5134 2228 5186 eminus
2252 5134 2382 5187 vidit
2420 5149 2485 5189 ex
2521 5135 2692 5190 fronte
2739 5136 2963 5190 basilica:
2991 5137 3164 5190 sancti
3208 5137 3322 5190 Me-

1774 5224 1919 5277 dardi
1945 5222 2196 5291 parietem
2217 5238 2282 5276 ex
2305 5233 2452 5292 parte
2498 5224 2822 5293 dissipatum,
2855 5226 2879 5253 ³
2926 5225 3322 5296 cripturamque

1774 5311 2133 5366 imminentem
2146 5326 2204 5363 ac
2217 5313 2421 5366 ruinam
2438 5313 3001 5378 minitanteminstare;
3027 5313 3321 5384 jussitergu

1772 5405 2024 5460 continuo
2043 5402 2294 5459 artificem
2323 5406 2538 5470 vocari,
2594 5413 2646 5458 et
2694 5406 2911 5472 parietis
2966 5407 3318 5462 infirmitatem

1774 5493 1914 5546 illico
1943 5508 2061 5546 cum
2084 5491 2398 5548 liniamentis
2419 5493 2665 5548 solidare.
2688 5496 2782 5549 Cui
2812 5512 2937 5551 cum
2962 5497 3200 5564 discipuli
3232 5499 3315 5550 di-

1773 5591 1955 5638 cerent
1977 5599 1989 5636 :
2021 5581 2397 5653 Opportunum,
2413 5582 2646 5646 domine,
2663 5594 2870 5656 tempus
2886 5594 3239 5652 exspectetur,
3260 5596 3316 5638 ut

1773 5742 1930 5795 licum
1958 5758 2181 5796 cremare
2203 5757 2230 5792 a
2259 5743 2420 5793 γθιὶιο
2449 5756 2628 5809 crepo.
2697 5740 2836 5794 Idem
2867 5737 3000 5790 haud
3045 5739 3113 5790 ita
3152 5743 3317 5793 multo

1778 5820 1893 5880 post
1914 5810 2154 5866 emendat
2175 5811 2498 5879 tignamentis
2516 5853 2531 5880 ,
2554 5811 2638 5866 ubi
2665 5810 2888 5864 habetur
2913 5809 3241 5864 liniamentis.
