3912 6368
512 455 617 508 5ῡῦ

1692 428 1750 479 S.
1794 422 1989 479 ELIGII
2029 417 2300 475 NOVIUM.
2346 414 2552 468 EPISC.

3462 28 3783 139 ον”Ἢ

3462 64 3467 69 π
3576 64 3599 71 »κ

3462 64 3467 69 π
3576 64 3599 71 »κ

3626 407 3707 466 εισι

510 563 714 618 {icilius
739 575 802 613 ac
827 556 1043 611 solidius
1070 548 1384 606 emendetur
1406 584 1421 609 ,
1444 542 1532 596 ille
1561 535 1870 607 respondit:
1899 529 2068 618 Sinite
2098 532 2144 587 Α
2174 539 2237 578 ea
2299 538 2418 576 cum
2480 521 2589 589 jam
2644 517 3001 589 propinquare
3048 514 3400 587 profectionis
3447 518 3707 572 salutarem

514 656 619 707 huc
648 662 831 719 usque,
865 637 1297 709 Illioli,quoniam
1331 634 1375 687 si
1406 628 1565 685 modo
1604 641 1707 680 non
1732 617 2069 703 emendatur,

518 757 616 796 nec
640 739 749 807 jam
772 733 1057 804 superstite
1084 730 1135 781 in
1170 735 1397 791 corpore
1426 732 1531 771 non
1560 702 1949 769 emendabitur.
1994 702 2072 757 Ex

515 846 623 901 quo
641 803 811 880 vverbo
841 803 1018 878 cuncti
1060 830 1199 887 pene
1226 809 1494 870 tabefacti,
1525 814 1710 872 atque'
1736 803 1790 854 in
1817 810 2071 865 angorem

514 919 672 981 versi,
698 919 974 983 cmperunt
994 915 1177 960 mutuo
1205 900 1531 969 suspirantes
1546 894 1727 947 dicere
1755 906 1766 941 :
1802 890 1919 943 Non
1944 899 2073 938 con-

514 1012 703 1077 tingat,
716 975 954 1064 domine,
974 996 1180 1051 famulis
1202 992 1304 1047 tuis
1331 992 1445 1043 haec
1471 978 1654 1040 videre
1678 994 1793 1049 qua:
1817 975 2071 1045 loqueris,

513 1064 628 1155 sed"
649 1095 814 1163 magis
834 1089 986 1145 annis
1011 1084 1189 1141 multis
1217 1080 1282 1136 ad
1308 1085 1549 1134 ornatum
1567 1068 1814 1126 Ecclesia:
1840 1081 1948 1121 sua:
1974 1064 2077 1117 Do-

515 1193 715 1254 minus,
740 1158 1137 1255 pauperemque
1158 1172 1485 1245 praesidium,
1522 1161 1901 1221 beatitudinem
1933 1158 2077 1209 tuam

518 1283 609 1336 hic
634 1245 861 1337 vernare
886 1245 1174 1341 permittat.
1218 1264 1297 1319 Ad
1327 1264 1439 1317 tunc
1466 1259 1555 1313 ille
1579 1297 1593 1321 ,
1651 1251 1917 1321 supplices
1942 1245 2079 1301 cmlo

518 1378 766 1440 a-pectus
794 1366 1042 1433 dirigens,
1075 1367 1236 1431 atque
1264 1370 1330 1409 ex
1360 1353 1465 1405 imo
1487 1357 1704 1417 pectore
1724 1344 1879 1409 longa
1908 1336 2079 1404 suspi-

514 1462 591 1517 ria
622 1459 857 1523 trahens,
882 1456 993 1507 ait:
1028 1452 1143 1505 Non
1173 1428 1348 1501 vestra
1378 1458 1442 1495 ex
1494 1451 1617 1502 noc,
1646 1434 1740 1489 sed
1771 1432 1945 1504 potius
1977 1428 2079 1482 Do-

515 1550 647 1605 mini
677 1549 729 1602 in
751 1564 836 1601 me
865 1542 1237 1599 fiatvuluntas;
1261 1534 1423 1602 exigit
1448 1531 1587 1584 enim
1620 1534 1819 1581 natunc
1846 1519 2079 1576 conditio

504 1635 579 1695 ἰιι
605 1648 729 1711 post
755 1634 1070 1704 muLiplicia
1096 1630 1215 1683 vita:
1240 1625 1393 1693 hujus
1431 1622 1835 1677 oblectamenta,
1867 1610 2077 1665 tandem

512 1700 625 1799 jam
665 1700 947 1799 pergamus
976 1721 1039 1775 ad
1074 1718 1313 1777 veniam;
1343 1711 1436 1767 sed
1464 1719 1517 1784 et
1567 1708 1719 1761 vobis
1772 1700 1989 1770 expedit
2028 1706 2083 1748 ut

517 1836 639 1877 cum
688 1816 877 1872 eil'ectu
902 1812 1199 1881 nequeatis,
1227 1808 1307 1859 vel
1330 1805 1440 1857 so‘a
1473 1811 1651 1855 tamen
1690 1797 1964 1849 voluntate
1990 1788 2081 1841 Dei

516 1914 573 1966 in
611 1911 714 1964 hoc
745 1904 998 1961 voluntui
1029 1915 1132 1954 non
1162 1894 1492 1964 discrepetis,
1524 1896 1649 1957 quia
1697 1882 1879 1954 procul
1924 1867 2085 1933 dubio

520 2012 730 2069 tempus
752 1994 861 2065 jam
890 1991 1209 2063 prmlinitum
1254 1996 1357 2038 est.
1416 1983 1580 2033 l’orro
1633 1976 1698 2027 ad
1760 1973 1876 2026 huc
1923 1969 2084 2022 verba

521 2089 729 2145 cunctis
753 2088 804 2140 in
834 2095 1118 2138 mmrorem
1144 2074 1435 2136 contiersis,
1460 2070 1535 2123 ait
1558 2086 1571 2121 :
1617 2066 1790 2122 Nolite
1814 2064 1883 2117 ob
1910 2061 1960 2115 id
1983 2100 1997 2123 ,
2027 2058 2105 2109 li-~

523 2178 657 2243 ltoli,
688 2172 1013 2234 contristari,
1040 2168 1133 2223 sed
1166 2175 1339 2236 potus
1383 2159 1611 2230 gaudete
1658 2164 1712 2210 et
1756 2150 2088 2221 congratula-

522 2268 815 2336 mini,quia
839 2263 964 2319 olim
992 2262 1095 2314 hoc
1124 2267 1333 2325 tempus
1380 2250 1771 2314 desiderabam,
1800 2245 1926 2300 olim
1944 2243 2091 2310 hanc

525 2361 846 2417 messionem
865 2363 986 2425 post
1014 2355 1223 2419 longam
1249 2350 1369 2402 vitze
1389 2357 1678 2400 aerumnam
1702 2338 1974 2410 percipere
1998 2349 2091 2388 cu-

524 2454 757 2524 piebam.
792 2450 897 2503 Illis
926 2448 1104 2515 itaque
1132 2440 1522 2511 suspirantibus
1554 2445 1714 2503 atque
1747 2434 1799 2487 in
1840 2442 2096 2495 angorem

524 2544 820 2623 conversis,
854 2540 1196 2597 nihilominus
1224 2544 1281 2590 et
1320 2533 1397 2587 rei
1430 2531 1773 2611 ambiguitate
1825 2521 2053 2578 detentis
2074 2558 2090 2585 ,

528 2618 595 2692 ab
618 2603 919 2705 hujusmodi
950 2628 1219 2697 colloquio
1240 2630 1505 2679 cessatum
1536 2626 1639 2672 est.
1679 2603 1693 2611 ’

602 2733 708 2787 Nec
739 2744 886 2785 mora
918 2768 934 2792 ,
986 2732 1111 2795 post
1159 2720 1274 2775 hmo
1297 2726 1353 2772 et
1384 2713 1646 2770 levissima
1695 2707 1840 2763 febre
1883 2701 2095 2773 corpori

528 2824 702 2879 infusa
734 2819 900 2889 cmpit
924 2793 1160 2876 tmdiari;
1192 2819 1319 2864 tunc
1345 2806 1543 2860 certius
1568 2800 1693 2870 quid
1714 2795 1890 2852 divina
1914 2793 2095 2865 provi-

528 2915 707 2970 tientia
736 2913 803 2967 de
824 2924 921 2966 sua
954 2912 1126 2961 morte
1154 2898 1479 2957 decrevisset
1531 2892 1849 2949 condiscens
1873 2925 1889 2951 ,
1940 2883 2097 2953 jussit

528 3002 816 3062 convocari
846 2978 1031 3054 omnes
1084 2993 1311 3049 famulos
1339 2999 1394 3043 et
1444 2986 1716 3040 ministros
1752 2994 1877 3033 suos
1900 3015 1916 3041 ,
1963 2988 2099 3043 quos

528 3100 645 3166 ipse
664 3094 823 3163 longo
859 3091 969 3162 jam
988 3099 1230 3155 tempore
1274 3082 1425 3135 alens
1454 3074 1787 3134 in-tituerat;
1833 3075 1886 3121 et
1938 3065 2100 3132 C(Ppit

530 3190 609 3244 eis
631 3188 789 3242 tinem
829 3184 1033 3238 dierum
1062 3187 1283 3230 suorum
1332 3168 1509 3239 palam
1539 3163 1716 3217 facere
1741 3200 1758 3225 ,
1813 3172 1909 3221 ac,
1961 3154 2098 3208 sicut

530 3293 745 3348 semper
766 3275 1143 3329 consueverat,
1175 3264 1314 3318 inter
1340 3268 1531 3315 cattera
1578 3251 1867 3323 prtedicare
1915 3259 2096 3314 pacem

532 3334 749 3438 semper
778 3358 1096 3418 habendam,
1129 3366 1313 3423 pacem
1337 3345 1583 3401 fratribus
1609 3334 2027 3395 custodiendam,
2046 3338 2102 3383 et

528 3420 846 3515 charitatem
885 3420 1151 3520 praecipue
1184 3440 1483 3500 tenendam,
1509 3434 1560 3487 in
1599 3444 1704 3498 qua
1754 3432 1836 3480 est
1886 3420 2104 3476 unitatis

534 3562 592 3607 et
618 3545 919 3606 concordiae
949 3538 1235 3595 vinculum.
1284 3530 1503 3591 Deinde,
1533 3532 1757 3579 evocato
1785 3512 2101 3579 Balderedo,

537 3603 792 3701 Ecclesia:
821 3631 1177 3691 Tornacensis
1206 3627 1420 3681 abbate.
1459 3618 1631 3673 dixit:
1662 3614 1793 3667 Rem
1826 3608 1956 3673 tibi,
2000 3603 2105 3659 fra-

544 3749 646 3801 ter,
685 3748 792 3789 non
850 3727 1037 3783 celabo
1080 3734 1238 3792 quam
1284 3712 1576 3770 certissime
1626 3705 1739 3761 fore
1776 3701 1975 3758 didici:
2007 3710 2105 3766 ego

514 3812 778 3899 quidem,
823 3791 1110 3876 secundum
1153 3821 1391 3866 tenorem
1421 3804 1663 3866 Patrum,
1708 3795 1922 3865 gradior
1967 3791 2104 3843 viam

539 3934 746 3981 meam;
778 3925 830 3968 te
862 3926 989 3965 vero
1012 3920 1206 3961 moneo
1238 3918 1302 3955 ne
1325 3897 1546 3953 ulterius
1574 3893 1878 3946 Tornacum
1934 3881 2107 3937 redire

539 4019 781 4080 appetas,
810 4002 1034 4057 sedesto
1059 3997 1146 4049 hic
1193 3998 1477 4046 contentus
1516 3998 1637 4036 cum
1694 3975 1942 4030 fratribus
1983 3970 2107 4033 tuis,

1357 4078 1365 4080 _
1732 4069 1741 4080 ,
1896 4078 1936 4080 __
1988 4061 2000 4080 ε
2028 4060 2107 4080 ,Α

540 4060 671 4080 "rr-
768 4060 779 4069 ι

540 4113 667 4156 cum
692 4093 895 4150 eisdem
917 4090 1143 4157 degens;
1178 4097 1298 4136 nam
1327 4078 1367 4133 si
1397 4075 1595 4145 oblitus
1633 4069 1793 4122 verba
1831 4078 1947 4116 mea
1988 4060 2111 4112 iluc

2171 616 2330 688 diem.
2353 613 2575 669 sentiret
2598 651 2614 675 ,
2659 608 2994 677 congregatis
3029 606 3199 677 pridie
3242 604 3601 661 Kalendarum
3627 607 3709 661 De-

2174 707 2465 762 cembrium
2488 702 2695 761 eunetis
2721 701 2957 769 undique
2980 698 3195 754 famulis
3224 708 3280 753 et
3320 699 3435 753 suis
3458 699 3713 765 discipulis,

2174 812 2310 867 quos
2326 796 2433 863 jam
2460 793 2560 849 etsi
2591 808 2698 847 non
2725 792 2936 860 spiritu,
2965 803 3198 857 corpore
3249 798 3429 841 tamen
3466 787 3717 851 incipiebat

2174 886 2477 954 relinquere
2503 883 2791 952 orphanos,
2823 880 2898 934 ita
2940 893 3171 934 exorsus
3218 875 3393 931 estad
3443 889 3568 929 ws:
3608 873 3717 927 Ulti-

2174 993 2316 1033 mam
2334 1016 2351 1040 ,
2375 972 2724 1034 dilectissimi,
2751 968 3031 1039 parvitatis
3059 981 3194 1022 mea:
3220 966 3504 1019 audientes
3529 972 3719 1018 senten-

2178 1070 2324 1130 tiam,
2347 1066 2533 1119 ultima
2564 1060 2818 1115 amatoris
2837 1059 2998 1113 vestri
3029 1056 3270 1125 gratillce
3292 1054 3550 1125 percipite
3565 1054 3719 1119 verba,

2176 1157 2219 1211 si
2246 1171 2331 1209 me
2357 1152 2552 1208 vicaria
2582 1151 2869 1204 dilectione
2898 1152 3123 1213 auratis;
3166 1146 3347 1199 divina
3401 1144 3549 1212 jussa
3577 1141 3722 1193 adim-

2178 1246 2324 1314 plere
2351 1242 2679 1305 contendite,
2708 1240 2889 1293 Jesum
2909 1251 3125 1306 semper
3162 1235 3454 1305 suspirate,
3483 1239 3719 1302 praecepta

2178 1336 2293 1404 ejus
2322 1333 2512 1389 vestris
2540 1332 2807 1386 mentibus
2830 1330 3008 1396 figite;
3058 1326 3105 1380 si
3155 1338 3285 1379 vere
3337 1322 3443 1378 mei
3488 1328 3726 1404 amatores

2130 1474 2133 1477 λ
2178 1426 2344 1489 estis,
2377 1423 2574 1478 Christi
2622 1435 2816 1476 nomen
2856 1420 2995 1473 sicut
3031 1427 3087 1472 et
3136 1430 3238 1486 ego
3278 1425 3490 1478 amate;
3538 1412 3724 1466 incerta

2180 1514 2503 1571 conditionis
2538 1513 2702 1566 vitam
2730 1510 2969 1579 quotidie
3012 1508 3296 1577 ancipitem
3323 1513 3623 1566 retraetate,
3652 1500 3727 1555 Dei

2184 1606 2457 1662 tremenda
2490 1602 2687 1672 judicia
2712 1600 2909 1669 jugiter
2935 1598 3247 1663 formidato,
3290 1595 3481 1664 quales
3523 1592 3661 1647 eritis
3682 1593 3725 1647 ὴ

2184 1699 2270 1753 die
2289 1697 2470 1764 judieii
2502 1692 2854 1765 praesentandi
2881 1690 3111 1745 sollicita
3163 1685 3589 1743 consideratione
3617 1698 3723 1751 pen-

2185 1796 2338 1851 sate;
2368 1800 2468 1853 ego
2506 1784 2647 1839 enim
2678 1821 2695 1849 ,
2734 1777 3021 1838 secundum
3066 1778 3277 1846 eloquia
3320 1773 3727 1842 Scripturarum,

2123 1866 2164 1922 Β
2188 1876 2403 1945 gradior
2424 1875 2536 1943 jam
2560 1873 2700 1926 viam
2729 1870 2995 1924 universe
3018 1876 3203 1930 terr-te;
3241 1864 3549 1934 jamitaque
3563 1860 3730 1914 amodo

2190 1974 2388 2039 absque
2418 1982 2501 2020 me
2530 1966 2583 2020 in
2632 1966 2734 2019 hoc
2760 1960 2958 2045 mundo
2982 1958 3209 2028 degetis,
3233 1956 3359 2026 quia
3391 1968 3479 2009 me
3508 1949 3731 2007 Dominis

2185 2061 2296 2130 jam
2318 2070 2545 2112 evocare
2564 2039 2808 2122 dignatur
2832 2067 2848 2116 ;
2871 2049 2966 2105 sed
2986 2057 3044 2103 et
3069 2059 3170 2115 ego
3194 2044 3356 2113 cupio
3382 2041 3595 2097 dissolvi
3618 2039 3729 2107 jam.

2189 2129 2262 2214 et,
2286 2150 2328 2205 si
2350 2148 2577 2203 Domino
2600 2141 2883 2215 placuerit,
2905 2153 3025 2195 esse
3045 2138 3099 2193 in
3121 2135 3326 2205 requie.
3351 2132 3446 2187 llis
3468 2129 3618 2185 dictis
3631 2143 3731 2183 cum

2191 2255 2378 2297 omnes
2407 2240 2597 2293 tierent
2624 2244 2679 2289 et
2707 2232 2995 2301 ejularent,
3025 2227 3266 2283 evocatis
3318 2223 3409 2278 ille
3460 2218 3731 2287 singulatim

2193 2322 2421 2400 propriis
2443 2324 2743 2381 vernaculis
2764 2362 2781 2387 ,
2836 2319 3115 2377 constituit
3141 2318 3220 2371 eis
3264 2312 3586 2369 monasteria
3622 2310 3736 2363 inter

2192 2432 2382 2477 extera
2411 2415 2878 2479 excellentissima,
2905 2411 2972 2467 ad
2994 2426 3116 2482 quatI
3142 2416 3264 2479 post
3287 2421 3443 2463 suum
3471 2405 3729 2459 discessu

2193 2511 2384 2581 singuli
2414 2509 2651 2578 quinque
2675 2518 2967 2576 properare
2994 2501 3281 2573 deberent;
3313 2506 3372 2552 et
3397 2495 3533 2551 dixit
3552 2493 3613 2547 ad
3633 2505 3733 2544 eos:

2181 2601 2335 2669 ,Ecce
2355 2598 2512 2653 hodie
2540 2598 2591 2650 in
2616 2609 2807 2649 manus
2832 2600 3038 2647 vestras
3056 2586 3376 2645 commendo
3404 2584 3626 2639 salutem
3644 2580 3737 2633 ani-

2194 2705 2400 2744 marum
2428 2687 3108 2752 vestrarum;mementote
3162 2690 3292 2746 ergo
3342 2672 3737 2728 admonitionem

2194 2796 2454 2843 mearum,
2481 2786 2536 2832 et
2559 2775 2790 2845 cogitate
2814 2772 2924 2842 jam
2968 2767 3160 2838 singuli
3222 2766 3290 2821 de
3343 2758 3739 2831 vobismetipsis;

2197 2873 2311 2951 hzec
2336 2873 2475 2925 inter
2503 2867 2682 2923 omnia
2702 2878 2821 2933 qua
2851 2848 3059 2917 moneo
3077 2858 3295 2914 assidue
3332 2858 3509 2925 agite;
3550 2855 3652 2910 lucc
3674 2869 3740 2908 εις

2198 2950 2324 3033 pite,
2351 2964 2462 3015 hare
2484 2959 2753 3021 retexite,
2802 2963 2861 3009 et
2910 2951 3227 3007 memoriam
3272 2962 3451 3003 meam
3496 2948 3739 3002 vobiscum

2198 3069 2410 3123 semper
2432 3052 2626 3120 ubique
2650 3055 2861 3118 portate
2886 3063 2899 3096 :
2933 3043 3130 3109 Eligius
3152 3041 3294 3096 enim
3335 3040 3551 3106 migrat.
3581 3046 3633 3091 et
3650 3036 3739 3104 jam

2202 3164 2307 3202 non
2347 3145 2449 3199 erit
2472 3144 2523 3197 in
2562 3142 2664 3196 hoc
2682 3138 2875 3194 seculo
2916 3135 3215 3190 vobiscum.
3266 3131 3402 3185 Cum
3457 3131 3571 3185 haec
3614 3128 3744 3198 uitur

2204 3237 2445 3300 dixisset,
2460 3247 2645 3289 omnes
2665 3230 2752 3299 qui
2774 3228 2997 3282 aderant
3022 3240 3142 3281 cum
3158 3223 3358 3293 ingenti
3383 3223 3560 3291 rugitu
3589 3234 3743 3275 vown

2204 3328 2443 3382 levantes
2478 3364 2492 3387 ,
2541 3322 2734 3389 vixque
2761 3320 2901 3374 inter
2926 3317 3146 3371 crebros
3175 3314 3439 3381 singultus
3462 3312 3621 3367 verba
3660 3309 3745 3364 iure

2204 3419 2430 3473 mantes,
2454 3420 2687 3461 consona
2717 3416 2911 3459 omnes,
2940 3412 3074 3453 voce
3126 3397 3396 3452 deflebant
3420 3436 3437 3462 ,
3496 3394 3741 3450 dicentes:

2205 3502 2312 3556 Cur
2338 3514 2453 3563 nos,
2476 3495 2652 3556 Pater,
2685 3490 2906 3556 deseris,
2936 3488 3021 3544 vel
3047 3502 3143 3564 cur
3168 3494 3274 3540 tam
3297 3486 3409 3541 cito
3428 3500 3460 3539 a
3506 3485 3652 3539 nobis
3672 3497 3741 3536 re.

2205 3590 2396 3647 cedere
2416 3585 2602 3657 cupis?
2622 3584 2719 3640 Cui
2734 3583 2979 3638 alumnos
2998 3588 3120 3634 tuos
3142 3576 3367 3633 orbatos
3387 3574 3655 3643 relinquis,
3674 3582 3746 3626 ast

2206 3684 2311 3747 cui,
2331 3690 2515 3751 pastor
2539 3676 2760 3748 optime,
2786 3686 2999 3750 gregem
3019 3715 3033 3739 ,
3063 3684 3224 3740 quem
3250 3677 3322 3723 e‘x
3368 3668 3612 3738 gentibus
3639 3678 3745 3718 eon-

2208 3772 2457 3850 gregasti,
2488 3769 2772 3824 fovendum
2794 3762 3124 3820 committis?
3159 3760 3374 3814 Scimus
3396 3759 3609 3829 quidem
3646 3755 3747 3808 olim

2207 3865 2513 3920 desiderare
2553 3870 2607 3915 te
2632 3857 2937 3919 Christum,
2969 3853 3065 3909 sed
3111 3851 3261 3906 salva
3291 3850 3386 3905 tibi
3431 3850 3646 3905 mahent
3679 3854 3748 3899 tua

2210 3954 2449 4026 praemia,
2478 3965 2579 4005 nec
2600 3949 2645 4004 si
2671 3947 2869 4002 diutius
2896 3944 2950 3999 in
2983 3940 3181 3996 mundo
3200 3947 3573 3995 commoratus
3598 3934 3749 3997 fauis,

2212 4045 2533 4106 minuentur,
2555 4040 2650 4095 sed
2677 4044 2832 4093 aucta
2860 4034 3039 4106 potius
3070 4032 3120 4087 in
3159 4031 3273 4088 dies
3295 4029 3750 4085 incrementantur;

2214 4136 2458 4203 ideoque,
2486 4142 2815 4201 qumsumus,
2837 4126 2883 4184 si
2903 4126 3020 4181 fieri
3066 4131 3265 4194 potest,
3288 4118 3449 4176 diﬂ‘er
3475 4120 3682 4182 exitum,
3702 4128 3753 4168 ne

2215 4230 2467 4283 abscessu
2492 4231 2584 4276 tuo
2613 4226 2805 4275 omnes
2843 4216 3110 4287 patiamur
3163 4212 3429 4276 exitium;
3482 4208 3677 4265 sarium
3716 4218 3755 4257 te

2217 4330 2323 4370 non
2346 4309 2619 4381 compellit
2647 4312 2712 4363 ut
2737 4308 2935 4386 migres
2962 4322 2978 4369 ;
3002 4316 3142 4371 quos
3160 4300 3388 4365 deseris,
3418 4298 3599 4370 potius
3615 4294 3753 4352 nostri

2216 4406 2500 4469 miserere;
2529 4407 2624 4455 aut
2642 4398 2687 4454 si
2715 4396 2883 4451 mavis
2901 4389 3168 4455 abire,vel
3191 4389 3375 4445 socios
3394 4404 3500 4444 nos
3523 4396 3623 4443 tu:
3638 4398 3757 4440 lior-

2218 4498 2286 4551 tis
2313 4509 2551 4557 sssnme;
2584 4490 2774 4546 melius
2815 4488 3055 4554 proiecto
3101 4480 3238 4537 mori
3285 4488 3465 4535 tecum
3519 4476 3756 4535 ducit-nt.

2218 4604 2374 4657 quam
2401 4595 2456 4639 te
2476 4582 2728 4636 “absente
2758 4579 2809 4631 in
2839 4574 3039 4629 mundo
3077 4574 3289 4636 vivere;
3322 4570 3620 4639 absentiam
3641 4574 3756 4620 tum

539 4192 791 4253 deinceps
814 4176 1119 4239 accesseris,
1154 4171 1275 4227 novi
1318 4184 1411 4238 pro
1452 4172 1606 4221 certo
1634 4158 1777 4229 quod
1805 4154 1957 4209 vivus
1989 4149 2109 4203 inde
2139 4187 2141 4189 .

541 4295 649 4334 non
675 4239 871 4331 redies.
906 4268 1087 4337 Itaque
1114 4274 1171 4319 ut
1198 4254 1325 4315 tunc
1358 4254 1637 4328 pta-dixit,
1695 4249 1767 4301 ita
1823 4250 1947 4315 pnst
1997 4239 2114 4307 ejus

544 4333 748 4425 obitum
775 4333 1029 4431 contigit;
1062 4372 1183 4413 nam
1210 4351 1459 4423 prtefatus
1500 4339 1825 4398 Balderedus
1845 4333 2113 4401 negligen-

549 4473 634 4515 ter
660 4456 927 4512 excedens
954 4451 1174 4503 verbmn
1212 4422 1348 4496 istud
1377 4445 1498 4507 post
1548 4441 1772 4488 mortem
1804 4426 1942 4482 beati
1973 4422 2069 4477 viri
2097 4460 2112 4484 ,

548 4552 617 4609 ad
638 4548 941 4621 prmdictam
966 4542 1149 4593 urbem
1174 4535 1289 4588 sine
1313 4516 1649 4584 cunctamine
1678 4516 2020 4603 properavit,
2060 4519 2115 4564 et
2143 4538 2191 4595 ο

549 4604 662 4699 non
688 4648 809 4711 post
834 4634 1029 4690 multos
1048 4629 1180 4689 dies,
1215 4626 1449 4677 irruente
1477 4621 1634 4683 super
1670 4629 1729 4667 se
1758 4611 1931 4670 turba,
1960 4604 2119 4659 velte-

552 4741 761 4787 menter
790 4740 990 4789 cacsus,
1025 4722 1089 4774 ad
1132 4718 1374 4772 ultimutn
1420 4710 1767 4773 interemptus
1812 4709 1916 4756 est.
1958 4697 2112 4763 lgittu

552 4833 613 4877 ut
638 4821 816 4875 dicere
836 4826 1101 4885 cmperam
1127 4851 1141 4874 ,
1195 4822 1314 4860 cum
1369 4803 1448 4855 vir
1475 4801 1664 4855 beatus
1694 4793 1874 4847 ultima
1902 4791 2119 4843 decum-

553 4918 705 4969 beret
731 4874 1064 4975 azgrituiiine,
1094 4900 1314 4966 ejusque
1339 4892 1616 4948 infirmitas
1645 4900 1739 4955 per
1767 4881 1998 4951 quinque
2038 4874 2120 4927 vel

553 5018 650 5061 sex
671 4999 784 5055 dies
822 4990 1196 5065 protelaretur,
1230 4987 1297 5037 ita
1321 4983 1581 5037 duntaxat
1629 4985 1686 5030 ut
1713 4985 1927 5038 semper
1975 4980 2122 5021 eam-

555 5095 675 5149 dem
718 5080 1127 5143 deambulando,
1158 5076 1453 5140 baculoque
1495 5076 1712 5137 regente
1768 5062 2001 5117 inlirmos
2040 5052 2125 5109 δι”-

560 5193 646 5237 tus
670 5171 1039 5233 sustenlando,
1073 5164 1455 5227 dissimularet,
1482 5175 1579 5213 nec
1607 5158 1685 5213 sic
1711 5154 1926 5223 quidem
1957 5164 1984 5200 a
2030 5145 2124 5200 Dei

562 5286 725 5341 opere
752 5266 1014 5325 cessabat,
1037 5263 1227 5314 bonam
1261 5255 1400 5308 hanc
1438 5252 1691 5304 virtutum
1739 5255 1953 5297 suarum
1997 5252 2126 5291 con-

564 5356 971 5414 summationem
994 5350 1319 5407 existimans,
1353 5342 1395 5397 si
1418 5338 1481 5391 ad
1532 5337 1685 5390 finem
1717 5348 1885 5401 usque
1932 5326 2126 5398 perdu-

570 5461 738 5512 teret,
762 5446 813 5501 id
831 5444 974 5513 quod
1021 5454 1115 5509 per
1155 5440 1309 5505 longa
1341 5434 1458 5485 vita:
1510 5428 1678 5495 spatia
1718 5424 1826 5493 jugi
1876 5417 2126 5475 instantia

570 5544 857 5601 tenuisset;
912 5547 1113 5603 pernox
1168 5533 1305 5585 enim
1362 5527 1413 5579 in
1459 5518 1787 5577 orationibus
1837 5524 1892 5569 et
1940 5509 2130 5579 vigiliis

571 5620 807 5687 membra
842 5624 1139 5681 fatiscentia
1168 5621 1372 5689 spiritui
1402 5614 1603 5670 servire
1624 5610 1865 5677 ct-gebat,
1885 5614 1939 5658 et
1955 5608 2131 5656 mente

572 5719 960 5791 quodammodo
981 5716 1046 5771 ad
1073 5711 1383 5769 memoriam
1406 5696 1944 5761 futurznbcatitudinis
1958 5704 2127 5745 transo

578 5816 707 5875 iens,
740 5812 955 5866 nimium
1006 5810 1155 5863 lmtus
1177 5802 1406 5871 cupitum
1439 5800 1537 5852 iter
1566 5788 1925 5863 exspectabat.
1956 5783 2126 5838 lntcr-

2219 4654 2358 4734 ferre
2385 4692 2491 4731 non
2514 4684 2817 4745 possumus,
2845 4666 2974 4735 quia
3014 4664 3090 4718 ttti
3136 4663 3370 4718 similem
3394 4672 3658 4729 nunquam
3678 4654 3755 4709 ln-

2220 4774 2477 4828 bebimus.
2512 4743 2703 4821 Doleat
2727 4776 2857 4831 ergo
2886 4758 3006 4826 tibi,
3035 4768 3220 4829 pastor
3246 4754 3411 4819 bone,
3432 4768 3506 4808 ne
3550 4758 3653 4803 tam
3672 4743 3759 4800 cito

2221 4868 2462 4923 orbatam
2509 4861 2785 4928 relinquas
2826 4854 3056 4925 plebem,
3089 4855 3308 4905 moveat
3352 4846 3604 4911 pietatem
3641 4848 3759 4894 tum

2222 4959 2395 5013 luctus
2420 4957 2541 5017 iste,
2565 4960 2675 5035 quo
2702 4930 3143 5024 impetres‘apud
3192 4934 3479 4991 Dominum
3528 4935 3759 5003 superstet

2223 5050 2397 5105 adhuc
2420 5047 2471 5101 in
2510 5020 2739 5111 corpore
2766 5052 2905 5093 esse.
2934 5034 3088 5089 Talia
3122 5046 3218 5086 eos
3246 5027 3508 5083 debentes
3533 5020 3761 5097 pisi!“

2225 5141 2315 5195 ille
2342 5146 2522 5208 pastor
2545 5109 2785 5191 audiens,
2814 5127 3041 5180 ubertim
3070 5120 3260 5174 faciem
3289 5116 3548 5190 lacrymis
3568 5109 3758 5182 τικὼέ

2225 5197 2360 5302 quas
2386 5224 2695 5296 magnitudo
2725 5219 2938 5291 pietatis
2963 5215 3165 5270 indices
3192 5202 3597 5267 clementissimi
3618 5197 3761 5259 adii

2226 5299 2521 5376 eﬂuderat:
2555 5313 2823 5383 gaudebat
2845 5308 3045 5376 quippe
3064 5304 3131 5360 de
3151 5318 3247 5358 sua
3274 5299 3583 5361 voatioue,
3604 5300 3763 5348 ,ωηο

2229 5416 2423 5479 batque
2471 5407 2538 5462 ad
2568 5417 2781 5474 tempus
2826 5398 2963 5454 mire
2998 5396 3103 5453 illis
3129 5390 3464 5462 eompatie‘ns
3497 5385 3567 5443 de
3610 5390 3761 5439 estl-

2229 5471 2606 5560 destitution'e,
2648 5471 2704 5551 et
2734 5506 2855 5548 cum
2879 5498 3027 5546 esset
3066 5488 3219 5559 pius,
3276 5488 3533 5550 essetque
3577 5471 3761 5533 ald-

2231 5594 2467 5662 requiem
2497 5558 2979 5645 desiderabundus,‘
3010 5558 3112 5634 nec
3136 5576 3236 5630 bos
3257 5570 3329 5629 ad
3358 5558 3765 5662 suum!»

2231 5648 2432 5743 set-lere,
2450 5696 2547 5735 nec
2574 5694 2605 5732 a
2627 5676 2838 5730 Christo
2850 5670 3062 5727 volebat
3095 5665 3297 5721 diutius
3320 5657 3585 5733 separari.

2233 5778 2456 5839 scilicet,
2482 5767 2852 5827 insatiabiliter
2868 5761 3083 5828 sitiens,
3104 5756 3253 5813 illum
3309 5754 3579 5810 innianter
3592 5735 3761 5803 ωὒὲο

3460 5965 3858 6268 Δ)
