3934 6228
192 456 280 516 3³ὶό

1695 465 1879 519 νιτΑ.

3242 474 3252 488 ³
3268 471 3372 526 566

190 587 310 628 rans,
331 569 574 640 ﬁliumque
601 570 775 625 oculis
803 586 864 625 ac
894 581 1074 626 mente
1103 580 1212 626 tota
1250 588 1460 644 semper
1483 576 1724 644 comple-
1751 582 1798 634 Α
1826 572 2021 644 crymis
2046 587 2161 638 ora,
2185 574 2446 642 singultus
2472 577 2630 630 etiam
2671 578 2910 632 omnium
2965 581 3256 651 occupabat
3291 599 3384 633 νη-

194 676 338 716 (11³115.

672 727 901 784 CAPUT
951 729 1183 786 XXXIV.

490 818 606 882 uno
642 819 824 873 ordine
844 836 877 870 a
913 825 1099 876 saeculo
1124 823 1382 892 migravit.

247 928 465 982 Tandem
505 940 637 995 ergo
684 928 824 983 inter
864 943 1078 985 amaras
1131 916 1432 1002 laerymas,
1476 931 1723 1000 dictaque

191 1015 438 1070 mturentia
463 1029 742 1068 resumens
793 1015 1031 1080 verbum,
1063 1017 1175 1070 ait:
1201 1015 1376 1071 Nolite
1403 1032 1466 1071 es
1503 1019 1606 1074 hoe
1627 1035 1719 1074 us-

188 1117 476 1173 quequaque
502 1103 835 1170 contristari,
857 1118 913 1157 et
937 1119 1044 1171 me,
1070 1119 1268 1173 quasso,
1300 1107 1524 1177 amplius
1553 1109 1719 1162 nolite

188 1192 295 1247 fletu
315 1207 503 1246 vexare
529 1192 597 1246 de
623 1193 850 1248 abcessu
874 1207 1016 1260 meo,
1039 1202 1093 1248 et
1115 1195 1161 1248 si
1211 1209 1337 1250 vere
1363 1199 1568 1265 sapitis,
1591 1212 1722 1264 gau-
1753 1184 1758 1187 δ

188 1281 298 1336 dere
326 1296 414 1336 vos
440 1281 618 1351 potius
639 1283 892 1337 convenit
918 1297 1078 1350 quam
1101 1283 1302 1352 iugere,
1326 1287 1448 1355 quia
1477 1289 1722 1356 equidem

187 1373 269 1424 etsi
295 1371 561 1439 pnas-entia
591 1372 835 1441 corporis
868 1372 1060 1427 absens
1111 1359 1280 1438 fuero,
1311 1377 1499 1446 spiritu
1531 1378 1724 1434 melius

189 1474 396 1527 presens
415 1473 539 1522 ero,
568 1466 622 1512 et
650 1473 956 1528 quanquam
1007 1475 1108 1531 ego
1151 1477 1409 1533 nusquam
1439 1465 1558 1529 sim,
1587 1466 1725 1523 Deus

189 1565 376 1619 semper
400 1559 480 1606 est
495 1593 510 1617 ,
540 1551 612 1604 illi
638 1567 735 1606 vos
755 1552 1092 1620 commendo,
1116 1554 1324 1624 ipsique
1346 1559 1510 1612 vestri
1538 1574 1720 1614 curam

191 1639 468 1696 committo:
497 1654 597 1709 ego
618 1656 748 1696 vero
765 1644 811 1697 si
839 1641 968 1710 quid
999 1642 1124 1698 boni
1151 1657 1310 1710 agere
1341 1645 1510 1714 potui,
1539 1649 1726 1705 vestris

190 1730 490 1800 profectibus
536 1732 777 1795 militavi,
801 1741 856 1788 et
883 1734 1221 1802 cognoscetis
1249 1735 1352 1791 hoc
1403 1737 1573 1792 inilla
1603 1740 1721 1807 die,

191 1835 297 1875 cum
344 1811 590 1890 indicabit
618 1820 872 1878 Dominus
909 1823 1116 1877 occulta
1147 1823 1423 1879 hominum
1450 1868 1465 1889 ,
1515 1836 1572 1881 et
1602 1843 1723 1883 cum

1823 661 2366 730 cem,haerentemque
2389 662 2616 731 linguam
2643 666 2843 720 viscera
2870 679 3142 722 commota
3180 672 3354 738 quatic
3378 700 3390 710 ο

1823 748 1970 814 bant,
2001 759 2164 819 atque
2203 752 2256 805 in
2307 753 2510 808 medios
2533 764 2752 810 conatus
2789 771 2965 812 sermo
2992 759 3192 826 gemitu
3224 762 3386 814 inter-

1822 838 2195 907 rumpebatur;
2257 841 2345 895 vix
2411 849 2589 897 tamen
2653 844 2792 899 inter
2841 846 2956 900 dira
3017 850 3286 916 suspiria,
3333 859 3387 902 et

1821 942 2032 984 amaras
2060 928 2338 1000 lacrymas,
2358 931 2474 987 haec
2499 934 2835 990 solummodo
2861 938 3022 990 verba
3044 939 3382 992 resonabant.

1823 1019 2072 1074 Doleuius
2096 1022 2313 1088 quidem
2339 1024 2698 1092 impatientius
2717 1029 2885 1083 nostri
2913 1045 3096 1097 causa,
3117 1031 3260 1100 quod
3292 1051 3387 1087 nos

1821 1106 2012 1162 solatio
2039 1109 2313 1164 abscessus
2343 1111 2414 1164 tui
2444 1111 2709 1182 destituis,
2747 1116 2840 1170 sed
2871 1119 2946 1171 tui
2974 1131 3132 1175 causa
3162 1161 3176 1185 ,
3232 1120 3387 1174 Pater

1824 1201 2044 1265 Optime,
2067 1200 2426 1266 consolamur,
2449 1201 2537 1270 qui
2564 1211 2683 1270 post
2711 1207 2890 1260 mundi
2921 1208 3155 1264 laborem
3185 1210 3250 1264 ad
3296 1226 3384 1278 pe-

1805 1303 2044 1344 rennem
2065 1291 2300 1358 requiem
2318 1292 2482 1347 vadis.
2515 1293 2664 1348 Tunc
2693 1294 2780 1350 ille
2803 1300 3072 1366 supplices
3108 1301 3294 1358 oculos
3317 1301 3384 1354 ad

1824 1378 2020 1432 ctelum
2046 1379 2278 1444 elevans,
2311 1380 2400 1434 diu
2445 1382 2657 1436 tacitam
2683 1398 2892 1451 precem
2925 1386 3082 1453 fudit,
3106 1389 3297 1445 deinde
3335 1393 3388 1446 in

1827 1483 2012 1522 vocem
2038 1484 2409 1539 prorumpens,
2441 1472 2516 1526 ait
2539 1490 2554 1525 :
2582 1471 2730 1530 Nunc
2749 1474 2970 1531 dimittis
2990 1493 3202 1533 servum
3221 1487 3388 1544 tuum,

1826 1561 2070 1627 Domine,
2101 1566 2394 1618 secundum
2440 1566 2658 1620 verbum
2699 1575 2844 1622 tuum
2890 1570 2942 1624 in
2984 1586 3114 1639 pace
3145 1571 3290 1642 (Luc.
3332 1592 3387 1635 ιι.

1822 1648 1947 1718 ἳ8);
1980 1646 2261 1708 recordare
2287 1669 2487 1722 quaeso,
2519 1655 2661 1723 quod
2689 1657 2826 1712 sicut
2872 1658 3044 1714 lutum
3072 1662 3263 1720 feceris
3302 1682 3390 1720 rue

1826 1737 1946 1808 (Job
1975 1755 2031 1805 ι,
2053 1740 2139 1809 9);
2182 1750 2232 1794 ct
2264 1757 2368 1796 non
2399 1743 2564 1798 intres
2603 1746 2655 1799 in
2683 1745 2935 1814 judicium
2953 1765 3071 1803 cum
3099 1767 3253 1806 servo
3278 1762 3388 1815 tuo,

1827 1835 1949 1903 quia
1980 1851 2084 1891 non
2141 1839 2516 1902 jnst'u‘ieabitur
2545 1841 2595 1894 in
2646 1851 2935 1912 conspectu
2963 1852 3060 1899 tuo
3086 1847 3254 1899 omnis
3308 1847 3391 1897 vi-
3418 1891 3433 1900 .

187 1915 350 1966 reddet
369 1913 643 1981 unicuique
661 1914 951 1968 secundum
973 1929 1134 1981 opera
1155 1931 1251 1970 sua
1275 1916 1450 1985 (Rom.
1469 1919 1722 1989 tt,i6,6).
1759 1913 1801 1972 Β
1831 1939 1959 1980 vens
1987 1928 2154 1995 (Psal.
2189 1941 2346 1988 usus.
2378 1933 2453 1998 2).
2485 1931 2551 1984 Et
2582 1932 2892 2002 quibusdam
2953 1936 3276 2006 interpositis
3301 1939 3394 1989 ad-

196 2003 307 2056 Scio
340 2003 543 2068 quidem
562 2005 686 2070 quia
718 2005 917 2058 inutilis
961 2020 1145 2060 servus
1167 2023 1274 2061 non
1303 2007 1400 2064 feci
1427 2022 1484 2064 ut
1529 2013 1727 2080 debui,

192 2091 424 2146 Dominus
446 2100 616 2146 tamen
642 2093 791 2147 novit
831 2094 1275 2162 quemadmodum
1304 2097 1406 2151 huc
1438 2114 1605 2167 usque
1631 2117 1727 2156 vo-

189 2182 272 2238 lui.
303 2182 406 2238 Vos
433 2197 558 2251 ergo
581 2197 796 2245 moneo,
823 2193 876 2238 et
910 2194 1007 2253 per
1056 2185 1343 2252 gloriosum
1388 2185 1583 2243 Christi
1631 2191 1728 2244 ad-

197 2285 392 2329 ventura
425 2274 677 2340 obtestor,
710 2285 770 2328 ut
792 2275 837 2328 si
865 2288 971 2344 qua
1002 2275 1152 2331 vobis
1201 2289 1326 2345 erga
1374 2292 1459 2331 me
1495 2278 1727 2335 charitas

190 2370 277 2428 est.
295 2365 338 2419 si
367 2363 484 2418 mihi
511 2363 768 2418 vicarium
797 2364 1087 2432 rependitis
1113 2365 1414 2426 dilectionis
1443 2366 1690 2424 affectum
1709 2409 1724 2434 ,

191 2454 410 2508 mandata
437 2461 490 2507 et
515 2453 756 2508 instituta
786 2468 904 2508 mea
933 2468 1148 2510 servare
1179 2464 1396 2522 curate;
1427 2466 1484 2510 et
1529 2458 1580 2512 in
1621 2475 1726 2529 quo

191 2545 521 2613 unusquisqtie
568 2553 805 2599 vestrum
852 2545 1150 2615 praevalet,
1207 2545 1275 2601 de
1331 2551 1728 2607 monasteriolis

190 2636 326 2695 meis.
352 2649 462 2704 quae
486 2634 697 2690 Christo
718 2638 933 2705 auspice
960 2637 1221 2692 aedificavi
1249 2680 1265 2703 ,
1324 2641 1630 2695 mercedem
1673 2652 1729 2697 et

188 2725 560 2780 sollicitudinem
590 2726 881 2790 habetote;
912 2735 968 2781 et
995 2728 1189 2796 valete,
1207 2730 1410 2784 viscera
1432 2746 1571 2785 mea.
1598 2731 1726 2787 Post

191 2813 289 2868 Inc
314 2816 480 2878 verba,
510 2825 761 2888 vergente
783 2814 898 2885 jam
925 2817 1013 2872 die
1038 2817 1102 2872 ad
1132 2833 1443 2889 vesperam,
1497 2823 1727 2891 procidit

189 2902 343 2957 subito
366 2903 412 2957 in
448 2904 772 2974 pavimento,
785 2918 840 2960 et
861 2905 977 2961 lixis
997 2908 1218 2976 genibus
1243 2919 1369 2975 ante
1399 2897 1492 2967 Dei
1520 2911 1723 2966 vultum

194 2995 490 3062 provolutus,
513 3004 632 3066 orat
654 2997 968 3068 suppliciter
983 3013 1224 3070 gemens,
1245 3008 1406 3071 atque
1429 3003 1722 3074 suspirans,

192 3095 242 3139 ut
261 3102 344 3141 sua
371 3087 734 3156 benignissima
764 3089 962 3159 pietate
980 3091 1256 3160 provideat
1275 3100 1545 3167 pastorem
1573 3136 1587 3160 ,
1634 3096 1725 3164 qui

195 3185 325 3244 regat
344 3178 574 3232 modeste
598 3193 750 3232 suam
774 3180 980 3249 plebem
1008 3200 1021 3234 :
1054 3183 1130 3236 Ne
1159 3183 1270 3248 fiat,
1307 3183 1498 3253 inquit,
1524 3194 1724 3241 arterne

191 3265 372 3328 Pastor.
400 3269 508 3323 hare
534 3255 683 3338 plebs
707 3272 846 3325 sicut
869 3287 998 3327 oves
1023 3274 1215 3340 quibus
1253 3289 1360 3329 non
1380 3251 1471 3331 est
1489 3287 1674 3345 pastor
1702 3296 1717 3344 ;
1748 3251 1796 3313 θ

191 3361 475 3414 commendo
502 3359 594 3414 tibi
623 3375 772 3427 oves,
802 3375 934 3432 quas
965 3363 1089 3417 mihi
1119 3363 1391 3420 credidisti
1416 3404 1432 3430 ,
1486 3376 1541 3421 et
1566 3367 1720 3422 fatai-

193 3445 302 3501 liam
327 3441 732 3519 omnem,quam
764 3466 858 3522 per
877 3453 1225 3508 ministerium
1270 3455 1431 3510 officii
1477 3457 1581 3511 mei
1628 3462 1721 3514 tuo

190 3543 353 3591 sancto
372 3538 580 3593 servitio
635 3539 981 3612 mancipasti;
1024 3551 1112 3597 tuo
1133 3580 1150 3604 ,
1197 3557 1378 3611 qumso
1401 3585 1417 3613 ,
1464 3545 1678 3602 Christe
1700 3588 1717 3611 ,

191 3639 375 3694 semper
397 3637 736 3697 protegantur
754 3631 984 3693 auxilio,
1008 3641 1101 3685 tuo
1121 3634 1647 3702 guberuentnrnutu,
1665 3639 1723 3692 et

195 3722 275 3767 tuo
293 3714 564 3784 dirigantur
586 3717 830 3784 imperio.
861 3716 908 3771 0
934 3719 1064 3772 mira
1097 3721 1245 3789 Eligii
1268 3723 1500 3777 charitas
1522 3733 1577 3778 et
1599 3741 1719 3780 .ma-

195 3803 357 3866 gniﬁcat
383 3805 606 3859 bonitas!
638 3821 949 3862 recessurus
975 3807 1082 3877 jam
1110 3807 1178 3864 de
1206 3811 1425 3878 mundo,
1454 3813 1536 3868 sui
1583 3828 1718 3883 quo-

194 3893 439 3950 dammodo
460 3911 581 3950 cura
612 3897 875 3967 neglecta,
906 3899 1150 3967 aliorum,
1187 3903 1322 3958 sicut
1354 3906 1568 3974 semper
1589 3923 1718 3962 con-

195 3993 426 4050 sueverat,
461 3986 677 4055 gerebat
709 3989 1061 4056 adminicula;
1113 3993 1190 4047 sic
1239 3994 1382 4050 enim
1428 3997 1586 4052 eximi
1617 3999 1717 4054 hac

196 4073 296 4129 luce
329 4078 575 4146 cupiebat,
628 4088 708 4146 ut,
749 4079 975 4137 Domino
1015 4081 1258 4151 iubente,
1314 4087 1380 4141 ad
1434 4088 1523 4142 iiia
1570 4091 1714 4146 clara

192 4164 463 4221 mteruitatis
507 4166 805 4222 habitacula
853 4173 1138 4236 transiret,
1192 4174 1280 4229 ubi
1335 4176 1715 4246 eizparabatur

194 4252 405 4316 gaudium
429 4256 806 4324 sempitemum
833 4260 973 4313 nulla
1006 4277 1234 4331 unquam
1259 4263 1526 4324 vetustate
1571 4247 1715 4340 peri-

196 4349 372 4408 turum;
395 4353 446 4399 et
464 4346 804 4404 nihilominus
832 4349 956 4405 illuc
974 4354 1213 4416 tendens,
1237 4357 1412 4425 gregis
1438 4358 1538 4414 sibi
1568 4375 1714 4414 com-

196 4432 314 4486 missi
338 4432 639 4506 familiaque
667 4440 873 4511 adeptae
902 4455 1056 4510 magn
1077 4457 1144 4495 sm
1171 4483 1185 4508 ,
1233 4454 1290 4498 ut
1323 4458 1711 4516 consueverat,

193 4523 550 4584 sollicitudinem
593 4531 834 4599 gerebat,
864 4532 1243 4588 commendans
1271 4535 1457 4605 tttique
1485 4539 1711 4597 Domino

194 4633 292 4670 cum
318 4616 483 4676 fenore
503 4621 648 4690 quod
673 4622 742 4677 ab
763 4623 880 4692 ipso
907 4634 1188 4695 acceperat
1218 4629 1402 4684 talenti
1430 4645 1636 4689 munus.

680 4732 910 4791 CAPUT
947 4736 1160 4792 XXXV.

205 4819 444 4876 tdedicu'o
464 4831 513 4876 et
531 4824 700 4878 oratio
727 4827 947 4907 ultima;
984 4837 1035 4910 et
1061 4829 1123 4882 de
1142 4829 1389 4886 miraculo
1406 4836 1710 4902 egredientis

755 4910 843 4948 um
850 4911 944 4950 1110
969 4914 1097 4953 νηο.

249 4976 348 5034 .Ia
372 4996 489 5038 vero
513 4999 565 5038 In
602 4984 859 5040 extremis
887 4989 1112 5055 positus,
1135 5005 1256 5046 cum
1294 4991 1534 5049 modicus
1561 4995 1710 5051 calor

196 5075 366 5136 teperet
389 5074 435 5127 in
453 5087 691 5143 pectore.
713 5092 814 5132 nec
840 5072 1036 5147 pri-ter
1059 5096 1274 5139 sensum
1295 5076 1580 5154 quidquam
1600 5089 1707 5143 vivi

195 5154 385 5213 horninis
405 5174 721 5231 superesset,
748 5167 954 5222 vocatis
977 5169 1044 5222 ad
1069 5184 1130 5225 se
1156 5171 1430 5243 discipulis
1457 5182 1513 5229 et
1539 5175 1704 5231 soda-

196 5244 324 5334 libus,
343 5247 459 5306 dum
481 5267 539 5308 se
559 5254 612 5308 in
650 5265 866 5312 mutuos
899 5259 1127 5315 miscent
1145 5263 1440 5333 amplexus,
1472 5280 1566 5334 per
1591 5268 1701 5322 siu-

190 5333 313 5398 glas
336 5338 564 5409 plorans,
605 5346 857 5403 omnibus
885 5348 1002 5404 vale
1039 5349 1250 5406 dicebat
1274 5395 1290 5420 ,
1337 5354 1520 5411 dicens
1549 5374 1561 5409 :
1585 5355 1703 5414 Jam

194 5438 281 5515 non
303 5428 424 5484 ltra
448 5431 631 5502 loquar
657 5435 958 5505 vobiscum,
981 5447 1037 5493 et
1068 5437 1258 5494 faciem
1287 5457 1457 5498 meam
1478 5446 1705 5515 amplius

189 5511 278 5604 iam
293 5531 386 5572 non
410 5521 666 5588 videbitis.
695 5525 922 5596 ideoque
941 5528 1114 5584 valete
1142 5529 1196 5586 in
1224 5546 1378 5600 pace,
1399 5543 1456 5592 et
1480 5511 1582 5591 me“
1594 5537 1702 5604 jam

193 5602 246 5656 de
267 5615 439 5664 cetero
461 5612 617 5670 sinite
667 5615 966 5684 quiescere,
991 5629 1373 5692 parentemque
1427 5602 1702 5682 materiam

196 5695 440 5758 permittite
461 5705 668 5759 tandem
696 5706 870 5762 redire
896 5707 960 5762 ad
990 5715 1208 5766 terram.
1256 5713 1379 5770 Hmc
1405 5723 1580 5771 autem
1608 5731 1703 5771 au-

193 5780 364 5840 dientes
396 5789 477 5858 qni
505 5793 938 5860 circumstabant,
981 5795 1126 5852 nullo
1174 5812 1372 5867 genere
1424 5806 1703 5873 quiverunt

202 5878 438 5945 teuiperari
458 5897 486 5936 a
513 5881 663 5951 fletu;
695 5886 1100 5957 corripiebantur
1126 5891 1265 5947 enim
1293 5904 1598 5952 cunctorum
1622 5897 1695 5953 la-

1827 2015 1974 2085 jecit,
2004 2017 2184 2073 dicens
2212 2021 2513 2077 :Iumeuto
2543 2023 2646 2078 mei
2674 2023 2775 2093 -qui
2820 2024 2966 2079 solus
3009 2028 3125 2081 sine
3173 2036 3391 2096 peccato

1830 2121 1906 2172 es,
1939 2107 2151 2164 Christe
2183 2110 2509 2180 Redemptor
2537 2114 2747 2177 mundi,
2804 2122 2856 2168 et
2909 2115 3140 2170 educens
3187 2133 3274 2172 me
3325 2119 3394 2170 de

1828 2212 2054 2265 corpore
2083 2201 2270 2258 mortis
2310 2201 2487 2270 hujus,
2516 2203 2718 2257 salvum
2764 2203 2841 2258 fac
2891 2205 2943 2259 in
2988 2219 3207 2273 regnum
3242 2217 3386 2261 tuum

1826 2287 2062 2349 caeleste,
2087 2283 2208 2357 quia
2240 2299 2522 2364 utrumque
2551 2301 2694 2346 tuum
2725 2302 2834 2358 est,
2864 2302 2918 2348 et
2943 2294 3154 2362 quando
3177 2296 3392 2350 voluisti

1828 2390 1911 2429 me
1937 2377 1986 2430 in
2019 2378 2157 2431 hunc
2180 2380 2432 2434 mundum
2457 2382 2674 2446 intrare,
2698 2393 2754 2438 et
2800 2385 3024 2453 quando,
3058 2384 3210 2454 jubes
3237 2401 3303 2441 ex
3328 2401 3391 2438 cn

1827 2467 1994 2544 exire.
2019 2467 2096 2521 'l‘u
2124 2484 2338 2547 semper
2367 2470 2505 2543 fuisti
2554 2480 2827 2540 protector
2863 2489 3012 2528 meus
3041 2519 3056 2542 ,
3105 2476 3158 2529 in
3207 2491 3392 2530 manus

1829 2539 1953 2610 tuas.
1975 2541 2292 2614 commendo
2313 2561 2554 2629 spiritum
2586 2577 2758 2616 meum
2781 2579 2795 2626 ;
2835 2565 2947 2618 scio
2969 2581 3054 2619 me
3073 2582 3176 2620 non
3199 2569 3389 2620 mereri

1827 2657 2172 2716 conspectum
2203 2659 2370 2715 tuum,
2404 2664 2577 2707 tamen
2607 2662 2664 2708 tu
2707 2654 2808 2709 scis
2835 2656 2957 2724 quia
3010 2672 3221 2726 semper
3269 2675 3394 2728 spes

1791 2760 1795 2763 -
1829 2749 1953 2788 mea
1976 2737 2029 2789 in
2060 2739 2422 2795 misericordia
2448 2749 2533 2796 tua
2562 2742 2678 2807 fuit,
2712 2751 2765 2797 et
2794 2743 2921 2798 fides
2941 2759 3056 2799 mea
3085 2747 3136 2799 in
3166 2756 3252 2800 tua
3281 2764 3395 2802 crc-

1823 2825 2042 2882 dnlitate
2069 2833 2390 2899 permansit;
2423 2842 2478 2887 et
2507 2851 2645 2889 nunc
2670 2850 2884 2904 quoque
2908 2839 3006 2892 sub
3054 2828 3392 2893 confessione

1823 2915 2053 2970 nominis
2081 2917 2153 2970 tui
2183 2933 2364 2985 ruens,
2395 2929 2715 2991 extremum,
2744 2924 2973 2990 Christe,
3003 2925 3239 2981 habitum
3272 2931 3380 2981 luu-

1828 3002 1986 3068 datn;
2018 3007 2228 3076 suscipe
2254 3021 2381 3076 ergo
2418 3024 2504 3062 me
2553 3011 2842 3065 secundent
2882 3029 3124 3082 magnam
3178 3017 3388 3070 miseri-

1825 3092 2059 3148 cordiam
2091 3103 2256 3162 lnam,
2277 3107 2331 3150 et
2355 3113 2458 3152 non
2480 3098 2771 3164 confundas
2800 3108 2883 3156 ine
2905 3104 2973 3156 ab
2996 3090 3394 3174 exspectatione

1824 3198 1940 3236 mea
1968 3202 1979 3236 :
2011 3187 2162 3252 aperi
2193 3180 2318 3240 ‘milii
2349 3189 2655 3256 properanti
2700 3190 2915 3258 januam
2969 3192 3109 3256 vitae,
3145 3205 3198 3248 et
3234 3197 3390 3264 prin-

1823 3270 1969 3338 cipes
2000 3267 2341 3328 tenebrarum
2391 3289 2498 3328 non
2529 3286 2812 3332 occurrant
2840 3279 2986 3341 mihi,
3021 3296 3124 3334 non
3170 3293 3389 3337 contnr«

1823 3358 1948 3412 bent
1972 3373 2056 3412 me
2078 3351 2373 3428 potestates
2391 3365 2528 3417 aeris
2562 3364 2738 3432 hujus,
2765 3366 2858 3421 sed
2904 3366 3136 3435 clemens
3164 3370 3386 3426 dextera

1823 3459 1910 3503 tua
1937 3457 2200 3518 protegat,
2223 3460 2280 3508 et
2302 3453 2536 3522 potentia
2569 3464 2657 3509 tua
2685 3455 2958 3524 defendat,
2985 3474 3049 3514 ac
3084 3475 3271 3515 manus
3299 3472 3389 3517 tuzt

1821 3541 2050 3618 deducat
2071 3557 2160 3597 me
2183 3543 2234 3598 in
2265 3543 2439 3600 locum
2467 3545 2766 3613 refrigerii,
2819 3558 2876 3603 et
2927 3549 3013 3604 vel
3043 3551 3095 3604 in
3144 3553 3385 3606 ultimum

1821 3633 2218 3688 tabernaculum
2243 3635 2382 3702 quod
2413 3639 2719 3704 praeparasti
2750 3639 2920 3695 servis
2968 3645 3070 3696 tuis
3099 3654 3153 3698 et
3196 3647 3388 3702 timen-

1823 3723 1965 3776 tibus
1995 3732 2062 3776 te.
2093 3721 2178 3786 Et,
2202 3723 2284 3778 his
2311 3724 2490 3791 dictis,
2520 3725 2660 3780 inter
2687 3729 2857 3783 verba
2875 3731 3135 3787 orationis
3174 3731 3386 3804 ﬂagita-

1792 3823 1927 3883 tum
1956 3829 1985 3866 a
2023 3815 2232 3884 superis
2273 3817 2450 3870 emisit
2469 3818 2731 3883 spiritum.
2785 3819 2972 3875 Statim
3004 3839 3133 3878 vero
3158 3841 3278 3880 cum
3308 3845 3389 3883 es-

1819 3913 1900 3959 set
1929 3906 2056 3960 hora
2085 3906 2253 3974 prima
2283 3909 2476 3973 noctis,
2508 3910 2652 3963 visus
2695 3917 2778 3966 est
2804 3914 2982 3968 subito
3006 3915 3147 3968 velut
3189 3917 3385 3985 pharns

1777 4007 2063 4062 .magnus.
2102 3995 2300 4064 ingenti
2360 3996 2602 4052 claritate
2665 3999 3010 4068 resplendens
3058 4017 3124 4058 ex
3195 4005 3382 4064 eadem

1817 4084 1976 4139 domo
2020 4086 2350 4141 coruscando
2380 4089 2762 4154 conscendere,
2802 4098 2962 4159 atque
3007 4092 3145 4148 inter
3187 4097 3383 4149 miran-

1818 4175 1948 4228 tium
1978 4175 2196 4232 obtutus
2220 4177 2424 4246 spltzera
2457 4178 2609 4247 ignea
2630 4181 2802 4235 crucis
2833 4182 2882 4255 in
2907 4197 2966 4236 se
2989 4183 3382 4241 similitudinem

1809 4266 2124 4332 praeferens,
2150 4267 2432 4334 velociqne
2457 4262 2616 4322 cursu
2669 4269 2982 4324 densitatem
3013 4275 3229 4327 nubium
3252 4291 3384 4343 pra:-

1816 4354 2034 4417 teriens,
2060 4355 2180 4410 coeli
2205 4355 2534 4410 altitudinem
2563 4367 2864 4425 penetrare.
2910 4359 3024 4416 Hoc
3044 4377 3172 4431 ergo
3194 4365 3380 4420 ordine

1813 4455 1996 4500 sancta
2025 4446 2142 4513 ejus
2189 4447 2366 4500 anima
2385 4447 2591 4501 sarcina
2632 4449 2808 4505 carnis
2828 4449 3056 4517 abiecta,
3081 4460 3242 4520 atque
3267 4462 3374 4508 ter-

1817 4535 1958 4590 renis
1985 4535 2347 4604 pressionibus
2377 4535 2620 4604 liberata,
2643 4539 2707 4591 ad
2761 4554 2916 4593 suum
2961 4539 3077 4594 lzeta
3125 4543 3382 4598 revolavit

1740 4617 1792 4676 D
1815 4633 2108 4689 auctorem,
2139 4633 2194 4679 et
2220 4625 2272 4679 in
2293 4626 2563 4694 antiquam
2607 4629 3020 4697 possessionem,
3045 4630 3135 4684 diu
3168 4632 3254 4686 hic
3283 4649 3376 4699 pe-

1813 4713 2098 4782 regrinata,
2130 4716 2269 4770 ctelo
2307 4716 2570 4783 gaudente
2595 4758 2612 4782 ,
2668 4728 2804 4770 terra
2861 4717 3130 4784 plorante;
3178 4723 3378 4788 angelis

1809 4797 1969 4859 etiam
1987 4804 2380 4873 plaudentibus,
2403 4805 2616 4858 tandem
2645 4820 2815 4861 ovans
2839 4808 3170 4864 conscendit.
3193 4808 3376 4880 itaque

1809 4902 2062 4963 quantum
2093 4895 2317 4950 haberet
2345 4895 2423 4947 vir
2448 4892 2636 4948 beatus
2664 4893 2717 4948 in
2747 4895 2903 4964 plebe
2923 4912 3161 4954 amorem
3187 4941 3205 4968 ,
3245 4915 3378 4956 con-

1807 4982 1982 5038 festim
2012 4985 2066 5039 in
2083 4984 2198 5053 ejus
2220 4982 2544 5036 declaratum
2556 4991 2639 5046 est
2663 4991 2841 5039 morte
2871 5001 2885 5039 ε
2918 4987 3004 5040 vix
3029 4988 3240 5057 quidem
3269 4992 3377 5059 spi-

1807 5076 1964 5130 ritum
1987 5076 2367 5137 exhalaverat,
2398 5073 2485 5128 vix
2531 5074 2764 5130 debitam
2815 5075 3028 5133 Christo
3075 5079 3374 5135 reddiderat

1806 5165 2059 5230 animam,
2090 5176 2145 5219 et
2167 5165 2276 5233 jam
2327 5163 2505 5231 luctus
2533 5166 2698 5222 totius
2725 5169 2870 5226 urbis
2893 5169 2946 5223 in
2970 5169 3107 5224 caelo
3145 5186 3369 5227 resona-

1766 5297 1769 5302 μ
1805 5257 1916 5319 bat,
1942 5270 2233 5324 omnesque
2259 5255 2466 5325 plateas
2494 5265 2743 5312 currente
2772 5261 2960 5312 nuntio
2990 5261 3166 5316 varius
3192 5264 3369 5318 subito

1804 5361 1984 5401 rumor
2014 5346 2353 5415 impleverat,
2405 5355 2457 5401 et
2489 5345 2644 5400 unius
2692 5345 2843 5400 obitu
2902 5349 3055 5416 quasi
3101 5355 3367 5406 communi

1804 5437 2044 5492 orbitatis
2088 5437 2308 5492 vulnere
2360 5445 2468 5492 tota
2517 5435 2674 5494 simul
2718 5436 2908 5492 civitas
2961 5431 3364 5498 lamentabatur.

1803 5523 1938 5590 Quid
1961 5523 2162 5579 multa?
2191 5526 2540 5595 compositum
2581 5523 2835 5579 continuo
2863 5540 2927 5579 ex
2951 5542 3099 5581 more
3124 5542 3318 5597 corpus
3351 5573 3362 5592 ,

1804 5617 2105 5686 feretroque
2135 5618 2381 5685 inditum,
2403 5617 2469 5672 ad
2515 5615 2800 5673 ecclesiam
2857 5617 3144 5686 deferunt,
3191 5620 3364 5688 ibique

1802 5707 2056 5762 excubias
2088 5708 2312 5764 vicissim
2333 5715 2569 5774 agentes.
2597 5707 2778 5762 clerus
2807 5706 2857 5759 in
2906 5705 3113 5774 hymnis
3134 5746 3152 5774 ,
3176 5702 3179 5706 ’
3200 5723 3362 5779 pepu-

1804 5796 1884 5852 lus
1916 5797 1967 5852 in
1992 5797 2237 5854 lamentis
2263 5806 2475 5853 noctem
2507 5799 2817 5871 pervigilem
2857 5795 3076 5854 ducunt.
