  <div class='ocr_page' id='page_1' title='image "/cluster/home/n/w/nwhite01/storage/ocr_20150623/87-88/uva.x000827073/291.png"; bbox 0 0 3934 6228; ppageno 0'>
   <div class='ocr_carea' id='block_1_1' title="bbox 579 388 677 441">
    <p class='ocr_par' dir='ltr' id='par_1_1' title="bbox 579 388 677 441">
     <span class='ocr_line' id='line_1_1' title="bbox 579 388 677 441; baseline -0.041 0"><span class='ocrx_word' id='word_1_1' title='bbox 579 388 677 441; x_wconf 72' lang='grc'><strong>567</strong></span> 
     </span>
    </p>
   </div>
   <div class='ocr_carea' id='block_1_2' title="bbox 756 507 1587 583">
    <p class='ocr_par' dir='ltr' id='par_1_2' title="bbox 756 507 1587 583">
     <span class='ocr_line' id='line_1_2' title="bbox 756 507 1587 583; baseline -0.013 -14"><span class='ocrx_word' id='word_1_2' title='bbox 756 582 759 583; x_wconf 16' lang='grc' dir='ltr'>ί</span> <span class='ocrx_word' id='word_1_3' title='bbox 1099 508 1322 565; x_wconf 81' lang='lat' dir='ltr'><strong>CAPUT</strong></span> <span class='ocrx_word' id='word_1_4' title='bbox 1362 507 1587 561; x_wconf 76' lang='lat' dir='ltr'><strong>xxxvi.</strong></span> 
     </span>
    </p>
   </div>
   <div class='ocr_carea' id='block_1_3' title="bbox 579 599 2117 671">
    <p class='ocr_par' dir='ltr' id='par_1_3' title="bbox 579 599 2117 671">
     <span class='ocr_line' id='line_1_3' title="bbox 579 599 2117 671; baseline -0.006 -16"><span class='ocrx_word' id='word_1_5' title='bbox 579 603 795 671; x_wconf 64' lang='lat' dir='ltr'><strong>Sanguis</strong></span> <span class='ocrx_word' id='word_1_6' title='bbox 829 617 891 654; x_wconf 71' lang='lat' dir='ltr'><strong>ex</strong></span> <span class='ocrx_word' id='word_1_7' title='bbox 918 599 1119 656; x_wconf 80' lang='lat' dir='ltr'><strong>naribus</strong></span> <span class='ocrx_word' id='word_1_8' title='bbox 1148 602 1254 659; x_wconf 80' lang='lat' dir='ltr'><strong>eius</strong></span> <span class='ocrx_word' id='word_1_9' title='bbox 1283 601 1431 667; x_wconf 68' lang='lat' dir='ltr'><strong>[luxit</strong></span> <span class='ocrx_word' id='word_1_10' title='bbox 1461 616 1480 651; x_wconf 90' lang='grc'><strong>.·</strong></span> <span class='ocrx_word' id='word_1_11' title='bbox 1501 610 1547 649; x_wconf 74' lang='lat' dir='ltr'><strong>et</strong></span> <span class='ocrx_word' id='word_1_12' title='bbox 1573 614 1753 664; x_wconf 82' lang='lat' dir='ltr'><strong>corpus</strong></span> <span class='ocrx_word' id='word_1_13' title='bbox 1796 600 1904 666; x_wconf 77' lang='lat' dir='ltr'><strong>ejus</strong></span> <span class='ocrx_word' id='word_1_14' title='bbox 1934 612 2117 663; x_wconf 83' lang='lat' dir='ltr'><strong>magno</strong></span> 
     </span>
    </p>
   </div>
   <div class='ocr_carea' id='block_1_4' title="bbox 1046 671 1622 738">
    <p class='ocr_par' dir='ltr' id='par_1_4' title="bbox 1046 671 1622 738">
     <span class='ocr_line' id='line_1_4' title="bbox 1046 671 1622 738; baseline -0.007 -15"><span class='ocrx_word' id='word_1_15' title='bbox 1046 671 1266 738; x_wconf 80' lang='lat' dir='ltr'><strong>pondere</strong></span> <span class='ocrx_word' id='word_1_16' title='bbox 1296 678 1622 737; x_wconf 76' lang='lat' dir='ltr'><strong>aggravetur.</strong></span> 
     </span>
    </p>
   </div>
   <div class='ocr_carea' id='block_1_5' title="bbox 640 774 2119 842">
    <p class='ocr_par' dir='ltr' id='par_1_5' title="bbox 640 774 2119 842">
     <span class='ocr_line' id='line_1_5' title="bbox 640 774 2119 842; baseline -0.006 -9"><span class='ocrx_word' id='word_1_17' title='bbox 640 783 797 837; x_wconf 83' lang='lat' dir='ltr'><strong>Facto</strong></span> <span class='ocrx_word' id='word_1_18' title='bbox 826 792 1001 836; x_wconf 75' lang='lat' dir='ltr'><strong>autem</strong></span> <span class='ocrx_word' id='word_1_19' title='bbox 1050 796 1206 833; x_wconf 88' lang='lat' dir='ltr'><strong>mane</strong></span> <span class='ocrx_word' id='word_1_20' title='bbox 1241 778 1491 832; x_wconf 86' lang='lat' dir='ltr'><strong>convenit</strong></span> <span class='ocrx_word' id='word_1_21' title='bbox 1539 778 1720 842; x_wconf 88' lang='lat' dir='ltr'><strong>ingens</strong></span> <span class='ocrx_word' id='word_1_22' title='bbox 1766 776 1819 827; x_wconf 88' lang='lat' dir='ltr'><strong>in</strong></span> <span class='ocrx_word' id='word_1_23' title='bbox 1866 774 2119 841; x_wconf 84' lang='lat' dir='ltr'><strong>Oppidum</strong></span> 
     </span>
    </p>
   </div>
   <div class='ocr_carea' id='block_1_6' title="bbox 567 864 2116 939">
    <p class='ocr_par' dir='ltr' id='par_1_6' title="bbox 567 864 2116 939">
     <span class='ocr_line' id='line_1_6' title="bbox 567 864 2116 939; baseline -0.006 -16"><span class='ocrx_word' id='word_1_24' title='bbox 567 873 841 939; x_wconf 89' lang='lat' dir='ltr'><strong>utriusque</strong></span> <span class='ocrx_word' id='word_1_25' title='bbox 890 886 1049 925; x_wconf 77' lang='lat' dir='ltr'><strong>sexus</strong></span> <span class='ocrx_word' id='word_1_26' title='bbox 1097 867 1406 933; x_wconf 82' lang='lat' dir='ltr'><strong>multitudo;</strong></span> <span class='ocrx_word' id='word_1_27' title='bbox 1440 866 1604 919; x_wconf 92' lang='lat' dir='ltr'><strong>adfuit</strong></span> <span class='ocrx_word' id='word_1_28' title='bbox 1641 866 1801 918; x_wconf 86' lang='lat' dir='ltr'><strong>etiam</strong></span> <span class='ocrx_word' id='word_1_29' title='bbox 1843 874 1896 917; x_wconf 90' lang='lat' dir='ltr'><strong>et</strong></span> <span class='ocrx_word' id='word_1_30' title='bbox 1936 864 2116 930; x_wconf 79' lang='lat' dir='ltr'><strong>regina</strong></span> 
     </span>
    </p>
   </div>
   <div class='ocr_carea' id='block_1_7' title="bbox 567 956 2121 1026">
    <p class='ocr_par' dir='ltr' id='par_1_7' title="bbox 567 956 2121 1026">
     <span class='ocr_line' id='line_1_7' title="bbox 567 956 2121 1026; baseline -0.006 -9"><span class='ocrx_word' id='word_1_31' title='bbox 567 965 821 1017; x_wconf 78' lang='lat' dir='ltr'><strong>Itatliildis</strong></span> <span class='ocrx_word' id='word_1_32' title='bbox 874 978 990 1015; x_wconf 55' lang='lat' dir='ltr'><strong>sunt</strong></span> <span class='ocrx_word' id='word_1_33' title='bbox 1044 961 1197 1025; x_wconf 87' lang='lat' dir='ltr'><strong>ftliis,</strong></span> <span class='ocrx_word' id='word_1_34' title='bbox 1249 968 1303 1013; x_wconf 90' lang='lat' dir='ltr'><strong>et</strong></span> <span class='ocrx_word' id='word_1_35' title='bbox 1357 959 1731 1026; x_wconf 91' lang='lat' dir='ltr'><strong>optimatibus,</strong></span> <span class='ocrx_word' id='word_1_36' title='bbox 1778 956 2121 1021; x_wconf 72' lang='lat' dir='ltr'><strong>exercituque</strong></span> 
     </span>
    </p>
   </div>
   <div class='ocr_carea' id='block_1_8' title="bbox 562 1049 2117 1129">
    <p class='ocr_par' dir='ltr' id='par_1_8' title="bbox 562 1049 2117 1129">
     <span class='ocr_line' id='line_1_8' title="bbox 562 1049 2117 1129; baseline -0.007 -16"><span class='ocrx_word' id='word_1_37' title='bbox 562 1062 811 1129; x_wconf 85' lang='lat' dir='ltr'><strong>copioso;</strong></span> <span class='ocrx_word' id='word_1_38' title='bbox 842 1074 960 1125; x_wconf 67' lang='grc' dir='ltr'><strong>(ιυπ)</strong></span> <span class='ocrx_word' id='word_1_39' title='bbox 991 1056 1245 1110; x_wconf 82' lang='lat' dir='ltr'><strong>velociter</strong></span> <span class='ocrx_word' id='word_1_40' title='bbox 1273 1054 1523 1123; x_wconf 86' lang='lat' dir='ltr'><strong>oppidum</strong></span> <span class='ocrx_word' id='word_1_41' title='bbox 1552 1055 1808 1119; x_wconf 89' lang='lat' dir='ltr'><strong>ingressa,</strong></span> <span class='ocrx_word' id='word_1_42' title='bbox 1849 1049 2117 1115; x_wconf 80' lang='lat' dir='ltr'><strong>celerique</strong></span> 
     </span>
    </p>
   </div>
   <div class='ocr_carea' id='block_1_9' title="bbox 560 1140 2119 1209">
    <p class='ocr_par' dir='ltr' id='par_1_9' title="bbox 560 1140 2119 1209">
     <span class='ocr_line' id='line_1_9' title="bbox 560 1140 2119 1209; baseline -0.007 -10"><span class='ocrx_word' id='word_1_43' title='bbox 560 1165 717 1202; x_wconf 81' lang='lat' dir='ltr'><strong>cursu</strong></span> <span class='ocrx_word' id='word_1_44' title='bbox 742 1147 912 1201; x_wconf 85' lang='lat' dir='ltr'><strong>funeri</strong></span> <span class='ocrx_word' id='word_1_45' title='bbox 934 1159 1231 1207; x_wconf 64' lang='lat' dir='ltr'><strong>accurrens,</strong></span> <span class='ocrx_word' id='word_1_46' title='bbox 1255 1142 1449 1209; x_wconf 82' lang='lat' dir='ltr'><strong>ingenti</strong></span> <span class='ocrx_word' id='word_1_47' title='bbox 1476 1156 1608 1195; x_wconf 89' lang='lat' dir='ltr'><strong>voce</strong></span> <span class='ocrx_word' id='word_1_48' title='bbox 1633 1140 1684 1193; x_wconf 91' lang='lat' dir='ltr'><strong>in</strong></span> <span class='ocrx_word' id='word_1_49' title='bbox 1715 1140 1894 1192; x_wconf 83' lang='lat' dir='ltr'><strong>fletum</strong></span> <span class='ocrx_word' id='word_1_50' title='bbox 1920 1152 2119 1204; x_wconf 89' lang='lat' dir='ltr'><strong>proru-</strong></span> 
     </span>
    </p>
   </div>
   <div class='ocr_carea' id='block_1_10' title="bbox 558 1229 2115 1307">
    <p class='ocr_par' dir='ltr' id='par_1_10' title="bbox 558 1229 2115 1307">
     <span class='ocr_line' id='line_1_10' title="bbox 558 1229 2115 1307; baseline -0.005 -18"><span class='ocrx_word' id='word_1_51' title='bbox 558 1240 668 1307; x_wconf 83' lang='lat' dir='ltr'><strong>pit,</strong></span> <span class='ocrx_word' id='word_1_52' title='bbox 713 1238 922 1304; x_wconf 81' lang='lat' dir='ltr'><strong>plorans</strong></span> <span class='ocrx_word' id='word_1_53' title='bbox 948 1246 1106 1303; x_wconf 84' lang='lat' dir='ltr'><strong>atque</strong></span> <span class='ocrx_word' id='word_1_54' title='bbox 1130 1235 1334 1303; x_wconf 89' lang='lat' dir='ltr'><strong>ejulans</strong></span> <span class='ocrx_word' id='word_1_55' title='bbox 1364 1233 1501 1301; x_wconf 85' lang='lat' dir='ltr'><strong>quod</strong></span> <span class='ocrx_word' id='word_1_56' title='bbox 1541 1247 1661 1285; x_wconf 92' lang='lat' dir='ltr'><strong>eum</strong></span> <span class='ocrx_word' id='word_1_57' title='bbox 1693 1232 1868 1283; x_wconf 88' lang='lat' dir='ltr'><strong>vivum</strong></span> <span class='ocrx_word' id='word_1_58' title='bbox 1899 1229 2115 1281; x_wconf 89' lang='lat' dir='ltr'><strong>minime</strong></span> 
     </span>
    </p>
   </div>
   <div class='ocr_carea' id='block_1_11' title="bbox 556 1319 2117 1395">
    <p class='ocr_par' dir='ltr' id='par_1_11' title="bbox 556 1319 2117 1395">
     <span class='ocr_line' id='line_1_11' title="bbox 556 1319 2117 1395; baseline -0.006 -15"><span class='ocrx_word' id='word_1_59' title='bbox 556 1328 839 1395; x_wconf 87' lang='lat' dir='ltr'><strong>reperisset</strong></span> <span class='ocrx_word' id='word_1_60' title='bbox 883 1343 893 1377; x_wconf 95' lang='lat'>:</span> <span class='ocrx_word' id='word_1_61' title='bbox 945 1340 1173 1392; x_wconf 90' lang='lat' dir='ltr'><strong>cumque</strong></span> <span class='ocrx_word' id='word_1_62' title='bbox 1213 1323 1507 1376; x_wconf 84' lang='lat' dir='ltr'><strong>diutissime</strong></span> <span class='ocrx_word' id='word_1_63' title='bbox 1556 1319 1753 1375; x_wconf 79' lang='lat' dir='ltr'><strong>feretro</strong></span> <span class='ocrx_word' id='word_1_64' title='bbox 1805 1319 2117 1371; x_wconf 83' lang='lat' dir='ltr'><strong>incumbens</strong></span> 
     </span>
    </p>
   </div>
   <div class='ocr_carea' id='block_1_12' title="bbox 557 1410 2113 1484">
    <p class='ocr_par' dir='ltr' id='par_1_12' title="bbox 557 1410 2113 1484">
     <span class='ocr_line' id='line_1_12' title="bbox 557 1410 2113 1484; baseline -0.006 -14"><span class='ocrx_word' id='word_1_65' title='bbox 557 1419 785 1471; x_wconf 89' lang='lat' dir='ltr'><strong>lamenta</strong></span> <span class='ocrx_word' id='word_1_66' title='bbox 814 1417 1131 1484; x_wconf 88' lang='lat' dir='ltr'><strong>geminaret,</strong></span> <span class='ocrx_word' id='word_1_67' title='bbox 1173 1422 1328 1480; x_wconf 87' lang='lat' dir='ltr'><strong>rogat</strong></span> <span class='ocrx_word' id='word_1_68' title='bbox 1358 1410 1566 1465; x_wconf 87' lang='lat' dir='ltr'><strong>interim</strong></span> <span class='ocrx_word' id='word_1_69' title='bbox 1604 1411 1887 1479; x_wconf 66' lang='lat' dir='ltr'><strong>praeparari</strong></span> <span class='ocrx_word' id='word_1_70' title='bbox 1922 1424 2113 1477; x_wconf 89' lang='lat' dir='ltr'><strong>quem-</strong></span> 
     </span>
    </p>
   </div>
   <div class='ocr_carea' id='block_1_13' title="bbox 554 1503 2113 1579">
    <p class='ocr_par' dir='ltr' id='par_1_13' title="bbox 554 1503 2113 1579">
     <span class='ocr_line' id='line_1_13' title="bbox 554 1503 2113 1579; baseline -0.004 -18"><span class='ocrx_word' id='word_1_71' title='bbox 554 1510 836 1563; x_wconf 79' lang='lat' dir='ltr'><strong>admodum</strong></span> <span class='ocrx_word' id='word_1_72' title='bbox 884 1522 1079 1579; x_wconf 89' lang='lat' dir='ltr'><strong>corpus</strong></span> <span class='ocrx_word' id='word_1_73' title='bbox 1125 1506 1267 1561; x_wconf 79' lang='lat' dir='ltr'><strong>beati</strong></span> <span class='ocrx_word' id='word_1_74' title='bbox 1316 1506 1413 1559; x_wconf 78' lang='lat' dir='ltr'><strong>viri</strong></span> <span class='ocrx_word' id='word_1_75' title='bbox 1454 1504 1520 1557; x_wconf 87' lang='lat' dir='ltr'><strong>ad</strong></span> <span class='ocrx_word' id='word_1_76' title='bbox 1560 1503 1684 1557; x_wconf 87' lang='lat' dir='ltr'><strong>Cala</strong></span> <span class='ocrx_word' id='word_1_77' title='bbox 1734 1503 2113 1556; x_wconf 82' lang='lat' dir='ltr'><strong>monasterium</strong></span> 
     </span>
    </p>
   </div>
   <div class='ocr_carea' id='block_1_14' title="bbox 551 1586 2112 1659">
    <p class='ocr_par' dir='ltr' id='par_1_14' title="bbox 551 1586 2112 1659">
     <span class='ocr_line' id='line_1_14' title="bbox 551 1586 2112 1659; baseline -0.007 -6"><span class='ocrx_word' id='word_1_78' title='bbox 551 1616 704 1653; x_wconf 89' lang='lat' dir='ltr'><strong>suum</strong></span> <span class='ocrx_word' id='word_1_79' title='bbox 730 1598 1070 1659; x_wconf 84' lang='lat' dir='ltr'><strong>transferret;</strong></span> <span class='ocrx_word' id='word_1_80' title='bbox 1111 1596 1203 1649; x_wconf 91' lang='lat' dir='ltr'><strong>sed</strong></span> <span class='ocrx_word' id='word_1_81' title='bbox 1241 1610 1359 1648; x_wconf 91' lang='lat' dir='ltr'><strong>cum</strong></span> <span class='ocrx_word' id='word_1_82' title='bbox 1399 1586 1651 1648; x_wconf 76' lang='lat' dir='ltr'><strong>voluisset</strong></span> <span class='ocrx_word' id='word_1_83' title='bbox 1680 1607 1801 1647; x_wconf 91' lang='lat' dir='ltr'><strong>eum</strong></span> <span class='ocrx_word' id='word_1_84' title='bbox 1831 1592 2026 1653; x_wconf 86' lang='lat' dir='ltr'><strong>levare,</strong></span> <span class='ocrx_word' id='word_1_85' title='bbox 2058 1598 2112 1643; x_wconf 91' lang='lat' dir='ltr'><strong>et</strong></span> 
     </span>
    </p>
   </div>
   <div class='ocr_carea' id='block_1_15' title="bbox 553 1680 2111 1755">
    <p class='ocr_par' dir='ltr' id='par_1_15' title="bbox 553 1680 2111 1755">
     <span class='ocr_line' id='line_1_15' title="bbox 553 1680 2111 1755; baseline -0.006 -14"><span class='ocrx_word' id='word_1_86' title='bbox 553 1705 657 1741; x_wconf 87' lang='lat' dir='ltr'><strong>non</strong></span> <span class='ocrx_word' id='word_1_87' title='bbox 689 1687 1047 1755; x_wconf 71' lang='lat' dir='ltr'><strong>prmvaluisset</strong></span> <span class='ocrx_word' id='word_1_88' title='bbox 1080 1698 1145 1738; x_wconf 80' lang='lat' dir='ltr'><strong>ex</strong></span> <span class='ocrx_word' id='word_1_89' title='bbox 1171 1684 1290 1738; x_wconf 90' lang='lat' dir='ltr'><strong>loco</strong></span> <span class='ocrx_word' id='word_1_90' title='bbox 1320 1697 1564 1743; x_wconf 87' lang='lat' dir='ltr'><strong>movere,</strong></span> <span class='ocrx_word' id='word_1_91' title='bbox 1602 1683 1765 1735; x_wconf 75' lang='lat' dir='ltr'><strong>tristis</strong></span> <span class='ocrx_word' id='word_1_92' title='bbox 1794 1681 1861 1733; x_wconf 89' lang='lat' dir='ltr'><strong>ad</strong></span> <span class='ocrx_word' id='word_1_93' title='bbox 1894 1680 2111 1733; x_wconf 90' lang='lat' dir='ltr'><strong>modum</strong></span> 
     </span>
    </p>
   </div>
   <div class='ocr_carea' id='block_1_16' title="bbox 549 1770 2110 1842">
    <p class='ocr_par' dir='ltr' id='par_1_16' title="bbox 549 1770 2110 1842">
     <span class='ocr_line' id='line_1_16' title="bbox 549 1770 2110 1842; baseline -0.004 -13"><span class='ocrx_word' id='word_1_94' title='bbox 549 1776 758 1842; x_wconf 74' lang='lat' dir='ltr'><strong>effecta,</strong></span> <span class='ocrx_word' id='word_1_95' title='bbox 798 1774 987 1827; x_wconf 84' lang='lat' dir='ltr'><strong>indixit</strong></span> <span class='ocrx_word' id='word_1_96' title='bbox 1031 1773 1267 1827; x_wconf 64' lang='lat' dir='ltr'><strong>ecclesiae</strong></span> <span class='ocrx_word' id='word_1_97' title='bbox 1316 1772 1613 1825; x_wconf 83' lang='lat' dir='ltr'><strong>triduanum</strong></span> <span class='ocrx_word' id='word_1_98' title='bbox 1657 1771 1913 1839; x_wconf 85' lang='lat' dir='ltr'><strong>jejunium</strong></span> <span class='ocrx_word' id='word_1_99' title='bbox 1967 1770 2110 1822; x_wconf 87' lang='lat' dir='ltr'><strong>cele-</strong></span> 
     </span>
    </p>
   </div>
   <div class='ocr_carea' id='block_1_17' title="bbox 1796 394 2669 452">
    <p class='ocr_par' dir='ltr' id='par_1_17' title="bbox 1796 394 2669 452">
     <span class='ocr_line' id='line_1_17' title="bbox 1796 394 2669 452; baseline 0.005 -4"><span class='ocrx_word' id='word_1_100' title='bbox 1796 398 1853 449; x_wconf 83' lang='lat' dir='ltr'><strong>S.</strong></span> <span class='ocrx_word' id='word_1_101' title='bbox 1900 396 2098 448; x_wconf 75' lang='lat' dir='ltr'><strong>ELIGII</strong></span> <span class='ocrx_word' id='word_1_102' title='bbox 2141 394 2419 451; x_wconf 80' lang='lat' dir='ltr'><strong>NOVIOM.</strong></span> <span class='ocrx_word' id='word_1_103' title='bbox 2458 397 2669 452; x_wconf 82' lang='lat' dir='ltr'><strong>EPISC.</strong></span> 
     </span>
    </p>
   </div>
   <div class='ocr_carea' id='block_1_18' title="bbox 2152 506 3758 582">
    <p class='ocr_par' dir='ltr' id='par_1_18' title="bbox 2152 506 3758 582">
     <span class='ocr_line' id='line_1_18' title="bbox 2152 506 3758 582; baseline 0.013 -26"><span class='ocrx_word' id='word_1_104' title='bbox 2152 506 2201 564; x_wconf 77' lang='grc' dir='ltr'><strong>Α</strong></span> <span class='ocrx_word' id='word_1_105' title='bbox 2230 520 2464 571; x_wconf 78' lang='lat' dir='ltr'><strong>pressum</strong></span> <span class='ocrx_word' id='word_1_106' title='bbox 2518 513 2825 571; x_wconf 84' lang='lat' dir='ltr'><strong>senserunt,</strong></span> <span class='ocrx_word' id='word_1_107' title='bbox 2870 520 2929 564; x_wconf 94' lang='lat' dir='ltr'><strong>ut</strong></span> <span class='ocrx_word' id='word_1_108' title='bbox 2971 529 3065 565; x_wconf 90' lang='lat' dir='ltr'><strong>nec</strong></span> <span class='ocrx_word' id='word_1_109' title='bbox 3096 530 3307 569; x_wconf 81' lang='lat' dir='ltr'><strong>movere</strong></span> <span class='ocrx_word' id='word_1_110' title='bbox 3343 517 3555 582; x_wconf 82' lang='lat' dir='ltr'><strong>quidem</strong></span> <span class='ocrx_word' id='word_1_111' title='bbox 3597 534 3621 571; x_wconf 71' lang='grc' dir='ltr'><strong>τι</strong></span> <span class='ocrx_word' id='word_1_112' title='bbox 3660 522 3758 578; x_wconf 80' lang='lat' dir='ltr'><strong>loco</strong></span> 
     </span>
    </p>
   </div>
   <div class='ocr_carea' id='block_1_19' title="bbox 3673 410 3755 463">
    <p class='ocr_par' dir='ltr' id='par_1_19' title="bbox 3673 410 3755 463">
     <span class='ocr_line' id='line_1_19' title="bbox 3673 410 3755 463; baseline 0.024 -2"><span class='ocrx_word' id='word_1_113' title='bbox 3673 410 3755 463; x_wconf 64' lang='lat'><strong>558</strong></span> 
     </span>
    </p>
   </div>
   <div class='ocr_carea' id='block_1_20' title="bbox 2225 595 3753 669">
    <p class='ocr_par' dir='ltr' id='par_1_20' title="bbox 2225 595 3753 669">
     <span class='ocr_line' id='line_1_20' title="bbox 2225 595 3753 669; baseline 0.014 -22"><span class='ocrx_word' id='word_1_114' title='bbox 2225 595 2369 647; x_wconf 91' lang='lat' dir='ltr'><strong>illum</strong></span> <span class='ocrx_word' id='word_1_115' title='bbox 2394 608 2640 664; x_wconf 83' lang='lat' dir='ltr'><strong>possent;</strong></span> <span class='ocrx_word' id='word_1_116' title='bbox 2668 600 2857 653; x_wconf 86' lang='lat' dir='ltr'><strong>deinde</strong></span> <span class='ocrx_word' id='word_1_117' title='bbox 2879 602 2964 654; x_wconf 84' lang='lat' dir='ltr'><strong>alii</strong></span> <span class='ocrx_word' id='word_1_118' title='bbox 2988 612 3147 669; x_wconf 89' lang='lat' dir='ltr'><strong>atque</strong></span> <span class='ocrx_word' id='word_1_119' title='bbox 3170 604 3261 655; x_wconf 86' lang='lat' dir='ltr'><strong>alii</strong></span> <span class='ocrx_word' id='word_1_120' title='bbox 3287 606 3512 662; x_wconf 76' lang='lat' dir='ltr'><strong>vicissim</strong></span> <span class='ocrx_word' id='word_1_121' title='bbox 3537 611 3633 663; x_wconf 88' lang='lat' dir='ltr'><strong>sibi</strong></span> <span class='ocrx_word' id='word_1_122' title='bbox 3651 628 3753 667; x_wconf 89' lang='lat' dir='ltr'><strong>suc-</strong></span> 
     </span>
    </p>
   </div>
   <div class='ocr_carea' id='block_1_21' title="bbox 2224 687 3760 772">
    <p class='ocr_par' dir='ltr' id='par_1_21' title="bbox 2224 687 3760 772">
     <span class='ocr_line' id='line_1_21' title="bbox 2224 687 3760 772; baseline 0.013 -34"><span class='ocrx_word' id='word_1_123' title='bbox 2224 687 2470 741; x_wconf 75' lang='lat' dir='ltr'><strong>cedentes</strong></span> <span class='ocrx_word' id='word_1_124' title='bbox 2521 690 2647 741; x_wconf 90' lang='lat' dir='ltr'><strong>nihil</strong></span> <span class='ocrx_word' id='word_1_125' title='bbox 2716 693 2918 759; x_wconf 83' lang='lat' dir='ltr'><strong>uspiam</strong></span> <span class='ocrx_word' id='word_1_126' title='bbox 2962 694 3247 760; x_wconf 67' lang='lat' dir='ltr'><strong>prtev&#39;alere</strong></span> <span class='ocrx_word' id='word_1_127' title='bbox 3300 706 3630 765; x_wconf 87' lang='lat' dir='ltr'><strong>potuerunt;</strong></span> <span class='ocrx_word' id='word_1_128' title='bbox 3679 721 3760 772; x_wconf 83' lang='lat' dir='ltr'><strong>po—</strong></span> 
     </span>
    </p>
   </div>
   <div class='ocr_carea' id='block_1_22' title="bbox 2221 779 3758 858">
    <p class='ocr_par' dir='ltr' id='par_1_22' title="bbox 2221 779 3758 858">
     <span class='ocr_line' id='line_1_22' title="bbox 2221 779 3758 858; baseline 0.013 -31"><span class='ocrx_word' id='word_1_129' title='bbox 2221 783 2420 829; x_wconf 86' lang='lat' dir='ltr'><strong>stremo</strong></span> <span class='ocrx_word' id='word_1_130' title='bbox 2448 779 2683 830; x_wconf 89' lang='lat' dir='ltr'><strong>omnium</strong></span> <span class='ocrx_word' id='word_1_131' title='bbox 2706 779 2883 845; x_wconf 86' lang='lat' dir='ltr'><strong>regina</strong></span> <span class='ocrx_word' id='word_1_132' title='bbox 2907 782 3183 843; x_wconf 87' lang='lat' dir='ltr'><strong>accedens,</strong></span> <span class='ocrx_word' id='word_1_133' title='bbox 3209 784 3429 852; x_wconf 88' lang='lat' dir='ltr'><strong>ipsaque</strong></span> <span class='ocrx_word' id='word_1_134' title='bbox 3453 802 3547 852; x_wconf 89' lang='lat' dir='ltr'><strong>per</strong></span> <span class='ocrx_word' id='word_1_135' title='bbox 3573 804 3627 843; x_wconf 88' lang='lat' dir='ltr'><strong>se</strong></span> <span class='ocrx_word' id='word_1_136' title='bbox 3655 807 3758 858; x_wconf 85' lang='lat' dir='ltr'><strong>pro-</strong></span> 
     </span>
    </p>
   </div>
   <div class='ocr_carea' id='block_1_23' title="bbox 2221 866 3757 949">
    <p class='ocr_par' dir='ltr' id='par_1_23' title="bbox 2221 866 3757 949">
     <span class='ocr_line' id='line_1_23' title="bbox 2221 866 3757 949; baseline 0.011 -30"><span class='ocrx_word' id='word_1_137' title='bbox 2221 866 2348 920; x_wconf 92' lang='lat' dir='ltr'><strong>bare</strong></span> <span class='ocrx_word' id='word_1_138' title='bbox 2378 870 2581 933; x_wconf 86' lang='lat' dir='ltr'><strong>volens,</strong></span> <span class='ocrx_word' id='word_1_139' title='bbox 2616 870 2749 924; x_wconf 89' lang='lat' dir='ltr'><strong>ulnis</strong></span> <span class='ocrx_word' id='word_1_140' title='bbox 2778 874 2977 926; x_wconf 82' lang='lat' dir='ltr'><strong>exertis</strong></span> <span class='ocrx_word' id='word_1_141' title='bbox 3004 888 3067 927; x_wconf 90' lang='lat' dir='ltr'><strong>ac</strong></span> <span class='ocrx_word' id='word_1_142' title='bbox 3096 876 3446 931; x_wconf 81' lang='lat' dir='ltr'><strong>rebrachiatis</strong></span> <span class='ocrx_word' id='word_1_143' title='bbox 3477 880 3635 947; x_wconf 65' lang='lat' dir='ltr'><strong>erepit</strong></span> <span class='ocrx_word' id='word_1_144' title='bbox 3659 884 3757 949; x_wconf 50' lang='lat' dir='ltr'><strong>put.</strong></span> 
     </span>
    </p>
   </div>
   <div class='ocr_carea' id='block_1_24' title="bbox 2220 958 3758 1040">
    <p class='ocr_par' dir='ltr' id='par_1_24' title="bbox 2220 958 3758 1040">
     <span class='ocr_line' id='line_1_24' title="bbox 2220 958 3758 1040; baseline 0.011 -30"><span class='ocrx_word' id='word_1_145' title='bbox 2220 972 2341 1010; x_wconf 90' lang='lat' dir='ltr'><strong>sare</strong></span> <span class='ocrx_word' id='word_1_146' title='bbox 2371 958 2453 1011; x_wconf 86' lang='lat' dir='ltr'><strong>vel</strong></span> <span class='ocrx_word' id='word_1_147' title='bbox 2485 974 2644 1012; x_wconf 92' lang='lat' dir='ltr'><strong>unum</strong></span> <span class='ocrx_word' id='word_1_148' title='bbox 2669 959 2850 1014; x_wconf 85' lang='lat' dir='ltr'><strong>feretri</strong></span> <span class='ocrx_word' id='word_1_149' title='bbox 2880 978 3044 1016; x_wconf 87' lang='lat' dir='ltr'><strong>cornu</strong></span> <span class='ocrx_word' id='word_1_150' title='bbox 3065 964 3266 1018; x_wconf 80' lang='lat' dir='ltr'><strong>valeret</strong></span> <span class='ocrx_word' id='word_1_151' title='bbox 3288 982 3520 1032; x_wconf 88' lang='lat' dir='ltr'><strong>movere,</strong></span> <span class='ocrx_word' id='word_1_152' title='bbox 3554 986 3758 1040; x_wconf 86' lang='lat' dir='ltr'><strong>eumque</strong></span> 
     </span>
    </p>
   </div>
   <div class='ocr_carea' id='block_1_25' title="bbox 2221 1048 3757 1129">
    <p class='ocr_par' dir='ltr' id='par_1_25' title="bbox 2221 1048 3757 1129">
     <span class='ocr_line' id='line_1_25' title="bbox 2221 1048 3757 1129; baseline 0.012 -29"><span class='ocrx_word' id='word_1_153' title='bbox 2221 1048 2347 1102; x_wconf 88' lang='lat' dir='ltr'><strong>totis</strong></span> <span class='ocrx_word' id='word_1_154' title='bbox 2402 1049 2601 1103; x_wconf 88' lang='lat' dir='ltr'><strong>viribus</strong></span> <span class='ocrx_word' id='word_1_155' title='bbox 2644 1051 2818 1105; x_wconf 89' lang='lat' dir='ltr'><strong>nitens</strong></span> <span class='ocrx_word' id='word_1_156' title='bbox 2874 1052 3143 1107; x_wconf 80' lang='lat' dir='ltr'><strong>inhianter</strong></span> <span class='ocrx_word' id='word_1_157' title='bbox 3188 1066 3497 1129; x_wconf 83' lang='lat' dir='ltr'><strong>pugnaret,_</strong></span> <span class='ocrx_word' id='word_1_158' title='bbox 3530 1070 3587 1114; x_wconf 90' lang='lat' dir='ltr'><strong>et</strong></span> <span class='ocrx_word' id='word_1_159' title='bbox 3625 1065 3757 1129; x_wconf 82' lang='lat' dir='ltr'><strong>quasi</strong></span> 
     </span>
    </p>
   </div>
   <div class='ocr_carea' id='block_1_26' title="bbox 2218 1138 3759 1218">
    <p class='ocr_par' dir='ltr' id='par_1_26' title="bbox 2218 1138 3759 1218">
     <span class='ocr_line' id='line_1_26' title="bbox 2218 1138 3759 1218; baseline 0.012 -29"><span class='ocrx_word' id='word_1_160' title='bbox 2218 1146 2453 1192; x_wconf 85' lang='lat' dir='ltr'><strong>montem</strong></span> <span class='ocrx_word' id='word_1_161' title='bbox 2480 1138 2688 1193; x_wconf 91' lang='lat' dir='ltr'><strong>inanem</strong></span> <span class='ocrx_word' id='word_1_162' title='bbox 2718 1141 2969 1209; x_wconf 87' lang='lat' dir='ltr'><strong>pulsaret,</strong></span> <span class='ocrx_word' id='word_1_163' title='bbox 2994 1144 3121 1197; x_wconf 85' lang='lat' dir='ltr'><strong>nihil</strong></span> <span class='ocrx_word' id='word_1_164' title='bbox 3152 1161 3367 1213; x_wconf 84' lang='lat' dir='ltr'><strong>prorsus</strong></span> <span class='ocrx_word' id='word_1_165' title='bbox 3394 1147 3651 1217; x_wconf 84' lang='lat' dir='ltr'><strong>prolicere</strong></span> <span class='ocrx_word' id='word_1_166' title='bbox 3678 1168 3759 1218; x_wconf 86' lang='lat' dir='ltr'><strong>po-</strong></span> 
     </span>
    </p>
   </div>
   <div class='ocr_carea' id='block_1_27' title="bbox 2218 1228 3759 1302">
    <p class='ocr_par' dir='ltr' id='par_1_27' title="bbox 2218 1228 3759 1302">
     <span class='ocr_line' id='line_1_27' title="bbox 2218 1228 3759 1302; baseline 0.011 -24"><span class='ocrx_word' id='word_1_167' title='bbox 2218 1228 2318 1282; x_wconf 90' lang='lat' dir='ltr'><strong>tuit</strong></span> <span class='ocrx_word' id='word_1_168' title='bbox 2350 1246 2362 1279; x_wconf 90' lang='lat'><strong>:</strong></span> <span class='ocrx_word' id='word_1_169' title='bbox 2418 1235 2542 1282; x_wconf 90' lang='lat' dir='ltr'><strong>tunc</strong></span> <span class='ocrx_word' id='word_1_170' title='bbox 2568 1243 2695 1297; x_wconf 88' lang='lat' dir='ltr'><strong>ergo</strong></span> <span class='ocrx_word' id='word_1_171' title='bbox 2734 1245 2988 1289; x_wconf 87' lang='lat' dir='ltr'><strong>conversa</strong></span> <span class='ocrx_word' id='word_1_172' title='bbox 3020 1233 3087 1286; x_wconf 88' lang='lat' dir='ltr'><strong>ad</strong></span> <span class='ocrx_word' id='word_1_173' title='bbox 3131 1234 3435 1302; x_wconf 81' lang='lat' dir='ltr'><strong>optimates,</strong></span> <span class='ocrx_word' id='word_1_174' title='bbox 3467 1239 3541 1291; x_wconf 88' lang='lat' dir='ltr'><strong>ait</strong></span> <span class='ocrx_word' id='word_1_175' title='bbox 3581 1256 3593 1291; x_wconf 90' lang='lat'><strong>:</strong></span> <span class='ocrx_word' id='word_1_176' title='bbox 3640 1237 3759 1295; x_wconf 83' lang='lat' dir='ltr'><strong>Ecce</strong></span> 
     </span>
    </p>
   </div>
   <div class='ocr_carea' id='block_1_28' title="bbox 2213 1314 3757 1394">
    <p class='ocr_par' dir='ltr' id='par_1_28' title="bbox 2213 1314 3757 1394">
     <span class='ocr_line' id='line_1_28' title="bbox 2213 1314 3757 1394; baseline 0.01 -28"><span class='ocrx_word' id='word_1_177' title='bbox 2213 1314 2322 1383; x_wconf 86' lang='lat' dir='ltr'><strong>jam</strong></span> <span class='ocrx_word' id='word_1_178' title='bbox 2356 1315 2551 1383; x_wconf 89' lang='lat' dir='ltr'><strong>liquide</strong></span> <span class='ocrx_word' id='word_1_179' title='bbox 2590 1319 2963 1384; x_wconf 77' lang='lat' dir='ltr'><strong>cognoscimus</strong></span> <span class='ocrx_word' id='word_1_180' title='bbox 3010 1336 3114 1375; x_wconf 91' lang='lat' dir='ltr'><strong>non</strong></span> <span class='ocrx_word' id='word_1_181' title='bbox 3154 1336 3271 1375; x_wconf 87' lang='lat' dir='ltr'><strong>esse</strong></span> <span class='ocrx_word' id='word_1_182' title='bbox 3311 1324 3603 1378; x_wconf 82' lang='lat' dir='ltr'><strong>voluntatis</strong></span> <span class='ocrx_word' id='word_1_183' title='bbox 3637 1328 3757 1394; x_wconf 85' lang='lat' dir='ltr'><strong>ejus,</strong></span> 
     </span>
    </p>
   </div>
   <div class='ocr_carea' id='block_1_29' title="bbox 2217 1406 3759 1485">
    <p class='ocr_par' dir='ltr' id='par_1_29' title="bbox 2217 1406 3759 1485">
     <span class='ocr_line' id='line_1_29' title="bbox 2217 1406 3759 1485; baseline 0.009 -26"><span class='ocrx_word' id='word_1_184' title='bbox 2217 1414 2273 1459; x_wconf 91' lang='lat' dir='ltr'><strong>ut</strong></span> <span class='ocrx_word' id='word_1_185' title='bbox 2306 1421 2425 1460; x_wconf 92' lang='lat' dir='ltr'><strong>eum</strong></span> <span class='ocrx_word' id='word_1_186' title='bbox 2456 1407 2583 1461; x_wconf 90' lang='lat' dir='ltr'><strong>alibi</strong></span> <span class='ocrx_word' id='word_1_187' title='bbox 2624 1406 2877 1475; x_wconf 87' lang='lat' dir='ltr'><strong>feramus,</strong></span> <span class='ocrx_word' id='word_1_188' title='bbox 2916 1411 3270 1467; x_wconf 87' lang='lat' dir='ltr'><strong>concedamus</strong></span> <span class='ocrx_word' id='word_1_189' title='bbox 3296 1414 3456 1481; x_wconf 80' lang='lat' dir='ltr'><strong>igitur</strong></span> <span class='ocrx_word' id='word_1_190' title='bbox 3485 1416 3607 1471; x_wconf 84' lang='lat' dir='ltr'><strong>huic</strong></span> <span class='ocrx_word' id='word_1_191' title='bbox 3635 1418 3759 1485; x_wconf 87' lang='lat' dir='ltr'><strong>plebi</strong></span> 
     </span>
    </p>
   </div>
   <div class='ocr_carea' id='block_1_30' title="bbox 2213 1498 3754 1567">
    <p class='ocr_par' dir='ltr' id='par_1_30' title="bbox 2213 1498 3754 1567">
     <span class='ocr_line' id='line_1_30' title="bbox 2213 1498 3754 1567; baseline 0.008 -18"><span class='ocrx_word' id='word_1_192' title='bbox 2213 1498 2298 1552; x_wconf 87' lang='lat' dir='ltr'><strong>vel</strong></span> <span class='ocrx_word' id='word_1_193' title='bbox 2329 1498 2496 1561; x_wconf 69' lang='lat' dir='ltr'><strong>ianti,</strong></span> <span class='ocrx_word' id='word_1_194' title='bbox 2547 1501 2686 1567; x_wconf 87' lang='lat' dir='ltr'><strong>quod</strong></span> <span class='ocrx_word' id='word_1_195' title='bbox 2714 1502 2970 1555; x_wconf 85' lang='lat' dir='ltr'><strong>hactenus</strong></span> <span class='ocrx_word' id='word_1_196' title='bbox 3000 1504 3269 1558; x_wconf 83' lang='lat' dir='ltr'><strong>noluimus</strong></span> <span class='ocrx_word' id='word_1_197' title='bbox 3300 1507 3608 1561; x_wconf 87' lang='lat' dir='ltr'><strong>voluntarii.</strong></span> <span class='ocrx_word' id='word_1_198' title='bbox 3648 1507 3754 1561; x_wconf 86' lang='lat' dir='ltr'><strong>Pla-</strong></span> 
     </span>
    </p>
   </div>
   <div class='ocr_carea' id='block_1_31' title="bbox 2212 1589 3759 1660">
    <p class='ocr_par' dir='ltr' id='par_1_31' title="bbox 2212 1589 3759 1660">
     <span class='ocr_line' id='line_1_31' title="bbox 2212 1589 3759 1660; baseline 0.007 -19"><span class='ocrx_word' id='word_1_199' title='bbox 2212 1589 2321 1641; x_wconf 91' lang='lat' dir='ltr'><strong>cuit</strong></span> <span class='ocrx_word' id='word_1_200' title='bbox 2346 1597 2521 1643; x_wconf 87' lang='lat' dir='ltr'><strong>autem</strong></span> <span class='ocrx_word' id='word_1_201' title='bbox 2572 1589 2675 1644; x_wconf 89' lang='lat' dir='ltr'><strong>hoc</strong></span> <span class='ocrx_word' id='word_1_202' title='bbox 2716 1593 2998 1646; x_wconf 88' lang='lat' dir='ltr'><strong>consiliqu</strong></span> <span class='ocrx_word' id='word_1_203' title='bbox 3044 1595 3268 1660; x_wconf 89' lang='lat' dir='ltr'><strong>cunctis,</strong></span> <span class='ocrx_word' id='word_1_204' title='bbox 3318 1604 3374 1649; x_wconf 88' lang='lat' dir='ltr'><strong>et</strong></span> <span class='ocrx_word' id='word_1_205' title='bbox 3423 1596 3759 1654; x_wconf 72' lang='lat' dir='ltr'><strong>decreverunt</strong></span> 
     </span>
    </p>
   </div>
   <div class='ocr_carea' id='block_1_32' title="bbox 2212 1681 3760 1754">
    <p class='ocr_par' dir='ltr' id='par_1_32' title="bbox 2212 1681 3760 1754">
     <span class='ocr_line' id='line_1_32' title="bbox 2212 1681 3760 1754; baseline 0.009 -26"><span class='ocrx_word' id='word_1_206' title='bbox 2212 1691 2332 1729; x_wconf 91' lang='lat' dir='ltr'><strong>eum</strong></span> <span class='ocrx_word' id='word_1_207' title='bbox 2363 1691 2550 1731; x_wconf 88' lang='lat' dir='ltr'><strong>omnes</strong></span> <span class='ocrx_word' id='word_1_208' title='bbox 2578 1696 2684 1735; x_wconf 91' lang='lat' dir='ltr'><strong>uno</strong></span> <span class='ocrx_word' id='word_1_209' title='bbox 2712 1695 2805 1734; x_wconf 92' lang='lat' dir='ltr'><strong>ore</strong></span> <span class='ocrx_word' id='word_1_210' title='bbox 2836 1681 2887 1733; x_wconf 90' lang='lat' dir='ltr'><strong>in</strong></span> <span class='ocrx_word' id='word_1_211' title='bbox 2929 1682 3117 1740; x_wconf 89' lang='lat' dir='ltr'><strong>eodem</strong></span> <span class='ocrx_word' id='word_1_212' title='bbox 3159 1685 3357 1753; x_wconf 91' lang='lat' dir='ltr'><strong>oppido</strong></span> <span class='ocrx_word' id='word_1_213' title='bbox 3386 1688 3615 1754; x_wconf 85' lang='lat' dir='ltr'><strong>sepeliri.</strong></span> <span class='ocrx_word' id='word_1_214' title='bbox 3668 1688 3760 1741; x_wconf 55' lang='lat' dir='ltr'><strong>Ita-</strong></span> 
     </span>
    </p>
   </div>
   <div class='ocr_carea' id='block_1_33' title="bbox 2212 1767 3761 1834">
    <p class='ocr_par' dir='ltr' id='par_1_33' title="bbox 2212 1767 3761 1834">
     <span class='ocr_line' id='line_1_33' title="bbox 2212 1767 3761 1834; baseline 0.009 -17"><span class='ocrx_word' id='word_1_215' title='bbox 2212 1779 2315 1830; x_wconf 91' lang='lat' dir='ltr'><strong>que</strong></span> <span class='ocrx_word' id='word_1_216' title='bbox 2339 1774 2460 1834; x_wconf 90' lang='lat' dir='ltr'><strong>post</strong></span> <span class='ocrx_word' id='word_1_217' title='bbox 2485 1767 2620 1821; x_wconf 90' lang='lat' dir='ltr'><strong>hanc</strong></span> <span class='ocrx_word' id='word_1_218' title='bbox 2643 1769 3006 1824; x_wconf 73' lang='lat' dir='ltr'><strong>definitionem</strong></span> <span class='ocrx_word' id='word_1_219' title='bbox 3029 1787 3148 1825; x_wconf 90' lang='lat' dir='ltr'><strong>cum</strong></span> <span class='ocrx_word' id='word_1_220' title='bbox 3170 1789 3354 1829; x_wconf 87' lang='lat' dir='ltr'><strong>rursus</strong></span> <span class='ocrx_word' id='word_1_221' title='bbox 3378 1775 3628 1830; x_wconf 85' lang='lat' dir='ltr'><strong>feretrum</strong></span> <span class='ocrx_word' id='word_1_222' title='bbox 3657 1780 3761 1831; x_wconf 62' lang='lat' dir='ltr'><strong>sub.</strong></span> 
     </span>
    </p>
   </div>
   <div class='ocr_carea' id='block_1_34' title="bbox 549 1838 3763 1938">
    <p class='ocr_par' dir='ltr' id='par_1_34' title="bbox 549 1838 3763 1938">
     <span class='ocr_line' id='line_1_34' title="bbox 549 1838 3763 1938; baseline 0.002 -19"><span class='ocrx_word' id='word_1_223' title='bbox 549 1868 706 1920; x_wconf 89' lang='lat' dir='ltr'><strong>brare</strong></span> <span class='ocrx_word' id='word_1_224' title='bbox 734 1882 853 1919; x_wconf 89' lang='lat' dir='ltr'><strong>cum</strong></span> <span class='ocrx_word' id='word_1_225' title='bbox 900 1866 1130 1918; x_wconf 90' lang='lat' dir='ltr'><strong>silentio.</strong></span> <span class='ocrx_word' id='word_1_226' title='bbox 1180 1862 1330 1927; x_wconf 83' lang='lat' dir='ltr'><strong>Quod</strong></span> <span class='ocrx_word' id='word_1_227' title='bbox 1369 1878 1485 1917; x_wconf 90' lang='lat' dir='ltr'><strong>cum</strong></span> <span class='ocrx_word' id='word_1_228' title='bbox 1534 1862 1704 1925; x_wconf 80' lang='lat' dir='ltr'><strong>ﬁeret,</strong></span> <span class='ocrx_word' id='word_1_229' title='bbox 1746 1863 1857 1928; x_wconf 87' lang='lat' dir='ltr'><strong>ipsa</strong></span> <span class='ocrx_word' id='word_1_230' title='bbox 1898 1876 2109 1927; x_wconf 84' lang='lat' dir='ltr'><strong>quoque</strong></span> <span class='ocrx_word' id='word_1_231' title='bbox 2144 1838 2189 1895; x_wconf 76' lang='grc' dir='ltr'><strong>Β</strong></span> <span class='ocrx_word' id='word_1_232' title='bbox 2216 1855 2389 1935; x_wconf 60' lang='lat' dir='ltr'><strong>levare</strong></span> <span class='ocrx_word' id='word_1_233' title='bbox 2420 1848 2861 1921; x_wconf 69' lang='lat' dir='ltr'><strong>Ieﬂlarettl.lanla</strong></span> <span class='ocrx_word' id='word_1_234' title='bbox 2888 1877 3013 1915; x_wconf 83' lang='lat' dir='ltr'><strong>mox</strong></span> <span class='ocrx_word' id='word_1_235' title='bbox 3040 1863 3314 1938; x_wconf 73' lang='lat' dir='ltr'><strong>celeritate</strong></span> <span class='ocrx_word' id='word_1_236' title='bbox 3340 1868 3625 1938; x_wconf 87' lang='lat' dir='ltr'><strong>levigatum</strong></span> <span class='ocrx_word' id='word_1_237' title='bbox 3650 1872 3763 1924; x_wconf 90' lang='lat' dir='ltr'><strong>sub-</strong></span> 
     </span>
    </p>
   </div>
   <div class='ocr_carea' id='block_1_35' title="bbox 547 1951 2109 2023">
    <p class='ocr_par' dir='ltr' id='par_1_35' title="bbox 547 1951 2109 2023">
     <span class='ocr_line' id='line_1_35' title="bbox 547 1951 2109 2023; baseline -0.005 -14"><span class='ocrx_word' id='word_1_238' title='bbox 547 1970 668 2009; x_wconf 86' lang='lat' dir='ltr'><strong>eum</strong></span> <span class='ocrx_word' id='word_1_239' title='bbox 698 1956 1037 2023; x_wconf 87' lang='lat' dir='ltr'><strong>optimatibus</strong></span> <span class='ocrx_word' id='word_1_240' title='bbox 1072 1954 1183 2009; x_wconf 89' lang='lat' dir='ltr'><strong>suis</strong></span> <span class='ocrx_word' id='word_1_241' title='bbox 1217 1954 1517 2021; x_wconf 87' lang='lat' dir='ltr'><strong>pariterque</strong></span> <span class='ocrx_word' id='word_1_242' title='bbox 1553 1967 1673 2004; x_wconf 88' lang='lat' dir='ltr'><strong>cum</strong></span> <span class='ocrx_word' id='word_1_243' title='bbox 1714 1952 1857 2003; x_wconf 85' lang='lat' dir='ltr'><strong>clero</strong></span> <span class='ocrx_word' id='word_1_244' title='bbox 1900 1951 2109 2004; x_wconf 85' lang='lat' dir='ltr'><strong>inhian-</strong></span> 
     </span>
    </p>
   </div>
   <div class='ocr_carea' id='block_1_36' title="bbox 548 2042 2109 2133">
    <p class='ocr_par' dir='ltr' id='par_1_36' title="bbox 548 2042 2109 2133">
     <span class='ocr_line' id='line_1_36' title="bbox 548 2042 2109 2133; baseline -0.003 -33"><span class='ocrx_word' id='word_1_245' title='bbox 548 2058 628 2102; x_wconf 88' lang='lat' dir='ltr'><strong>ter</strong></span> <span class='ocrx_word' id='word_1_246' title='bbox 675 2048 991 2118; x_wconf 84' lang='lat' dir='ltr'><strong>persistens,</strong></span> <span class='ocrx_word' id='word_1_247' title='bbox 1044 2048 1403 2133; x_wconf 64' lang='lat' dir='ltr'><strong>indesinenter</strong></span> <span class='ocrx_word' id='word_1_248' title='bbox 1443 2058 1537 2112; x_wconf 89' lang='lat' dir='ltr'><strong>per</strong></span> <span class='ocrx_word' id='word_1_249' title='bbox 1577 2042 1703 2095; x_wconf 91' lang='lat' dir='ltr'><strong>illud</strong></span> <span class='ocrx_word' id='word_1_250' title='bbox 1740 2042 1968 2096; x_wconf 89' lang='lat' dir='ltr'><strong>triduum</strong></span> <span class='ocrx_word' id='word_1_251' title='bbox 2014 2058 2109 2095; x_wconf 82' lang='lat' dir='ltr'><strong>ex-</strong></span> 
     </span>
    </p>
   </div>
   <div class='ocr_carea' id='block_1_37' title="bbox 544 2134 2106 2199">
    <p class='ocr_par' dir='ltr' id='par_1_37' title="bbox 544 2134 2106 2199">
     <span class='ocr_line' id='line_1_37' title="bbox 544 2134 2106 2199; baseline -0.004 -8"><span class='ocrx_word' id='word_1_252' title='bbox 544 2140 709 2193; x_wconf 72' lang='lat' dir='ltr'><strong>cubire</strong></span> <span class='ocrx_word' id='word_1_253' title='bbox 752 2140 1031 2193; x_wconf 71' lang='lat' dir='ltr'><strong>celebrata:</strong></span> <span class='ocrx_word' id='word_1_254' title='bbox 1072 2145 1213 2191; x_wconf 86' lang='lat' dir='ltr'><strong>sunt.</strong></span> <span class='ocrx_word' id='word_1_255' title='bbox 1260 2135 1390 2187; x_wconf 88' lang='lat' dir='ltr'><strong>Dum</strong></span> <span class='ocrx_word' id='word_1_256' title='bbox 1440 2134 1551 2187; x_wconf 63' lang='lat' dir='ltr'><strong>haec</strong></span> <span class='ocrx_word' id='word_1_257' title='bbox 1597 2134 1757 2199; x_wconf 83' lang='lat' dir='ltr'><strong>igitur</strong></span> <span class='ocrx_word' id='word_1_258' title='bbox 1800 2141 2106 2198; x_wconf 84' lang='lat' dir='ltr'><strong>agerentur,</strong></span> 
     </span>
    </p>
   </div>
   <div class='ocr_carea' id='block_1_38' title="bbox 542 2221 2104 2297">
    <p class='ocr_par' dir='ltr' id='par_1_38' title="bbox 542 2221 2104 2297">
     <span class='ocr_line' id='line_1_38' title="bbox 542 2221 2104 2297; baseline -0.008 -13"><span class='ocrx_word' id='word_1_259' title='bbox 542 2230 654 2297; x_wconf 86' lang='lat' dir='ltr'><strong>ipsa</strong></span> <span class='ocrx_word' id='word_1_260' title='bbox 684 2227 1002 2281; x_wconf 72' lang='lat' dir='ltr'><strong>venerabilis</strong></span> <span class='ocrx_word' id='word_1_261' title='bbox 1042 2226 1222 2293; x_wconf 80' lang='lat' dir='ltr'><strong>regina</strong></span> <span class='ocrx_word' id='word_1_262' title='bbox 1264 2223 1420 2278; x_wconf 87' lang='lat' dir='ltr'><strong>nimis</strong></span> <span class='ocrx_word' id='word_1_263' title='bbox 1456 2221 1859 2276; x_wconf 86' lang='lat' dir='ltr'><strong>intolerabiliter</strong></span> <span class='ocrx_word' id='word_1_264' title='bbox 1900 2221 2104 2289; x_wconf 81' lang='lat' dir='ltr'><strong>lugens,</strong></span> 
     </span>
    </p>
   </div>
   <div class='ocr_carea' id='block_1_39' title="bbox 541 2310 2108 2387">
    <p class='ocr_par' dir='ltr' id='par_1_39' title="bbox 541 2310 2108 2387">
     <span class='ocr_line' id='line_1_39' title="bbox 541 2310 2108 2387; baseline -0.006 -14"><span class='ocrx_word' id='word_1_265' title='bbox 541 2321 686 2374; x_wconf 85' lang='lat' dir='ltr'><strong>nullo</strong></span> <span class='ocrx_word' id='word_1_266' title='bbox 730 2332 927 2387; x_wconf 82' lang='lat' dir='ltr'><strong>genere</strong></span> <span class='ocrx_word' id='word_1_267' title='bbox 968 2333 993 2367; x_wconf 87' lang='lat' dir='ltr'><strong>a</strong></span> <span class='ocrx_word' id='word_1_268' title='bbox 1027 2316 1153 2369; x_wconf 80' lang='lat' dir='ltr'><strong>fletu</strong></span> <span class='ocrx_word' id='word_1_269' title='bbox 1196 2314 1445 2369; x_wconf 88' lang='lat' dir='ltr'><strong>cohibere</strong></span> <span class='ocrx_word' id='word_1_270' title='bbox 1486 2327 1544 2366; x_wconf 92' lang='lat' dir='ltr'><strong>se</strong></span> <span class='ocrx_word' id='word_1_271' title='bbox 1584 2320 1825 2380; x_wconf 82' lang='lat' dir='ltr'><strong>poterat;</strong></span> <span class='ocrx_word' id='word_1_272' title='bbox 1878 2310 2108 2377; x_wconf 88' lang='lat' dir='ltr'><strong>denique</strong></span> 
     </span>
    </p>
   </div>
   <div class='ocr_carea' id='block_1_40' title="bbox 542 2400 2107 2465">
    <p class='ocr_par' dir='ltr' id='par_1_40' title="bbox 542 2400 2107 2465">
     <span class='ocr_line' id='line_1_40' title="bbox 542 2400 2107 2465; baseline -0.007 -1"><span class='ocrx_word' id='word_1_273' title='bbox 542 2425 662 2465; x_wconf 92' lang='lat' dir='ltr'><strong>cum</strong></span> <span class='ocrx_word' id='word_1_274' title='bbox 689 2424 754 2463; x_wconf 82' lang='lat' dir='ltr'><strong>ex</strong></span> <span class='ocrx_word' id='word_1_275' title='bbox 784 2408 946 2461; x_wconf 92' lang='lat' dir='ltr'><strong>nimio</strong></span> <span class='ocrx_word' id='word_1_276' title='bbox 975 2406 1160 2461; x_wconf 88' lang='lat' dir='ltr'><strong>dolore</strong></span> <span class='ocrx_word' id='word_1_277' title='bbox 1187 2405 1480 2458; x_wconf 86' lang='lat' dir='ltr'><strong>absentiam</strong></span> <span class='ocrx_word' id='word_1_278' title='bbox 1509 2403 1678 2457; x_wconf 87' lang='lat' dir='ltr'><strong>sancti</strong></span> <span class='ocrx_word' id='word_1_279' title='bbox 1706 2401 1804 2454; x_wconf 87' lang='lat' dir='ltr'><strong>viri</strong></span> <span class='ocrx_word' id='word_1_280' title='bbox 1836 2400 1972 2454; x_wconf 85' lang='lat' dir='ltr'><strong>ferre</strong></span> <span class='ocrx_word' id='word_1_281' title='bbox 2001 2416 2107 2453; x_wconf 84' lang='lat' dir='ltr'><strong>non</strong></span> 
     </span>
    </p>
   </div>
   <div class='ocr_carea' id='block_1_41' title="bbox 538 2492 2108 2570">
    <p class='ocr_par' dir='ltr' id='par_1_41' title="bbox 538 2492 2108 2570">
     <span class='ocr_line' id='line_1_41' title="bbox 538 2492 2108 2570; baseline -0.006 -17"><span class='ocrx_word' id='word_1_282' title='bbox 538 2509 749 2570; x_wconf 74' lang='lat' dir='ltr'><strong>posset,</strong></span> <span class='ocrx_word' id='word_1_283' title='bbox 788 2500 997 2553; x_wconf 88' lang='lat' dir='ltr'><strong>tandem</strong></span> <span class='ocrx_word' id='word_1_284' title='bbox 1031 2506 1088 2551; x_wconf 90' lang='lat' dir='ltr'><strong>ut</strong></span> <span class='ocrx_word' id='word_1_285' title='bbox 1126 2496 1393 2551; x_wconf 89' lang='lat' dir='ltr'><strong>desiderio</strong></span> <span class='ocrx_word' id='word_1_286' title='bbox 1436 2510 1533 2548; x_wconf 90' lang='lat' dir='ltr'><strong>suo</strong></span> <span class='ocrx_word' id='word_1_287' title='bbox 1564 2493 1926 2553; x_wconf 83' lang='lat' dir='ltr'><strong>satisfaceret,</strong></span> <span class='ocrx_word' id='word_1_288' title='bbox 1955 2492 2108 2543; x_wconf 78' lang='lat' dir='ltr'><strong>reve-</strong></span> 
     </span>
    </p>
   </div>
   <div class='ocr_carea' id='block_1_42' title="bbox 542 2580 2108 2657">
    <p class='ocr_par' dir='ltr' id='par_1_42' title="bbox 542 2580 2108 2657">
     <span class='ocr_line' id='line_1_42' title="bbox 542 2580 2108 2657; baseline -0.008 -14"><span class='ocrx_word' id='word_1_289' title='bbox 542 2590 644 2643; x_wconf 88' lang='lat' dir='ltr'><strong>lata</strong></span> <span class='ocrx_word' id='word_1_290' title='bbox 668 2590 781 2657; x_wconf 87' lang='lat' dir='ltr'><strong>ejus</strong></span> <span class='ocrx_word' id='word_1_291' title='bbox 813 2588 946 2643; x_wconf 88' lang='lat' dir='ltr'><strong>facie</strong></span> <span class='ocrx_word' id='word_1_292' title='bbox 971 2589 1024 2641; x_wconf 92' lang='lat' dir='ltr'><strong>in</strong></span> <span class='ocrx_word' id='word_1_293' title='bbox 1055 2587 1274 2653; x_wconf 79' lang='lat' dir='ltr'><strong>lugubre</strong></span> <span class='ocrx_word' id='word_1_294' title='bbox 1309 2586 1549 2638; x_wconf 87' lang='lat' dir='ltr'><strong>osculum</strong></span> <span class='ocrx_word' id='word_1_295' title='bbox 1584 2596 1764 2645; x_wconf 84' lang='lat' dir='ltr'><strong>ruens,</strong></span> <span class='ocrx_word' id='word_1_296' title='bbox 1794 2580 1956 2649; x_wconf 63' lang='lat' dir='ltr'><strong>etrapit</strong></span> <span class='ocrx_word' id='word_1_297' title='bbox 1996 2593 2108 2632; x_wconf 83' lang='lat' dir='ltr'><strong>ma-</strong></span> 
     </span>
    </p>
   </div>
   <div class='ocr_carea' id='block_1_43' title="bbox 540 2673 2106 2751">
    <p class='ocr_par' dir='ltr' id='par_1_43' title="bbox 540 2673 2106 2751">
     <span class='ocr_line' id='line_1_43' title="bbox 540 2673 2106 2751; baseline -0.007 -17"><span class='ocrx_word' id='word_1_298' title='bbox 540 2698 637 2735; x_wconf 89' lang='lat' dir='ltr'><strong>nus</strong></span> <span class='ocrx_word' id='word_1_299' title='bbox 661 2692 945 2751; x_wconf 79' lang='lat' dir='ltr'><strong>peetttsque</strong></span> <span class='ocrx_word' id='word_1_300' title='bbox 984 2680 1218 2733; x_wconf 86' lang='lat' dir='ltr'><strong>lambere</strong></span> <span class='ocrx_word' id='word_1_301' title='bbox 1244 2719 1258 2740; x_wconf 92' lang='lat'><strong>,</strong></span> <span class='ocrx_word' id='word_1_302' title='bbox 1299 2690 1360 2730; x_wconf 90' lang='lat' dir='ltr'><strong>ac</strong></span> <span class='ocrx_word' id='word_1_303' title='bbox 1386 2689 1548 2743; x_wconf 79' lang='lat' dir='ltr'><strong>genas</strong></span> <span class='ocrx_word' id='word_1_304' title='bbox 1577 2675 1797 2743; x_wconf 88' lang='lat' dir='ltr'><strong>copioso</strong></span> <span class='ocrx_word' id='word_1_305' title='bbox 1838 2673 2106 2743; x_wconf 79' lang='lat' dir='ltr'><strong>lacryma-</strong></span> 
     </span>
    </p>
   </div>
   <div class='ocr_carea' id='block_1_44' title="bbox 538 2766 2103 2838">
    <p class='ocr_par' dir='ltr' id='par_1_44' title="bbox 538 2766 2103 2838">
     <span class='ocr_line' id='line_1_44' title="bbox 538 2766 2103 2838; baseline -0.005 -13"><span class='ocrx_word' id='word_1_306' title='bbox 538 2788 653 2825; x_wconf 88' lang='lat' dir='ltr'><strong>rmn</strong></span> <span class='ocrx_word' id='word_1_307' title='bbox 704 2772 871 2825; x_wconf 89' lang='lat' dir='ltr'><strong>imbre</strong></span> <span class='ocrx_word' id='word_1_308' title='bbox 917 2769 1235 2838; x_wconf 83' lang='lat' dir='ltr'><strong>perfundere</strong></span> <span class='ocrx_word' id='word_1_309' title='bbox 1265 2785 1277 2819; x_wconf 87' lang='lat'><strong>:</strong></span> <span class='ocrx_word' id='word_1_310' title='bbox 1311 2777 1364 2821; x_wconf 92' lang='lat' dir='ltr'><strong>et</strong></span> <span class='ocrx_word' id='word_1_311' title='bbox 1393 2781 1519 2822; x_wconf 86' lang='lat' dir='ltr'><strong>ecce</strong></span> <span class='ocrx_word' id='word_1_312' title='bbox 1558 2775 1781 2834; x_wconf 86' lang='lat' dir='ltr'><strong>repente</strong></span> <span class='ocrx_word' id='word_1_313' title='bbox 1809 2766 1939 2819; x_wconf 92' lang='lat' dir='ltr'><strong>dum</strong></span> <span class='ocrx_word' id='word_1_314' title='bbox 1976 2779 2103 2817; x_wconf 87' lang='lat' dir='ltr'><strong>san-</strong></span> 
     </span>
    </p>
   </div>
   <div class='ocr_carea' id='block_1_45' title="bbox 537 2856 2104 2927">
    <p class='ocr_par' dir='ltr' id='par_1_45' title="bbox 537 2856 2104 2927">
     <span class='ocr_line' id='line_1_45' title="bbox 537 2856 2104 2927; baseline -0.003 -16"><span class='ocrx_word' id='word_1_315' title='bbox 537 2870 680 2913; x_wconf 75' lang='lat' dir='ltr'><strong>(tum</strong></span> <span class='ocrx_word' id='word_1_316' title='bbox 722 2874 916 2927; x_wconf 87' lang='lat' dir='ltr'><strong>corpus</strong></span> <span class='ocrx_word' id='word_1_317' title='bbox 966 2858 1281 2913; x_wconf 85' lang='lat' dir='ltr'><strong>exosculans</strong></span> <span class='ocrx_word' id='word_1_318' title='bbox 1326 2858 1582 2927; x_wconf 86' lang='lat' dir='ltr'><strong>palparet,</strong></span> <span class='ocrx_word' id='word_1_319' title='bbox 1637 2856 1943 2909; x_wconf 88' lang='lat' dir='ltr'><strong>miraculum</strong></span> <span class='ocrx_word' id='word_1_320' title='bbox 1972 2871 2104 2909; x_wconf 48' lang='lat' dir='ltr'><strong>:non</strong></span> 
     </span>
    </p>
   </div>
   <div class='ocr_carea' id='block_1_46' title="bbox 536 2946 2103 3016">
    <p class='ocr_par' dir='ltr' id='par_1_46' title="bbox 536 2946 2103 3016">
     <span class='ocr_line' id='line_1_46' title="bbox 536 2946 2103 3016; baseline -0.003 -15"><span class='ocrx_word' id='word_1_321' title='bbox 536 2948 799 3003; x_wconf 80' lang='lat' dir='ltr'><strong>silendum</strong></span> <span class='ocrx_word' id='word_1_322' title='bbox 848 2948 986 3003; x_wconf 83' lang='lat' dir='ltr'><strong>illico</strong></span> <span class='ocrx_word' id='word_1_323' title='bbox 1051 2948 1291 3016; x_wconf 77' lang='lat' dir='ltr'><strong>contigit.</strong></span> <span class='ocrx_word' id='word_1_324' title='bbox 1361 2949 1491 3001; x_wconf 79' lang='lat' dir='ltr'><strong>Nam</strong></span> <span class='ocrx_word' id='word_1_325' title='bbox 1546 2962 1668 2999; x_wconf 88' lang='lat' dir='ltr'><strong>cum</strong></span> <span class='ocrx_word' id='word_1_326' title='bbox 1718 2953 1863 3000; x_wconf 85' lang='lat' dir='ltr'><strong>esset</strong></span> <span class='ocrx_word' id='word_1_327' title='bbox 1916 2946 2103 2998; x_wconf 92' lang='lat' dir='ltr'><strong>hiemis</strong></span> 
     </span>
    </p>
   </div>
   <div class='ocr_carea' id='block_1_47' title="bbox 537 3034 2101 3108">
    <p class='ocr_par' dir='ltr' id='par_1_47' title="bbox 537 3034 2101 3108">
     <span class='ocr_line' id='line_1_47' title="bbox 537 3034 2101 3108; baseline -0.004 -17"><span class='ocrx_word' id='word_1_328' title='bbox 537 3049 745 3106; x_wconf 83' lang='lat' dir='ltr'><strong>tempus</strong></span> <span class='ocrx_word' id='word_1_329' title='bbox 771 3080 785 3105; x_wconf 89' lang='lat'><strong>,</strong></span> <span class='ocrx_word' id='word_1_330' title='bbox 815 3047 869 3092; x_wconf 89' lang='lat' dir='ltr'><strong>et</strong></span> <span class='ocrx_word' id='word_1_331' title='bbox 908 3053 1099 3108; x_wconf 90' lang='lat' dir='ltr'><strong>corpus</strong></span> <span class='ocrx_word' id='word_1_332' title='bbox 1124 3038 1236 3106; x_wconf 87' lang='lat' dir='ltr'><strong>jam</strong></span> <span class='ocrx_word' id='word_1_333' title='bbox 1277 3037 1475 3090; x_wconf 89' lang='lat' dir='ltr'><strong>dudum</strong></span> <span class='ocrx_word' id='word_1_334' title='bbox 1506 3042 1774 3088; x_wconf 89' lang='lat' dir='ltr'><strong>mortuum</strong></span> <span class='ocrx_word' id='word_1_335' title='bbox 1815 3034 2101 3087; x_wconf 89' lang='lat' dir='ltr'><strong>decumbe-</strong></span> 
     </span>
    </p>
   </div>
   <div class='ocr_carea' id='block_1_48' title="bbox 536 3122 2099 3197">
    <p class='ocr_par' dir='ltr' id='par_1_48' title="bbox 536 3122 2099 3197">
     <span class='ocr_line' id='line_1_48' title="bbox 536 3122 2099 3197; baseline -0.004 -15"><span class='ocrx_word' id='word_1_336' title='bbox 536 3137 627 3188; x_wconf 82' lang='lat' dir='ltr'><strong>ret</strong></span> <span class='ocrx_word' id='word_1_337' title='bbox 644 3128 902 3197; x_wconf 84' lang='lat' dir='ltr'><strong>gelidum,</strong></span> <span class='ocrx_word' id='word_1_338' title='bbox 932 3128 1152 3182; x_wconf 89' lang='lat' dir='ltr'><strong>fortuitu</strong></span> <span class='ocrx_word' id='word_1_339' title='bbox 1181 3125 1321 3180; x_wconf 90' lang='lat' dir='ltr'><strong>unda</strong></span> <span class='ocrx_word' id='word_1_340' title='bbox 1349 3124 1619 3191; x_wconf 82' lang='lat' dir='ltr'><strong>sanguinis</strong></span> <span class='ocrx_word' id='word_1_341' title='bbox 1662 3137 1729 3177; x_wconf 87' lang='lat' dir='ltr'><strong>ex</strong></span> <span class='ocrx_word' id='word_1_342' title='bbox 1771 3124 1985 3176; x_wconf 89' lang='lat' dir='ltr'><strong>naribus</strong></span> <span class='ocrx_word' id='word_1_343' title='bbox 2016 3122 2099 3189; x_wconf 91' lang='lat' dir='ltr'><strong>ja-</strong></span> 
     </span>
    </p>
   </div>
   <div class='ocr_carea' id='block_1_49' title="bbox 535 3180 2175 3289">
    <p class='ocr_par' dir='ltr' id='par_1_49' title="bbox 535 3180 2175 3289">
     <span class='ocr_line' id='line_1_49' title="bbox 535 3180 2175 3289; baseline -0.005 -16"><span class='ocrx_word' id='word_1_344' title='bbox 535 3221 704 3274; x_wconf 77' lang='lat' dir='ltr'><strong>centis</strong></span> <span class='ocrx_word' id='word_1_345' title='bbox 733 3220 1001 3289; x_wconf 81' lang='lat' dir='ltr'><strong>proﬂuens</strong></span> <span class='ocrx_word' id='word_1_346' title='bbox 1022 3260 1035 3279; x_wconf 92' lang='lat'><strong>,</strong></span> <span class='ocrx_word' id='word_1_347' title='bbox 1069 3217 1231 3284; x_wconf 82' lang='lat' dir='ltr'><strong>coepit</strong></span> <span class='ocrx_word' id='word_1_348' title='bbox 1260 3216 1487 3269; x_wconf 88' lang='lat' dir='ltr'><strong>ubertim</strong></span> <span class='ocrx_word' id='word_1_349' title='bbox 1518 3229 1680 3283; x_wconf 83' lang='lat' dir='ltr'><strong>genas</strong></span> <span class='ocrx_word' id='word_1_350' title='bbox 1706 3213 1874 3267; x_wconf 89' lang='lat' dir='ltr'><strong>sancti</strong></span> <span class='ocrx_word' id='word_1_351' title='bbox 1906 3180 2175 3280; x_wconf 37' lang='lat' dir='ltr'><strong>rigare“c</strong></span> 
     </span>
    </p>
   </div>
   <div class='ocr_carea' id='block_1_50' title="bbox 534 3303 2099 3377">
    <p class='ocr_par' dir='ltr' id='par_1_50' title="bbox 534 3303 2099 3377">
     <span class='ocr_line' id='line_1_50' title="bbox 534 3303 2099 3377; baseline -0.006 -13"><span class='ocrx_word' id='word_1_352' title='bbox 534 3310 673 3377; x_wconf 81' lang='lat' dir='ltr'><strong>quod</strong></span> <span class='ocrx_word' id='word_1_353' title='bbox 703 3309 946 3363; x_wconf 88' lang='lat' dir='ltr'><strong>videlicet</strong></span> <span class='ocrx_word' id='word_1_354' title='bbox 970 3307 1358 3375; x_wconf 89' lang='lat' dir='ltr'><strong>conspicientes</strong></span> <span class='ocrx_word' id='word_1_355' title='bbox 1388 3305 1623 3373; x_wconf 89' lang='lat' dir='ltr'><strong>episcopi</strong></span> <span class='ocrx_word' id='word_1_356' title='bbox 1651 3312 1706 3357; x_wconf 89' lang='lat' dir='ltr'><strong>et</strong></span> <span class='ocrx_word' id='word_1_357' title='bbox 1733 3303 1917 3370; x_wconf 79' lang='lat' dir='ltr'><strong>regina</strong></span> <span class='ocrx_word' id='word_1_358' title='bbox 1947 3303 2099 3356; x_wconf 76' lang='lat' dir='ltr'><strong>Chri-</strong></span> 
     </span>
    </p>
   </div>
   <div class='ocr_carea' id='block_1_51' title="bbox 532 3394 2098 3467">
    <p class='ocr_par' dir='ltr' id='par_1_51' title="bbox 532 3394 2098 3467">
     <span class='ocr_line' id='line_1_51' title="bbox 532 3394 2098 3467; baseline -0.006 -11"><span class='ocrx_word' id='word_1_359' title='bbox 532 3403 876 3467; x_wconf 85' lang='lat' dir='ltr'><strong>stianissima,</strong></span> <span class='ocrx_word' id='word_1_360' title='bbox 930 3398 1210 3453; x_wconf 83' lang='lat' dir='ltr'><strong>confestim</strong></span> <span class='ocrx_word' id='word_1_361' title='bbox 1254 3396 1540 3466; x_wconf 85' lang='lat' dir='ltr'><strong>suppositis</strong></span> <span class='ocrx_word' id='word_1_362' title='bbox 1584 3395 1710 3449; x_wconf 89' lang='lat' dir='ltr'><strong>hinc</strong></span> <span class='ocrx_word' id='word_1_363' title='bbox 1762 3395 1884 3449; x_wconf 86' lang='lat' dir='ltr'><strong>inde</strong></span> <span class='ocrx_word' id='word_1_364' title='bbox 1930 3404 1955 3430; x_wconf 75' lang='grc' dir='ltr'>ιι</span> <span class='ocrx_word' id='word_1_365' title='bbox 1996 3394 2098 3447; x_wconf 88' lang='lat' dir='ltr'><strong>bil-</strong></span> 
     </span>
    </p>
   </div>
   <div class='ocr_carea' id='block_1_52' title="bbox 534 3488 2098 3556">
    <p class='ocr_par' dir='ltr' id='par_1_52' title="bbox 534 3488 2098 3556">
     <span class='ocr_line' id='line_1_52' title="bbox 534 3488 2098 3556; baseline -0.003 -12"><span class='ocrx_word' id='word_1_366' title='bbox 534 3492 632 3544; x_wconf 86' lang='lat' dir='ltr'><strong>leis</strong></span> <span class='ocrx_word' id='word_1_367' title='bbox 676 3491 854 3544; x_wconf 89' lang='lat' dir='ltr'><strong>linteis</strong></span> <span class='ocrx_word' id='word_1_368' title='bbox 895 3505 1099 3543; x_wconf 85' lang='lat' dir='ltr'><strong>summa</strong></span> <span class='ocrx_word' id='word_1_369' title='bbox 1130 3504 1250 3543; x_wconf 90' lang='lat' dir='ltr'><strong>cum</strong></span> <span class='ocrx_word' id='word_1_370' title='bbox 1290 3488 1561 3554; x_wconf 83' lang='lat' dir='ltr'><strong>diligentia</strong></span> <span class='ocrx_word' id='word_1_371' title='bbox 1589 3500 1866 3556; x_wconf 90' lang='lat' dir='ltr'><strong>quousque</strong></span> <span class='ocrx_word' id='word_1_372' title='bbox 1907 3495 2098 3555; x_wconf 90' lang='lat' dir='ltr'><strong>sponte</strong></span> 
     </span>
    </p>
   </div>
   <div class='ocr_carea' id='block_1_53' title="bbox 532 3580 2095 3657">
    <p class='ocr_par' dir='ltr' id='par_1_53' title="bbox 532 3580 2095 3657">
     <span class='ocr_line' id='line_1_53' title="bbox 532 3580 2095 3657; baseline -0.002 -20"><span class='ocrx_word' id='word_1_373' title='bbox 532 3584 802 3647; x_wconf 88' lang='lat' dir='ltr'><strong>decurrit,</strong></span> <span class='ocrx_word' id='word_1_374' title='bbox 855 3583 1166 3649; x_wconf 87' lang='lat' dir='ltr'><strong>sanguinem</strong></span> <span class='ocrx_word' id='word_1_375' title='bbox 1222 3580 1590 3647; x_wconf 81' lang='lat' dir='ltr'><strong>collegerunt,</strong></span> <span class='ocrx_word' id='word_1_376' title='bbox 1644 3595 1705 3633; x_wconf 91' lang='lat' dir='ltr'><strong>ac</strong></span> <span class='ocrx_word' id='word_1_377' title='bbox 1757 3595 1854 3649; x_wconf 89' lang='lat' dir='ltr'><strong>pro</strong></span> <span class='ocrx_word' id='word_1_378' title='bbox 1904 3594 2095 3657; x_wconf 85' lang='lat' dir='ltr'><strong>magno</strong></span> 
     </span>
    </p>
   </div>
   <div class='ocr_carea' id='block_1_54' title="bbox 534 3671 2094 3740">
    <p class='ocr_par' dir='ltr' id='par_1_54' title="bbox 534 3671 2094 3740">
     <span class='ocr_line' id='line_1_54' title="bbox 534 3671 2094 3740; baseline -0.003 -13"><span class='ocrx_word' id='word_1_379' title='bbox 534 3690 753 3728; x_wconf 89' lang='lat' dir='ltr'><strong>munere</strong></span> <span class='ocrx_word' id='word_1_380' title='bbox 782 3673 1101 3729; x_wconf 86' lang='lat' dir='ltr'><strong>servandum</strong></span> <span class='ocrx_word' id='word_1_381' title='bbox 1132 3671 1380 3739; x_wconf 87' lang='lat' dir='ltr'><strong>deinceps</strong></span> <span class='ocrx_word' id='word_1_382' title='bbox 1417 3671 1469 3724; x_wconf 93' lang='lat' dir='ltr'><strong>in</strong></span> <span class='ocrx_word' id='word_1_383' title='bbox 1508 3671 1816 3740; x_wconf 86' lang='lat' dir='ltr'><strong>pignoribus</strong></span> <span class='ocrx_word' id='word_1_384' title='bbox 1844 3686 2094 3739; x_wconf 85' lang='lat' dir='ltr'><strong>segrega-</strong></span> 
     </span>
    </p>
   </div>
   <div class='ocr_carea' id='block_1_55' title="bbox 532 3775 675 3819">
    <p class='ocr_par' dir='ltr' id='par_1_55' title="bbox 532 3775 675 3819">
     <span class='ocr_line' id='line_1_55' title="bbox 532 3775 675 3819; baseline -0.007 -1"><span class='ocrx_word' id='word_1_385' title='bbox 532 3775 675 3819; x_wconf 89' lang='lat' dir='ltr'><strong>runt.</strong></span> 
     </span>
    </p>
   </div>
   <div class='ocr_carea' id='block_1_56' title="bbox 603 3851 2095 3922">
    <p class='ocr_par' dir='ltr' id='par_1_56' title="bbox 603 3851 2095 3922">
     <span class='ocr_line' id='line_1_56' title="bbox 603 3851 2095 3922; baseline -0.001 -16"><span class='ocrx_word' id='word_1_386' title='bbox 603 3855 829 3918; x_wconf 89' lang='lat' dir='ltr'><strong>Interea,</strong></span> <span class='ocrx_word' id='word_1_387' title='bbox 872 3861 929 3906; x_wconf 92' lang='lat' dir='ltr'><strong>ut</strong></span> <span class='ocrx_word' id='word_1_388' title='bbox 969 3851 1278 3922; x_wconf 75' lang='lat' dir='ltr'><strong>przedictum</strong></span> <span class='ocrx_word' id='word_1_389' title='bbox 1313 3862 1412 3916; x_wconf 91' lang='lat' dir='ltr'><strong>est,</strong></span> <span class='ocrx_word' id='word_1_390' title='bbox 1452 3852 1658 3921; x_wconf 79' lang='lat' dir='ltr'><strong>jejunio</strong></span> <span class='ocrx_word' id='word_1_391' title='bbox 1683 3852 1919 3921; x_wconf 82' lang='lat' dir='ltr'><strong>expleto,</strong></span> <span class='ocrx_word' id='word_1_392' title='bbox 1949 3866 2095 3907; x_wconf 84' lang='lat' dir='ltr'><strong>sata-</strong></span> 
     </span>
    </p>
   </div>
   <div class='ocr_carea' id='block_1_57' title="bbox 530 3942 2127 4011">
    <p class='ocr_par' dir='ltr' id='par_1_57' title="bbox 530 3942 2127 4011">
     <span class='ocr_line' id='line_1_57' title="bbox 530 3942 2127 4011; baseline -0.005 -14"><span class='ocrx_word' id='word_1_393' title='bbox 530 3945 690 4010; x_wconf 85' lang='lat' dir='ltr'><strong>gebat</strong></span> <span class='ocrx_word' id='word_1_394' title='bbox 741 3942 1059 3997; x_wconf 86' lang='lat' dir='ltr'><strong>omnimodis</strong></span> <span class='ocrx_word' id='word_1_395' title='bbox 1108 3942 1287 4009; x_wconf 89' lang='lat' dir='ltr'><strong>regina</strong></span> <span class='ocrx_word' id='word_1_396' title='bbox 1327 3951 1385 3995; x_wconf 92' lang='lat' dir='ltr'><strong>ut</strong></span> <span class='ocrx_word' id='word_1_397' title='bbox 1428 3956 1643 4011; x_wconf 88' lang='lat' dir='ltr'><strong>quoquo</strong></span> <span class='ocrx_word' id='word_1_398' title='bbox 1696 3942 1854 3995; x_wconf 90' lang='lat' dir='ltr'><strong>modo</strong></span> <span class='ocrx_word' id='word_1_399' title='bbox 1901 3959 2127 4011; x_wconf 85' lang='lat' dir='ltr'><strong>corpus.</strong></span> 
     </span>
    </p>
   </div>
   <div class='ocr_carea' id='block_1_58' title="bbox 531 4032 2088 4097">
    <p class='ocr_par' dir='ltr' id='par_1_58' title="bbox 531 4032 2088 4097">
     <span class='ocr_line' id='line_1_58' title="bbox 531 4032 2088 4097; baseline 0 -9"><span class='ocrx_word' id='word_1_400' title='bbox 531 4035 701 4088; x_wconf 85' lang='lat' dir='ltr'><strong>sancti</strong></span> <span class='ocrx_word' id='word_1_401' title='bbox 745 4034 841 4087; x_wconf 90' lang='lat' dir='ltr'><strong>viri</strong></span> <span class='ocrx_word' id='word_1_402' title='bbox 873 4034 923 4085; x_wconf 90' lang='lat' dir='ltr'><strong>in</strong></span> <span class='ocrx_word' id='word_1_403' title='bbox 958 4032 1084 4086; x_wconf 88' lang='lat' dir='ltr'><strong>Cala</strong></span> <span class='ocrx_word' id='word_1_404' title='bbox 1128 4033 1506 4086; x_wconf 87' lang='lat' dir='ltr'><strong>monasterium</strong></span> <span class='ocrx_word' id='word_1_405' title='bbox 1548 4049 1701 4086; x_wconf 90' lang='lat' dir='ltr'><strong>suum</strong></span> <span class='ocrx_word' id='word_1_406' title='bbox 1741 4036 2088 4097; x_wconf 83' lang='lat' dir='ltr'><strong>transferret;</strong></span> 
     </span>
    </p>
   </div>
   <div class='ocr_carea' id='block_1_59' title="bbox 531 4120 2091 4191">
    <p class='ocr_par' dir='ltr' id='par_1_59' title="bbox 531 4120 2091 4191">
     <span class='ocr_line' id='line_1_59' title="bbox 531 4120 2091 4191; baseline -0.002 -13"><span class='ocrx_word' id='word_1_407' title='bbox 531 4140 562 4178; x_wconf 91' lang='lat' dir='ltr'><strong>e</strong></span> <span class='ocrx_word' id='word_1_408' title='bbox 590 4133 774 4177; x_wconf 89' lang='lat' dir='ltr'><strong>contra</strong></span> <span class='ocrx_word' id='word_1_409' title='bbox 810 4124 908 4175; x_wconf 87' lang='lat' dir='ltr'><strong>alia</strong></span> <span class='ocrx_word' id='word_1_410' title='bbox 934 4138 1055 4191; x_wconf 88' lang='lat' dir='ltr'><strong>pars</strong></span> <span class='ocrx_word' id='word_1_411' title='bbox 1095 4123 1388 4176; x_wconf 89' lang='lat' dir='ltr'><strong>conabatur</strong></span> <span class='ocrx_word' id='word_1_412' title='bbox 1408 4136 1526 4175; x_wconf 91' lang='lat' dir='ltr'><strong>eum</strong></span> <span class='ocrx_word' id='word_1_413' title='bbox 1558 4120 1789 4177; x_wconf 86' lang='lat' dir='ltr'><strong>Parisius</strong></span> <span class='ocrx_word' id='word_1_414' title='bbox 1820 4125 2091 4179; x_wconf 88' lang='lat' dir='ltr'><strong>civitatem</strong></span> 
     </span>
    </p>
   </div>
   <div class='ocr_carea' id='block_1_60' title="bbox 530 4212 2094 4281">
    <p class='ocr_par' dir='ltr' id='par_1_60' title="bbox 530 4212 2094 4281">
     <span class='ocr_line' id='line_1_60' title="bbox 530 4212 2094 4281; baseline -0.002 -11"><span class='ocrx_word' id='word_1_415' title='bbox 530 4216 769 4277; x_wconf 90' lang='lat' dir='ltr'><strong>deferre;</strong></span> <span class='ocrx_word' id='word_1_416' title='bbox 818 4215 1055 4281; x_wconf 84' lang='lat' dir='ltr'><strong>utri-que</strong></span> <span class='ocrx_word' id='word_1_417' title='bbox 1105 4222 1281 4266; x_wconf 84' lang='lat' dir='ltr'><strong>tamen</strong></span> <span class='ocrx_word' id='word_1_418' title='bbox 1330 4212 1655 4267; x_wconf 85' lang='lat' dir='ltr'><strong>obsistebant</strong></span> <span class='ocrx_word' id='word_1_419' title='bbox 1700 4216 1842 4267; x_wconf 85' lang='lat' dir='ltr'><strong>cives</strong></span> <span class='ocrx_word' id='word_1_420' title='bbox 1898 4212 2094 4269; x_wconf 84' lang='lat' dir='ltr'><strong>Novio-</strong></span> 
     </span>
    </p>
   </div>
   <div class='ocr_carea' id='block_1_61' title="bbox 531 4304 2092 4374">
    <p class='ocr_par' dir='ltr' id='par_1_61' title="bbox 531 4304 2092 4374">
     <span class='ocr_line' id='line_1_61' title="bbox 531 4304 2092 4374; baseline 0 -15"><span class='ocrx_word' id='word_1_421' title='bbox 531 4321 825 4374; x_wconf 85' lang='lat' dir='ltr'><strong>magenses,</strong></span> <span class='ocrx_word' id='word_1_422' title='bbox 855 4306 1201 4373; x_wconf 88' lang='lat' dir='ltr'><strong>justissimam</strong></span> <span class='ocrx_word' id='word_1_423' title='bbox 1234 4304 1331 4357; x_wconf 87' lang='lat' dir='ltr'><strong>sibi</strong></span> <span class='ocrx_word' id='word_1_424' title='bbox 1356 4305 1713 4359; x_wconf 79' lang='lat' dir='ltr'><strong>haereditatem</strong></span> <span class='ocrx_word' id='word_1_425' title='bbox 1747 4307 1980 4359; x_wconf 87' lang='lat' dir='ltr'><strong>membra</strong></span> <span class='ocrx_word' id='word_1_426' title='bbox 2011 4306 2092 4359; x_wconf 88' lang='lat' dir='ltr'><strong>sui</strong></span> 
     </span>
    </p>
   </div>
   <div class='ocr_carea' id='block_1_62' title="bbox 464 4392 2095 4461">
    <p class='ocr_par' dir='ltr' id='par_1_62' title="bbox 464 4392 2095 4461">
     <span class='ocr_line' id='line_1_62' title="bbox 464 4392 2095 4461; baseline 0.001 -13"><span class='ocrx_word' id='word_1_427' title='bbox 464 4392 473 4400; x_wconf 82' lang='grc'><em>’</em></span> <span class='ocrx_word' id='word_1_428' title='bbox 529 4398 781 4449; x_wconf 83' lang='lat' dir='ltr'><strong>antistitis</strong></span> <span class='ocrx_word' id='word_1_429' title='bbox 830 4397 1179 4449; x_wconf 74' lang='lat' dir='ltr'><strong>vindicantes.</strong></span> <span class='ocrx_word' id='word_1_430' title='bbox 1240 4394 1350 4447; x_wconf 89' lang='lat' dir='ltr'><strong>Iloc</strong></span> <span class='ocrx_word' id='word_1_431' title='bbox 1392 4396 1545 4461; x_wconf 87' lang='lat' dir='ltr'><strong>igitur</strong></span> <span class='ocrx_word' id='word_1_432' title='bbox 1591 4395 1751 4449; x_wconf 88' lang='lat' dir='ltr'><strong>modo</strong></span> <span class='ocrx_word' id='word_1_433' title='bbox 1796 4404 1911 4449; x_wconf 87' lang='lat' dir='ltr'><strong>erat</strong></span> <span class='ocrx_word' id='word_1_434' title='bbox 1955 4398 2095 4450; x_wconf 90' lang='lat' dir='ltr'><strong>inter</strong></span> 
     </span>
    </p>
   </div>
   <div class='ocr_carea' id='block_1_63' title="bbox 530 4485 2087 4555">
    <p class='ocr_par' dir='ltr' id='par_1_63' title="bbox 530 4485 2087 4555">
     <span class='ocr_line' id='line_1_63' title="bbox 530 4485 2087 4555; baseline 0.001 -17"><span class='ocrx_word' id='word_1_435' title='bbox 530 4502 625 4538; x_wconf 87' lang='lat' dir='ltr'><strong>eos</strong></span> <span class='ocrx_word' id='word_1_436' title='bbox 650 4486 944 4546; x_wconf 82' lang='lat' dir='ltr'><strong>altercatio,</strong></span> <span class='ocrx_word' id='word_1_437' title='bbox 977 4486 1061 4551; x_wconf 86' lang='lat' dir='ltr'><strong>pia</strong></span> <span class='ocrx_word' id='word_1_438' title='bbox 1088 4485 1320 4538; x_wconf 81' lang='lat' dir='ltr'><strong>vicissim</strong></span> <span class='ocrx_word' id='word_1_439' title='bbox 1350 4485 1632 4539; x_wconf 88' lang='lat' dir='ltr'><strong>devotione</strong></span> <span class='ocrx_word' id='word_1_440' title='bbox 1657 4501 1756 4555; x_wconf 88' lang='lat' dir='ltr'><strong>pro</strong></span> <span class='ocrx_word' id='word_1_441' title='bbox 1784 4496 1970 4540; x_wconf 89' lang='lat' dir='ltr'><strong>sancta</strong></span> <span class='ocrx_word' id='word_1_442' title='bbox 1998 4502 2087 4541; x_wconf 91' lang='lat' dir='ltr'><strong>ra-</strong></span> 
     </span>
    </p>
   </div>
   <div class='ocr_carea' id='block_1_64' title="bbox 530 4574 2085 4644">
    <p class='ocr_par' dir='ltr' id='par_1_64' title="bbox 530 4574 2085 4644">
     <span class='ocr_line' id='line_1_64' title="bbox 530 4574 2085 4644; baseline 0.003 -16"><span class='ocrx_word' id='word_1_443' title='bbox 530 4580 651 4644; x_wconf 77' lang='lat' dir='ltr'><strong>pina</strong></span> <span class='ocrx_word' id='word_1_444' title='bbox 683 4576 1036 4635; x_wconf 83' lang='lat' dir='ltr'><strong>decertantes,</strong></span> <span class='ocrx_word' id='word_1_445' title='bbox 1072 4574 1287 4643; x_wconf 90' lang='lat' dir='ltr'><strong>quinam</strong></span> <span class='ocrx_word' id='word_1_446' title='bbox 1313 4574 1507 4640; x_wconf 86' lang='lat' dir='ltr'><strong>justius</strong></span> <span class='ocrx_word' id='word_1_447' title='bbox 1532 4578 1647 4643; x_wconf 87' lang='lat' dir='ltr'><strong>ejus</strong></span> <span class='ocrx_word' id='word_1_448' title='bbox 1678 4587 1972 4631; x_wconf 90' lang='lat' dir='ltr'><strong>mereretur</strong></span> <span class='ocrx_word' id='word_1_449' title='bbox 1998 4592 2085 4632; x_wconf 90' lang='lat' dir='ltr'><strong>re-</strong></span> 
     </span>
    </p>
   </div>
   <div class='ocr_carea' id='block_1_65' title="bbox 531 4664 2093 4737">
    <p class='ocr_par' dir='ltr' id='par_1_65' title="bbox 531 4664 2093 4737">
     <span class='ocr_line' id='line_1_65' title="bbox 531 4664 2093 4737; baseline 0.002 -18"><span class='ocrx_word' id='word_1_450' title='bbox 531 4669 716 4735; x_wconf 86' lang='lat' dir='ltr'><strong>liquias</strong></span> <span class='ocrx_word' id='word_1_451' title='bbox 744 4670 805 4720; x_wconf 83' lang='lat' dir='ltr'><strong>ac</strong></span> <span class='ocrx_word' id='word_1_452' title='bbox 828 4667 1149 4732; x_wconf 84' lang='lat' dir='ltr'><strong>sepulturam</strong></span> <span class='ocrx_word' id='word_1_453' title='bbox 1176 4664 1447 4733; x_wconf 75' lang='lat' dir='ltr'><strong>possidere</strong></span> <span class='ocrx_word' id='word_1_454' title='bbox 1472 4683 1481 4716; x_wconf 88' lang='lat'>:</span> <span class='ocrx_word' id='word_1_455' title='bbox 1515 4672 1609 4719; x_wconf 86' lang='lat' dir='ltr'><strong>sed</strong></span> <span class='ocrx_word' id='word_1_456' title='bbox 1636 4682 1753 4719; x_wconf 88' lang='lat' dir='ltr'><strong>cum</strong></span> <span class='ocrx_word' id='word_1_457' title='bbox 1785 4669 2016 4737; x_wconf 69' lang='lat' dir='ltr'><strong>episcopi</strong></span> <span class='ocrx_word' id='word_1_458' title='bbox 2040 4679 2093 4722; x_wconf 91' lang='lat' dir='ltr'><strong>et</strong></span> 
     </span>
    </p>
   </div>
   <div class='ocr_carea' id='block_1_66' title="bbox 532 4756 2087 4828">
    <p class='ocr_par' dir='ltr' id='par_1_66' title="bbox 532 4756 2087 4828">
     <span class='ocr_line' id='line_1_66' title="bbox 532 4756 2087 4828; baseline 0.004 -20"><span class='ocrx_word' id='word_1_459' title='bbox 532 4776 545 4824; x_wconf 66' lang='grc' dir='ltr'><strong>ι</strong></span> <span class='ocrx_word' id='word_1_460' title='bbox 571 4756 925 4809; x_wconf 68' lang='lat' dir='ltr'><strong>rmstantiores</strong></span> <span class='ocrx_word' id='word_1_461' title='bbox 972 4756 1166 4824; x_wconf 90' lang='lat' dir='ltr'><strong>quippe</strong></span> <span class='ocrx_word' id='word_1_462' title='bbox 1196 4771 1283 4822; x_wconf 81' lang='lat' dir='ltr'><strong>qui</strong></span> <span class='ocrx_word' id='word_1_463' title='bbox 1315 4756 1535 4809; x_wconf 63' lang='lat' dir='ltr'><strong>adeiant</strong></span> <span class='ocrx_word' id='word_1_464' title='bbox 1557 4797 1572 4821; x_wconf 94' lang='lat'><strong>,</strong></span> <span class='ocrx_word' id='word_1_465' title='bbox 1624 4758 1863 4825; x_wconf 86' lang='lat' dir='ltr'><strong>partibus</strong></span> <span class='ocrx_word' id='word_1_466' title='bbox 1893 4764 2087 4828; x_wconf 74' lang='lat' dir='ltr'><strong>regina:</strong></span> 
     </span>
    </p>
   </div>
   <div class='ocr_carea' id='block_1_67' title="bbox 532 4848 2088 4913">
    <p class='ocr_par' dir='ltr' id='par_1_67' title="bbox 532 4848 2088 4913">
     <span class='ocr_line' id='line_1_67' title="bbox 532 4848 2088 4913; baseline 0.003 -12"><span class='ocrx_word' id='word_1_467' title='bbox 532 4852 789 4907; x_wconf 73' lang='lat' dir='ltr'><strong>l&#39;averett,</strong></span> <span class='ocrx_word' id='word_1_468' title='bbox 825 4857 982 4913; x_wconf 81' lang='lat' dir='ltr'><strong>atque</strong></span> <span class='ocrx_word' id='word_1_469' title='bbox 1015 4849 1077 4899; x_wconf 83' lang='lat' dir='ltr'><strong>ad</strong></span> <span class='ocrx_word' id='word_1_470' title='bbox 1107 4848 1222 4912; x_wconf 88' lang='lat' dir='ltr'><strong>ejus</strong></span> <span class='ocrx_word' id='word_1_471' title='bbox 1250 4862 1369 4899; x_wconf 89' lang='lat' dir='ltr'><strong>eum</strong></span> <span class='ocrx_word' id='word_1_472' title='bbox 1401 4849 1780 4902; x_wconf 88' lang='lat' dir='ltr'><strong>monasterium</strong></span> <span class='ocrx_word' id='word_1_473' title='bbox 1810 4848 2088 4905; x_wconf 89' lang='lat' dir='ltr'><strong>ferendum</strong></span> 
     </span>
    </p>
   </div>
   <div class='ocr_carea' id='block_1_68' title="bbox 528 4940 2086 5006">
    <p class='ocr_par' dir='ltr' id='par_1_68' title="bbox 528 4940 2086 5006">
     <span class='ocr_line' id='line_1_68' title="bbox 528 4940 2086 5006; baseline 0.005 -16"><span class='ocrx_word' id='word_1_474' title='bbox 528 4942 880 4990; x_wconf 67' lang='lat' dir='ltr'><strong>«lecerncient</strong></span> <span class='ocrx_word' id='word_1_475' title='bbox 905 4979 919 5002; x_wconf 90' lang='lat'><strong>,</strong></span> <span class='ocrx_word' id='word_1_476' title='bbox 948 4950 1061 4989; x_wconf 61' lang='lat' dir='ltr'><strong>orta</strong></span> <span class='ocrx_word' id='word_1_477' title='bbox 1094 4948 1175 4991; x_wconf 86' lang='lat' dir='ltr'><strong>est</strong></span> <span class='ocrx_word' id='word_1_478' title='bbox 1205 4940 1384 5006; x_wconf 64' lang='lat' dir='ltr'><strong>ingens</strong></span> <span class='ocrx_word' id='word_1_479' title='bbox 1412 4941 1721 4995; x_wconf 86' lang='lat' dir='ltr'><strong>vociferatio</strong></span> <span class='ocrx_word' id='word_1_480' title='bbox 1750 4949 1804 4994; x_wconf 83' lang='lat' dir='ltr'><strong>et</strong></span> <span class='ocrx_word' id='word_1_481' title='bbox 1832 4945 2086 4998; x_wconf 88' lang='lat' dir='ltr'><strong>tumultus</strong></span> 
     </span>
    </p>
   </div>
   <div class='ocr_carea' id='block_1_69' title="bbox 529 5029 2087 5099">
    <p class='ocr_par' dir='ltr' id='par_1_69' title="bbox 529 5029 2087 5099">
     <span class='ocr_line' id='line_1_69' title="bbox 529 5029 2087 5099; baseline 0.006 -19"><span class='ocrx_word' id='word_1_482' title='bbox 529 5043 751 5095; x_wconf 81' lang='lat' dir='ltr'><strong>magnus</strong></span> <span class='ocrx_word' id='word_1_483' title='bbox 805 5029 871 5079; x_wconf 87' lang='lat' dir='ltr'><strong>ab</strong></span> <span class='ocrx_word' id='word_1_484' title='bbox 922 5044 1167 5080; x_wconf 73' lang='lat' dir='ltr'><strong>universa</strong></span> <span class='ocrx_word' id='word_1_485' title='bbox 1218 5030 1371 5096; x_wconf 89' lang='lat' dir='ltr'><strong>plebe</strong></span> <span class='ocrx_word' id='word_1_486' title='bbox 1438 5032 1880 5099; x_wconf 39' lang='lat' dir='ltr'><strong>N‘oviornagense.</strong></span> <span class='ocrx_word' id='word_1_487' title='bbox 1942 5034 2087 5090; x_wconf 86' lang='lat' dir='ltr'><strong>&#39;l‘unc</strong></span> 
     </span>
    </p>
   </div>
   <div class='ocr_carea' id='block_1_70' title="bbox 530 5092 2089 5193">
    <p class='ocr_par' dir='ltr' id='par_1_70' title="bbox 530 5092 2089 5193">
     <span class='ocr_line' id='line_1_70' title="bbox 530 5092 2089 5193; baseline 0.007 -23"><span class='ocrx_word' id='word_1_488' title='bbox 530 5121 709 5183; x_wconf 70' lang='lat' dir='ltr'><strong>regina</strong></span> <span class='ocrx_word' id='word_1_489' title='bbox 763 5120 1092 5187; x_wconf 86' lang='lat' dir='ltr'><strong>prudentiori</strong></span> <span class='ocrx_word' id='word_1_490' title='bbox 1138 5122 1358 5173; x_wconf 71' lang='lat' dir='ltr'><strong>consilio</strong></span> <span class='ocrx_word' id='word_1_491' title='bbox 1406 5092 1557 5176; x_wconf 48' lang='lat' dir='ltr'><strong>utens</strong></span> <span class='ocrx_word' id='word_1_492' title='bbox 1586 5164 1599 5187; x_wconf 92' lang='lat'><strong>,</strong></span> <span class='ocrx_word' id='word_1_493' title='bbox 1642 5134 1695 5177; x_wconf 89' lang='lat' dir='ltr'><strong>et</strong></span> <span class='ocrx_word' id='word_1_494' title='bbox 1744 5126 1945 5193; x_wconf 72' lang='lat' dir='ltr'><strong>judicio</strong></span> <span class='ocrx_word' id='word_1_495' title='bbox 2000 5127 2089 5181; x_wconf 87' lang='lat' dir='ltr'><strong>Det</strong></span> 
     </span>
    </p>
   </div>
   <div class='ocr_carea' id='block_1_71' title="bbox 530 5210 2091 5286">
    <p class='ocr_par' dir='ltr' id='par_1_71' title="bbox 530 5210 2091 5286">
     <span class='ocr_line' id='line_1_71' title="bbox 530 5210 2091 5286; baseline 0.008 -26"><span class='ocrx_word' id='word_1_496' title='bbox 530 5210 909 5276; x_wconf 84' lang='lat' dir='ltr'><strong>omnipotentis</strong></span> <span class='ocrx_word' id='word_1_497' title='bbox 939 5226 1152 5263; x_wconf 87' lang='lat' dir='ltr'><strong>causam</strong></span> <span class='ocrx_word' id='word_1_498' title='bbox 1195 5213 1561 5275; x_wconf 88' lang='lat' dir='ltr'><strong>committens,</strong></span> <span class='ocrx_word' id='word_1_499' title='bbox 1596 5216 1667 5267; x_wconf 81' lang='lat' dir='ltr'><strong>ait</strong></span> <span class='ocrx_word' id='word_1_500' title='bbox 1699 5233 1711 5268; x_wconf 93' lang='lat'>:</span> <span class='ocrx_word' id='word_1_501' title='bbox 1754 5218 2091 5286; x_wconf 86' lang='lat' dir='ltr'><strong>Seponantur</strong></span> 
     </span>
    </p>
   </div>
   <div class='ocr_carea' id='block_1_72' title="bbox 525 5299 2088 5371">
    <p class='ocr_par' dir='ltr' id='par_1_72' title="bbox 525 5299 2088 5371">
     <span class='ocr_line' id='line_1_72' title="bbox 525 5299 2088 5371; baseline 0.007 -18"><span class='ocrx_word' id='word_1_502' title='bbox 525 5304 633 5371; x_wconf 85' lang='lat' dir='ltr'><strong>jam</strong></span> <span class='ocrx_word' id='word_1_503' title='bbox 686 5299 932 5365; x_wconf 83' lang='lat' dir='ltr'><strong>ambages</strong></span> <span class='ocrx_word' id='word_1_504' title='bbox 977 5302 1274 5364; x_wconf 74' lang='lat' dir='ltr'><strong>verborum,</strong></span> <span class='ocrx_word' id='word_1_505' title='bbox 1306 5312 1357 5354; x_wconf 89' lang='lat' dir='ltr'><strong>et</strong></span> <span class='ocrx_word' id='word_1_506' title='bbox 1398 5305 1439 5355; x_wconf 90' lang='lat' dir='ltr'><strong>si</strong></span> <span class='ocrx_word' id='word_1_507' title='bbox 1485 5316 1564 5355; x_wconf 81' lang='lat' dir='ltr'><strong>est</strong></span> <span class='ocrx_word' id='word_1_508' title='bbox 1606 5307 1809 5359; x_wconf 81' lang='lat' dir='ltr'><strong>Domini</strong></span> <span class='ocrx_word' id='word_1_509' title='bbox 1844 5310 2088 5364; x_wconf 67' lang='lat' dir='ltr'><strong>voluntas</strong></span> 
     </span>
    </p>
   </div>
   <div class='ocr_carea' id='block_1_73' title="bbox 530 5390 2093 5463">
    <p class='ocr_par' dir='ltr' id='par_1_73' title="bbox 530 5390 2093 5463">
     <span class='ocr_line' id='line_1_73' title="bbox 530 5390 2093 5463; baseline 0.006 -20"><span class='ocrx_word' id='word_1_510' title='bbox 530 5401 619 5443; x_wconf 89' lang='lat' dir='ltr'><strong>aut</strong></span> <span class='ocrx_word' id='word_1_511' title='bbox 665 5392 831 5443; x_wconf 89' lang='lat' dir='ltr'><strong>sancti</strong></span> <span class='ocrx_word' id='word_1_512' title='bbox 882 5390 1057 5457; x_wconf 74' lang='lat' dir='ltr'><strong>hujus,</strong></span> <span class='ocrx_word' id='word_1_513' title='bbox 1113 5401 1166 5443; x_wconf 80' lang='lat' dir='ltr'><strong>ut</strong></span> <span class='ocrx_word' id='word_1_514' title='bbox 1214 5392 1336 5443; x_wconf 81' lang='lat' dir='ltr'><strong>illuc</strong></span> <span class='ocrx_word' id='word_1_515' title='bbox 1376 5402 1460 5445; x_wconf 86' lang='lat' dir='ltr'><strong>cat</strong></span> <span class='ocrx_word' id='word_1_516' title='bbox 1490 5408 1594 5459; x_wconf 88' lang='lat' dir='ltr'><strong>quo</strong></span> <span class='ocrx_word' id='word_1_517' title='bbox 1621 5410 1718 5461; x_wconf 81' lang='lat' dir='ltr'><strong>ego</strong></span> <span class='ocrx_word' id='word_1_518' title='bbox 1748 5398 1923 5463; x_wconf 82' lang='lat' dir='ltr'><strong>cupio,</strong></span> <span class='ocrx_word' id='word_1_519' title='bbox 1979 5398 2093 5453; x_wconf 85' lang='lat' dir='ltr'><strong>sine</strong></span> 
     </span>
    </p>
   </div>
   <div class='ocr_carea' id='block_1_74' title="bbox 532 5480 2089 5555">
    <p class='ocr_par' dir='ltr' id='par_1_74' title="bbox 532 5480 2089 5555">
     <span class='ocr_line' id='line_1_74' title="bbox 532 5480 2089 5555; baseline 0.004 -21"><span class='ocrx_word' id='word_1_520' title='bbox 532 5484 636 5535; x_wconf 86' lang='lat' dir='ltr'><strong>ulla</strong></span> <span class='ocrx_word' id='word_1_521' title='bbox 664 5482 773 5549; x_wconf 90' lang='lat' dir='ltr'><strong>jam</strong></span> <span class='ocrx_word' id='word_1_522' title='bbox 798 5480 1053 5533; x_wconf 85' lang='lat' dir='ltr'><strong>dilatione</strong></span> <span class='ocrx_word' id='word_1_523' title='bbox 1079 5481 1298 5545; x_wconf 87' lang='lat' dir='ltr'><strong>levetur,</strong></span> <span class='ocrx_word' id='word_1_524' title='bbox 1326 5483 1406 5535; x_wconf 88' lang='lat' dir='ltr'><strong>sin</strong></span> <span class='ocrx_word' id='word_1_525' title='bbox 1433 5498 1560 5535; x_wconf 86' lang='lat' dir='ltr'><strong>vero</strong></span> <span class='ocrx_word' id='word_1_526' title='bbox 1592 5485 1721 5537; x_wconf 86' lang='lat' dir='ltr'><strong>alias</strong></span> <span class='ocrx_word' id='word_1_527' title='bbox 1740 5526 1753 5549; x_wconf 91' lang='lat'><strong>,</strong></span> <span class='ocrx_word' id='word_1_528' title='bbox 1782 5488 1942 5539; x_wconf 81' lang='lat' dir='ltr'><strong>modo</strong></span> <span class='ocrx_word' id='word_1_529' title='bbox 1968 5503 2089 5555; x_wconf 84' lang='lat' dir='ltr'><strong>pro-</strong></span> 
     </span>
    </p>
   </div>
   <div class='ocr_carea' id='block_1_75' title="bbox 533 5574 2087 5633">
    <p class='ocr_par' dir='ltr' id='par_1_75' title="bbox 533 5574 2087 5633">
     <span class='ocr_line' id='line_1_75' title="bbox 533 5574 2087 5633; baseline 0.001 -4"><span class='ocrx_word' id='word_1_530' title='bbox 533 5576 791 5629; x_wconf 86' lang='lat' dir='ltr'><strong>babimus.</strong></span> <span class='ocrx_word' id='word_1_531' title='bbox 842 5574 967 5626; x_wconf 83' lang='lat' dir='ltr'><strong>Post</strong></span> <span class='ocrx_word' id='word_1_532' title='bbox 998 5574 1106 5625; x_wconf 71' lang='lat' dir='ltr'><strong>haec</strong></span> <span class='ocrx_word' id='word_1_533' title='bbox 1135 5577 1290 5627; x_wconf 86' lang='lat' dir='ltr'><strong>verba</strong></span> <span class='ocrx_word' id='word_1_534' title='bbox 1322 5590 1440 5627; x_wconf 89' lang='lat' dir='ltr'><strong>cum</strong></span> <span class='ocrx_word' id='word_1_535' title='bbox 1480 5577 1828 5630; x_wconf 89' lang='lat' dir='ltr'><strong>accessissent</strong></span> <span class='ocrx_word' id='word_1_536' title='bbox 1858 5578 1919 5629; x_wconf 90' lang='lat' dir='ltr'><strong>ad</strong></span> <span class='ocrx_word' id='word_1_537' title='bbox 1951 5581 2087 5633; x_wconf 83' lang='lat' dir='ltr'><strong>lere-</strong></span> 
     </span>
    </p>
   </div>
   <div class='ocr_carea' id='block_1_76' title="bbox 538 5666 2087 5733">
    <p class='ocr_par' dir='ltr' id='par_1_76' title="bbox 538 5666 2087 5733">
     <span class='ocr_line' id='line_1_76' title="bbox 538 5666 2087 5733; baseline 0.005 -19"><span class='ocrx_word' id='word_1_538' title='bbox 538 5674 705 5727; x_wconf 77' lang='lat' dir='ltr'><strong>trum,</strong></span> <span class='ocrx_word' id='word_1_539' title='bbox 746 5674 801 5719; x_wconf 90' lang='lat' dir='ltr'><strong>et</strong></span> <span class='ocrx_word' id='word_1_540' title='bbox 832 5674 1096 5719; x_wconf 88' lang='lat' dir='ltr'><strong>tentarent</strong></span> <span class='ocrx_word' id='word_1_541' title='bbox 1129 5678 1247 5716; x_wconf 91' lang='lat' dir='ltr'><strong>eum</strong></span> <span class='ocrx_word' id='word_1_542' title='bbox 1278 5666 1488 5729; x_wconf 81' lang='lat' dir='ltr'><strong>lavare,</strong></span> <span class='ocrx_word' id='word_1_543' title='bbox 1534 5674 1682 5718; x_wconf 89' lang='lat' dir='ltr'><strong>tanto</strong></span> <span class='ocrx_word' id='word_1_544' title='bbox 1718 5668 1952 5733; x_wconf 88' lang='lat' dir='ltr'><strong>pondere</strong></span> <span class='ocrx_word' id='word_1_545' title='bbox 1995 5667 2087 5722; x_wconf 90' lang='lat' dir='ltr'><strong>de-</strong></span> 
     </span>
    </p>
   </div>
   <div class='ocr_carea' id='block_1_77' title="bbox 2115 4536 2168 4597">
    <p class='ocr_par' dir='ltr' id='par_1_77' title="bbox 2115 4536 2168 4597">
     <span class='ocr_line' id='line_1_77' title="bbox 2115 4536 2168 4597; baseline 0 0"><span class='ocrx_word' id='word_1_546' title='bbox 2115 4536 2168 4597; x_wconf 89' lang='lat' dir='ltr'><strong>D</strong></span> 
     </span>
    </p>
   </div>
   <div class='ocr_carea' id='block_1_78' title="bbox 2212 1930 3758 2027">
    <p class='ocr_par' dir='ltr' id='par_1_78' title="bbox 2212 1930 3758 2027">
     <span class='ocr_line' id='line_1_78' title="bbox 2212 1930 3758 2027; baseline 0.01 -28"><span class='ocrx_word' id='word_1_547' title='bbox 2212 1933 2547 2016; x_wconf 55' lang='lat' dir='ltr'><strong>levatumque</strong></span> <span class='ocrx_word' id='word_1_548' title='bbox 2576 1958 2685 2014; x_wconf 85' lang='lat' dir='ltr'><strong>est,</strong></span> <span class='ocrx_word' id='word_1_549' title='bbox 2728 1962 2783 2005; x_wconf 92' lang='lat' dir='ltr'><strong>ut</strong></span> <span class='ocrx_word' id='word_1_550' title='bbox 2814 1952 2965 2007; x_wconf 87' lang='lat' dir='ltr'><strong>facile</strong></span> <span class='ocrx_word' id='word_1_551' title='bbox 2989 1954 3099 2023; x_wconf 89' lang='lat' dir='ltr'><strong>jam</strong></span> <span class='ocrx_word' id='word_1_552' title='bbox 3139 1970 3170 2009; x_wconf 90' lang='lat' dir='ltr'><strong>a</strong></span> <span class='ocrx_word' id='word_1_553' title='bbox 3214 1930 3422 2011; x_wconf 64' lang='lat' dir='ltr'><strong>duobus</strong></span> <span class='ocrx_word' id='word_1_554' title='bbox 3448 1930 3758 2027; x_wconf 73' lang='lat' dir='ltr'><strong>portaretur.</strong></span> 
     </span>
    </p>
   </div>
   <div class='ocr_carea' id='block_1_79' title="bbox 2210 2040 3761 2118">
    <p class='ocr_par' dir='ltr' id='par_1_79' title="bbox 2210 2040 3761 2118">
     <span class='ocr_line' id='line_1_79' title="bbox 2210 2040 3761 2118; baseline 0.01 -29"><span class='ocrx_word' id='word_1_555' title='bbox 2210 2040 2301 2105; x_wconf 91' lang='lat' dir='ltr'><strong>qui</strong></span> <span class='ocrx_word' id='word_1_556' title='bbox 2343 2049 2467 2092; x_wconf 80' lang='lat' dir='ltr'><strong>ante</strong></span> <span class='ocrx_word' id='word_1_557' title='bbox 2508 2041 2695 2094; x_wconf 86' lang='lat' dir='ltr'><strong>horam</strong></span> <span class='ocrx_word' id='word_1_558' title='bbox 2738 2058 2836 2097; x_wconf 92' lang='lat' dir='ltr'><strong>nec</strong></span> <span class='ocrx_word' id='word_1_559' title='bbox 2878 2059 2907 2096; x_wconf 87' lang='lat' dir='ltr'><strong>a</strong></span> <span class='ocrx_word' id='word_1_560' title='bbox 2956 2044 3192 2113; x_wconf 86' lang='lat' dir='ltr'><strong>pluribus</strong></span> <span class='ocrx_word' id='word_1_561' title='bbox 3238 2049 3555 2102; x_wconf 87' lang='lat' dir='ltr'><strong>movebatur</strong></span> <span class='ocrx_word' id='word_1_562' title='bbox 3588 2068 3599 2101; x_wconf 74' lang='grc' dir='ltr'>ε</span> <span class='ocrx_word' id='word_1_563' title='bbox 3630 2052 3761 2118; x_wconf 83' lang='lat' dir='ltr'><strong>quod</strong></span> 
     </span>
    </p>
   </div>
   <div class='ocr_carea' id='block_1_80' title="bbox 2208 2130 3760 2205">
    <p class='ocr_par' dir='ltr' id='par_1_80' title="bbox 2208 2130 3760 2205">
     <span class='ocr_line' id='line_1_80' title="bbox 2208 2130 3760 2205; baseline 0.007 -25"><span class='ocrx_word' id='word_1_564' title='bbox 2208 2130 2519 2183; x_wconf 88' lang='lat' dir='ltr'><strong>miraculum</strong></span> <span class='ocrx_word' id='word_1_565' title='bbox 2576 2131 2719 2185; x_wconf 88' lang='lat' dir='ltr'><strong>cives</strong></span> <span class='ocrx_word' id='word_1_566' title='bbox 2766 2148 2886 2186; x_wconf 92' lang='lat' dir='ltr'><strong>cum</strong></span> <span class='ocrx_word' id='word_1_567' title='bbox 2936 2135 3119 2201; x_wconf 87' lang='lat' dir='ltr'><strong>regina</strong></span> <span class='ocrx_word' id='word_1_568' title='bbox 3170 2146 3496 2202; x_wconf 86' lang='lat' dir='ltr'><strong>cernentes,</strong></span> <span class='ocrx_word' id='word_1_569' title='bbox 3550 2140 3760 2205; x_wconf 83' lang='lat' dir='ltr'><strong>gloriam</strong></span> 
     </span>
    </p>
   </div>
   <div class='ocr_carea' id='block_1_81' title="bbox 2210 2218 3755 2295">
    <p class='ocr_par' dir='ltr' id='par_1_81' title="bbox 2210 2218 3755 2295">
     <span class='ocr_line' id='line_1_81' title="bbox 2210 2218 3755 2295; baseline 0.006 -23"><span class='ocrx_word' id='word_1_570' title='bbox 2210 2218 2415 2273; x_wconf 89' lang='lat' dir='ltr'><strong>Domini</strong></span> <span class='ocrx_word' id='word_1_571' title='bbox 2443 2222 2864 2287; x_wconf 82' lang='lat' dir='ltr'><strong>magnilicabant,</strong></span> <span class='ocrx_word' id='word_1_572' title='bbox 2896 2224 3134 2281; x_wconf 87' lang='lat' dir='ltr'><strong>dicentes</strong></span> <span class='ocrx_word' id='word_1_573' title='bbox 3166 2244 3177 2279; x_wconf 94' lang='lat'><strong>:</strong></span> <span class='ocrx_word' id='word_1_574' title='bbox 3211 2228 3395 2295; x_wconf 79' lang='lat' dir='ltr'><strong>Magna</strong></span> <span class='ocrx_word' id='word_1_575' title='bbox 3421 2236 3477 2281; x_wconf 88' lang='lat' dir='ltr'><strong>et</strong></span> <span class='ocrx_word' id='word_1_576' title='bbox 3505 2230 3755 2282; x_wconf 87' lang='lat' dir='ltr'><strong>mirabilia</strong></span> 
     </span>
    </p>
   </div>
   <div class='ocr_carea' id='block_1_82' title="bbox 2208 2314 3763 2381">
    <p class='ocr_par' dir='ltr' id='par_1_82' title="bbox 2208 2314 3763 2381">
     <span class='ocr_line' id='line_1_82' title="bbox 2208 2314 3763 2381; baseline 0.008 -19"><span class='ocrx_word' id='word_1_577' title='bbox 2208 2326 2367 2379; x_wconf 88' lang='lat' dir='ltr'><strong>opera</strong></span> <span class='ocrx_word' id='word_1_578' title='bbox 2400 2324 2507 2376; x_wconf 89' lang='lat' dir='ltr'><strong>tua,</strong></span> <span class='ocrx_word' id='word_1_579' title='bbox 2541 2314 2763 2369; x_wconf 83' lang='lat' dir='ltr'><strong>Domine</strong></span> <span class='ocrx_word' id='word_1_580' title='bbox 2792 2315 3064 2370; x_wconf 86' lang='lat' dir='ltr'><strong>virtutum.</strong></span> <span class='ocrx_word' id='word_1_581' title='bbox 3111 2318 3194 2381; x_wconf 85' lang='lat' dir='ltr'><strong>Et,</strong></span> <span class='ocrx_word' id='word_1_582' title='bbox 3246 2318 3501 2374; x_wconf 82' lang='lat' dir='ltr'><strong>Mirabilis</strong></span> <span class='ocrx_word' id='word_1_583' title='bbox 3530 2335 3589 2373; x_wconf 89' lang='lat' dir='ltr'><strong>es</strong></span> <span class='ocrx_word' id='word_1_584' title='bbox 3630 2319 3763 2375; x_wconf 87' lang='lat' dir='ltr'><strong>Deus</strong></span> 
     </span>
    </p>
   </div>
   <div class='ocr_carea' id='block_1_83' title="bbox 2208 2399 2644 2455">
    <p class='ocr_par' dir='ltr' id='par_1_83' title="bbox 2208 2399 2644 2455">
     <span class='ocr_line' id='line_1_83' title="bbox 2208 2399 2644 2455; baseline 0.007 -3"><span class='ocrx_word' id='word_1_585' title='bbox 2208 2399 2262 2452; x_wconf 87' lang='lat' dir='ltr'><strong>in</strong></span> <span class='ocrx_word' id='word_1_586' title='bbox 2292 2402 2488 2454; x_wconf 86' lang='lat' dir='ltr'><strong>sanctis</strong></span> <span class='ocrx_word' id='word_1_587' title='bbox 2519 2401 2644 2455; x_wconf 91' lang='lat' dir='ltr'><strong>tuis.</strong></span> 
     </span>
    </p>
   </div>
   <div class='ocr_carea' id='block_1_84' title="bbox 2744 2472 3262 2528">
    <p class='ocr_par' dir='ltr' id='par_1_84' title="bbox 2744 2472 3262 2528">
     <span class='ocr_line' id='line_1_84' title="bbox 2744 2472 3262 2528; baseline 0.004 -3"><span class='ocrx_word' id='word_1_588' title='bbox 2744 2472 2965 2528; x_wconf 82' lang='lat' dir='ltr'><strong>CAPUT</strong></span> <span class='ocrx_word' id='word_1_589' title='bbox 3004 2474 3262 2528; x_wconf 76' lang='lat' dir='ltr'><strong>XXXVII.</strong></span> 
     </span>
    </p>
   </div>
   <div class='ocr_carea' id='block_1_85' title="bbox 2410 2563 3581 2635">
    <p class='ocr_par' dir='ltr' id='par_1_85' title="bbox 2410 2563 3581 2635">
     <span class='ocr_line' id='line_1_85' title="bbox 2410 2563 3581 2635; baseline 0.007 -20"><span class='ocrx_word' id='word_1_590' title='bbox 2410 2563 2605 2633; x_wconf 79' lang='lat' dir='ltr'><strong>Pompa</strong></span> <span class='ocrx_word' id='word_1_591' title='bbox 2634 2566 2829 2635; x_wconf 78' lang='lat' dir='ltr'><strong>funeris</strong></span> <span class='ocrx_word' id='word_1_592' title='bbox 2858 2568 2986 2635; x_wconf 84' lang='lat' dir='ltr'><strong>ejus,</strong></span> <span class='ocrx_word' id='word_1_593' title='bbox 3013 2576 3061 2619; x_wconf 86' lang='lat' dir='ltr'><strong>et</strong></span> <span class='ocrx_word' id='word_1_594' title='bbox 3087 2566 3200 2620; x_wconf 81' lang='lat' dir='ltr'><strong>laus</strong></span> <span class='ocrx_word' id='word_1_595' title='bbox 3228 2566 3581 2623; x_wconf 73' lang='lat' dir='ltr'><strong>beatitudinis.</strong></span> 
     </span>
    </p>
   </div>
   <div class='ocr_carea' id='block_1_86' title="bbox 2276 2674 3762 2751">
    <p class='ocr_par' dir='ltr' id='par_1_86' title="bbox 2276 2674 3762 2751">
     <span class='ocr_line' id='line_1_86' title="bbox 2276 2674 3762 2751; baseline 0.006 -24"><span class='ocrx_word' id='word_1_596' title='bbox 2276 2674 2477 2729; x_wconf 88' lang='lat' dir='ltr'><strong>Deinde</strong></span> <span class='ocrx_word' id='word_1_597' title='bbox 2504 2675 2612 2744; x_wconf 91' lang='lat' dir='ltr'><strong>jam</strong></span> <span class='ocrx_word' id='word_1_598' title='bbox 2644 2691 2764 2731; x_wconf 88' lang='lat' dir='ltr'><strong>cum</strong></span> <span class='ocrx_word' id='word_1_599' title='bbox 2793 2676 3092 2733; x_wconf 86' lang='lat' dir='ltr'><strong>deferretur</strong></span> <span class='ocrx_word' id='word_1_600' title='bbox 3116 2693 3310 2749; x_wconf 89' lang='lat' dir='ltr'><strong>corpus</strong></span> <span class='ocrx_word' id='word_1_601' title='bbox 3350 2681 3418 2734; x_wconf 88' lang='lat' dir='ltr'><strong>ad</strong></span> <span class='ocrx_word' id='word_1_602' title='bbox 3443 2680 3762 2751; x_wconf 85' lang='lat' dir='ltr'><strong>sepulcrum,</strong></span> 
     </span>
    </p>
   </div>
   <div class='ocr_carea' id='block_1_87' title="bbox 2206 2768 3759 2838">
    <p class='ocr_par' dir='ltr' id='par_1_87' title="bbox 2206 2768 3759 2838">
     <span class='ocr_line' id='line_1_87' title="bbox 2206 2768 3759 2838; baseline 0.005 -19"><span class='ocrx_word' id='word_1_603' title='bbox 2206 2774 2317 2819; x_wconf 91' lang='lat' dir='ltr'><strong>tota</strong></span> <span class='ocrx_word' id='word_1_604' title='bbox 2344 2781 2479 2834; x_wconf 87' lang='lat' dir='ltr'><strong>pene</strong></span> <span class='ocrx_word' id='word_1_605' title='bbox 2508 2768 2695 2821; x_wconf 82' lang='lat' dir='ltr'><strong>civitas</strong></span> <span class='ocrx_word' id='word_1_606' title='bbox 2716 2769 2821 2822; x_wconf 90' lang='lat' dir='ltr'><strong>ruit</strong></span> <span class='ocrx_word' id='word_1_607' title='bbox 2840 2768 2893 2823; x_wconf 90' lang='lat' dir='ltr'><strong>in</strong></span> <span class='ocrx_word' id='word_1_608' title='bbox 2918 2769 3176 2838; x_wconf 88' lang='lat' dir='ltr'><strong>obsequio</strong></span> <span class='ocrx_word' id='word_1_609' title='bbox 3204 2770 3405 2825; x_wconf 88' lang='lat' dir='ltr'><strong>funeris</strong></span> <span class='ocrx_word' id='word_1_610' title='bbox 3432 2787 3553 2826; x_wconf 88' lang='lat' dir='ltr'><strong>cum</strong></span> <span class='ocrx_word' id='word_1_611' title='bbox 3584 2772 3759 2835; x_wconf 86' lang='lat' dir='ltr'><strong>luctu;</strong></span> 
     </span>
    </p>
   </div>
   <div class='ocr_carea' id='block_1_88' title="bbox 2205 2860 3763 2932">
    <p class='ocr_par' dir='ltr' id='par_1_88' title="bbox 2205 2860 3763 2932">
     <span class='ocr_line' id='line_1_88' title="bbox 2205 2860 3763 2932; baseline 0.004 -21"><span class='ocrx_word' id='word_1_612' title='bbox 2205 2872 2327 2911; x_wconf 91' lang='lat' dir='ltr'><strong>nam</strong></span> <span class='ocrx_word' id='word_1_613' title='bbox 2370 2871 2423 2911; x_wconf 90' lang='lat' dir='ltr'><strong>et</strong></span> <span class='ocrx_word' id='word_1_614' title='bbox 2470 2860 2649 2927; x_wconf 77' lang='lat' dir='ltr'><strong>regina</strong></span> <span class='ocrx_word' id='word_1_615' title='bbox 2690 2861 2903 2925; x_wconf 86' lang='lat' dir='ltr'><strong>devota,</strong></span> <span class='ocrx_word' id='word_1_616' title='bbox 2936 2876 3055 2916; x_wconf 92' lang='lat' dir='ltr'><strong>cum</strong></span> <span class='ocrx_word' id='word_1_617' title='bbox 3108 2871 3250 2917; x_wconf 84' lang='lat' dir='ltr'><strong>esset</strong></span> <span class='ocrx_word' id='word_1_618' title='bbox 3296 2862 3488 2917; x_wconf 88' lang='lat' dir='ltr'><strong>hiemis</strong></span> <span class='ocrx_word' id='word_1_619' title='bbox 3532 2872 3763 2932; x_wconf 89' lang='lat' dir='ltr'><strong>tempore</strong></span> 
     </span>
    </p>
   </div>
   <div class='ocr_carea' id='block_1_89' title="bbox 2206 2949 3761 3019">
    <p class='ocr_par' dir='ltr' id='par_1_89' title="bbox 2206 2949 3761 3019">
     <span class='ocr_line' id='line_1_89' title="bbox 2206 2949 3761 3019; baseline 0.004 -19"><span class='ocrx_word' id='word_1_620' title='bbox 2206 2949 2361 3014; x_wconf 88' lang='lat' dir='ltr'><strong>palus</strong></span> <span class='ocrx_word' id='word_1_621' title='bbox 2392 2949 2668 3014; x_wconf 90' lang='lat' dir='ltr'><strong>immensa,</strong></span> <span class='ocrx_word' id='word_1_622' title='bbox 2699 2950 3003 3004; x_wconf 80' lang='lat' dir='ltr'><strong>nullatenus</strong></span> <span class='ocrx_word' id='word_1_623' title='bbox 3030 2952 3241 3004; x_wconf 88' lang='lat' dir='ltr'><strong>suaderi</strong></span> <span class='ocrx_word' id='word_1_624' title='bbox 3273 2954 3486 3019; x_wconf 89' lang='lat' dir='ltr'><strong>potuit,</strong></span> <span class='ocrx_word' id='word_1_625' title='bbox 3530 2961 3588 3005; x_wconf 88' lang='lat' dir='ltr'><strong>ut</strong></span> <span class='ocrx_word' id='word_1_626' title='bbox 3616 2954 3761 3006; x_wconf 87' lang='lat' dir='ltr'><strong>vehi-</strong></span> 
     </span>
    </p>
   </div>
   <div class='ocr_carea' id='block_1_90' title="bbox 2205 3036 3761 3107">
    <p class='ocr_par' dir='ltr' id='par_1_90' title="bbox 2205 3036 3761 3107">
     <span class='ocr_line' id='line_1_90' title="bbox 2205 3036 3761 3107; baseline 0.004 -18"><span class='ocrx_word' id='word_1_627' title='bbox 2205 3036 2325 3090; x_wconf 92' lang='lat' dir='ltr'><strong>culo</strong></span> <span class='ocrx_word' id='word_1_628' title='bbox 2355 3046 2597 3092; x_wconf 89' lang='lat' dir='ltr'><strong>uteretur</strong></span> <span class='ocrx_word' id='word_1_629' title='bbox 2622 3040 2751 3106; x_wconf 84' lang='lat' dir='ltr'><strong>equi</strong></span> <span class='ocrx_word' id='word_1_630' title='bbox 2769 3076 2784 3099; x_wconf 86' lang='lat'><strong>,</strong></span> <span class='ocrx_word' id='word_1_631' title='bbox 2824 3039 2918 3094; x_wconf 89' lang='lat' dir='ltr'><strong>sed</strong></span> <span class='ocrx_word' id='word_1_632' title='bbox 2946 3040 3181 3107; x_wconf 87' lang='lat' dir='ltr'><strong>pedestri</strong></span> <span class='ocrx_word' id='word_1_633' title='bbox 3210 3048 3265 3093; x_wconf 88' lang='lat' dir='ltr'><strong>et</strong></span> <span class='ocrx_word' id='word_1_634' title='bbox 3292 3042 3443 3107; x_wconf 85' lang='lat' dir='ltr'><strong>gravi</strong></span> <span class='ocrx_word' id='word_1_635' title='bbox 3470 3041 3656 3095; x_wconf 84' lang='lat' dir='ltr'><strong>labore</strong></span> <span class='ocrx_word' id='word_1_636' title='bbox 3680 3056 3761 3096; x_wconf 86' lang='lat' dir='ltr'><strong>se-</strong></span> 
     </span>
    </p>
   </div>
   <div class='ocr_carea' id='block_1_91' title="bbox 2205 3128 3759 3197">
    <p class='ocr_par' dir='ltr' id='par_1_91' title="bbox 2205 3128 3759 3197">
     <span class='ocr_line' id='line_1_91' title="bbox 2205 3128 3759 3197; baseline 0.001 -15"><span class='ocrx_word' id='word_1_637' title='bbox 2205 3143 2374 3196; x_wconf 87' lang='lat' dir='ltr'><strong>quens</strong></span> <span class='ocrx_word' id='word_1_638' title='bbox 2415 3128 2668 3182; x_wconf 89' lang='lat' dir='ltr'><strong>feretrum</strong></span> <span class='ocrx_word' id='word_1_639' title='bbox 2698 3143 2793 3196; x_wconf 88' lang='lat' dir='ltr'><strong>per</strong></span> <span class='ocrx_word' id='word_1_640' title='bbox 2821 3130 3065 3197; x_wconf 88' lang='lat' dir='ltr'><strong>paludem</strong></span> <span class='ocrx_word' id='word_1_641' title='bbox 3098 3129 3329 3184; x_wconf 89' lang='lat' dir='ltr'><strong>lamenta</strong></span> <span class='ocrx_word' id='word_1_642' title='bbox 3361 3132 3616 3185; x_wconf 87' lang='lat' dir='ltr'><strong>continua</strong></span> <span class='ocrx_word' id='word_1_643' title='bbox 3646 3146 3759 3184; x_wconf 78' lang='lat' dir='ltr'><strong>cum</strong></span> 
     </span>
    </p>
   </div>
   <div class='ocr_carea' id='block_1_92' title="bbox 2204 3216 3761 3287">
    <p class='ocr_par' dir='ltr' id='par_1_92' title="bbox 2204 3216 3761 3287">
     <span class='ocr_line' id='line_1_92' title="bbox 2204 3216 3761 3287; baseline 0 -14"><span class='ocrx_word' id='word_1_644' title='bbox 2204 3220 2348 3273; x_wconf 86' lang='lat' dir='ltr'><strong>omni</strong></span> <span class='ocrx_word' id='word_1_645' title='bbox 2398 3219 2635 3274; x_wconf 74' lang='lat' dir='ltr'><strong>sociabat</strong></span> <span class='ocrx_word' id='word_1_646' title='bbox 2680 3217 2897 3272; x_wconf 76' lang='lat' dir='ltr'><strong>familia.</strong></span> <span class='ocrx_word' id='word_1_647' title='bbox 2946 3216 2990 3271; x_wconf 91' lang='grc' dir='ltr'><strong>Ο</strong></span> <span class='ocrx_word' id='word_1_648' title='bbox 3032 3228 3263 3287; x_wconf 88' lang='lat' dir='ltr'><strong>quantus</strong></span> <span class='ocrx_word' id='word_1_649' title='bbox 3301 3220 3475 3275; x_wconf 90' lang='lat' dir='ltr'><strong>luctus</strong></span> <span class='ocrx_word' id='word_1_650' title='bbox 3505 3221 3761 3287; x_wconf 90' lang='lat' dir='ltr'><strong>omnium,</strong></span> 
     </span>
    </p>
   </div>
   <div class='ocr_carea' id='block_1_93' title="bbox 2202 3310 3762 3381">
    <p class='ocr_par' dir='ltr' id='par_1_93' title="bbox 2202 3310 3762 3381">
     <span class='ocr_line' id='line_1_93' title="bbox 2202 3310 3762 3381; baseline 0.003 -20"><span class='ocrx_word' id='word_1_651' title='bbox 2202 3318 2430 3377; x_wconf 88' lang='lat' dir='ltr'><strong>quantus</strong></span> <span class='ocrx_word' id='word_1_652' title='bbox 2457 3310 2720 3379; x_wconf 66' lang='lat' dir='ltr'><strong>praecipue</strong></span> <span class='ocrx_word' id='word_1_653' title='bbox 2748 3312 3131 3364; x_wconf 87' lang='lat' dir='ltr'><strong>monachorum</strong></span> <span class='ocrx_word' id='word_1_654' title='bbox 3172 3312 3329 3366; x_wconf 84' lang='lat' dir='ltr'><strong>ﬂetus</strong></span> <span class='ocrx_word' id='word_1_655' title='bbox 3364 3320 3420 3365; x_wconf 88' lang='lat' dir='ltr'><strong>et</strong></span> <span class='ocrx_word' id='word_1_656' title='bbox 3447 3327 3762 3381; x_wconf 86' lang='lat' dir='ltr'><strong>pauperum,</strong></span> 
     </span>
    </p>
   </div>
   <div class='ocr_carea' id='block_1_94' title="bbox 2200 3399 3763 3472">
    <p class='ocr_par' dir='ltr' id='par_1_94' title="bbox 2200 3399 3763 3472">
     <span class='ocr_line' id='line_1_94' title="bbox 2200 3399 3763 3472; baseline 0.004 -21"><span class='ocrx_word' id='word_1_657' title='bbox 2200 3399 2292 3466; x_wconf 87' lang='lat' dir='ltr'><strong>qui</strong></span> <span class='ocrx_word' id='word_1_658' title='bbox 2319 3415 2384 3452; x_wconf 85' lang='lat' dir='ltr'><strong>eo</strong></span> <span class='ocrx_word' id='word_1_659' title='bbox 2410 3401 2494 3452; x_wconf 92' lang='lat' dir='ltr'><strong>die</strong></span> <span class='ocrx_word' id='word_1_660' title='bbox 2524 3400 2593 3452; x_wconf 90' lang='lat' dir='ltr'><strong>ibi</strong></span> <span class='ocrx_word' id='word_1_661' title='bbox 2620 3399 2983 3452; x_wconf 72' lang='lat' dir='ltr'><strong>conﬂuxerant</strong></span> <span class='ocrx_word' id='word_1_662' title='bbox 3009 3440 3023 3462; x_wconf 94' lang='lat'><strong>,</strong></span> <span class='ocrx_word' id='word_1_663' title='bbox 3071 3415 3167 3467; x_wconf 89' lang='lat' dir='ltr'><strong>per</strong></span> <span class='ocrx_word' id='word_1_664' title='bbox 3194 3402 3394 3467; x_wconf 89' lang='lat' dir='ltr'><strong>plateas</strong></span> <span class='ocrx_word' id='word_1_665' title='bbox 3423 3417 3617 3457; x_wconf 86' lang='lat' dir='ltr'><strong>omnes</strong></span> <span class='ocrx_word' id='word_1_666' title='bbox 3646 3418 3763 3472; x_wconf 84' lang='lat' dir='ltr'><strong>per-</strong></span> 
     </span>
    </p>
   </div>
   <div class='ocr_carea' id='block_1_95' title="bbox 2200 3488 3763 3561">
    <p class='ocr_par' dir='ltr' id='par_1_95' title="bbox 2200 3488 3763 3561">
     <span class='ocr_line' id='line_1_95' title="bbox 2200 3488 3763 3561; baseline 0.002 -19"><span class='ocrx_word' id='word_1_667' title='bbox 2200 3490 2535 3556; x_wconf 82' lang='lat' dir='ltr'><strong>s.repebant!</strong></span> <span class='ocrx_word' id='word_1_668' title='bbox 2590 3488 2749 3541; x_wconf 88' lang='lat' dir='ltr'><strong>Cbori</strong></span> <span class='ocrx_word' id='word_1_669' title='bbox 2777 3488 3039 3555; x_wconf 89' lang='lat' dir='ltr'><strong>siquidem</strong></span> <span class='ocrx_word' id='word_1_670' title='bbox 3071 3489 3405 3555; x_wconf 87' lang='lat' dir='ltr'><strong>psallentium</strong></span> <span class='ocrx_word' id='word_1_671' title='bbox 3438 3490 3763 3561; x_wconf 85' lang='lat' dir='ltr'><strong>lacrymosas</strong></span> 
     </span>
    </p>
   </div>
   <div class='ocr_carea' id='block_1_96' title="bbox 2199 3580 3759 3652">
    <p class='ocr_par' dir='ltr' id='par_1_96' title="bbox 2199 3580 3759 3652">
     <span class='ocr_line' id='line_1_96' title="bbox 2199 3580 3759 3652; baseline 0.002 -19"><span class='ocrx_word' id='word_1_672' title='bbox 2199 3580 2490 3634; x_wconf 87' lang='lat' dir='ltr'><strong>reddebant</strong></span> <span class='ocrx_word' id='word_1_673' title='bbox 2536 3594 2693 3634; x_wconf 84' lang='lat' dir='ltr'><strong>voces</strong></span> <span class='ocrx_word' id='word_1_674' title='bbox 2718 3621 2731 3645; x_wconf 94' lang='lat'><strong>,</strong></span> <span class='ocrx_word' id='word_1_675' title='bbox 2778 3590 2967 3634; x_wconf 88' lang='lat' dir='ltr'><strong>cantus</strong></span> <span class='ocrx_word' id='word_1_676' title='bbox 2997 3588 3052 3633; x_wconf 91' lang='lat' dir='ltr'><strong>et</strong></span> <span class='ocrx_word' id='word_1_677' title='bbox 3080 3582 3292 3648; x_wconf 88' lang='lat' dir='ltr'><strong>agmina</strong></span> <span class='ocrx_word' id='word_1_678' title='bbox 3323 3581 3563 3635; x_wconf 83' lang='lat' dir='ltr'><strong>flentium</strong></span> <span class='ocrx_word' id='word_1_679' title='bbox 3610 3583 3759 3652; x_wconf 88' lang='lat' dir='ltr'><strong>Iugu-</strong></span> 
     </span>
    </p>
   </div>
   <div class='ocr_carea' id='block_1_97' title="bbox 2198 3669 3759 3740">
    <p class='ocr_par' dir='ltr' id='par_1_97' title="bbox 2198 3669 3759 3740">
     <span class='ocr_line' id='line_1_97' title="bbox 2198 3669 3759 3740; baseline 0.002 -17"><span class='ocrx_word' id='word_1_680' title='bbox 2198 3671 2319 3724; x_wconf 88' lang='lat' dir='ltr'><strong>bres</strong></span> <span class='ocrx_word' id='word_1_681' title='bbox 2349 3672 2642 3724; x_wconf 86' lang='lat' dir='ltr'><strong>reboabant</strong></span> <span class='ocrx_word' id='word_1_682' title='bbox 2683 3672 2733 3723; x_wconf 90' lang='lat' dir='ltr'><strong>in</strong></span> <span class='ocrx_word' id='word_1_683' title='bbox 2773 3685 2899 3723; x_wconf 91' lang='lat' dir='ltr'><strong>aere</strong></span> <span class='ocrx_word' id='word_1_684' title='bbox 2926 3669 3112 3732; x_wconf 84' lang='lat' dir='ltr'><strong>fletus;</strong></span> <span class='ocrx_word' id='word_1_685' title='bbox 3164 3686 3376 3724; x_wconf 75' lang='lat' dir='ltr'><strong>clunem</strong></span> <span class='ocrx_word' id='word_1_686' title='bbox 3416 3671 3649 3740; x_wconf 83' lang='lat' dir='ltr'><strong>pupulus</strong></span> <span class='ocrx_word' id='word_1_687' title='bbox 3675 3689 3759 3726; x_wconf 85' lang='lat' dir='ltr'><strong>ur-</strong></span> 
     </span>
    </p>
   </div>
   <div class='ocr_carea' id='block_1_98' title="bbox 2197 3760 3761 3833">
    <p class='ocr_par' dir='ltr' id='par_1_98' title="bbox 2197 3760 3761 3833">
     <span class='ocr_line' id='line_1_98' title="bbox 2197 3760 3761 3833; baseline 0.001 -20"><span class='ocrx_word' id='word_1_688' title='bbox 2197 3760 2316 3813; x_wconf 87' lang='lat' dir='ltr'><strong>hem</strong></span> <span class='ocrx_word' id='word_1_689' title='bbox 2345 3761 2617 3829; x_wconf 87' lang='lat' dir='ltr'><strong>quatiebat</strong></span> <span class='ocrx_word' id='word_1_690' title='bbox 2644 3761 2946 3827; x_wconf 87' lang='lat' dir='ltr'><strong>gemitibus,</strong></span> <span class='ocrx_word' id='word_1_691' title='bbox 2988 3760 3298 3828; x_wconf 88' lang='lat' dir='ltr'><strong>celsumque</strong></span> <span class='ocrx_word' id='word_1_692' title='bbox 3321 3761 3533 3815; x_wconf 87' lang='lat' dir='ltr'><strong>culmen</strong></span> <span class='ocrx_word' id='word_1_693' title='bbox 3565 3762 3761 3833; x_wconf 71' lang='lat' dir='ltr'><strong>olympi</strong></span> 
     </span>
    </p>
   </div>
   <div class='ocr_carea' id='block_1_99' title="bbox 2196 3849 3761 3920">
    <p class='ocr_par' dir='ltr' id='par_1_99' title="bbox 2196 3849 3761 3920">
     <span class='ocr_line' id='line_1_99' title="bbox 2196 3849 3761 3920; baseline 0 -17"><span class='ocrx_word' id='word_1_694' title='bbox 2196 3850 2516 3918; x_wconf 88' lang='lat' dir='ltr'><strong>implebatur</strong></span> <span class='ocrx_word' id='word_1_695' title='bbox 2588 3849 2968 3917; x_wconf 89' lang='lat' dir='ltr'><strong>plangoribus,</strong></span> <span class='ocrx_word' id='word_1_696' title='bbox 3034 3858 3290 3903; x_wconf 91' lang='lat' dir='ltr'><strong>accentus</strong></span> <span class='ocrx_word' id='word_1_697' title='bbox 3353 3850 3761 3920; x_wconf 86' lang='lat' dir='ltr'><strong>antiphonarum</strong></span> 
     </span>
    </p>
   </div>
   <div class='ocr_carea' id='block_1_100' title="bbox 2197 3938 3759 4008">
    <p class='ocr_par' dir='ltr' id='par_1_100' title="bbox 2197 3938 3759 4008">
     <span class='ocr_line' id='line_1_100' title="bbox 2197 3938 3759 4008; baseline 0.001 -17"><span class='ocrx_word' id='word_1_698' title='bbox 2197 3938 2552 4006; x_wconf 87' lang='lat' dir='ltr'><strong>concrepabat</strong></span> <span class='ocrx_word' id='word_1_699' title='bbox 2610 3938 2662 3989; x_wconf 92' lang='lat' dir='ltr'><strong>in</strong></span> <span class='ocrx_word' id='word_1_700' title='bbox 2709 3938 2897 3999; x_wconf 88' lang='lat' dir='ltr'><strong>choro,</strong></span> <span class='ocrx_word' id='word_1_701' title='bbox 2948 3946 3003 3990; x_wconf 92' lang='lat' dir='ltr'><strong>et</strong></span> <span class='ocrx_word' id='word_1_702' title='bbox 3050 3938 3221 3991; x_wconf 88' lang='lat' dir='ltr'><strong>luctus</strong></span> <span class='ocrx_word' id='word_1_703' title='bbox 3262 3938 3759 4008; x_wconf 83' lang='lat' dir='ltr'><strong>Noviomagcnsium</strong></span> 
     </span>
    </p>
   </div>
   <div class='ocr_carea' id='block_1_101' title="bbox 2195 4026 3763 4092">
    <p class='ocr_par' dir='ltr' id='par_1_101' title="bbox 2195 4026 3763 4092">
     <span class='ocr_line' id='line_1_101' title="bbox 2195 4026 3763 4092; baseline 0.003 -11"><span class='ocrx_word' id='word_1_704' title='bbox 2195 4029 2481 4082; x_wconf 89' lang='lat' dir='ltr'><strong>resonabat</strong></span> <span class='ocrx_word' id='word_1_705' title='bbox 2534 4028 2586 4081; x_wconf 90' lang='lat' dir='ltr'><strong>in</strong></span> <span class='ocrx_word' id='word_1_706' title='bbox 2637 4028 2797 4092; x_wconf 66' lang='lat' dir='ltr'><strong>caelo,</strong></span> <span class='ocrx_word' id='word_1_707' title='bbox 2846 4026 3091 4082; x_wconf 84' lang='lat' dir='ltr'><strong>funereos</strong></span> <span class='ocrx_word' id='word_1_708' title='bbox 3130 4036 3323 4083; x_wconf 89' lang='lat' dir='ltr'><strong>cantus</strong></span> <span class='ocrx_word' id='word_1_709' title='bbox 3358 4045 3545 4084; x_wconf 68' lang='lat' dir='ltr'><strong>onlnes</strong></span> <span class='ocrx_word' id='word_1_710' title='bbox 3576 4031 3763 4085; x_wconf 88' lang='lat' dir='ltr'><strong>redde-</strong></span> 
     </span>
    </p>
   </div>
   <div class='ocr_carea' id='block_1_102' title="bbox 2194 4108 3763 4189">
    <p class='ocr_par' dir='ltr' id='par_1_102' title="bbox 2194 4108 3763 4189">
     <span class='ocr_line' id='line_1_102' title="bbox 2194 4108 3763 4189; baseline -0.001 -16"><span class='ocrx_word' id='word_1_711' title='bbox 2194 4120 2322 4173; x_wconf 90' lang='lat' dir='ltr'><strong>bant</strong></span> <span class='ocrx_word' id='word_1_712' title='bbox 2372 4118 2631 4181; x_wconf 88' lang='lat' dir='ltr'><strong>tramites,</strong></span> <span class='ocrx_word' id='word_1_713' title='bbox 2677 4118 2906 4171; x_wconf 87' lang='lat' dir='ltr'><strong>ululatus</strong></span> <span class='ocrx_word' id='word_1_714' title='bbox 2952 4118 3097 4172; x_wconf 87' lang='lat' dir='ltr'><strong>dirus</strong></span> <span class='ocrx_word' id='word_1_715' title='bbox 3132 4108 3367 4174; x_wconf 86' lang='lat' dir='ltr'><strong>cunctas</strong></span> <span class='ocrx_word' id='word_1_716' title='bbox 3401 4121 3763 4189; x_wconf 80' lang='lat' dir='ltr'><strong>compleverat</strong></span> 
     </span>
    </p>
   </div>
   <div class='ocr_carea' id='block_1_103' title="bbox 2194 4196 3760 4280">
    <p class='ocr_par' dir='ltr' id='par_1_103' title="bbox 2194 4196 3760 4280">
     <span class='ocr_line' id='line_1_103' title="bbox 2194 4196 3760 4280; baseline -0.001 -14"><span class='ocrx_word' id='word_1_717' title='bbox 2194 4196 2353 4275; x_wconf 81' lang='lat' dir='ltr'><strong>aedes,</strong></span> <span class='ocrx_word' id='word_1_718' title='bbox 2385 4210 2590 4278; x_wconf 87' lang='lat' dir='ltr'><strong>ejulans</strong></span> <span class='ocrx_word' id='word_1_719' title='bbox 2616 4210 2941 4278; x_wconf 87' lang='lat' dir='ltr'><strong>populositas</strong></span> <span class='ocrx_word' id='word_1_720' title='bbox 2963 4212 3137 4265; x_wconf 87' lang='lat' dir='ltr'><strong>omnis</strong></span> <span class='ocrx_word' id='word_1_721' title='bbox 3174 4226 3233 4265; x_wconf 88' lang='lat' dir='ltr'><strong>se</strong></span> <span class='ocrx_word' id='word_1_722' title='bbox 3261 4211 3467 4265; x_wconf 85' lang='lat' dir='ltr'><strong>fuderat</strong></span> <span class='ocrx_word' id='word_1_723' title='bbox 3492 4227 3593 4280; x_wconf 91' lang='lat' dir='ltr'><strong>per</strong></span> <span class='ocrx_word' id='word_1_724' title='bbox 3621 4212 3760 4265; x_wconf 78' lang='lat' dir='ltr'><strong>orbi-</strong></span> 
     </span>
    </p>
   </div>
   <div class='ocr_carea' id='block_1_104' title="bbox 2196 4300 3756 4369">
    <p class='ocr_par' dir='ltr' id='par_1_104' title="bbox 2196 4300 3756 4369">
     <span class='ocr_line' id='line_1_104' title="bbox 2196 4300 3756 4369; baseline -0.001 -13"><span class='ocrx_word' id='word_1_725' title='bbox 2196 4314 2294 4366; x_wconf 88' lang='lat' dir='ltr'><strong>tas,</strong></span> <span class='ocrx_word' id='word_1_726' title='bbox 2344 4300 2710 4369; x_wconf 79' lang='lat' dir='ltr'><strong>flebilibusque</strong></span> <span class='ocrx_word' id='word_1_727' title='bbox 2760 4316 2920 4369; x_wconf 86' lang='lat' dir='ltr'><strong>vagas</strong></span> <span class='ocrx_word' id='word_1_728' title='bbox 2970 4301 3259 4367; x_wconf 89' lang='lat' dir='ltr'><strong>implebant</strong></span> <span class='ocrx_word' id='word_1_729' title='bbox 3313 4300 3533 4356; x_wconf 86' lang='lat' dir='ltr'><strong>vocibus</strong></span> <span class='ocrx_word' id='word_1_730' title='bbox 3580 4317 3756 4356; x_wconf 87' lang='lat' dir='ltr'><strong>auras.</strong></span> 
     </span>
    </p>
   </div>
   <div class='ocr_carea' id='block_1_105' title="bbox 2194 4391 3759 4461">
    <p class='ocr_par' dir='ltr' id='par_1_105' title="bbox 2194 4391 3759 4461">
     <span class='ocr_line' id='line_1_105' title="bbox 2194 4391 3759 4461; baseline -0.001 -14"><span class='ocrx_word' id='word_1_731' title='bbox 2194 4392 2305 4447; x_wconf 83' lang='lat' dir='ltr'><strong>Tali</strong></span> <span class='ocrx_word' id='word_1_732' title='bbox 2335 4406 2525 4461; x_wconf 87' lang='lat' dir='ltr'><strong>pompa</strong></span> <span class='ocrx_word' id='word_1_733' title='bbox 2547 4392 2773 4445; x_wconf 89' lang='lat' dir='ltr'><strong>vallatus</strong></span> <span class='ocrx_word' id='word_1_734' title='bbox 2795 4391 3061 4444; x_wconf 76' lang='lat' dir='ltr'><strong>eminebat</strong></span> <span class='ocrx_word' id='word_1_735' title='bbox 3090 4398 3271 4459; x_wconf 88' lang='lat' dir='ltr'><strong>pastor</strong></span> <span class='ocrx_word' id='word_1_736' title='bbox 3300 4392 3633 4456; x_wconf 78' lang='lat' dir='ltr'><strong>exstinctus;</strong></span> <span class='ocrx_word' id='word_1_737' title='bbox 3669 4393 3759 4445; x_wconf 89' lang='lat' dir='ltr'><strong>tali</strong></span> 
     </span>
    </p>
   </div>
   <div class='ocr_carea' id='block_1_106' title="bbox 2194 4478 3756 4548">
    <p class='ocr_par' dir='ltr' id='par_1_106' title="bbox 2194 4478 3756 4548">
     <span class='ocr_line' id='line_1_106' title="bbox 2194 4478 3756 4548; baseline -0.003 -11"><span class='ocrx_word' id='word_1_738' title='bbox 2194 4484 2546 4548; x_wconf 80' lang='lat' dir='ltr'><strong>constipatum</strong></span> <span class='ocrx_word' id='word_1_739' title='bbox 2592 4490 2804 4535; x_wconf 80' lang='lat' dir='ltr'><strong>caterva</strong></span> <span class='ocrx_word' id='word_1_740' title='bbox 2845 4495 3042 4547; x_wconf 90' lang='lat' dir='ltr'><strong>corpus</strong></span> <span class='ocrx_word' id='word_1_741' title='bbox 3090 4478 3359 4534; x_wconf 74' lang='lat' dir='ltr'><strong>ferebatur</strong></span> <span class='ocrx_word' id='word_1_742' title='bbox 3399 4484 3464 4536; x_wconf 92' lang='lat' dir='ltr'><strong>ad</strong></span> <span class='ocrx_word' id='word_1_743' title='bbox 3495 4485 3756 4536; x_wconf 88' lang='lat' dir='ltr'><strong>tumbam.</strong></span> 
     </span>
    </p>
   </div>
   <div class='ocr_carea' id='block_1_107' title="bbox 2198 4570 3756 4643">
    <p class='ocr_par' dir='ltr' id='par_1_107' title="bbox 2198 4570 3756 4643">
     <span class='ocr_line' id='line_1_107' title="bbox 2198 4570 3756 4643; baseline -0.001 -14"><span class='ocrx_word' id='word_1_744' title='bbox 2198 4575 2331 4629; x_wconf 84' lang='lat' dir='ltr'><strong>Hine</strong></span> <span class='ocrx_word' id='word_1_745' title='bbox 2378 4582 2633 4643; x_wconf 72' lang='lat' dir='ltr'><strong>praeterea</strong></span> <span class='ocrx_word' id='word_1_746' title='bbox 2664 4571 2811 4624; x_wconf 82' lang='lat' dir='ltr'><strong>chori</strong></span> <span class='ocrx_word' id='word_1_747' title='bbox 2857 4570 3224 4638; x_wconf 61' lang='lat' dir='ltr'><strong>praecedebant</strong></span> <span class='ocrx_word' id='word_1_748' title='bbox 3250 4576 3580 4639; x_wconf 85' lang='lat' dir='ltr'><strong>canentium,</strong></span> <span class='ocrx_word' id='word_1_749' title='bbox 3615 4574 3756 4627; x_wconf 89' lang='lat' dir='ltr'><strong>illiue</strong></span> 
     </span>
    </p>
   </div>
   <div class='ocr_carea' id='block_1_108' title="bbox 2197 4663 3756 4735">
    <p class='ocr_par' dir='ltr' id='par_1_108' title="bbox 2197 4663 3756 4735">
     <span class='ocr_line' id='line_1_108' title="bbox 2197 4663 3756 4735; baseline -0.002 -13"><span class='ocrx_word' id='word_1_750' title='bbox 2197 4669 2403 4735; x_wconf 84' lang='lat' dir='ltr'><strong>agmina</strong></span> <span class='ocrx_word' id='word_1_751' title='bbox 2435 4665 2665 4735; x_wconf 89' lang='lat' dir='ltr'><strong>plebium</strong></span> <span class='ocrx_word' id='word_1_752' title='bbox 2714 4663 3093 4715; x_wconf 86' lang='lat' dir='ltr'><strong>continuabant</strong></span> <span class='ocrx_word' id='word_1_753' title='bbox 3132 4664 3388 4731; x_wconf 88' lang='lat' dir='ltr'><strong>ejulatum</strong></span> <span class='ocrx_word' id='word_1_754' title='bbox 3423 4683 3433 4717; x_wconf 92' lang='lat'>:</span> <span class='ocrx_word' id='word_1_755' title='bbox 3466 4676 3675 4735; x_wconf 87' lang='lat' dir='ltr'><strong>patrem</strong></span> <span class='ocrx_word' id='word_1_756' title='bbox 3700 4682 3756 4719; x_wconf 86' lang='lat' dir='ltr'><strong>sc</strong></span> 
     </span>
    </p>
   </div>
   <div class='ocr_carea' id='block_1_109' title="bbox 2196 4753 3753 4823">
    <p class='ocr_par' dir='ltr' id='par_1_109' title="bbox 2196 4753 3753 4823">
     <span class='ocr_line' id='line_1_109' title="bbox 2196 4753 3753 4823; baseline -0.006 -5"><span class='ocrx_word' id='word_1_757' title='bbox 2196 4775 2249 4819; x_wconf 92' lang='lat' dir='ltr'><strong>et</strong></span> <span class='ocrx_word' id='word_1_758' title='bbox 2286 4759 2591 4815; x_wconf 89' lang='lat' dir='ltr'><strong>nutricium</strong></span> <span class='ocrx_word' id='word_1_759' title='bbox 2620 4753 2839 4823; x_wconf 89' lang='lat' dir='ltr'><strong>perdere</strong></span> <span class='ocrx_word' id='word_1_760' title='bbox 2888 4758 3073 4806; x_wconf 78' lang='lat' dir='ltr'><strong>omnes</strong></span> <span class='ocrx_word' id='word_1_761' title='bbox 3122 4755 3445 4816; x_wconf 87' lang='lat' dir='ltr'><strong>clamabant,</strong></span> <span class='ocrx_word' id='word_1_762' title='bbox 3498 4766 3556 4809; x_wconf 92' lang='lat' dir='ltr'><strong>et</strong></span> <span class='ocrx_word' id='word_1_763' title='bbox 3614 4757 3753 4809; x_wconf 90' lang='lat' dir='ltr'><strong>inter</strong></span> 
     </span>
    </p>
   </div>
   <div class='ocr_carea' id='block_1_110' title="bbox 2195 4842 3753 4923">
    <p class='ocr_par' dir='ltr' id='par_1_110' title="bbox 2195 4842 3753 4923">
     <span class='ocr_line' id='line_1_110' title="bbox 2195 4842 3753 4923; baseline -0.006 -17"><span class='ocrx_word' id='word_1_764' title='bbox 2195 4852 2491 4923; x_wconf 88' lang='lat' dir='ltr'><strong>quatientes</strong></span> <span class='ocrx_word' id='word_1_765' title='bbox 2519 4844 2783 4911; x_wconf 85' lang='lat' dir='ltr'><strong>singultus</strong></span> <span class='ocrx_word' id='word_1_766' title='bbox 2805 4842 2891 4895; x_wconf 82' lang='lat' dir='ltr'><strong>vix</strong></span> <span class='ocrx_word' id='word_1_767' title='bbox 2920 4843 3031 4897; x_wconf 58' lang='lat' dir='ltr'><strong>hinc</strong></span> <span class='ocrx_word' id='word_1_768' title='bbox 3061 4842 3220 4895; x_wconf 87' lang='lat' dir='ltr'><strong>verba</strong></span> <span class='ocrx_word' id='word_1_769' title='bbox 3252 4846 3569 4911; x_wconf 85' lang='lat' dir='ltr'><strong>premebant</strong></span> <span class='ocrx_word' id='word_1_770' title='bbox 3594 4862 3607 4896; x_wconf 89' lang='lat'>:</span> <span class='ocrx_word' id='word_1_771' title='bbox 3640 4846 3753 4905; x_wconf 83' lang='lat' dir='ltr'><strong>Cui,</strong></span> 
     </span>
    </p>
   </div>
   <div class='ocr_carea' id='block_1_111' title="bbox 2195 4933 3755 5013">
    <p class='ocr_par' dir='ltr' id='par_1_111' title="bbox 2195 4933 3755 5013">
     <span class='ocr_line' id='line_1_111' title="bbox 2195 4933 3755 5013; baseline -0.004 -20"><span class='ocrx_word' id='word_1_772' title='bbox 2195 4951 2375 5013; x_wconf 83' lang='lat' dir='ltr'><strong>pastor</strong></span> <span class='ocrx_word' id='word_1_773' title='bbox 2398 4942 2554 5000; x_wconf 88' lang='lat' dir='ltr'><strong>bone,</strong></span> <span class='ocrx_word' id='word_1_774' title='bbox 2602 4933 2913 4987; x_wconf 77' lang='lat' dir='ltr'><strong>servandam</strong></span> <span class='ocrx_word' id='word_1_775' title='bbox 2956 4934 3245 4987; x_wconf 87' lang='lat' dir='ltr'><strong>committis</strong></span> <span class='ocrx_word' id='word_1_776' title='bbox 3276 4933 3483 4999; x_wconf 73' lang='lat' dir='ltr'><strong>plebem</strong></span> <span class='ocrx_word' id='word_1_777' title='bbox 3509 4973 3525 4997; x_wconf 95' lang='lat'><strong>,</strong></span> <span class='ocrx_word' id='word_1_778' title='bbox 3555 4934 3643 4987; x_wconf 84' lang='lat' dir='ltr'><strong>vel</strong></span> <span class='ocrx_word' id='word_1_779' title='bbox 3670 4938 3755 4987; x_wconf 85' lang='lat' dir='ltr'><strong>cui</strong></span> 
     </span>
    </p>
   </div>
   <div class='ocr_carea' id='block_1_112' title="bbox 2194 5022 3754 5099">
    <p class='ocr_par' dir='ltr' id='par_1_112' title="bbox 2194 5022 3754 5099">
     <span class='ocr_line' id='line_1_112' title="bbox 2194 5022 3754 5099; baseline -0.004 -15"><span class='ocrx_word' id='word_1_780' title='bbox 2194 5048 2292 5099; x_wconf 78' lang='lat' dir='ltr'><strong>pro</strong></span> <span class='ocrx_word' id='word_1_781' title='bbox 2318 5028 2483 5085; x_wconf 89' lang='lat' dir='ltr'><strong>caulis</strong></span> <span class='ocrx_word' id='word_1_782' title='bbox 2505 5024 2676 5094; x_wconf 85' lang='lat' dir='ltr'><strong>gregis</strong></span> <span class='ocrx_word' id='word_1_783' title='bbox 2706 5022 2869 5077; x_wconf 89' lang='lat' dir='ltr'><strong>tradis</strong></span> <span class='ocrx_word' id='word_1_784' title='bbox 2892 5039 3072 5077; x_wconf 90' lang='lat' dir='ltr'><strong>curam</strong></span> <span class='ocrx_word' id='word_1_785' title='bbox 3105 5024 3366 5091; x_wconf 79' lang='lat' dir='ltr'><strong>pastoris?</strong></span> <span class='ocrx_word' id='word_1_786' title='bbox 3394 5026 3437 5077; x_wconf 86' lang='lat'><strong>0</strong></span> <span class='ocrx_word' id='word_1_787' title='bbox 3459 5024 3613 5094; x_wconf 81' lang='lat' dir='ltr'><strong>Eligi,</strong></span> <span class='ocrx_word' id='word_1_788' title='bbox 3638 5028 3754 5079; x_wconf 89' lang='lat' dir='ltr'><strong>dul-</strong></span> 
     </span>
    </p>
   </div>
   <div class='ocr_carea' id='block_1_113' title="bbox 2197 5105 3758 5187">
    <p class='ocr_par' dir='ltr' id='par_1_113' title="bbox 2197 5105 3758 5187">
     <span class='ocr_line' id='line_1_113' title="bbox 2197 5105 3758 5187; baseline -0.001 -12"><span class='ocrx_word' id='word_1_789' title='bbox 2197 5124 2327 5178; x_wconf 90' lang='lat' dir='ltr'><strong>cedo</strong></span> <span class='ocrx_word' id='word_1_790' title='bbox 2361 5132 2415 5174; x_wconf 91' lang='lat' dir='ltr'><strong>tu</strong></span> <span class='ocrx_word' id='word_1_791' title='bbox 2440 5132 2751 5187; x_wconf 88' lang='lat' dir='ltr'><strong>pauperum,</strong></span> <span class='ocrx_word' id='word_1_792' title='bbox 2800 5105 3050 5169; x_wconf 85' lang='lat' dir='ltr'><strong>fortitudo</strong></span> <span class='ocrx_word' id='word_1_793' title='bbox 3077 5113 3352 5178; x_wconf 90' lang='lat' dir='ltr'><strong>debilium,</strong></span> <span class='ocrx_word' id='word_1_794' title='bbox 3402 5127 3455 5171; x_wconf 92' lang='lat' dir='ltr'><strong>tu</strong></span> <span class='ocrx_word' id='word_1_795' title='bbox 3483 5130 3758 5187; x_wconf 87' lang='lat' dir='ltr'><strong>protector</strong></span> 
     </span>
    </p>
   </div>
   <div class='ocr_carea' id='block_1_114' title="bbox 2197 5208 3758 5285">
    <p class='ocr_par' dir='ltr' id='par_1_114' title="bbox 2197 5208 3758 5285">
     <span class='ocr_line' id='line_1_114' title="bbox 2197 5208 3758 5285; baseline -0.008 -10"><span class='ocrx_word' id='word_1_796' title='bbox 2197 5230 2251 5275; x_wconf 92' lang='lat' dir='ltr'><strong>et</strong></span> <span class='ocrx_word' id='word_1_797' title='bbox 2302 5220 2466 5285; x_wconf 82' lang='lat' dir='ltr'><strong>impar</strong></span> <span class='ocrx_word' id='word_1_798' title='bbox 2515 5212 2778 5277; x_wconf 82' lang='lat' dir='ltr'><strong>egentium</strong></span> <span class='ocrx_word' id='word_1_799' title='bbox 2834 5209 3150 5264; x_wconf 84' lang='lat' dir='ltr'><strong>consolator.</strong></span> <span class='ocrx_word' id='word_1_800' title='bbox 3201 5208 3329 5275; x_wconf 85' lang='lat' dir='ltr'><strong>Quis</strong></span> <span class='ocrx_word' id='word_1_801' title='bbox 3378 5212 3487 5279; x_wconf 89' lang='lat' dir='ltr'><strong>jam</strong></span> <span class='ocrx_word' id='word_1_802' title='bbox 3528 5222 3655 5279; x_wconf 88' lang='lat' dir='ltr'><strong>post</strong></span> <span class='ocrx_word' id='word_1_803' title='bbox 3708 5224 3758 5265; x_wconf 87' lang='lat' dir='ltr'><strong>te</strong></span> 
     </span>
    </p>
   </div>
   <div class='ocr_carea' id='block_1_115' title="bbox 2200 5300 3753 5375">
    <p class='ocr_par' dir='ltr' id='par_1_115' title="bbox 2200 5300 3753 5375">
     <span class='ocr_line' id='line_1_115' title="bbox 2200 5300 3753 5375; baseline 0.002 -15"><span class='ocrx_word' id='word_1_804' title='bbox 2200 5314 2591 5375; x_wconf 76' lang='lat' dir='ltr'><strong>elcemosynam</strong></span> <span class='ocrx_word' id='word_1_805' title='bbox 2634 5304 2769 5356; x_wconf 86' lang='lat' dir='ltr'><strong>sicut</strong></span> <span class='ocrx_word' id='word_1_806' title='bbox 2807 5310 2861 5355; x_wconf 92' lang='lat' dir='ltr'><strong>tu</strong></span> <span class='ocrx_word' id='word_1_807' title='bbox 2893 5300 3289 5369; x_wconf 86' lang='lat' dir='ltr'><strong>dabitlargam;</strong></span> <span class='ocrx_word' id='word_1_808' title='bbox 3323 5304 3405 5355; x_wconf 89' lang='lat' dir='ltr'><strong>vel</strong></span> <span class='ocrx_word' id='word_1_809' title='bbox 3434 5306 3551 5369; x_wconf 89' lang='lat' dir='ltr'><strong>quis</strong></span> <span class='ocrx_word' id='word_1_810' title='bbox 3584 5313 3753 5365; x_wconf 90' lang='lat' dir='ltr'><strong>nostri</strong></span> 
     </span>
    </p>
   </div>
   <div class='ocr_carea' id='block_1_116' title="bbox 2199 5393 3753 5468">
    <p class='ocr_par' dir='ltr' id='par_1_116' title="bbox 2199 5393 3753 5468">
     <span class='ocr_line' id='line_1_116' title="bbox 2199 5393 3753 5468; baseline -0.012 -11"><span class='ocrx_word' id='word_1_811' title='bbox 2199 5405 2301 5457; x_wconf 88' lang='lat' dir='ltr'><strong>erit</strong></span> <span class='ocrx_word' id='word_1_812' title='bbox 2348 5404 2615 5468; x_wconf 76' lang='lat' dir='ltr'><strong>protector</strong></span> <span class='ocrx_word' id='word_1_813' title='bbox 2656 5395 2793 5448; x_wconf 87' lang='lat' dir='ltr'><strong>sicut</strong></span> <span class='ocrx_word' id='word_1_814' title='bbox 2842 5401 2912 5457; x_wconf 94' lang='lat' dir='ltr'><strong>tu,</strong></span> <span class='ocrx_word' id='word_1_815' title='bbox 2964 5393 3103 5447; x_wconf 87' lang='lat' dir='ltr'><strong>boue</strong></span> <span class='ocrx_word' id='word_1_816' title='bbox 3155 5396 3382 5462; x_wconf 87' lang='lat' dir='ltr'><strong>pastor?</strong></span> <span class='ocrx_word' id='word_1_817' title='bbox 3419 5397 3545 5460; x_wconf 86' lang='lat' dir='ltr'><strong>Qnis</strong></span> <span class='ocrx_word' id='word_1_818' title='bbox 3579 5409 3753 5454; x_wconf 71' lang='grc' dir='ltr'><strong>ιερυιη</strong></span> 
     </span>
    </p>
   </div>
   <div class='ocr_carea' id='block_1_117' title="bbox 2193 5484 3753 5564">
    <p class='ocr_par' dir='ltr' id='par_1_117' title="bbox 2193 5484 3753 5564">
     <span class='ocr_line' id='line_1_117' title="bbox 2193 5484 3753 5564; baseline -0.001 -18"><span class='ocrx_word' id='word_1_819' title='bbox 2193 5494 2389 5564; x_wconf 81' lang='lat' dir='ltr'><strong>pariter</strong></span> <span class='ocrx_word' id='word_1_820' title='bbox 2419 5490 2634 5541; x_wconf 89' lang='lat' dir='ltr'><strong>interire</strong></span> <span class='ocrx_word' id='word_1_821' title='bbox 2682 5486 2831 5539; x_wconf 91' lang='lat' dir='ltr'><strong>nobis</strong></span> <span class='ocrx_word' id='word_1_822' title='bbox 2886 5484 3081 5538; x_wconf 90' lang='lat' dir='ltr'><strong>tribuat</strong></span> <span class='ocrx_word' id='word_1_823' title='bbox 3111 5485 3286 5545; x_wconf 87' lang='lat' dir='ltr'><strong>hodie,</strong></span> <span class='ocrx_word' id='word_1_824' title='bbox 3327 5496 3576 5557; x_wconf 83' lang='lat' dir='ltr'><strong>essetque</strong></span> <span class='ocrx_word' id='word_1_825' title='bbox 3607 5506 3753 5544; x_wconf 90' lang='lat' dir='ltr'><strong>mors</strong></span> 
     </span>
    </p>
   </div>
   <div class='ocr_carea' id='block_1_118' title="bbox 2193 5576 3749 5649">
    <p class='ocr_par' dir='ltr' id='par_1_118' title="bbox 2193 5576 3749 5649">
     <span class='ocr_line' id='line_1_118' title="bbox 2193 5576 3749 5649; baseline -0.001 -12"><span class='ocrx_word' id='word_1_826' title='bbox 2193 5584 2401 5642; x_wconf 44' lang='lat' dir='ltr'><strong>dulcior.</strong></span> <span class='ocrx_word' id='word_1_827' title='bbox 2438 5595 2597 5647; x_wconf 87' lang='lat' dir='ltr'><strong>quam</strong></span> <span class='ocrx_word' id='word_1_828' title='bbox 2644 5588 2729 5629; x_wconf 89' lang='lat' dir='ltr'><strong>tua</strong></span> <span class='ocrx_word' id='word_1_829' title='bbox 2771 5580 3047 5643; x_wconf 69' lang='lat' dir='ltr'><strong>pnesentia</strong></span> <span class='ocrx_word' id='word_1_830' title='bbox 3087 5577 3317 5629; x_wconf 85' lang='lat' dir='ltr'><strong>carere?</strong></span> <span class='ocrx_word' id='word_1_831' title='bbox 3371 5576 3749 5649; x_wconf 75' lang='lat' dir='ltr'><strong>Ilujuseemudi</strong></span> 
     </span>
    </p>
   </div>
   <div class='ocr_carea' id='block_1_119' title="bbox 2194 5664 3758 5740">
    <p class='ocr_par' dir='ltr' id='par_1_119' title="bbox 2194 5664 3758 5740">
     <span class='ocr_line' id='line_1_119' title="bbox 2194 5664 3758 5740; baseline 0.001 -15"><span class='ocrx_word' id='word_1_832' title='bbox 2194 5686 2345 5740; x_wconf 86' lang='lat' dir='ltr'><strong>ergo,</strong></span> <span class='ocrx_word' id='word_1_833' title='bbox 2389 5685 2509 5725; x_wconf 91' lang='lat' dir='ltr'><strong>cum</strong></span> <span class='ocrx_word' id='word_1_834' title='bbox 2560 5674 2849 5737; x_wconf 87' lang='lat' dir='ltr'><strong>properant</strong></span> <span class='ocrx_word' id='word_1_835' title='bbox 2892 5666 2960 5719; x_wconf 89' lang='lat' dir='ltr'><strong>ad</strong></span> <span class='ocrx_word' id='word_1_836' title='bbox 3007 5664 3330 5735; x_wconf 89' lang='lat' dir='ltr'><strong>sepulcrum,</strong></span> <span class='ocrx_word' id='word_1_837' title='bbox 3359 5684 3547 5725; x_wconf 87' lang='lat' dir='ltr'><strong>omnes</strong></span> <span class='ocrx_word' id='word_1_838' title='bbox 3596 5670 3758 5727; x_wconf 84' lang='lat' dir='ltr'><strong>simul</strong></span> 
     </span>
    </p>
   </div>
   <div class='ocr_carea' id='block_1_120' title="bbox 618 5799 3497 5876">
    <p class='ocr_par' dir='ltr' id='par_1_120' title="bbox 618 5799 3497 5876">
     <span class='ocr_line' id='line_1_120' title="bbox 618 5799 3497 5876; baseline 0.001 -21"><span class='ocrx_word' id='word_1_839' title='bbox 618 5808 642 5837; x_wconf 76' lang='lat'><strong>°</strong></span> <span class='ocrx_word' id='word_1_840' title='bbox 662 5799 837 5857; x_wconf 81' lang='lat' dir='ltr'><strong>Billeis</strong></span> <span class='ocrx_word' id='word_1_841' title='bbox 867 5801 1053 5857; x_wconf 76' lang='lat' dir='ltr'><strong>linteis.</strong></span> <span class='ocrx_word' id='word_1_842' title='bbox 1083 5800 1280 5866; x_wconf 77' lang='lat' dir='ltr'><strong>Billcis,</strong></span> <span class='ocrx_word' id='word_1_843' title='bbox 1312 5802 1383 5857; x_wconf 86' lang='lat' dir='ltr'><strong>ait</strong></span> <span class='ocrx_word' id='word_1_844' title='bbox 1413 5802 1688 5869; x_wconf 72' lang='lat' dir='ltr'><strong>Acherius,</strong></span> <span class='ocrx_word' id='word_1_845' title='bbox 1715 5800 1765 5857; x_wconf 92' lang='lat' dir='ltr'><strong>id</strong></span> <span class='ocrx_word' id='word_1_846' title='bbox 1794 5809 1898 5871; x_wconf 87' lang='lat' dir='ltr'><strong>est,</strong></span> <span class='ocrx_word' id='word_1_847' title='bbox 1920 5799 2090 5868; x_wconf 77' lang='lat' dir='ltr'><strong>sigillo</strong></span> <span class='ocrx_word' id='word_1_848' title='bbox 2122 5802 2300 5875; x_wconf 86' lang='lat' dir='ltr'><strong>aliquo</strong></span> <span class='ocrx_word' id='word_1_849' title='bbox 2322 5804 2588 5876; x_wconf 86' lang='lat' dir='ltr'><strong>impressis</strong></span> <span class='ocrx_word' id='word_1_850' title='bbox 2614 5811 2703 5857; x_wconf 89' lang='lat' dir='ltr'><strong>aut</strong></span> <span class='ocrx_word' id='word_1_851' title='bbox 2730 5802 3047 5859; x_wconf 84' lang='lat' dir='ltr'><strong>damasccno</strong></span> <span class='ocrx_word' id='word_1_852' title='bbox 3074 5814 3237 5870; x_wconf 84' lang='lat' dir='ltr'><strong>opere</strong></span> <span class='ocrx_word' id='word_1_853' title='bbox 3258 5800 3497 5870; x_wconf 70' lang='lat' dir='ltr'><strong>signatis.</strong></span> 
     </span>
    </p>
   </div>
  </div>
