3934 6228
189 422 268 475 569
1491 472 1499 475 Α
1675 393 1768 446 vn

3256 382 3361 434 570

190 531 394 588 confusas
439 537 594 577 voces
648 521 854 572 dabant
894 517 960 571 ad
1012 517 1196 578 ctclos,
1249 527 1346 567 nec
1391 518 1505 564 erat
1559 507 1707 559 facile
1739 509 1783 561 Α
1814 504 2213 570 transpluntutur
2274 514 2417 564 :upcr
2465 512 2622 563 aquas
2679 493 2905 561 (Jerem.
2958 509 3100 555 xvn,
3153 491 3216 554 7,
3265 493 3358 552 8t.

192 627 302 674 inter
345 616 571 683 geminos
625 618 894 663 tantarum
948 619 1133 661 vocum
1189 609 1441 658 accentus
1493 607 1704 652 cantu-'n
1813 592 1942 644 Hinc
1992 590 2261 642 l’salmista
2304 588 2479 639 dicit:
2538 583 2602 638 In
2651 585 2758 650 lege
2800 581 3008 636 Doani
3052 584 3146 649 fuit
3186 582 3362 635 volun-

193 729 245 764 :tn
284 711 468 767 ﬂetum,
507 703 710 756 clerum
765 698 1079 768 psallentem
1105 735 1121 760 ,
1162 709 1228 746 an
1273 691 1477 760 plebem
1515 689 1713 741 discer-
1813 691 1892 733 tas
1930 683 2039 750 ejus
2081 695 2096 726 :
2135 687 2183 731 et
2224 678 2318 729 erit
2366 676 2509 744 quasi
2556 674 2750 742 lignum
2793 673 2926 740 quod
2969 671 3257 739 plumatum
3284 680 3360 723 est

195 815 296 855 uere
319 798 617 850 ululantem.
649 792 785 858 Quis
815 790 957 843 enim
986 791 1038 841 in
1070 787 1159 840 illo
1188 785 1294 848 die,
1320 783 1559 852 quamvis
1598 780 1714 832 sine
1815 788 1956 826 secus
1986 772 2223 823 decursus
2264 782 2509 834 aquarum
2552 763 2723 826 (Psal.
2768 779 2804 825 ι,
2835 762 2910 828 5).
2953 759 3027 815 De
3063 761 3360 828 hujusmodi

198 885 454 941 visceribus
493 891 653 939 esset,
704 895 826 933 cum
877 889 1165 946 pauperum
1214 872 1442 925 lamenta
1488 867 1712 927 audiret,
1815 863 1940 915 viris
1968 875 2063 928 per
2092 856 2398 910 Malachinm
2448 855 2757 920 prophetam
2795 851 3044 905 Dominus
3079 851 3248 903 dicit:
3295 847 3360 900 In

197 993 281 1031 non
307 974 472 1027 statim
516 973 567 1023 itt
601 970 757 1022 lletus
790 963 1196 1036 prorumperet?
1221 961 1325 1015 Aut
1351 960 1468 1028 quis
1497 958 1569 1009 ita
1618 956 1708 1007 itn-
1819 967 1942 1020 pace
1971 961 2015 1000 et
2037 950 2085 999 in
2109 947 2343 1015 (equitate
2363 942 2637 995 ambulavit
2659 956 2885 1001 meeum;
2915 939 2971 992 et'
2989 939 3170 992 multos
3191 945 3366 989 avertit

197 1063 459 1118 misericors
495 1058 706 1127 plebem
753 1069 970 1109 omnem
1015 1049 1397 1106 vociferantem
1447 1051 1718 1108 cerneret,

198 1161 354 1205 etnon
379 1149 516 1201 illico
561 1146 614 1200 iu
659 1144 865 1213 rugitus
891 1155 949 1198 se
987 1137 1354 1195 converteret?
1381 1135 1511 1201 Quis
1548 1140 1724 1186 autem

199 1247 257 1299 ita
293 1240 506 1294 ferreum
535 1236 833 1313 possideret
872 1241 1056 1303 pectus
1096 1229 1178 1283 vel
1210 1227 1488 1289 stolidum,
1521 1233 1578 1275 ut
1603 1235 1726 1275 cum

199 1333 401 1399 reginam
438 1343 556 1381 cum
586 1323 914 1394 principibus
943 1319 1226 1399 deﬂentem
1262 1316 1580 1375 intueretur,
1620 1325 1727 1363 non

202 1422 408 1492 protinus
445 1418 497 1470 in
538 1416 770 1468 lamenta
816 1427 875 1466 se
919 1391 1200 1464 funderet?
1226 1407 1356 1472 Quis
1397 1418 1523 1458 vero
1566 1401 1727 1455 etiam

202 1525 317 1566 nunc
339 1505 487 1561 siccis
509 1503 677 1557 oculis
709 1498 983 1555 recordari
1011 1497 1228 1576 poterit,
1270 1510 1389 1548 cum
1419 1496 1730 1560 perventum

203 1613 269 1658 est
289 1613 468 1667 corpus
491 1596 556 1650 ad
589 1595 764 1650 locum
803 1591 1051 1662 sepulcri,
1082 1603 1189 1657 quo
1220 1585 1422 1640 ardoris
1450 1579 1732 1642 desiderio,

204 1711 291 1762 quo
315 1690 503 1744 amoris
530 1686 721 1740 aﬂ'ectu
745 1725 761 1748 ,
803 1699 910 1753 quo
939 1681 1138 1736 doloris
1163 1675 1391 1747 impulsu
1417 1667 1734 1726 tenebatur?

206 1784 508 1844 Arcebatur,
538 1777 906 1837 retrahebatur
948 1775 1196 1828 feretrum
1225 1784 1255 1822 a
1291 1763 1488 1837 populo
1538 1768 1737 1816 retror-

1823 1041 1884 1093 ab
1911 1041 2172 1108 iniquitate
2192 1035 2439 1103 (Malaclt.
2473 1049 2527 1097 II,
2558 1032 2630 1102 6).
2683 1031 2814 1084 llinc
2839 1046 2933 1099 per
2971 1029 3154 1083 Isaiam
3197 1028 3388 1096 loqui--~

1826 1141 1911 1184 tur
1939 1131 2120 1182 dicens
2149 1147 2161 1182 :
2194 1126 2236 1179 Ε
2242 1145 2302 1196 go
2332 1126 2502 1179 vocavi
2523 1139 2654 1186 eum,
2682 1132 2730 1175 et
2757 1122 2988 1176 benedixi
3010 1122 3075 1185 ei,
3106 1129 3155 1173 et
3183 1120 3376 1173 directa

1827 1235 1900 1281 est
1928 1226 2007 1279 via
2031 1228 2138 1288 ejus
2161 1221 2293 1292 (Isa.
2340 1235 2523 1281 vam,
2554 1215 2661 1288 15).
2717 1216 2847 1269 llinc
2873 1230 2965 1278 per
2991 1213 3234 1266 eumdem
3259 1226 3381 1278 pro.

1827 1315 2042 1387 phetam
2065 1311 2342 1380 pollicetur
2367 1309 2548 1362 dicens
2581 1325 2592 1359 :
2625 1305 2755 1359 Ecce
2799 1305 2927 1358 serui
2965 1305 3061 1356 nisi
3100 1304 3384 1358 comedent:

1830 1420 1917 1460 vos
1941 1413 2129 1468 autem,
2160 1401 2210 1454 id
2236 1407 2316 1454 est
2342 1397 2572 1466 reprobi,
2599 1395 2844 1448 esurietis.
2875 1392 3010 1446 Ecce
3034 1393 3162 1444 servi
3183 1392 3279 1460 mei
3305 1389 3384 1442 bi-

1833 1497 1977 1558 bent;
2029 1510 2114 1548 vos
2143 1502 2305 1554 ouant
2333 1489 2513 1543 sitietis
2556 1505 2572 1542 :
2619 1503 2726 1540 ecce
2755 1487 2882 1538 servi
2920 1485 3016 1536 mei
3043 1482 3384 1542 lwtabuntur;

1832 1606 1917 1644 vos
1941 1583 2319 1656 confurtdemini
2339 1597 2351 1633 :
2368 1597 2478 1640 ecce
2494 1581 2622 1633 servi
2643 1581 2739 1630 mei
2761 1575 3078 1630 exsultabant
3105 1579 3157 1626 in
3178 1571 3390 1642 gaudio:

1835 1695 1921 1733 vos
1969 1685 2137 1729 autem
2192 1670 2476 1726 clamabitis
2504 1669 2564 1722 ob
2616 1667 2842 1721 dolorem
2884 1665 3072 1728 cordis,
3103 1672 3152 1715 et
3187 1672 3392 1732 propter

1842 1767 2194 1822 contritionem
2242 1761 2448 1829 spiritus
2499 1755 2758 1807 ululabilis
2812 1751 2941 1821 (lsa.
2990 1767 3110 1815 va,
3162 1747 3391 1813 15,14).

206 1891 322 1936 sitm.
350 1882 403 1926 ιιι
426 1871 514 1924 vel
545 1884 650 1921 uno
683 1873 957 1920 momento
993 1861 1167 1915 adhuc
1213 1833 1516 1927 superesset
1551 1863 1743 1918 corpus

1866 1858 1980 1910 line
2001 1866 2214 1922 quoque
2254 1851 2306 1903 in
2345 1851 2477 1901 tibe
2508 1842 2880 1898 Ecclesiastico
2907 1839 3100 1894 dicitur
3132 1856 3144 1889 :
3177 1837 3396 1890 Timenti

210 1968 252 2019 in
277 1958 577 2031 prepatulo,
610 1970 719 2024 quo
744 1952 826 2006 vel
849 1952 926 2006 sic
953 1956 1222 2016 utcunque
1244 1960 1343 1999 suo
1376 1940 1746 1996 satisfacerent

209 2053 441 2110 desiderio
490 2067 502 2102 :
557 2045 819 2115 siquidem
893 2041 1129 2101 studiose
1184 2037 1465 2092 tardabant
1515 2043 1741 2094 omnes,

212 2162 365 2204 moras
391 2147 712 2198 innectentes
741 2153 812 2192 ne
838 2134 1173 2190 clauderetur
1197 2126 1488 2197 sepultura,
1521 2121 1643 2191 quia
1668 2118 1746 2172 ni-

213 2241 376 2296 mirum
403 2251 506 2291 non
534 2239 787 2303 poterant
813 2227 928 2296 ejus
953 2225 1091 2279 ferre
1117 2219 1436 2275 absentiam.

275 2331 388 2384 Post
428 2325 637 2380 tandem
677 2335 809 2388 ergo
845 2318 934 2371 vix
963 2312 1172 2384 populis
1213 2317 1522 2379 praereptus,
1567 2310 1745 2368 atque,

217 2431 265 2475 ut
281 2421 343 2473 ita
369 2416 584 2472 dixerim
605 2453 618 2475 ,
652 2412 864 2467 fortiter
892 2423 924 2461 a
953 2402 1257 2460 fortioribus
1285 2406 1496 2466 raptus,
1543 2394 1608 2448 ab
1636 2391 1748 2461 epi-

219 2510 368 2578 scOpis
407 2507 497 2575 qui
541 2504 764 2557 aderant
810 2496 1056 2566 sepulcro
1103 2499 1186 2548 est
1233 2486 1608 2554 mancipatus,
1665 2478 1752 2532 ubi

220 2601 330 2654 satis
355 2598 533 2652 lestine
572 2608 706 2646 saxo
734 2597 955 2657 opertus
993 2585 1091 2638 snb
1127 2579 1328 2647 magnis
1351 2577 1462 2645 jam
1510 2577 1752 2626 servatus

222 2689 512 2749 honoribus,
544 2682 725 2749 ibique
765 2678 993 2731 vallatus
1028 2673 1208 2728 tumba
1251 2674 1589 2724 surrecturus
1614 2662 1755 2729 jacet

223 2777 266 2829 in
289 2774 457 2840 gloria.
505 2771 593 2824 Sic
618 2769 832 2821 demum
881 2760 1194 2817 venerabilis
1221 2757 1400 2833 regina
1441 2767 1560 2806 cum
1604 2750 1756 2818 plebe

223 2863 353 2916 valde
377 2862 572 2914 defessa
599 2856 832 2911 humatis
858 2851 1095 2923 praesulis
1123 2846 1372 2902 membris
1403 2842 1651 2904 adorans,
1673 2852 1757 2891 re-

225 2957 422 3009 vertitur
447 2953 509 3004 ad
537 2948 754 3019 propria
792 2944 998 3014 jejuna,
1027 2949 1082 2995 et
1123 2937 1439 3007 prohibente
1466 2931 1612 2984 lucttt
1640 2941 1756 2980 eam

227 3056 413 3096 sumere
435 3017 635 3100 cibum,
679 3037 758 3090 sic
791 3033 1088 3088 triduanum
1117 3027 1170 3081 in
1202 3025 1330 3078 lletu
1365 3017 1598 3088 explevit
1626 3029 1760 3069 mm-

230 3145 333 3186 rens
352 3130 618 3197 jejunium.

289 3179 618 3287 Compare—tur
643 3215 821 3280 itaque
850 3211 893 3264 si
921 3208 1095 3278 placet
1123 3205 1280 3272 hujus
1324 3200 1464 3254 beati
1491 3197 1584 3250 viri
1609 3238 1622 3258 ,
1653 3207 1759 3248 non
1784 3179 1850 3239 C‘

232 3311 380 3363 dicant
412 3283 623 3366 funeri,
677 3301 771 3356 sed
816 3299 994 3370 potius
1047 3293 1335 3360 triumpho,
1389 3287 1558 3342 inanis
1599 3283 1764 3353 gloria

234 3400 420 3462 saeculi;
449 3395 751 3452 conferatur
775 3391 817 3446 si
848 3396 1024 3462 potest
1049 3387 1285 3440 virorum
1318 3380 1538 3436 divitum
1578 3387 1767 3443 pompa

239 3490 340 3541 Intic
362 3485 628 3555 peregrino
658 3480 914 3534 defuncto
942 3469 1199 3542 aequanda
1225 3485 1240 3522 :
1272 3468 1392 3522 illos
1420 3465 1560 3520 enim
1590 3463 1770 3516 viven~

239 3585 306 3628 tes
333 3575 380 3627 in
423 3570 627 3626 miseria
658 3565 893 3622 confusis
920 3560 1193 3630 plausibus
1229 3555 1553 3624 populorum
1599 3551 1771 3604 hono-

241 3676 309 3720 rat
334 3665 558 3724 insania;
613 3657 841 3723 Eligium
885 3658 1101 3705 exutum
1149 3645 1330 3700 mundi
1372 3656 1608 3696 arumna
1651 3652 1771 3693 cum

242 3758 433 3819 summis
447 3749 699 3806 cmlicoh:
719 3743 961 3800 laudibus
987 3740 1051 3806 ad
1077 3737 1371 3792 desiderata
1394 3731 1664 3800 perferunt
1683 3741 1774 3781 re-

243 3861 329 3912 gna
352 3865 365 3905 ;
391 3851 438 3895 et
474 3841 544 3893 illi
574 3856 610 3909 p
629 3847 696 3890 ist
723 3832 903 3889 steculi
934 3842 1183 3900 pompam
1215 3826 1266 3879 in
1293 3831 1492 3877 tartara
1521 3820 1633 3872 dira
1663 3826 1773 3871 tra-

245 3944 417 3994 duntur
456 3957 467 3990 :
514 3934 715 4003 Eligius
740 3938 864 4000 post
889 3925 1066 3980 mundi
1093 3922 1316 3976 adversa
1352 3917 1469 3971 sinu
1498 3915 1644 3969 laetus
1681 3925 1777 3979 pa-

250 4030 567 4083 triarcharum
597 4020 897 4088 excipitur;
932 4015 1005 4067 illi
1044 4010 1344 4066 divitiarum
1372 4006 1512 4059 mole
1540 3998 1778 4072 oppressi

252 4122 388 4170 functi
420 4115 812 4186 praecipitantur
853 4107 906 4158 in
943 4103 1240 4171 gehennam
1273 4115 1284 4149 ε
1320 4094 1520 4161 Eligius
1549 4091 1780 4144 eleemo-

248 4211 376 4278 synis
399 4176 702 4262 sublimatus
747 4212 868 4252 cum
918 4193 1086 4247 beatis
1115 4195 1358 4254 resurget
1395 4186 1449 4237 in
1480 4183 1674 4250 gloria;
1709 4176 1782 4231 illi

252 4312 434 4366 patriam
455 4293 633 4348 mortis
662 4286 887 4343 funestis
909 4297 1004 4354 pro
1026 4279 1228 4335 meritis
1251 4277 1465 4331 solvunt
1486 4273 1538 4326 in
1560 4269 1742 4325 inferis
1766 4284 1780 4320 τ

255 4390 426 4458 Eligius
445 4402 538 4456 pro
567 4383 738 4438 beatis
767 4385 955 4434 vernat
978 4375 1178 4429 meritis
1205 4372 1255 4425 in
1282 4370 1399 4424 sinu
1424 4365 1645 4419 Abrahae
1671 4363 1785 4416 sine

255 4450 379 4534 metu
398 4450 497 4546 jam
528 4474 688 4536 felix;
719 4470 795 4523 illi
819 4477 1090 4537 postremo
1120 4463 1170 4515 in
1197 4455 1518 4530 profundum
1546 4450 1783 4506 barathri

258 4571 409 4637 lugent
431 4569 600 4621 miseri
625 4579 746 4618 cum
776 4557 1041 4615 damnatis
1068 4574 1082 4610 :
1114 4555 1312 4623 Eligius
1339 4564 1487 4605 meus
1525 4545 1782 4617 perpetim

261 4661 493 4713 laureatos
541 4665 687 4710 serto
736 4649 959 4722 perenni
1005 4647 1235 4702 exsultat
1263 4643 1452 4714 Elysiis
1493 4641 1543 4693 iit
1585 4638 1785 4706 campis

260 4766 362 4805 cunt
389 4749 577 4803 cunctis
605 4761 635 4798 a
663 4741 860 4797 sazculo
888 4739 1104 4792 sanctis.
1153 4735 1363 4790 Gratias
1392 4730 1486 4783 tibi
1515 4730 1654 4782 inter
1677 4727 1788 4779 hzec

262 4850 311 4894 et
345 4852 534 4910 propter
565 4838 700 4899 haec,
747 4833 888 4887 Deus
917 4833 1096 4882 noster
1138 4823 1444 4878 tideliSsime
1480 4817 1786 4879 retributor,

265 4932 478 4998 quoniam
527 4924 797 4982 reddidisti
825 4921 875 4974 ei
907 4930 1094 4983 magna
1126 4929 1223 4981 pro
1256 4912 1430 4980 parvis
1454 4950 1468 4969 ,
1499 4915 1552 4958 et
1577 4903 1788 4970 requie-

267 5037 394 5076 scere
418 5036 528 5074 eum
559 5019 732 5072 fecisti
767 5016 906 5067 inter
932 5009 1294 5062 antmnitatem
1321 5000 1720 5067 sempiternam,
1739 5000 1792 5042 et

269 5114 457 5167 virentis
491 5107 720 5181 paradisi
752 5106 825 5159 tui
855 5101 1092 5165 delicias,
1116 5094 1205 5165 qui
1231 5094 1296 5145 ad
1329 5092 1429 5144 hoc
1459 5087 1678 5141 forsitan
1703 5097 1790 5134 ra-

270 5212 372 5273 ptus
389 5217 415 5254 a
444 5176 590 5255 nobis
614 5206 718 5259 est,
768 5191 820 5245 Ν
826 5210 854 5244 e
880 5189 1078 5243 malitia
1100 5190 1317 5238 mutaret
1354 5177 1662 5231 intellectum
1686 5176 1793 5242 ejus

276 5263 404 5359 lSap.
427 5307 493 5355 tv,
519 5289 605 5354 ll)
632 5304 647 5349 ;
681 5293 735 5338 et
762 5281 903 5334 sicut
941 5279 1006 5330 de
1035 5272 1266 5344 perfecto
1293 5266 1519 5336 quodam
1544 5263 1792 5328 scriptum

276 5373 574 5439 estziVieens
603 5381 734 5433 inter
763 5378 1050 5443 peccatores
1081 5365 1358 5417 translatus
1395 5365 1488 5417 est,
1528 5355 1644 5422 quia
1681 5353 1795 5417 pla-

276 5477 362 5528 cita
384 5486 482 5527 erat
510 5471 612 5524 Deo
652 5441 828 5521 animo
857 5461 995 5514 illius
1025 5454 1210 5526 (Ibid.,
1245 5451 1309 5503 10
1347 5446 1455 5513 Η).
1505 5443 1579 5495 De
1606 5441 1796 5492 talibus

279 5568 447 5638 quippe
470 5577 559 5632 per
591 5559 934 5613 Salomonem
964 5548 1151 5600 dicitur
1198 5559 1210 5592 :
1250 5540 1428 5593 Justus
1459 5535 1520 5585 de
1567 5529 1797 5598 angustia

281 5621 493 5712 διέτλῶ
541 5660 611 5707 est
656 5648 837 5720 (Prov.
882 5659 956 5708 χι,
1001 5640 1075 5706 7).
1110 5634 1238 5688 llinc
1280 5638 1335 5682 et
1385 5624 1640 5679 Jercmias
1682 5621 1796 5670 ait:

285 5747 556 5800 Benedictus
595 5710 674 5797 ιείέ
695 5739 782 5808 qui
824 5733 1034 5802 conﬁdit
1088 5731 1138 5782 in
1182 5723 1427 5780 Domino,
1470 5727 1516 5770 et
1554 5717 1647 5767 erit
1701 5710 1802 5762 Do-

286 5845 438 5895 minus
487 5839 663 5934 ﬁd‘uria
728 5831 839 5903 ejus
902 5842 918 5876 .·
972 5836 1019 5881 et
1072 5824 1163 5877 erit
1219 5816 1360 5889 quasi
1417 5813 1608 5882 lignum
1671 5799 1801 5871 quod

1846 1947 2010 2000 Deum
2032 1949 2154 1996 bene
2183 1941 2277 1993 erit
2302 1942 2356 1991 in
2382 1935 2640 1997 extremis,
2670 1942 2718 1984 et
2747 1934 2796 1984 in
2826 1931 2906 1982 die
2932 1925 3269 1997 defunctionis
3291 1943 3398 1980 sure

1846 2042 2162 2095 benedicetur
2189 2035 2376 2104 (Eccli.
2401 2048 2444 2088 ι,
2469 2030 2572 2099 15).
2610 2027 2739 2080 llinc
2761 2035 2814 2077 et
2838 2024 2968 2076 alias
3000 2022 3251 2088 scriptum
3274 2027 3355 2073 est
3380 2033 3394 2068 :

1848 2134 2104 2186 Bonorum
2149 2126 2381 2180 laborum
2423 2125 2532 2191 ejus
2569 2119 2818 2188 gloriosus
2867 2114 2960 2166 erit
3009 2114 3230 2181 fructus,
3260 2118 3305 2161 et
3342 2110 3396 2160 in

1845 2230 2136 2292 perpetuum
2183 2221 2454 2268 coronatus
2503 2208 2780 2275 triumphat
2831 2203 2984 2272 (Sap.
3031 2197 3401 2268 ttt.15).llaae

1849 2330 1947 2367 nos
1980 2311 2047 2364 de
2088 2308 2236 2362 obitu
2276 2303 2360 2357 vel
2400 2315 2557 2368 super
2584 2298 2786 2351 obitum
2818 2294 2989 2349 sancti
3027 2292 3124 2346 viri
3164 2305 3407 2344 narrasse

1849 2403 2095 2458 Snfiiciat.
2134 2397 2394 2452 Cteterum
2445 2403 2513 2444 ne
2563 2387 2858 2454 legentibus
2907 2382 3203 2450 ingererem
3250 2380 3400 2435 fasti-

1851 2501 2016 2565 dium,
2045 2511 2110 2551 eo
2132 2491 2272 2561 quod
2294 2487 2497 2558 prolixe
2518 2484 2626 2554 jam
2654 2479 2954 2536 extenditur
2973 2476 3165 2539 oratio,
3189 2475 3404 2541 dignum

1853 2594 1967 2646 fore
2008 2587 2392 2655 judicaveram.
2427 2586 2485 2632 ut
2531 2576 2645 2644 ejus
2690 2571 3007 2640 terinittante
3053 2569 3181 2633 vita,
3228 2577 3409 2627 noster

1852 2693 2064 2749 quoque
2080 2673 2450 2730 terminaretur
2470 2682 2665 2725 sermo.
2687 2664 2782 2719 nisi
2805 2659 3112 2716 multimoda
3137 2657 3410 2719 miracula,

1853 2747 1971 2838 qua:
2002 2763 2067 2818 ad
2095 2760 2505 2817 sacratissimum
2535 2769 2731 2821 corpus
2775 2752 2892 2820 ejus
2918 2748 3126 2804 assidue
3165 2747 3418 2802 Dominus

1856 2868 2146 2928 cperatur,
2197 2867 2284 2907 me
2329 2851 2507 2904 denuo
2554 2845 2620 2898 ad
2669 2842 2988 2910 loquendum
3039 2840 3412 2909 impellerent:

1857 2949 2079 3022 plurima
2099 2961 2226 3016 ergo
2249 2957 2346 3013 pro
2373 2938 2657 3009 legentium
2678 2932 3073 3003 opportunitate
3090 2930 3418 2999 pratteriens,

1860 3019 2028 3110 pauca
2051 3037 2103 3091 in
2131 3033 2279 3089 calce
2304 3043 2400 3086 sua
2430 3039 2660 3097 praesens
2697 3023 2828 3076 liber
2853 3019 3110 3074 ostendat.

2364 3139 2587 3195 CAPUT
2652 3131 2934 3190 XXXVIII.

2079 3223 2151 3290 De
2177 3231 2440 3288 virtutibus
2463 3227 2639 3297 quibus
2663 3233 2777 3292 post
2803 3222 2988 3278 obitum
3011 3219 3214 3273 claruit.

1938 3331 2223 3398 Postquam
2261 3325 2342 3377 vir
2389 3323 2574 3375 beatus
2615 3318 2680 3370 de
2722 3315 2916 3368 saeculo
2969 3312 3247 3379 migravit,
3303 3325 3422 3364 cum

1869 3438 2066 3492 corpus
2111 3419 2226 3488 ejus
2252 3415 2484 3470 delatum
2525 3419 2662 3483 esset
2693 3407 2757 3458 ad
2793 3404 3141 3472 sepulturam,
3174 3402 3427 3456 remansit

1870 3515 2091 3572 fortuitu
2120 3513 2172 3565 in
2199 3511 2316 3564 loco
2343 3520 2449 3574 quo
2470 3502 2711 3572 jacuerat
2738 3497 2953 3550 rachina
2984 3493 3199 3562 caprina
3223 3508 3288 3544 ex
3308 3494 3424 3560 epi-

1871 3606 2056 3674 SCOpiO
2082 3600 2237 3655 valde
2265 3597 2488 3666 Optima,
2518 3606 2634 3661 quae
2675 3588 2920 3642 nimirum
2962 3585 3012 3638 in
3042 3583 3227 3636 besilio
3256 3580 3427 3634 fuerat

1873 3672 2047 3769 pridie
2074 3690 2348 3763 supposita
2392 3686 2611 3741 feretro.
2659 3694 2817 3746 quam
2848 3677 2988 3730 illico
3013 3673 3216 3729 cunctis
3255 3672 3426 3726 disce-

1874 3761 2153 3842 dentibus
2183 3779 2432 3831 diaconus
2487 3769 2700 3836 quidam
2752 3765 2866 3819 Ull'o
2922 3762 3174 3824 nomine,
3222 3761 3427 3814 Snevns

1875 3890 2087 3949 quoque
2114 3871 2344 3931 natione,
2379 3861 2681 3934 cupiditatis
2709 3856 2933 3913 stimulis
2960 3852 3257 3922 exagitatus
3285 3851 3428 3905 clan-

1877 3970 1995 4028 cule
2035 3965 2226 4035 rapuit,
2257 3969 2418 4029 atque
2457 3957 2507 4010 in
2554 3955 2747 4009 lectum
2791 3948 3004 4003 sibimet
3048 3945 3146 3999 sub
3179 3943 3429 3997 stramine

1879 4034 2175 4116 abscondit.
2206 4054 2368 4120 Igitur
2395 4059 2620 4114 corpore
2641 4058 2705 4097 ex
2739 4055 2885 4094 more
2911 4037 3105 4090 tradito
3128 4034 3430 4104 sepulturae,

1881 4168 1999 4208 cum
2041 4145 2265 4202 ministri
2295 4139 2662 4203 exsequiarum
2711 4130 3005 4188 rediissent,
3051 4132 3210 4191 atque
3259 4121 3429 4174 ablata

1881 4239 2342 4308 recognovissent,
2409 4227 2751 4280 vehementer
2815 4231 2933 4271 mox
2989 4211 3200 4267 contriti
3251 4224 3431 4276 coepe-

1882 4347 2007 4394 runt
2021 4333 2257 4390 eamdem
2291 4328 2341 4379 iit
2371 4323 2576 4376 diversa
2609 4313 2948 4385 perquirere;
2975 4321 3198 4375 cumque
3227 4305 3314 4359 diu
3338 4305 3434 4356 dis-

1885 4434 2178 4487 currentes,
2210 4425 2263 4474 et
2293 4417 2396 4471 huc
2441 4412 2668 4477 illucque
2705 4403 3101 4471 investigantes,
3133 4398 3328 4452 nullum
3359 4397 3435 4448 rei

1813 4520 1859 4579 υ
1888 4512 2093 4591 perdite
2129 4515 2379 4581 caperent
2424 4501 2691 4560 indicium,
2725 4505 2837 4550 orta
2877 4493 3134 4547 estinter
3171 4487 3436 4540 ministros

1889 4628 1993 4668 non
2023 4605 2226 4662 modica
2257 4602 2325 4655 ob
2365 4599 2466 4651 hoc
2495 4590 2758 4650 turbatio;
2798 4583 2888 4638 sed
2930 4596 3047 4634 cum
3079 4594 3179 4631 nox
3221 4577 3320 4642 iam
3353 4575 3433 4626 in-

1887 4707 2079 4761 staret,
2131 4692 2412 4759 somnique
2456 4696 2660 4750 tempus
2712 4673 3040 4735 advenisset,
3094 4667 3298 4721 cunctis
3330 4665 3437 4717 alto

1887 4805 2081 4861 sopore
2109 4778 2500 4857 quiescentibus
2540 4787 2608 4826 ex
2655 4782 2823 4829 more,
2863 4768 3083 4832 apparet
3113 4760 3191 4812 vir
3223 4764 3438 4812 sanctus

1889 4852 2173 4940 in-vision—e
2210 4871 2384 4929 abbati
2429 4865 2658 4927 cuidam,
2687 4860 2889 4928 Sparvo
2938 4852 3168 4915 nomine,
3210 4862 3437 4916 eumque

1892 4985 1949 5029 ut
1973 4970 2179 5026 solebat
2215 4959 2406 5017 blando
2431 4953 2760 5022 compellans
2799 4945 3031 5012 alloquio
3055 4980 3070 5004 ,
3111 4940 3306 4993 indicat
3331 4951 3436 5003 quo

1892 5067 1945 5118 in
1982 5064 2096 5116 loco
2144 5059 2335 5110 furtum
2392 5049 2657 5103 celaretur
2702 5037 3092 5096 absconditum.
3141 5031 3271 5108 Cum
3309 5041 3435 5094 ergo

1894 5152 2112 5212 lux'die
2139 5150 2368 5205 crastina
2399 5141 2555 5196 terris
2586 5143 2725 5191 esset
2768 5131 2874 5198 jam
2921 5126 3146 5188 reddita,
3190 5117 3439 5174 adhibitis

1892 5262 2070 5303 secum
2109 5237 2388 5313 praedictus
2413 5232 2642 5300 Sparvus
2680 5221 2886 5275 duobus
2930 5213 3142 5270 creditis
3171 5206 3435 5268 fratribus,

1895 5294 2132 5391 ordinem
2160 5321 2375 5388 visionis
2399 5319 2616 5388 exponit
2645 5314 2717 5365 eis
2737 5351 2752 5375 ,
2783 5306 2974 5360 deinde
2997 5303 3062 5356 ad
3092 5303 3264 5354 locum
3294 5294 3434 5349 desi—

1896 5435 2109 5494 gnatum
2139 5417 2334 5487 par'ttcr
2357 5426 2451 5464 eos
2477 5418 2695 5477 pergere
2727 5401 2964 5457 hortans,
2996 5394 3108 5460 ipse
3137 5404 3232 5457 pro
3259 5381 3436 5454 prodi-

1899 5530 2013 5573 tore
2040 5517 2181 5585 prior
2202 5508 2407 5566 cunctis
2432 5501 2634 5558 accedit
2681 5513 2693 5547 ι
2738 5506 2963 5558 cumque
2993 5488 3274 5551 diligenter
3294 5493 3437 5531 scru-

1899 5612 1992 5665 tati
2017 5571 2197 5662 essent
2235 5581 2410 5654 locum
2440 5635 2454 5659 ,
2495 5590 2668 5645 statim
2701 5593 2758 5637 ut
2799 5583 2877 5634 vir
2903 5581 3087 5634 beatus
3119 5571 3441 5624 indicaverat

1900 5705 2215 5770 repererunt
2237 5702 2290 5746 ct
2320 5691 2508 5742 furtum
2543 5699 2554 5731 :
2589 5686 2710 5731 mox
2741 5685 2915 5727 autem
2941 5664 3193 5722 accersito
3219 5659 3441 5712 diacono

1905 5758 2203 5847 durissimis
2253 5795 2372 5837 cum
2420 5768 2608 5828 verbis
2639 5767 3074 5835 incrcpavcrunt,
3115 5766 3220 5808 non
3266 5758 3440 5808 tamen
