3934 6228
531 383 620 438 δη
1760 383 1817 433 s.
1861 381 2056 433 mou
2098 381 2375 435 novrum.
2424 384 2629 473 ICPiSC.

3649 397 3750 450 57'}.

516 493 778 550 acerbiter
807 490 1106 544 verberibus
1135 491 1486 555 vindicarunt,
1516 506 1637 558 quia
1666 499 1721 542 et
1750 491 1850 545 hoc
1880 491 2016 544 idem
2039 506 2070 543 a
2101 494 2148 549 Δ
2177 493 2394 547 studuit.
2434 494 2581 549 Tunc
2620 509 2760 564 ccger
2807 500 3204 580 opportunitate
3249 504 3485 571 inventa,
3541 523 3748 567 secreta

515 594 698 639 sancto
718 580 886 648 Eligio
912 581 962 633 in
1003 581 1269 636 mandatis
1297 589 1638 648 acceperunt.
1683 580 1760 634 Ex
1791 597 1897 650 quo
1932 581 2072 636 Iacto

514 681 792 741 coeperunt
812 687 999 726 omnes
1022 680 1259 726 sanctum
1289 673 1576 727 alitistitem
1604 687 1670 726 ex
1701 673 1815 740 ipso
1843 673 1930 726 die
1959 673 2076 725 obi-

514 774 599 818 tus
621 763 737 835 ejus
776 778 1098 832 magnOpere
1125 764 1525 832 pertimescere,
1570 779 1632 817 ac
1669 765 2072 820 venerationem

511 856 560 910 ci
589 855 820 910 debitam
849 853 915 909 de
941 853 1029 908 die
1050 854 1101 907 in
1125 854 1480 920 diemingiter
1503 855 1782 910 exhibere.

1033 944 1254 999 CAPUT
1293 945 1527 999 XXXIX.

563 1034 630 1089 Ut
652 1035 852 1087 cuidam
873 1035 1064 1087 cellano
1093 1050 1342 1102 apparens
1373 1036 1672 1089 miraculum
1703 1037 2003 1090 declaravit.

579 1125 706 1180 Post
728 1127 839 1182 haec
865 1136 1042 1180 autem
1072 1137 1188 1180 erat
1213 1129 1426 1194 quidam
1458 1129 1715 1187 cellanus.
1760 1131 1921 1183 homo
1952 1131 2066 1190 Dei,

505 1218 728 1286 simplex
767 1226 822 1271 et
848 1227 1046 1280 rectus,
1071 1220 1287 1271 nomine
1315 1219 1675 1282 Dulciolenus,
1709 1217 1758 1271 in
1789 1219 1904 1272 loco
1932 1234 2067 1287 quo-

503 1310 625 1362 dam
652 1325 757 1364 non
785 1309 941 1379 longe
963 1311 1029 1363 ab
1052 1311 1184 1364 urbe
1215 1308 1481 1364 Parisiaca
1503 1325 1871 1373 commanens,
1904 1326 2063 1379 quem

501 1399 689 1454 beatus
717 1398 914 1469 Eligius
938 1402 1062 1454 dum
1093 1408 1367 1473 Superstes
1396 1401 1444 1453 in
1477 1416 1702 1468 corpore
1737 1409 1897 1466 esSet,
1943 1417 2061 1455 cum

454 1527 477 1549 κ
499 1504 559 1543 se
581 1490 952 1558 opportunitas
981 1491 1325 1559 praebuisset,
1359 1491 1664 1556 frequenter
1689 1493 1904 1544 visitare
1930 1506 2058 1546 con-

497 1589 776 1643 sueverat,
818 1581 977 1646 eique
1024 1595 1267 1647 magnam
1296 1581 1716 1636 consolationem
1753 1583 1804 1634 in
1843 1583 2062 1649 quibus—

496 1682 706 1733 cunque
752 1667 1083 1734 indiguisset,
1134 1682 1324 1735 pzrare
1367 1667 1554 1721 solitus
1603 1681 1734 1722 erat.
1770 1671 2057 1739 Postquam

495 1768 624 1820 ergo
652 1756 730 1809 vir
759 1755 946 1810 beatus
984 1757 1051 1810 de
1098 1757 1294 1811 mundo
1341 1759 1605 1825 migravit,
1681 1760 1897 1827 triginta
1951 1764 2058 1816 l‘vre

2177 582 2352 636 cordis
2379 582 2612 649 detexit,
2646 585 2894 640 mandata
2923 589 3116 656 reginas
3142 591 3411 656 indicavit.
3444 605 3608 664 atque
3633 615 3752 653 om-

2175 689 2295 727 nem
2318 675 2367 729 ei
2395 684 2633 729 tenorem
2665 676 2885 732 visionis
2908 684 3175 750 exposuit.
3203 683 3310 739 Nec
3337 701 3509 750 mora,
3542 699 3600 743 et
3630 702 3750 758 post

2174 780 2351 818 rerum
2379 767 2734 821 narrationem
2762 767 3068 826 discedente
3093 776 3362 844 extemplo
3397 777 3568 842 febre,
3603 784 3748 834 sani-

2174 864 2335 910 tatem
2367 858 2639 927 pristinam
2682 862 2902 930 recepit.
2935 863 3133 931 Regina
3166 883 3293 922 vero
3339 887 3444 924 non
3496 874 3746 939 ambigua

2171 951 2237 1002 de
2270 952 2593 1006 confessoris
2621 954 3001 1022 admonitione,
3052 960 3231 1013 omnia
3283 978 3312 1015 a
3355 977 3414 1018 se
3459 965 3746 1021 confestim

2170 1050 2480 1094 ornamenta
2510 1042 2713 1109 rejecit,
2745 1057 2845 1097 nec
2872 1054 3062 1111 praeter
3089 1047 3387 1105 brachiales
3413 1068 3610 1107 aureos
3652 1069 3744 1107 sn-

2171 1145 2265 1198 per
2293 1146 2350 1185 se
2396 1133 2682 1199 quidquam
2729 1147 3162 1193 ornamentorum
3205 1144 3519 1197 reservavit.
3553 1144 3745 1198 Omnia

2169 1222 2346 1289 itaque
2370 1224 2420 1276 in
2451 1224 2802 1295 eleemosynis
2827 1226 3161 1295 dispertiens,
3193 1232 3399 1298 potiora
3429 1249 3664 1303 quzeque
3690 1226 3743 1288 in

2167 1311 2341 1363 crucis
2369 1326 2534 1379 opere
2561 1314 2787 1380 aptavit;
2820 1329 2976 1382 quam
3009 1318 3252 1371 nimirum
3299 1321 3576 1389 eleganter
3623 1341 3747 1392 per-

2167 1398 2349 1453 ticiens
2371 1401 2436 1452 ad
2465 1410 2624 1470 caput
2651 1405 2821 1456 sancti
2845 1403 2992 1472 Eligii
3022 1407 3243 1460 stabiliri
3273 1411 3545 1478 praecepit.
3578 1414 3745 1467 iussit

2166 1498 2422 1556 praeterea
2450 1500 2505 1544 et
2532 1506 2743 1561 crepam
2775 1507 2837 1546 ea.
2871 1508 3000 1548 auro
3046 1504 3206 1564 atque
3244 1509 3465 1566 argento
3512 1503 3746 1555 mirifice

2164 1579 2440 1644 fabricare,
2469 1596 2627 1648 quan.
2653 1597 2810 1652 supra
2843 1586 3163 1641 confessoris
3199 1590 3434 1644 membra
3466 1592 3745 1660 deponere

2167 1671 2383 1724 de’eret
2416 1689 2427 1723 :
2460 1673 2509 1725 in
2540 1688 2646 1742 quo
2673 1689 2838 1744 opere
2868 1679 3138 1744 copiosam
3187 1682 3380 1756 molem
3427 1687 3632 1752 argenti
3689 1696 3744 1738 et

2166 1762 2279 1814 aurj
2307 1762 2417 1829 ipsa
2444 1764 2683 1830 przebuit,
2711 1765 2894 1820 dicens
2926 1785 2937 1820 :
2972 1766 3068 1821 llic
3087 1769 3424 1825 beatissimus
3444 1775 3739 1828 multorum

493 1854 581 1896 aut
610 1857 709 1898 nec
734 1844 959 1913 amplius
987 1844 1247 1900 fluxerant
1275 1847 1387 1900 dies
1408 1861 1574 1914 ,Icum
1597 1851 1773 1904 Subito
1803 1851 1971 1903 eidem
2006 1853 2054 1905 in
2094 1827 2140 1882 Β
2163 1853 2468 1904 sanctarum
2513 1852 2788 1907 fabricavit
2839 1856 3103 1924 sepulcra,
3150 1870 3205 1910 et
3245 1874 3364 1925 ego,
3411 1870 3470 1913 ut
3513 1861 3738 1932 dignum

491 1933 697 1987 visione
739 1943 995 1989 nocturna
1053 1951 1339 2006 apparens,
1388 1933 1564 2006 cmp‘it'
1588 1939 1654 1990 ab
1683 1953 1748 1991 eo
1787 1940 2056 2006 inquirere

490 2024 935 2090 quemadmodum
982 2027 1148 2082 isdem
1196 2025 1656 2095 degeret,.quove
1707 2029 1952 2096 praesidio
1989 2046 2055 2085 eo

487 2117 723 2171 aleretur
750 2117 801 2170 in
845 2126 1116 2185 tempore;
1167 2124 1223 2169 at
1252 2116 1340 2168 ille
1372 2117 1637 2186 supplices
1667 2134 1857 2173 manus
1903 2120 2055 2174 inda-

484 2206 629 2268 ganti
661 2206 994 2274 prmtendeos
1034 2221 1048 2262 :
1083 2206 1249 2270 Bene,
1276 2206 1469 2275 inquit,
1508 2207 1766 2263 hactenus
1794 2211 2054 2266 orationi-

485 2295 584 2347 bus
613 2294 719 2348 tuis
772 2294 1029 2348 consisto.
1057 2293 1122 2348 Et
1164 2302 1355 2363 putans
1395 2310 1516 2349 eum
1557 2297 1832 2351 visibiliter
1870 2313 2052 2352 secum

485 2382 651 2452 loqui,
682 2390 844 2452 atque
869 2399 935 2437 ex
965 2384 1064 2438 hoc
1084 2385 1308 2451 amplius
1339 2386 1537 2453 aliquid
1562 2402 1904 2453 praesumens,
1935 2390 2011 2442 ait
2036 2406 2049 2442 :

487 2475 582 2528 Est
608 2475 738 2528 mihi
779 2475 1043 2530 modicum
1073 2476 1263 2530 falerni
1290 2478 1360 2549 in
1415 2492 1542 2532 vase
1566 2493 1634 2532 ex
1666 2493 1727 2532 ea
1765 2494 1925 2547 quam
1960 2495 2055 2548 per

481 2577 536 2623 te
566 2569 818 2624 Dominus
843 2569 991 2626 dedit
1015 2569 1190 2632 vinea,
1221 2569 1265 2622 si
1284 2568 1459 2636 jubes,
1488 2569 1702 2624 domine
1731 2571 1826 2636 mi,
1855 2572 2052 2640 probe-

479 2675 598 2712 mus
638 2673 704 2712 ex
731 2659 834 2712 hoc
855 2675 881 2711 -:
913 2672 1142 2727 cumque
1168 2658 1220 2712 ei
1260 2659 1479 2714 calicem
1513 2659 1656 2714 visus
1681 2670 1826 2715 esset
1854 2663 2050 2717 offerre
2089 2669 2101 2672 ’

478 2755 728 2814 porrecto
760 2762 883 2800 mox
914 2747 994 2801 vir
1020 2757 1236 2803 sanctus
1264 2764 1422 2804 manu
1452 2749 1729 2805 benedixit
1758 2751 1900 2806 illico
1947 2767 2046 2822 po-

477 2839 678 2901 culum,
719 2836 980 2906 iussitque
1024 2841 1203 2894 statim
1257 2841 1501 2896 eumdem
1555 2842 1839 2899 reinndere
1889 2846 1941 2899 in
1980 2862 2046 2901 eo

477 2938 920 2997 quoexemptum
965 2930 1156 2995 fuerat,
1207 2935 1458 2998 vasculo;
1486 2935 1642 3003 quod
1673 2952 1792 2990 cum
1844 2936 2044 2993 factum

479 3017 682 3084 fuisset,
712 3018 992 3084 confestim
1018 3029 1073 3074 et
1098 3022 1232 3074 visio
1257 3021 1401 3076 dicto
1421 3024 1577 3078 citius
1603 3025 1777 3079 ablata
1805 3035 1905 3081 est.
1938 3027 2047 3081 Ex-

476 3081 807 3178 pergefactus
856 3081 1032 3163 autiam
1075 3113 1375 3184 presbyter,
1422 3123 1903 3185 consternatusque
1951 3120 2112 3215 dc.c

473 3219 617 3258 mum
646 3205 881 3259 surrexit
907 3204 1162 3268 diluculo,
1217 3220 1269 3260 et
1316 3223 1383 3261 ex
1429 3207 1635 3262 visione
1664 3208 1924 3264 sollicitus
1955 3211 2040 3265 in-

475 3296 657 3348 troivit
703 3310 832 3350 mox
875 3296 1174 3350 cubiculum
1206 3297 1291 3351 tibi
1323 3313 1511 3366 parum
1553 3298 1722 3367 pridie
1754 3301 2042 3369 reliquerat

470 3385 659 3441 bacchi
690 3404 706 3441 :
737 3401 968 3456 cumque
995 3392 1210 3444 vascula
1240 3404 1335 3444 sua
1361 3389 1632 3457 sigillatim
1660 3391 1887 3446 sollicite
1912 3407 2042 3448 con-

468 3477 747 3542 sideraret,
781 3481 981 3548 reperit
1007 3479 1227 3533 fortuitu
1260 3488 1478 3533 tunnam
1505 3481 1594 3534 ubi
1625 3483 1916 3549 pauxillum
1944 3485 2038 3536 ha-

467 3569 657 3624 buerat
686 3579 868 3635 antea,
900 3585 1069 3639 usque
1093 3572 1182 3624 ad-
1205 3586 1266 3625 os
1307 3579 1433 3624 tunc
1464 3571 1587 3626 vino
1612 3573 1918 3627 exundante
1958 3587 2039 3627 re-

466 3659 666 3727 pletam
715 3677 730 3712 :
775 3676 842 3714 ex
893 3675 1001 3729 quo
1041 3660 1182 3715 facto
1236 3661 1288 3714 in
1335 3661 1688 3716 admiratione
1727 3678 2034 3731 conversus,

465 3748 620 3802 facile
679 3751 852 3818 potuit
901 3750 1183 3816 advertere
1252 3761 1509 3820 quantum
1579 3753 1883 3808 benedicun
1941 3773 2034 3809 va-

465 3839 598 3894 leret
625 3852 783 3908 quam
817 3837 1014 3908 Eligius
1041 3851 1257 3896 sanctus
1296 3855 1390 3910 per
1413 3842 1695 3909 :enigmata
1726 3844 1886 3898 etiam
1913 3860 2035 3915 pro-

465 3936 655 3983 meret.

1059 3997 1284 4054 CAPUT
1323 3999 1433 4053 XL.

468 4085 537 4140 Ut
563 4087 763 4140 cuidam
792 4087 844 4141 in
879 4089 1071 4154 palatio
1111 4091 1245 4142 visus
1272 4091 1502 4171 reginam
1544 4107 1864 4148 commonere
1902 4113 2034 4163 pra:-

1173 4169 1324 4227 cepit.

532 4245 661 4299 Illud
689 4248 849 4301 etiam
882 4251 1272 4304 annectendum
1300 4250 1524 4314 credidi,
1557 4251 1698 4320 quod
1729 4257 2032 4323 nuperrime

460 4343 583 4403 post
610 4337 814 4390 obitum
839 4354 993 4392 suum
1025 4342 1272 4408 apparuit
1303 4343 1382 4394 vir
1412 4343 1598 4397 beatus
1629 4345 1681 4397 in
1705 4345 1909 4400 visione
1935 4363 2031 4402 no-

458 4427 560 4479 ctis
587 4426 794 4479 cuidam
826 4442 1065 4495 personae
1096 4430 1146 4483 in
1179 4432 1297 4483 aula
1344 4433 1484 4499 regis
1524 4433 1804 4501 habitanti,
1849 4434 1934 4490 cui
1975 4437 2026 4491 in

460 4514 644 4568 habitu
673 4515 981 4584 prmfulgido
1008 4519 1262 4573 assistens
1303 4523 1573 4590 pramepit,
1610 4535 1668 4579 ut
1695 4505 2028 4596 sine‘aliquo

457 4608 796 4662 cunctamine
838 4608 1023 4664 adiens
1053 4612 1290 4679 reginam
1332 4612 2029 4679 Bathildem,-commonere

456 4712 576 4751 eam
602 4699 842 4764 deberet,
871 4715 980 4767 quo
1010 4702 1232 4769 insignia
1262 4706 1374 4758 auri
1407 4721 1840 4776 gemmarumque
1869 4726 2029 4765 orna-

458 4797 656 4853 menta,
687 4792 880 4858 quibus
923 4791 1099 4845 adhuc
1137 4793 1189 4845 in
1237 4795 1380 4847 cultu
1433 4797 1700 4861 utebatur,
1733 4801 1802 4855 ob
1829 4798 2025 4855 Christi

451 4876 562 4943 jam
606 4880 959 4932 reverentiam
1009 4881 1278 4949 deponere
1336 4900 1440 4939 non
1493 4897 1821 4954 gravaretur.
1872 4891 2026 4957 Quod

456 4982 578 5021 cum
609 4966 652 5020 is
680 4967 764 5021 cui
784 4970 988 5036 jussum
1021 4979 1136 5024 erat
1186 4972 1510 5041 negligenter
1551 4977 1758 5032 silendo
1808 4989 2024 5046 preter-

458 5055 624 5120 iissct,
650 5059 898 5126 apparuit
925 5060 1268 5114 nihilominus
1295 5071 1350 5114 et
1376 5075 1530 5119 nocte
1578 5067 1832 5131 secunda,
1859 5076 1946 5136 atq
1959 5083 2022 5122 ue

455 5147 642 5202 eadem
670 5165 787 5218 qua:
819 5150 983 5216 pridie
1012 5153 1196 5208 eadem
1225 5155 1364 5209 serie
1388 5161 1714 5213 commonuit
1742 5177 1754 5213 :
1781 5161 1872 5215 sed
1902 5147 2030 5215 cum.

456 5253 555 5292 nec
601 5249 729 5292 tunc
776 5240 986 5309 quidem
1036 5246 1456 5314 praesumpsisset
1492 5263 1559 5302 ex
1598 5250 1800 5306 visione
1830 5255 2023 5320 regina:

453 5331 742 5400 quidquam
773 5333 1024 5398 indicare,
1057 5339 1210 5392 tertia
1238 5338 1579 5396 nihilominus
1605 5343 1719 5398 vice
1752 5363 1872 5399 cum
1905 5362 2020 5398 ma-

454 5433 555 5487 gna
585 5436 846 5491 apparens
874 5428 1307 5496 comminatione,
1339 5428 1527 5484 eadem
1556 5446 1673 5499 qua:
1702 5438 1846 5503 prius
1871 5453 2020 5490 man-

451 5516 674 5569 daverat
702 5518 1092 5586 ingeminando,
1118 5523 1410 5590 subjunxit,
1435 5539 1661 5591 cumque
1683 5542 1781 5580 nec
1805 5529 1846 5581 si
1867 5529 2020 5598 quid-

451 5622 616 5672 quam
641 5611 834 5677 regina:
861 5611 1081 5667 auderet
1107 5614 1361 5680 indicare,
1388 5618 1578 5671 emissa
1609 5619 1783 5672 subito
1806 5622 2016 5688 Corpori

453 5696 596 5751 febre
642 5702 802 5769 erepit
847 5704 1190 5758 vehementer
1240 5709 1398 5774 angi;
1449 5724 1606 5776 quem
1664 5725 1783 5762 cum
1836 5712 2015 5779 regina

447 5799 803 5857 aegrotantem
839 5794 1099 5862 visitarct,
1146 5811 1334 5855 causas
1381 5800 1709 5870 aegritudinis
1755 5802 2015 5858 sciscitari

2161 1950 2258 2002 est,
2293 1941 2334 1992 si
2362 1942 2617 2008 qttivero,
2646 1943 2913 1998 fabricabo
2946 1946 3058 2014 ejus
3099 1949 3431 2001 memoriam.
3485 1950 3741 2005 Facturu-

2159 2043 2262 2095 que
2287 2037 2368 2082 eSt
2397 2031 2489 2095 ita,
2521 2040 2576 2084 ct
2615 2047 2731 2085 cum
2764 2035 2991 2086 stabilita
3024 2036 3074 2088 in
3107 2036 3278 2090 locum
3308 2040 3495 2093 tumuli
3526 2041 3736 2105 fuisset,

2158 2125 2302 2171 tanta
2335 2119 2585 2191 deinceps
2617 2125 2765 2189 copia
2799 2127 2911 2178 auri
2950 2125 3034 2179 vel
3075 2142 3404 2194 gemmarum
3457 2131 3510 2193 in
3559 2133 3740 2186 ﬁbulis

2157 2221 2220 2261 ac
2243 2209 2464 2264 diversis
2487 2213 2766 2280 speciebus
2795 2230 2823 2267 a
2856 2217 3159 2283 potentibus
3183 2219 3372 2273 eodem
3395 2220 3517 2275 loco
3537 2222 3674 2276 coI'a
3685 2234 3736 2278 ta

2157 2307 2256 2363 est,
2282 2309 2338 2354 ut
2366 2316 2481 2356 eam
2503 2318 2680 2360 sermo
2711 2310 2974 2364 narrantis
3003 2311 3089 2365 vix
3117 2311 3345 2368 sufficiat
3367 2330 3659 2386 exponere.

2729 2415 2956 2472 CAPUT
2983 2405 3127 2474 “xu.

2563 2521 2640 2578 De
2670 2527 2901 2595 sepulcro
2917 2531 3036 2599 ejus
3062 2533 3299 2588 sudante.

2175 2695 2178 2700 λ
2225 2629 2314 2687 llis
2341 2634 2410 2688 ita
2441 2637 2624 2703 gestis,
2658 2654 2773 2694 mos
2813 2651 2930 2695 erat
2975 2653 3032 2698 ut
3067 2644 3254 2701 diebus
3295 2647 3734 2719 Quadragesimae

2153 2730 2367 2788 propter
2396 2722 2655 2790 fulgorem
2683 2729 2797 2781 auri
2830 2730 2912 2782 Vel
2943 2732 3171 2788 nitorem
3195 2749 3527 2803 gemmarum
3559 2744 3735 2810 operi-

2151 2820 2296 2864 retur
2327 2815 2504 2869 tumba
2552 2817 2816 2876 vclamine
2846 2823 3009 2879 linteo
3050 2829 3250 2883 urbane
3278 2842 3473 2886 ornatu
3505 2835 3732 2892 holose-

2148 2899 2279 2950 rico.
2313 2900 2472 2967 Igitur
2502 2903 2830 2974 ingrediente
2873 2913 3287 2983 Quadragesima
3330 2923 3732 2985 praecinxerunt

2147 3001 2360 3055 crepam
2387 2991 2683 3059 hujusmodi
2707 2998 2949 3062 sindone,
2976 3010 3031 3054 ut
3052 3003 3220 3058 moles
3242 3007 3501 3062 radiantis
3525 3014 3730 3067 metalli

2145 3077 2316 3130 velata
2349 3087 2616 3146 tegeretur
2653 3083 2840 3152 diebus
2877 3091 3221 3156 pcenitentltc.
3268 3093 3334 3149 Et
3364 3106 3487 3164 post
3516 3101 3729 3168 aliquot

2145 3166 2259 3221 dies
2276 3166 2513 3236 fortuitu,
2537 3171 2660 3225 dum
2679 3175 2826 3228 multi
2848 3185 3086 3236 astarent
3105 3183 3374 3251 sepulcro,
3404 3166 3725 3243 miraculum

2145 3261 2392 3338 apparuit
2435 3262 2728 3319 inauditum
2763 3284 2778 3321 :
2808 3271 2970 3338 cmpit
3015 3286 3245 3342 namque
3291 3276 3468 3330 subito
3503 3279 3724 3333 linteum

2144 3363 2250 3415 quo
2283 3352 2460 3404 tumba
2488 3353 2798 3420 cingebatur
2817 3358 3033 3424 sudare,
3061 3376 3125 3415 ac
3143 3363 3334 3420 deinde
3355 3368 3728 3439 paulatimque

2144 3437 2406 3507 fumigans
2452 3442 2666 3497 uberius
2701 3461 2824 3500 rore
2862 3446 3035 3503 infuso
3073 3450 3396 3519 humectari;
3426 3459 3572 3523 quod
3600 3437 3714 3515 cun.
3777 3510 3786 3516 .

2141 3529 2549 3586 circumstantes
2575 3534 2967 3613 conspicerent,
3000 3538 3052 3592 in
3094 3556 3286 3610 magno
3325 3548 3572 3613 protinus
3601 3560 3716 3605 stu-

2141 3635 2270 3688 pore
2312 3625 2576 3687 conversi,
2607 3611 2869 3695 magnalia
2914 3628 3108 3685 Christi
3154 3632 3224 3686 ibi
3264 3611 3568 3692 fatebantur
3594 3649 3703 3695 tun.

2142 3709 2272 3764 lieri.
2310 3711 2503 3767 Deinde
2533 3730 2650 3768 cum
2679 3717 2932 3772 disdllare
2959 3732 3242 3777 cernerent
3270 3724 3514 3793 linteum,
3539 3730 3717 3784 visum

2137 3809 2217 3855 est
2242 3804 2538 3857 senioribus
2566 3793 2844 3860 consilium
2873 3810 3151 3876 optimum,
3179 3822 3236 3866 ut
3265 3814 3716 3875 auferenteseum

2135 3907 2166 3944 e
2191 3893 2413 3955 tumulo,
2443 3903 2602 3959 atque
2644 3899 3114 3963 extorquentesin
3161 3902 3398 3967 vasculo,
3439 3906 3617 3972 aliqua
3648 3924 3703 3962 e.‘

2134 3980 2321 4035 eodem
2353 3981 2556 4047 liquore
2586 3994 2960 4052 procuraretur
2999 3987 3260 4043 medicina
3303 3990 3451 4056 fore;
3482 3997 3630 4060 quod
3659 4014 3686 4051 c

2099 4074 2327 4128 .factum
2354 4083 2452 4140 est,
2481 4084 2537 4130 et
2580 4092 2703 4132 mox
2753 4080 2998 4135 tollentes
3038 4085 3464 4151 pnecinctorium
3507 4089 3696 4147 elicue

2131 4173 2256 4220 runt
2285 4167 2336 4219 in
2368 4181 2492 4221 vase
2517 4183 2680 4236 aereo,
2712 4176 2872 4238 atque
2897 4186 2965 4226 ex
2991 4172 3097 4228 hoc
3123 4174 3335 4230 demum
3359 4178 3540 4233 multis
3571 4197 3666 4249 pra

2131 4256 2363 4312 buerunt
2389 4260 2634 4314 sanitatis
2661 4261 2956 4314 antidotum
2988 4280 3002 4314 :
3032 4270 3178 4317 tanta
3201 4265 3396 4336 quippe
3425 4267 3524 4322 fuit
3553 4272 3673 4324 sudc

2147 4344 2220 4394 ris
2252 4343 2389 4396 illius
2416 4346 2648 4408 ubertas,
2677 4355 2735 4398 ut
2762 4346 2924 4399 etiam
2958 4347 3306 4404 holosericum
3337 4354 3541 4409 urbane
3573 4368 3702 4416 tunc

2145 4433 2368 4488 tinctum
2395 4450 2458 4489 ex
2487 4437 2646 4491 nimia
2674 4435 2811 4492 roris
2840 4438 3104 4494 infusione
3132 4443 3400 4512 proprium
3429 4447 3705 4504 amitteret

2059 4510 2105 4569 ί)
2144 4527 2398 4591 colorem,
2429 4527 2761 4597 linteumque
2789 4531 2888 4584 sibi
2919 4547 3218 4588 connexum
3252 4535 3431 4591 colore
3461 4539 3705 4595 inliceret

2143 4633 2259 4673 suo.
2295 4618 2480 4688 Itaque
2523 4620 2697 4674 simile
2731 4620 2858 4676 huic
2889 4627 3035 4691 operi
3067 4625 3335 4681 Gedeonis
3371 4628 3570 4684 factum
3615 4633 3702 4685 in-

2141 4720 2325 4774 tueor;
2357 4711 2429 4781 ibi
2459 4711 2655 4766 etenim
2687 4727 2774 4766 ros
2801 4713 2852 4766 in
2875 4713 3071 4769 vellere
3095 4731 3161 4771 ex
3186 4717 3363 4770 divina
3387 4723 3700 4786 praestantia

2139 4802 2204 4855 ad
2248 4803 2502 4856 indicium
2545 4805 2783 4871 rogantis
2827 4804 3036 4860 infusus
3069 4816 3186 4870 est;
3222 4808 3314 4862 hic
3348 4810 3701 4868 nihilominus

2138 4890 2337 4945 infusio
2361 4893 2554 4947 divine
2579 4894 2795 4948 virtutis
2821 4895 2887 4949 ad
2914 4897 3163 4951 sanitatis
3184 4899 3478 4953 remedium
3504 4903 3696 4957 collata

2140 4991 2249 5043 est;
2293 4983 2399 5035 illic
2442 4984 2644 5037 concha
2682 4987 2875 5041 vellere
2913 5002 3170 5055 expresso
3207 5002 3328 5044 rore
3365 4991 3696 5060 completur;

2143 5074 2230 5128 hic
2276 5074 2531 5127 nimirum
2586 5077 2803 5132 linteum
2861 5079 2912 5132 in
2965 5079 3170 5132 concha
3221 5096 3575 5150 expressum.
3628 5086 3695 5138 ad

2138 5167 2360 5218 duorum
2395 5165 2506 5219 fere
2539 5169 2893 5223 sextariorum
2930 5182 3232 5225 mensuram
3268 5173 3444 5242 liquor
3473 5184 3696 5230 sanctus

2138 5258 2364 5315 elicitur.

2704 5349 2927 5406 CAPUT
2966 5351 3123 5406 XLII.

2456 5443 2528 5497 De
2556 5443 2809 5496 medicina
2834 5459 2897 5497 ex
2926 5445 3124 5512 liquore
3146 5445 3370 5511 provisa.

2215 5535 2449 5590 Dcnioue
2492 5552 2556 5589 eo
2599 5547 2836 5593 tempore
2879 5539 3124 5592 vastabat
3169 5539 3386 5592 morbus
3428 5539 3691 5592 acerrime

2141 5638 2424 5690 nonnullas
2451 5636 2691 5691 civitates
2719 5636 2978 5696 Francia,
3004 5630 3426 5686 unde'divinitus
3451 5631 3688 5700 pmdicti

2143 5727 2358 5794 liquoris
2382 5727 2620 5780 fomitem
2645 5727 2942 5795 praestitum
2966 5725 3233 5778 credimus
3255 5737 3392 5785 esse,
3413 5724 3548 5776 adeo
3569 5733 3622 5775 ut
3643 5726 3690 5777 si

2142 5823 2261 5889 quis
2294 5831 2415 5876 tunc
2445 5822 2724 5892 ingruente
2753 5819 2936 5875 inorbo
2963 5817 3150 5874 mortis
3179 5820 3458 5888 pateretur
3480 5818 3690 5885 pericu-
