3934 6228
525 386 627 441 575

1753 408 1807 460 S.
1852 405 2052 460 ELIGII
2092 404 2368 459 NUVIOM.
2414 405 2622 461 EPISC.
3640 401 3731 457 5Τὶ

524 517 773 584 Eligium,
802 518 954 585 eique
982 518 1143 570 multa
1170 518 1479 585 deplorans,
1502 534 1714 570 causam
1748 523 1882 571 hanc
1928 534 2071 571 com-
2102 521 2147 575 Δ
2240 516 2447 572 Interea
2491 520 2941 587 appr-epinquante
2983 520 3068 574 die
3109 519 3451 588 depositionis
3481 519 3601 586 ejus
3632 534 3725 569 ειιι-

524 610 807 661 tueltdavit.
854 610 983 661 Cum
1030 623 1158 676 ergo
1203 610 1482 675 prmdictus
1531 623 1698 676 equus
1725 610 1789 661 ad
1818 608 2074 663 ditionem

521 701 749 768 episcOpi
776 700 957 752 fuisset
987 699 1284 766 perductus,
1314 700 1474 767 C(Bpil
1500 700 1675 752 statim
1702 702 1918 768 pedibus
1940 716 2075 755 con-

517 789 717 852 dnlere,
748 804 809 843 ac
841 799 952 841 toto
978 804 1202 856 corpore
1232 800 1591 847 marcescente
1630 791 1905 848 tabescens
1926 794 2071 849 deci-

518 877 645 930 dere
675 898 685 930 :
715 887 837 931 tum:
862 880 1141 945 episcopus
1170 879 1403 933 adhibito
1439 881 1811 947 mulomedico,
1838 884 1995 952 jussit
2022 887 2072 940 ei

513 967 743 1020 studium
792 968 1117 1034 impendere,
1162 985 1266 1036 quo
1302 970 1503 1025 scilicet
1553 974 1730 1027 sanari
1770 977 2071 1043 potuisset:

512 1055 605 1107 sed
631 1056 869 1123 quamvis
898 1058 945 1109 ci
974 1072 1097 1109 cura
1127 1057 1307 1111 sedule
1332 1058 1743 1127 impenderetur,
1767 1064 1891 1117 nihil
1921 1080 2074 1131 pror-

511 1161 602 1199 sus
650 1146 909 1214 proﬁcere
954 1155 1162 1214 poterat
1192 1166 1205 1202 :
1240 1151 1454 1219 insuper
1501 1154 1660 1206 etiam
1706 1169 1825 1207 cum
1855 1154 1920 1207 ad
1949 1170 2069 1209 eum

510 1234 699 1300 aliquis
725 1236 1059 1302 accessisset,
1088 1238 1252 1292 veluti
1280 1238 1391 1293 fera
1418 1243 1640 1307 agrestis
1676 1244 1727 1296 in
1757 1243 1992 1299 fremitus
2017 1253 2072 1300 et

508 1325 681 1380 calces
708 1327 1005 1393 prosiliens,
1039 1328 1236 1383 laniare
1263 1341 1563 1385 curatorem
1592 1349 1746 1387 suum
1776 1335 2059 1389 nitebatur.

507 1416 742 1484 Cumque
765 1416 879 1471 haec
902 1432 996 1486 per
1016 1419 1129 1473 dies
1152 1419 1406 1487 plurimos
1424 1420 1639 1485 faceret,
1664 1423 1934 1477 nullatenu
1963 1440 2067 1491 que

506 1506 894 1572 melioraretur,
940 1508 1149 1571 tandem
1194 1523 1384 1562 verens
1426 1511 1701 1578 episcopus
1740 1526 1807 1567 ne
1852 1528 1993 1575 eum,
2023 1516 2066 1568 si

505 1598 605 1650 hoc
635 1599 684 1650 in
716 1598 950 1661 periculo
980 1609 1337 1666 permaneret,
1372 1608 1535 1654 totum
1567 1602 1830 1670 perderet,
1857 1606 2063 1660 cuidam

504 1687 648 1739 illum
674 1700 927 1740 matrona:
956 1688 1054 1742 sibi
1085 1689 1292 1743 dilectae
1318 1690 1441 1742 doni
1469 1692 1879 1771 gratiapbluh‘t,
1906 1710 2062 1761 quem

502 1776 587 1829 illa
617 1784 892 1843 acceptum
927 1778 1158 1845 diligenti
1186 1794 1307 1833 cura
1337 1780 1555 1835 stutiiari
1583 1783 1723 1837 fecit.
1755 1785 1916 1849 Cujus
1940 1801 2058 1838 cum

2179 606 2341 671 nuali,
2392 609 2647 673 parabant
2692 608 2936 674 equidem
2983 608 3125 662 cives
3180 609 3634 676 quemadmodum
3683 609 3731 661 ei

2178 696 2518 752 honoriﬁcam
2597 697 2831 752 Iacerent
2910 700 3323 754 translationem.
3393 698 3736 767 Pimparabat

2175 789 2333 842 etiam
2379 789 2556 855 regina
2604 788 2915 842 vestimenta
2961 789 3135 840 omnia
3165 789 3463 841 holoserica
3509 788 3733 841 nimium

2175 879 2434 946 pretiosa,
2470 888 2528 929 ut
2550 890 2671 931 eum
2698 877 2747 931 in
2775 876 2860 931 die
2890 877 3362 943 transmigrationis
3388 884 3619 931 exueret
3648 876 3737 929 illa

2174 979 2291 1033 quae
2317 965 2509 1018 dudum
2538 980 2658 1019 cum
2686 980 2751 1019 eo
2796 966 3010 1020 miserat
3039 966 3361 1030 indumenta,
3391 975 3447 1022 et
3487 968 3737 1021 indueret

2172 1070 2235 1109 ea
2264 1069 2381 1121 quae
2410 1062 2535 1109 tunc
2561 1055 2891 1123 praeparabat
2924 1070 3081 1108 nova.
3110 1056 3273 1124 Igitur
3300 1072 3419 1111 cum
3447 1071 3596 1111 anno
3622 1056 3733 1123 jam

2173 1155 2412 1200 vertente
2454 1145 2569 1199 dies
2596 1144 2940 1213 depositionis
2968 1150 3082 1212 ejus
3117 1145 3433 1209 advenisset,
3474 1148 3736 1201 convenit

2171 1236 2224 1289 in
2252 1236 2503 1305 oppidum
2545 1236 2760 1305 copiosa
2807 1235 2983 1303 populi
3032 1236 3242 1289 multitu
3264 1238 3347 1301 lo,
3379 1245 3504 1291 tunc
3533 1244 3733 1291 cuncto

2170 1326 2313 1380 clero
2340 1318 2540 1381 canore
2561 1328 2708 1381 vocis
2730 1326 3032 1381 celebrante
3051 1328 3357 1393 melodiam,
3375 1328 3735 1395 omnibusque

2168 1418 2479 1478 Christianis
2509 1418 2870 1472 insistentibus
2897 1419 3155 1482 excubiis,
3184 1420 3357 1474 ablata
3386 1429 3468 1474 est
3490 1436 3620 1475 cum
3649 1420 3732 1472 di-

2167 1508 2380 1577 ligentia
2410 1510 2592 1563 tumba
2620 1510 2847 1578 desuper
2870 1508 3189 1565 confessoris
3219 1517 3455 1566 membra
3488 1529 3502 1564 :
3536 1514 3736 1566 deinde

2166 1614 2287 1652 cum
2313 1608 2456 1653 esset
2486 1599 2714 1653 levatum
2744 1601 2927 1654 tumuli
2956 1601 3282 1665 orertorium
3301 1642 3316 1662 ,
3347 1615 3602 1667 magnum
3630 1602 3734 1655 cir-

2165 1688 2550 1741 cumstantibus
2577 1687 2746 1742 visum
2776 1698 2856 1742 est
2885 1690 3229 1753 miraculum;
3264 1704 3383 1743 nam
3413 1692 3498 1744 ubi
3531 1692 3733 1744 revela.

2168 1786 2287 1829 tum.
2306 1777 2477 1830 fuerat
2503 1793 2698 1845 corpus
2724 1786 2997 1841 sanctum,
3023 1778 3155 1831 odor
3181 1779 3434 1833 continuo
3473 1778 3735 1863 fragravit

499 1866 714 1918 dorsum
744 1866 829 1920 die
858 1869 1078 1936 quadam
1126 1869 1226 1921 iter
1262 1870 1520 1938 arripiens
1551 1872 1853 1933 incedisset,
1879 1862 2049 1928 statim

2161 1864 2517 1929 gratissimus;
2549 1865 2797 1943 quodque
2841 1866 2912 1918 ita
2957 1874 3071 1919 erat
3100 1866 3327 1920 solidum
3357 1876 3411 1920 et
3441 1852 3729 1927 illibatum,

498 1957 728 2011 calcibus
769 1967 822 2012 et
867 1959 1177 2013 stridoribus
1210 1960 1480 2014 immensis
1507 1971 1656 2016 actus
1682 1965 1912 2031 graviter
1938 1981 2055 2019 eam

498 2048 548 2100 in
577 2056 768 2101 terram
820 2048 1035 2108 collisit.
1068 2050 1119 2101 in
1150 2058 1353 2101 tantum
1389 2051 1638 2117 graviter,
1684 2062 1739 2104 ut
1769 2069 1862 2121 per
1889 2064 2055 2109 totum

494 2137 605 2190 fere
648 2154 843 2190 annum
891 2138 1078 2191 eadem
1133 2142 1575 2207 conquassatione
1621 2142 1867 2199 laborans
1915 2161 2055 2213 (egra

490 2225 833 2280 decumberet
866 2240 879 2277 :
912 2241 1030 2293 qua:
1064 2227 1305 2280 nimirum
1338 2227 1527 2283 femina
1570 2247 1689 2285 cum
1734 2248 1791 2288 se
1836 2237 2057 2292 sentiret

494 2315 837 2368 vehementer
861 2315 1155 2381 aggravari,
1180 2318 1383 2369 remisit
1410 2319 1660 2389 episcopo
1701 2336 1857 2389 quem
1888 2325 1989 2377 ded
2026 2352 2054 2366 ο

489 2413 573 2456 rat
598 2418 815 2470 equum.
847 2412 900 2457 et
928 2418 1045 2456 cum
1074 2420 1139 2458 eo
1170 2407 1366 2473 pariter
1395 2424 1488 2475 pro
1517 2426 1735 2466 nmnere
1763 2415 2051 2468 exacerba-

490 2494 707 2561 tionem,
739 2512 801 2549 ac
830 2513 927 2566 pro
954 2501 1244 2567 gratiarum
1274 2503 1479 2556 actione
1508 2506 1700 2573 probra
1740 2508 2008 2563 manlavit
2035 2527 2049 2563 :

488 2597 645 2651 quem
672 2586 957 2655 episcopus
995 2600 1269 2658 receptum
1300 2608 1429 2647 rurs'
1454 2608 1481 2646 s
1518 2595 1735 2664 diligere
1758 2598 1932 2665 jussit,
1961 2603 2052 2656 sed

486 2682 673 2727 cuncta
722 2676 837 2744 ejus
874 2678 1142 2745 diligentia
1191 2681 1240 2734 in
1289 2698 1495 2738 cassum
1539 2690 1968 2753 consumebatur,
1999 2701 2052 2747 et

485 2771 741 2830 quantum
771 2765 885 2830 plus
907 2781 1033 2820 cura
1056 2770 1421 2836 adhibebatur,
1451 2786 1651 2832 tantum
1673 2794 1886 2850 semper
1911 2784 2049 2839 idem

490 2851 540 2902 in
571 2852 724 2919 pejus
750 2854 1109 2912 delabebatur.
1156 2860 1284 2915 Post
1325 2864 1436 2919 huic
1465 2881 1641 2923 autem
1687 2872 1891 2925 exstitit
1936 2875 2050 2940 qui-

487 2938 608 2991 dam
647 2944 922 3013 presbyter
951 2949 1247 3016 religiosus,
1278 2955 1368 3020 qui
1396 2954 1546 3007 daret
1576 2960 1828 3026 episcopo
1870 2938 2048 3015 consi-

486 3026 633 3093 lium,
680 3041 942 3098 quatenus
986 3036 1208 3103 videret,
1257 3055 1377 3092 cum
1424 3042 1550 3094 nihil
1606 3046 1741 3113 apud
1784 3062 1843 3100 se
1871 3058 2047 3115 posset

482 3134 649 3186 equus
696 3124 979 3189 proiicere,
1025 3126 1271 3183 redderet
1317 3127 1461 3184 illum
1509 3134 1680 3189 cidem
1723 3136 1920 3205 abbati,
1960 3143 2044 3195 cui

482 3207 680 3261 dudum
705 3210 896 3277 injuste
918 3212 1123 3268 ablatus
1149 3215 1365 3282 fuisset;
1397 3228 1449 3273 et
1476 3236 1594 3274 cum
1618 3224 1909 3279 secundum
1931 3228 2065 3294 ejus,

484 3298 761 3350 consilium
785 3299 977 3354 factum
1001 3314 1162 3368 esset,
1186 3315 1306 3374 post
1336 3325 1530 3377 paucos
1552 3311 1662 3367 dies
1691 3330 1853 3370 s-mus
1876 3316 2046 3374 factus

482 3400 669 3454 equus,
693 3402 757 3442 ac
784 3394 1236 3450 mansuetissimus
1259 3399 1513 3463 redditus,
1536 3404 1635 3456 sub
1656 3404 1779 3473 jure
1805 3407 2042 3477 ejusdem

481 3474 683 3530 abbatis
710 3484 1005 3547 permansit;
1028 3486 1171 3539 omni
1199 3486 1363 3540 forma
1387 3490 1633 3546 decorus.

1031 3592 1252 3649 CAPUT
1294 3597 1494 3653 XLVII.
1942 3602 1969 3627 ‘

602 3694 679 3748 De
704 3698 963 3752 miraculis
992 3700 1043 3752 ia
1074 3705 1521 3784 transmigratione
1549 3711 1779 3775 corporis
1801 3715 1913 3782 ejus

1133 3783 1367 3826 051813818.

549 3876 640 3930 llis
670 3879 739 3933 ita
788 3880 968 3946 gestis,
1000 3896 1119 3935 cum
1167 3875 1359 3952 corpus
1404 3884 1547 3941 beati
1590 3888 1737 3958 Eligii
1778 3892 1829 3945 in
1878 3893 2041 3947 latere

478 3968 659 4021 altaris
688 3977 829 4021 esset
874 3971 1161 4036 sepultum,
1206 3974 1370 4049 visu’m
1400 3984 1484 4029 est
1527 3986 1779 4047 episcopo
1808 3990 1861 4034 et
1898 3984 2038 4050 regi-

480 4072 558 4110 na:
586 4057 865 4110 consilium
895 4060 1177 4126 Optimum,
1210 4069 1268 4114 ut
1294 4061 1554 4117 mdiﬁcata
1585 4066 1722 4119 ultra
1749 4068 1915 4123 altare
1942 4085 2039 4123 vo—

478 4146 696 4209 liitione,
739 4148 844 4201 illic
873 4148 921 4201 ei
950 4147 1162 4202 demmn
1203 4153 1519 4219 condignam
1548 4154 1782 4209 facerent
1804 4155 2037 4211 transla-

480 4237 695 4290 tiOnem.
727 4238 961 4306 Cumque
1006 4240 1305 4307 hujnsmodi
1337 4243 1614 4297 consilium
1644 4254 1820 4299 mente
1847 4260 2038 4300 conce-

476 4335 624 4393 ptum
673 4327 778 4380 illic
820 4343 914 4381 acc
950 4329 1187 4391 rsisseut,
1232 4339 1285 4383 ct
1329 4333 1557 4397 qualiter
1597 4332 1648 4386 id
1677 4332 1789 4387 fieri
1817 4334 2038 4388 deberet

475 4416 835 4482 diSponerent,
858 4420 1293 4483 apparuitsubito
1317 4422 1365 4471 in
1399 4423 1599 4489 pariete
1644 4424 1783 4477 circa
1816 4423 2035 4477 vitream

478 4507 761 4559 maximam
784 4508 945 4560 veluti
975 4523 1128 4561 arcus
1151 4510 1199 4561 in
1225 4510 1450 4564 rotundo
1473 4525 1731 4582 prterupta
1754 4515 2035 4568 imminens
2066 4524 2112 4582 ι)

475 4593 727 4660 criptura,
780 4602 834 4645 ut
878 4594 1075 4660 liquido
1120 4596 1324 4649 cunctis
1372 4609 1667 4665 patesceret
1697 4602 1787 4655 Dei
1828 4603 1877 4657 id
1906 4611 2034 4657 nutu

478 4682 590 4737 ﬁeri
619 4686 757 4752 quod
790 4684 1148 4753 disponerent,
1184 4702 1245 4741 ac
1276 4703 1372 4756 per
1400 4705 1519 4743 eum
1554 4692 1723 4745 locum
1753 4695 2035 4748 maceriam

477 4777 669 4830 debere
716 4787 970 4841 evertere,
1014 4795 1119 4845 quo
1166 4782 1410 4837 nimirum
1462 4785 1698 4839 viderent
1747 4789 1845 4842 hoc
1901 4806 2035 4860 opus

476 4868 762 4934 (-ripturam
791 4872 991 4937 prgcire.
1024 4871 1146 4925 IIa‘c
1174 4888 1299 4941 ergo
1329 4892 1445 4929 cum
1478 4893 1663 4946 magna
1688 4881 2035 4937 admiratione

480 4958 707 5010 universi
748 4969 1044 5024 cernentes,
1076 4962 1280 5015 meritis
1317 4967 1561 5021 antistitis
1615 4970 1936 5025 voluntatem
1968 4989 2034 5027 ex

478 5039 599 5098 boc'
627 5046 923 5101 fatebantur
972 5052 1305 5106 Salvatoris:
1348 5056 1535 5111 deimle
1572 5059 1682 5126 jam
1732 5061 1829 5113 hac
1870 5066 2034 5115 conli-

477 5137 653 5190 dentia
684 5142 807 5201 acti,
839 5156 955 5191 cum
986 5154 1305 5196 conarentur
1348 5149 1601 5212 parietem
1634 5165 1697 5203 eo
1729 5152 1779 5203 in
1809 5152 1925 5206 loco
1956 5152 2033 5206 fo-

480 5240 598 5278 rare
627 5236 683 5278 ut
713 5216 1011 5295 praedictum
1052 5247 1181 5299 Opus
1229 5244 1441 5301 possent
1485 5240 1755 5302 perlicere,
1806 5241 1874 5293 ita
1918 5259 2033 5295 sese

477 5325 665 5382 sponte
704 5306 1127 5393 absqueiﬁ‘o‘rum
1179 5323 1357 5375 labore
1408 5326 1457 5375 in
1504 5327 1757 5381 directmn
1803 5334 2032 5385 maceria

480 5405 638 5465 Indit.
672 5412 729 5456 ut
771 5422 867 5458 nec
915 5408 1180 5462 hominem
1227 5413 1386 5463 ullum
1439 5430 1537 5467 nec
1588 5417 1751 5483 ipsam
1805 5421 2033 5490 denique

480 5494 733 5553 tumbam.
757 5509 872 5561 quae
892 5496 939 5549 ei
968 5508 1080 5550 erat
1100 5502 1365 5569 contigua,
1391 5502 1653 5558 ullatenus
1682 5508 1895 5564 laederet
1914 5527 2033 5565 cor-

480 5588 677 5639 ruentis
701 5590 869 5641 ruina.
901 5589 988 5642 Sic
1020 5592 1175 5657 igitur
1199 5609 1315 5647 cum
1349 5598 1599 5651 antistitis
1630 5602 1870 5666 prmsidio
1902 5621 2031 5671 npns

480 5677 847 5739 aggredientes
865 5689 1123 5747 Optatum,
1146 5684 1358 5750 dignum
1383 5687 1538 5739 beato
1564 5689 1850 5745 confessori
1874 5702 2030 5763 atque

486 5761 788 5825 bonorabile
817 5779 1223 5828 construxerunt
1250 5778 1537 5832 mausolcui
1564 5796 1595 5830 ι.

2158 1954 2359 2021 absque
2387 1955 2543 2010 uilius
2568 1958 2926 2011 membrorum
2955 1957 3306 2013 diminutione
3332 1959 3728 2027 incorruptum.

2160 2056 2215 2098 ut
2263 2046 2442 2100 vivere
2482 2048 2653 2102 adhuc
2701 2057 2975 2116 putaretur
3004 2049 3055 2102 in
3093 2050 3336 2113 tumulo;
3377 2058 3432 2101 et
3474 2049 3621 2117 quod
3652 2051 3737 2103 bis

2158 2135 2331 2187 adhue
2361 2148 2441 2190 est
2472 2138 2840 2199 venerabilius,
2874 2138 2943 2191 ita
2985 2138 3145 2192 barba
3174 2148 3227 2191 et
3272 2138 3447 2207 capilli
3493 2139 3613 2204 ejus
3637 2141 3730 2205 qui

2157 2231 2393 2293 tempore
2420 2226 2596 2279 obitus
2624 2228 2703 2280 sui
2725 2228 2875 2295 juxta
2909 2243 3112 2281 morem
3154 2217 3367 2280 fuerant
3392 2228 3595 2293 abrasi,
3628 2236 3727 2280 mt-

2154 2326 2267 2363 rum
2299 2312 2349 2363 in
2373 2312 2583 2365 modum
2611 2322 2888 2368 creverant
2911 2314 2963 2367 in
2991 2315 3211 2376 tumulo,
3230 2318 3477 2369 utcuacti
3502 2317 3617 2369 haec
3647 2319 3725 2367 vi-

2153 2400 2338 2454 dentes
2364 2417 2552 2454 novum
2583 2403 2979 2473 inauditamque
3000 2405 3439 2473 obstupescerent
3460 2408 3537 2459 rei
3560 2417 3727 2473 gesta:

2153 2490 2487 2546 miraculum.
2530 2492 2677 2547 'I‘unc
2717 2494 2950 2563 episcopi
2980 2510 3099 2549 cum
3132 2504 3363 2550 tremore
3410 2511 3608 2564 magno
3647 2499 3727 2550 le-

2151 2588 2339 2634 vantes
2368 2596 2489 2633 cum
2528 2582 2596 2635 de
2640 2582 2862 2647 tumulo,
2892 2583 3205 2637 vestimenta
3241 2586 3289 2638 ei
3335 2586 3726 2654 pretiosissima

2151 2684 2265 2737 que
2291 2672 2470 2738 regina
2500 2684 2798 2740 paraverat,
2824 2686 3161 2730 mutaverunt
3187 2679 3389 2746 omnia,
3413 2694 3476 2734 ea
3504 2694 3727 2748 quoque

2056 2762 2075 2771 '
2122 2748 2345 2825 ‘quibus
2389 2761 2585 2815 dudum
2634 2764 2877 2819 obtectus
2918 2765 3091 2819 Inerat
3134 2768 3376 2820 eumdem
3425 2781 3722 2835 ementes,

2149 2861 2267 2902 cum
2299 2865 2486 2919 magna
2511 2852 2779 2920 diligentia
2800 2855 3161 2924 deposuerunt
3179 2858 3277 2910 sub
3297 2858 3486 2926 sigillis
3510 2875 3524 2910 :
3550 2874 3618 2913 ac
3646 2860 3726 2915 sic

2148 2935 2359 2991 demum
2411 2952 2769 3011 concrepante
2808 2945 2930 2998 hinc
2973 2947 3093 2999 inde
3138 2946 3303 3000 choro
3350 2949 3722 3014 psallentium,

2147 3025 2506 3094 cymbalisque
2556 3030 2919 3097 spiritualibus
2971 3034 3459 3101 prrstrepentibus,
3514 3049 3720 3089 canora

2148 3114 2361 3182 organis
2398 3116 2652 3183 suavique
2679 3118 3036 3173 modulatione
3063 3121 3497 3187 concinentibus,
3534 3137 3567 3175 a
3599 3126 3723 3178 loco

2146 3214 2251 3269 quo
2275 3203 2516 3269 jac-uerat
2542 3206 2622 3258 vir
2648 3219 2861 3264 sanctus
2884 3216 3011 3264 tunc
3037 3224 3217 3264 coram
3242 3212 3447 3266 cunctis
3490 3212 3721 3267 submo-

2150 3300 2252 3357 tus,
2299 3308 2421 3346 cum
2470 3309 2679 3350 summo
2726 3307 2780 3350 ct
2825 3298 3119 3355 honoriﬁco
3168 3301 3345 3357 studio
3388 3304 3717 3372 deponitur.

2146 3388 2305 3448 atque
2334 3381 2386 3431 in
2420 3392 2718 3449 praeparato
2743 3385 2842 3439 sibi
2878 3389 3123 3455 sepulcro
3151 3391 3348 3445 urbane
3372 3402 3428 3445 ut
3457 3393 3719 3461 decebat,

2143 3462 2479 3536 componitur
2501 3480 2713 3526 auertite
2743 3477 3011 3530 memoria:
3040 3482 3348 3538 servandus.
3372 3481 3719 3553 ampliusque

2142 3559 2377 3624 quotidie
2407 3561 2850 3620 honoriticandus.
2896 3568 2998 3623 Sed
3038 3571 3229 3639 quibus
3260 3582 3378 3641 post
3402 3574 3522 3629 hac
3552 3579 3721 3630 mira-

2140 3649 2379 3704 culorum
2426 3652 2682 3708 eli‘nlserit
2723 3658 2923 3725 signis,
2966 3676 3106 3715 nunc
3158 3663 3201 3717 si
3246 3679 3429 3719 aurem
3475 3667 3716 3724 sollicite

2140 3742 2567 3809 accommodatis,
2597 3749 2945 3814 opportunius
2968 3752 3151 3806 audire
3180 3756 3422 3822 potestis.

2667 3876 2891 3930 CAPUT
2931 3879 3157 3934 XLVIII.

2536 3983 2613 4034 De
2634 3986 2799 4048 ca'cis,
2830 3995 2876 4037 et
2900 3988 3069 4055 puella
3095 3998 3299 4042 sanata.

2208 4089 2321 4142 Duo
2368 4105 2594 4157 namque
2633 4095 2777 4157 casei,
2827 4112 2961 4149 unus
2985 4097 3377 4163 juvenilimvo,
3408 4101 3551 4155 alter
3585 4102 3704 4171 jam

2137 4190 2400 4244 provecta:
2425 4183 2615 4247 aetatis,
2647 4185 2844 4252 aliqnoa
2884 4188 2985 4239 iIIic
3015 4187 3200 4243 diebus
3237 4191 3587 4256 excubantes,
3624 4195 3708 4248 in-

2138 4268 2443 4322 tercedente
2473 4271 2777 4326 confessore
2806 4275 2997 4328 Christi
3036 4277 3341 4342 illuminatt,
3378 4296 3609 4350 «altique
3638 4285 3707 4337 ad

2136 4357 2343 4424 propria
2374 4369 2497 4413 sunt
2526 4364 2740 4415 reversi.
2774 4362 2951 4417 Puella
2989 4368 3229 4434 quaedam
3264 4370 3313 4423 in
3342 4375 3493 4429 annis
3526 4373 3707 4430 adhuc

2137 4453 2339 4513 tenera,
2368 4459 2420 4503 et
2441 4460 2707 4505 contracta
2732 4454 2841 4515 diu,
2874 4455 2943 4508 ibi
2973 4457 3091 4511 oleo
3120 4460 3261 4526 quod
3290 4464 3700 4531 superfunditur

2138 4549 2412 4606 peruncta,
2443 4552 2630 4595 orante
2672 4542 2975 4600 confessore
3012 4547 3217 4602 Domini
3247 4565 3373 4603 sana
3402 4561 3483 4606 est
3535 4554 3697 4610 facta.

2136 4626 2282 4683 Alius
2309 4628 2487 4683 itidem
2516 4632 2596 4683 vir
2624 4630 2748 4684 bino
2776 4634 2963 4701 capitis
3005 4636 3246 4691 Iuminari
3278 4640 3540 4707 privatus,
3575 4660 3699 4699 cum

2135 4712 2242 4769 illic
2265 4714 2353 4769 diu
2381 4720 2669 4770 excubaret
2695 4710 2936 4784 devotus,
2970 4720 3168 4778 lumine
3207 4726 3417 4779 tandem
3449 4741 3699 4797 recepto.

2133 4818 2294 4858 sanus
2322 4805 2533 4859 demum
2561 4805 2625 4859 ad
2664 4807 2837 4861 locum
2866 4825 3018 4865 suum
3046 4810 3306 4868 discessit.
3333 4815 3438 4869 Sed
3470 4832 3541 4871 ne
3569 4821 3697 4874 dum

2134 4899 2249 4955 aliis
2275 4910 2551 4970 tantopere
2574 4917 2818 4958 sermone
2833 4906 3105 4961 succincte
3121 4906 3429 4971 festinamus
3452 4912 3692 4980 placere,

2134 4992 2262 5046 alios
2290 5008 2383 5060 pro
2411 4995 2519 5058 ipsa
2546 4993 2894 5061 perplexitate
2908 4989 3081 5050 rerum
3096 4995 3372 5053 videamur
3391 5000 3692 5069 oII'endere,

2134 5082 2328 5147 aliquid
2355 5082 2559 5133 interim
2583 5082 2739 5136 latius
2766 5084 3158 5151 propagandum
3186 5094 3287 5153 est,
3316 5103 3385 5143 ne
3410 5089 3694 5147 videamus

2133 5170 2415 5237 quilquam
2441 5172 2649 5224 veritati
2679 5172 3011 5225 subtrahere.

2694 5301 2917 5356 CAPUT
2947 5302 3126 5357 XLIX.

2438 5416 2510 5469 De
2540 5417 2785 5471 miraculo
2814 5419 2865 5471 in
2891 5420 3155 5473 cecinditlo
3174 5428 3393 5476 ostento.

2201 5520 2339 5575 Inter
2382 5532 2573 5577 caetera
2605 5540 2818 5593 quoque
2858 5542 2974 5594 qua:
3025 5527 3133 5580 illic
3180 5542 3247 5582 ex
3292 5529 3471 5585 divina
3512 5534 3688 5601 gratia

2134 5611 2546 5677 inoperabantur
2594 5616 2871 5680 miracula,
2919 5615 3228 5673 cecindillus
3274 5621 3361 5687 qui
3408 5622 3475 5674 ad
3521 5633 3690 5691 caput

2134 5701 2270 5752 beati
2299 5702 2394 5753 viri
2426 5702 2757 5769 dependebat
2784 5720 2903 5758 cum
2931 5704 3017 5759 die
3054 5709 3277 5775 quadam
3308 5724 3444 5777 pene
3464 5722 3687 5767 consta-

2132 5801 2209 5846 ret
2238 5793 2589 5861 scmivacuus,
2621 5807 2837 5865 repente
2863 5798 3030 5853 subita
3056 5799 3397 5858 inundatione
3422 5804 3683 5875 repletus,
