3912 6338
179 427 280 477 577

1685 398 1863 453 VITA.

3306 388 3410 444 578

178 548 336 604 atque
359 547 428 587 ex
473 538 760 596 semetipso
801 524 1056 578 divinitus
1097 519 1296 573 lumine
1334 516 1585 584 gignente
1643 526 1735 565 ac-
1765 519 1809 571 Α
1841 511 2116 577 largiente,
2152 510 2378 564 reddidit
2408 508 2730 562 soliditatem
2763 508 2816 560 in
2865 504 3128 559 universis
3153 504 3406 558 membris

177 599 390 684 censis,
429 619 746 689 plerumque
785 612 1043 678 deinceps
1086 618 1141 661 et
1187 606 1337 660 ardet
1367 613 1422 658 et
1459 599 1740 670 superfun-

177 716 340 767 ditur.
395 709 633 776 Denique
674 703 855 758 audite
882 702 1040 769 quale
1069 699 1321 753 Dominus
1367 710 1460 764 per
1497 690 1740 746 eumdem

176 800 516 858 cecindillum
542 811 641 866 pro
674 792 880 848 meritis
911 789 1042 843 tanti
1078 788 1173 841 viri
1203 783 1496 840 ostenderit
1517 782 1742 835 miracu-

179 895 308 944 lum.
341 891 475 944 Dum
516 887 690 938 adhuc
717 883 796 936 vir
816 882 1003 934 beatus
1026 879 1078 931 in
1099 891 1325 944 corpore
1352 876 1585 941 degeret,
1625 871 1744 938 qui-

179 984 301 1035 dam
317 994 498 1034 comes
519 970 932 1030 Vermandensis
947 969 1275 1034 ,Garifredua
1299 967 1532 1029 nomine,
1560 962 1746 1017 habuit

180 1072 444 1122 adversus
483 1081 610 1119 eum
657 1060 963 1129 scrupulqu
1004 1057 1289 1126 quoddam,
1321 1055 1463 1123 quod
1499 1053 1745 1106 nimirum

178 1159 452 1229 piaculum
486 1170 609 1209 cum
661 1153 847 1206 beatus
875 1148 1072 1216 Eligius
1102 1147 1380 1213 migrasset
1416 1144 1482 1196 de
1502 1154 1747 1209 corpore,

178 1249 410 1303 inultum
435 1247 611 1300 adhuc
635 1241 892 1296 remansit
916 1240 1054 1308 apud
1079 1237 1346 1291 hominem
1366 1253 1378 1286 :
1395 1243 1516 1302 post
1537 1233 1747 1298 longqu

181 1355 313 1392 tero
338 1338 677 1390 intervallum
709 1331 1038 1398 negligenter
1064 1328 1262 1381 oblitus
1293 1323 1580 1394 piaculum,
1607 1321 1750 1374 venit

181 1427 400 1478 tandem
420 1423 649 1477 adorare
660 1421 724 1472 ad
740 1420 906 1472 sancti
921 1416 1226 1486 sepulcrum
1253 1433 1264 1466 :
1293 1428 1519 1480 cumque
1551 1422 1671 1464 tunc
1686 1425 1752 1462 et

185 1529 345 1569 more
375 1515 444 1567 ad
480 1511 802 1568 confessoris
841 1517 998 1579 caput
1027 1505 1338 1560 cecindillus
1382 1504 1613 1565 arderet,
1661 1503 1752 1554 illo

181 1607 526 1674 ingrediente
554 1603 798 1658 ecclesia:
832 1601 993 1654 limen
1014 1595 1294 1652 confestim
1317 1595 1637 1648 exstinctum
1670 1601 1755 1645 est

177 1691 499 1752 candelabri
529 1695 705 1747 lumen
732 1712 743 1744 :
775 1691 918 1759 quod
954 1705 1074 1743 cum
1119 1688 1207 1741 ille
1253 1687 1392 1740 illico
1420 1684 1752 1738 animadver-

185 1789 361 1847 tisset,
411 1798 646 1841 tremens
681 1783 988 1852 pallensque
1037 1778 1228 1840 oravit,
1289 1785 1410 1845 post
1456 1773 1751 1827 orationem

183 1891 316 1930 vero
346 1891 470 1928 cum
502 1887 749 1940 egressus
784 1871 969 1923 fuisset
988 1868 1289 1927 ecclesiam,
1323 1865 1500 1918 statim
1547 1862 1753 1916 reddito

183 1965 451 2018 divinitus
478 1962 680 2015 lumine
724 1958 1037 2013 cecindillus
1062 1957 1276 2009 solitum
1325 1952 1555 2022 profudit
1584 1951 1753 2018 fulgo—

183 2069 324 2106 rem.
377 2051 566 2119 Itaque
600 2064 719 2102 cum
757 2045 1037 2116 prmdictus
1080 2044 1159 2096 vir
1207 2049 1422 2110 paratus
1461 2046 1604 2093 esset
1645 2038 1754 2104 jam

183 2157 395 2211 equum
427 2139 738 2200 ascendere,
770 2135 985 2204 quidam
1016 2148 1083 2186 ex
1113 2131 1326 2185 famulis
1354 2130 1488 2198 ejus,
1519 2127 1610 2195 qui
1637 2141 1755 2194 pos-

185 2235 361 2289 terior
393 2231 668 2285 basilicam
701 2227 876 2280 fuerat
904 2237 1169 2290 egressus,
1203 2235 1314 2274 rem
1339 2233 1403 2272 ex
1427 2216 1613 2271 ordine
1637 2230 1756 2268 nar-

185 2323 332 2376 ravit
355 2321 498 2373 sicut
527 2325 729 2384 gestam
757 2312 1037 2369 constabat
1063 2327 1077 2362 :
1105 2309 1247 2378 quod
1276 2322 1394 2361 eum
1428 2306 1515 2360 ille
1560 2305 1760 2358 audiis—

183 2419 296 2472 set,
330 2408 500 2461 tristis
535 2404 821 2458 admodum
852 2400 1076 2455 effectus
1101 2412 1294 2452 arcana
1321 2411 1430 2449 sua:
1479 2394 1760 2448 conscien-

185 2500 274 2551 tia-
304 2496 470 2564 carpit
498 2494 780 2556 discutere,
808 2489 947 2559 quod
969 2496 1112 2543 esset
1135 2487 1339 2540 facinus
1369 2500 1464 2552 pro
1486 2498 1593 2550 quo
1617 2481 1758 2535 istud

189 2595 510 2654 portentum
541 2591 686 2636 esset
730 2585 1118 2634 ostensumzet
1162 2589 1282 2628 cum
1339 2572 1550 2638 culpam
1606 2585 1756 2622 suam

187 2675 656 2743 deprehendisset,
689 2667 1034 2722 reminiscens
1063 2679 1181 2732 quae
1220 2662 1506 2730 aliquando
1525 2661 1576 2714 in
1606 2674 1760 2713 sane-

187 2772 307 2817 tum
347 2763 520 2814 virum
559 2760 868 2820 admiserat,
921 2753 1202 2808 confestim
1244 2758 1518 2804 revertens
1560 2757 1760 2802 retror-

189 2869 314 2907 sum
347 2851 495 2906 fores
522 2849 755 2904 basilae
781 2845 934 2909 adiit,
963 2842 1056 2897 sed
1084 2841 1169 2896 ubi
1201 2842 1427 2910 primum
1457 2837 1679 2907 gradum,
1706 2838 1759 2890 in

191 2941 512 3010 pavimento
543 2937 829 3006 impressit,
859 2948 985 2987 mox
1009 2931 1208 2984 lumine
1253 2929 1525 2983 subtracto
1569 2926 1759 2980 iterum

189 3027 515 3086 cecindillus
530 3029 672 3080 visus
693 3035 776 3098 est
801 3019 1103 3091 dependere
1146 3017 1458 3072 exstinctus.
1489 3015 1641 3070 Tunc
1671 3015 1762 3069 ille

192 3122 376 3189 palam
428 3120 479 3172 id
517 3132 764 3179 cernens,
803 3114 913 3182 jam
966 3111 1129 3166 nimio
1177 3111 1370 3163 timore
1421 3108 1757 3178 perterritus,

1842 601 2106 663 Christus,
2154 616 2272 668 quae
2316 601 2601 653 occasione
2643 600 2852 649 in-enla
2882 593 3413 660 damnaverat,invi-

1844 694 1942 747 dus
1971 691 2254 744 inimicus:
2287 692 2487 757 quique
2513 705 2631 741 nios
2665 700 2827 740 sanus
2867 685 3091 739 effectus
3112 692 3215 746 est,
3249 694 3411 751 atque

1845 784 1917 836 ita
1949 784 2104 837 bases
2132 782 2246 849 ejus
2271 790 2323 832 et
2354 783 2543 848 planta:
2575 778 2920 832 consolidatze
2951 784 3096 840 sunt,
3122 783 3180 827 ut
3206 774 3408 830 nullum

1845 873 2098 940 deinceps
2127 870 2406 936 vestigium
2438 868 2842 922 clandicationis
2872 868 2923 921 in
2953 865 3162 920 cunctis
3183 862 3299 931 ejus
3326 874 3411 914 re-

1848 977 2019 1014 mane:
2034 970 2087 1013 et
2108 958 2378 1011 membris.

2463 1043 2683 1098 CAPUT
2715 1044 2795 1096 LI.

2154 1135 2231 1189 De
2261 1139 2447 1205 femina
2479 1144 2612 1187 mqu
2641 1144 2687 1187 et
2729 1150 2863 1187 τιεια
2905 1144 3111 1188 sanata.

1925 1248 2174 1302 Mirandis
2220 1247 2382 1302 rebus
2430 1248 2546 1316 plus
2574 1247 2749 1299 adhuc
2796 1248 3048 1300 mirandae
3101 1247 3412 1302 succedunt.

1853 1337 2103 1400 Quendam
2135 1353 2366 1406 namque
2391 1338 2584 1391 femina
2609 1349 2749 1390 muta
2773 1349 2824 1388 et
2852 1353 2990 1391 caaca
3015 1339 3079 1390 ad
3111 1341 3417 1405 sepulcrum

1853 1429 2022 1483 sancti
2054 1428 2202 1496 Eligii
2231 1431 2329 1481 fuit
2353 1431 2620 1496 quondam
2653 1429 2829 1481 oblata
2861 1471 2870 1490 ,
2904 1444 3020 1495 qua!
3048 1444 3168 1482 cum
3199 1430 3286 1482 (litt
3313 1431 3416 1482 ibi-

1853 1519 1972 1573 dem
1996 1519 2178 1572 orbata
2204 1528 2259 1571 et
2282 1519 2396 1571 sine
2414 1519 2624 1588 loquela
2647 1521 2710 1572 de
2728 1520 2864 1572 cii-lo
2883 1527 3220 1588 exspectaret
3239 1519 3420 1572 mede-

1855 1608 1982 1668 lam.
2013 1624 2206 1678 sopore
2238 1609 2450 1662 tandem
2481 1612 2758 1676 depressa,
2808 1626 2998 1663 somno
3027 1624 3122 1662 sua
3155 1610 3421 1663 concessit

1857 1697 2092 1751 membra
2119 1715 2133 1761 ;
2164 1706 2217 1750 et
2243 1712 2372 1752 ecce
2403 1707 2625 1766 repente
2650 1698 2775 1751 dum
2806 1700 3110 1766 quiesrcret
3136 1695 3304 1753 visum
3336 1710 3419 1752 est

1858 1795 2085 1850 astitisse
2106 1803 2348 1847 sanctum
2371 1793 2617 1860 Eligium,
2641 1804 2803 1858 atque
2828 1793 3013 1846 oculos
3035 1794 3271 1860 ejusdem
3292 1794 3419 1847 mul-

1857 1885 2028 1940 cendo
2077 1885 2334 1952 tetigisse,
2391 1884 2664 1938 cultellum
2718 1886 2878 1937 ctiam
2927 1886 3009 1937 vel
3062 1886 3316 1954 forcipem
3368 1888 3418 1940 in

1856 1976 2032 2043 specie
2085 1976 2272 2029 medici
2304 1990 2464 2027 manu
2505 1973 2720 2040 gestans
2748 1974 3037 2044 compedes
3068 1975 3260 2044 lingua:
3306 1979 3421 2044 ejus

1856 2064 2046 2118 leniter
2071 2063 2364 2118 abscidisse
2390 2082 2402 2128 ;
2435 2075 2486 2116 et
2510 2083 2573 2117 ex
2608 2068 2709 2119 hoc
2738 2069 2990 2119 continuo
3020 2067 3415 2133 expergefacta,

1855 2153 2023 2206 oculis
2047 2155 2153 2221 jam
2183 2155 2400 2220 apertis,
2443 2157 2600 2206 (οι-,ξε
2634 2171 2824 2208 novam
2869 2156 3108 2208 contueri
3139 2157 3328 2220 lucem,
3360 2173 3421 2210 ac.

1857 2258 1952 2311 [ει-
1974 2258 2035 2297 os
2063 2259 2316 2297 excreare
2347 2261 2610 2306 cruorem,
2635 2260 2739 2311 quo
2763 2243 3045 2298 affluenter
3065 2255 3270 2312 egesto,
3299 2262 3418 2312 pro-

1858 2333 2002 2385 tinus
2052 2334 2327 2385 eliniatum
2380 2331 2627 2384 formaiit
2679 2334 2795 2399 ejus
2846 2335 3020 2400 lingua
3089 2335 3419 2388 \Cl‘bllllltt‘l

1859 2432 1980 2490 post
2004 2423 2104 2476 hoc
2130 2424 2239 2490 jam
2269 2438 2398 2475 sana
2447 2423 2602 2482 facta.
2634 2437 2924 2491 exsurgens
2972 2433 3025 2477 et
3063 2427 3291 2480 adorans
3336 2441 3422 2479 re-

1859 2527 2038 2591 gressa
2068 2524 2148 2568 cst
2176 2515 2240 2567 ad
2271 2513 2536 2584 propriam
2571 2515 2765 2565 villam.

2459 2621 2682 2677 CAPUT
2720 2623 2825 2677 ιιι.

2022 2710 2099 2765 De
2125 2712 2230 2764 alia
2255 2715 2424 2780 puella
2454 2715 2688 2765 similiter
2712 2723 2850 2766 mula
2879 2715 2941 2767 ab
2971 2730 3028 2766 eo
3054 2725 3258 2767 sanata.

1930 2820 2059 2883 ltein
2084 2821 2183 2872 alia
2216 2822 2388 2888 puella
2430 2831 2586 2873 celate
2618 2832 2799 2875 tenera
2825 2835 2880 2876 et
2910 2833 3073 2887 muta,
3126 2826 3300 2878 delata
3331 2815 3424 2880 est

1863 2913 1971 2966 illic
1996 2929 2023 2964 a
2048 2922 2216 2965 matre
2245 2913 2456 2980 propria
2483 2929 2495 2975 ;
2533 2929 2692 2981 quam
2740 2915 2986 2968 ecclesiae
3014 2917 3263 2971 custodes
3300 2927 3424 2971 ante

1863 3004 2166 3072 sepulcrum
2191 3004 2359 3057 sancti
2385 3013 2695 3067 statuentes,
2722 3004 2882 3058 corde
2912 3006 3281 3059 tantummodo
3308 3023 3426 3076 pos-

1867 3097 2039 3151 tulare
2090 3099 2385 3150 docuerunt
2434 3095 2734 3163 przrsidium
2787 3093 3129 3149 confessoris.
3183 3094 3423 3163 Cumque

192 3213 494 3282 ντοειει-ηίι
523 3225 581 3263 ,θ
614 3223 734 3261 cum
763 3207 998 3258 ιιωειηο
1027 3210 1083 3256 ει
1129 3201 1327 3268 ingenti
1375 3177 1550 3266 ,πλείω
1580 3213 1760 3251 coram
1787 3177 1834 3237 C
1867 3186 1953 3237 diu
1981 3186 2173 3237 ibidem
2205 3188 2494 3238 excubaret
2518 3194 2680 3246 mnta,
2712 3195 2884 3237 mater
2907 3185 3126 3238 nimium
3166 3187 3322 3238 anxia
3349 3187 3421 3239 ita

191 3301 376 3355 sancti
397 3297 644 3366 sepulcro
671 3314 685 3359 ;
712 3311 775 3348 ac
819 3294 898 3347 sic
941 3290 1253 3344 diutissima:
1277 3288 1445 3356 culpae
1470 3303 1578 3340 suae
1608 3289 1764 3340 salis-

193 3392 428 3453 faciens,
458 3387 623 3456 ctepit
649 3385 850 3454 apertis
869 3382 1079 3435 fletibus
1105 3393 1164 3434 se
1193 3393 1364 3443 reum,
1385 3392 1442 3431 se
1466 3375 1760 3445 indignum,

190 3493 369 3548 seque
400 3476 663 3530 infelicem
691 3487 964 3532 accusare,
995 3470 1065 3524 ob
1093 3467 1248 3536 cujus
1275 3466 1522 3520 videlicet
1570 3480 1761 3518 noxam

196 3571 251 3620 in
283 3568 411 3620 loco
430 3573 621 3620 sancto
643 3561 1019 3618 candelabrum
1045 3557 1385 3610 .exstinctum
1417 3553 1760 3619 dependeret.

192 3657 447 3723 Cumque
465 3655 557 3708 diu
587 3653 718 3707 flens
743 3661 901 3718 atque
921 3647 1129 3714 ejulans
1157 3660 1225 3703 eo
1269 3645 1323 3698 in
1365 3643 1485 3697 loco
1513 3643 1765 3710 persiste-

191 3755 307 3808 ret,
331 3756 504 3812 seque
546 3741 656 3795 illic
685 3738 842 3802 mori,
873 3738 970 3790 nisi
1011 3737 1101 3789 lux
1151 3734 1312 3788 missa
1365 3731 1579 3796 rediret,
1633 3745 1766 3784 voce

197 3833 420 3902 publica
450 3830 826 3900 proclamaret,
855 3826 1066 3880 tandem
1102 3822 1466 3880 satisfactione
1507 3819 1622 3888 ejus
1645 3835 1766 3875 sus-

193 3931 364 3992 cepta
417 3921 509 3974 lux
548 3916 852 3974 candelabri
896 3916 1072 3970 ablata
1111 3915 1287 3968 denuo
1335 3910 1493 3966 rediit
1516 3910 1766 3964 divinitus

195 4012 426 4065 amissa.
456 4009 611 4064 Tunc
635 4008 726 4062 ille
754 4007 1299 4092 quantulumcumque
1340 4010 1632 4064 recreatus,
1655 4001 1767 4068 jus-

195 4103 272 4155 sit
299 4100 564 4156 continuo
591 4097 844 4151 famulum
871 4111 964 4150 vas
987 4094 1087 4149 sibi
1110 4093 1406 4163 pretiosum
1428 4091 1537 4146 cito
1558 4091 1769 4147 deferre

197 4199 546 4259 argenteum.
583 4185 730 4255 quod
771 4192 1047 4255 acceptum
1111 4183 1276 4239 veluti
1326 4165 1474 4252 pacis
1529 4182 1768 4238 obsidem

198 4277 410 4334 ChriSti
433 4274 726 4331 confessori
756 4273 968 4339 obtulit,
998 4287 1062 4327 ac
1086 4272 1239 4340 juxta
1267 4271 1386 4339 ejus
1407 4272 1641 4326 tumbam
1677 4271 1768 4326 de-

200 4368 397 4436 posuit
427 4365 746 4434 promittens
765 4363 984 4431 insuper
1010 4344 1267 4416 nonnulla
1303 4373 1370 4415 ex
1397 4361 1509 4414 suis
1546 4361 1768 4416 faculta-

203 4460 359 4514 tibus
387 4457 562 4512 eidem
589 4454 822 4509 basilica:
866 4453 1217 4515 collaturum,
1268 4458 1470 4504 tantum
1515 4459 1573 4504 ut
1609 4451 1766 4520 culpa

201 4547 262 4604 in
296 4556 500 4604 uncto
523 4547 638 4600 viro
665 4545 901 4600 admissa
944 4543 1162 4599 haberet
1207 4543 1534 4613 jamjamque
1585 4542 1770 4595 termi-

199 4651 340 4690 num
365 4651 384 4686 :
429 4631 508 4686 sic
533 4619 749 4686 demum
780 4632 1008 4685 adorans
1027 4640 1084 4685 et
1133 4628 1439 4699 glorificans
1482 4629 1772 4699 potentiam

202 4724 530 4786 Salvatoris,
587 4720 788 4775 lumine
840 4721 1108 4774 cecindilli
1170 4720 1422 4781 micante,
1473 4733 1536 4773 ex
1586 4718 1772 4778 eodem

204 4813 374 4868 lctus
407 4812 529 4866 loco
549 4806 812 4865 discessit.

837 4913 1061 4971 CAPUT
1091 4913 1154 4967 L.

608 5025 684 5080 De
710 5042 865 5092 puero
893 5017 1152 5080 contracto
1180 5033 1384 5079 sanato.

283 5132 431 5190 Illud
455 5130 672 5186 omnino
698 5129 1123 5200 praetereundum
1161 5145 1268 5186 non
1300 5139 1382 5186 est
1408 5129 1548 5199 quod
1569 5130 1776 5199 juvenis

211 5226 440 5295 quidam
460 5235 529 5274 ex
555 5220 923 5279 transmarinis
968 5219 1213 5286 partibus
1247 5220 1528 5288 adductus,
1581 5233 1776 5289 genere

212 5311 494 5368 Saxonico
520 5317 691 5372 ortus,
724 5309 795 5362 ita
823 5307 1088 5361 diabolica
1116 5307 1397 5378 tyrannide
1412 5308 1584 5364 fuerat
1611 5325 1777 5362 cunc-

214 5404 290 5458 tis
319 5400 575 5454 membris
594 5398 873 5468 astrictus,
897 5403 956 5450 ut
975 5394 1090 5462 ejus
1109 5395 1359 5450 calcanea
1389 5397 1441 5451 in
1473 5406 1652 5466 partes
1677 5414 1775 5452 na-

214 5495 366 5549 riunt
407 5496 716 5544 tenerentur
743 5487 926 5541 haesito
951 5503 966 5550 ;
995 5484 1085 5553 qui
1115 5499 1233 5537 cum
1278 5484 1533 5540 Noviomo
1563 5486 1631 5541 ad
1660 5487 1776 5557 opi-

217 5580 440 5635 nionem
485 5575 655 5630 sancti
701 5575 852 5644 Eligii
899 5582 1040 5630 esset
1085 5571 1414 5641 deportatus,
1453 5586 1614 5642 atque
1656 5586 1778 5630 ante

216 5673 346 5739 ejus
378 5668 616 5723 tumbam
649 5663 834 5718 luisset
862 5662 1154 5732 projectus,
1193 5670 1312 5731 post
1339 5661 1499 5716 breve
1526 5663 1777 5717 interval-

221 5762 363 5821 lum.
389 5756 716 5812 confessore'
750 5750 957 5806 Domini
1007 5762 1214 5811 orante.
1265 5758 1319 5804 et
1357 5757 1555 5804 aeterna
1585 5752 1780 5819 pietate

1865 3274 2146 3340 alloquitur
2177 3273 2230 3325 in
2280 3288 2461 3325 aurem
2512 3275 2664 3324 illnc:
2696 3271 2952 3335 Observa,
2987 3275 3251 3340 inquiens,
3282 3277 3421 3337 istic.

1866 3363 1992 3423 filia,
2023 3375 2298 3428 quousque
2325 3377 2352 3413 a
2375 3373 2558 3415 sancto
2592 3362 2858 3415 miseratio
2889 3363 3178 3426 adveniat;
3210 3380 3310 3433 ego
3340 3365 3424 3419 in-

1867 3453 2022 3506 terim
2071 3453 2298 3506 sullicita
2340 3453 2404 3503 ad
2451 3451 2666 3504 domum
2717 3463 2953 3507 nostram
2992 3455 3282 3520 regrediar.
3331 3457 3426 3509 llis

1866 3545 2041 3606 dictis,
2074 3559 2192 3598 cum
2221 3545 2471 3612 coepisset
2513 3545 2703 3597 mulier
2730 3546 2868 3598 ostio
2910 3547 3235 3613 proximare,
3280 3549 3424 3602 videt

1865 3634 2038 3687 subito
2085 3634 2260 3702 puella
2305 3642 2604 3698 portentum
2635 3634 2896 3700 quoddam
2949 3649 3044 3702 per
3085 3636 3418 3692 cecindillum

1865 3720 1935 3774 ad
1963 3734 2022 3773 se
2049 3718 2322 3784 deflueret,
2354 3730 2407 3773 et
2435 3721 2653 3774 nimium
2681 3736 2747 3774 cx
2777 3722 2877 3774 boc
2902 3731 3263 3790 consternata,
3292 3741 3422 3779 con-

1867 3811 2038 3865 festim
2067 3811 2319 3878 disruptis
2347 3811 2534 3878 linguae
2566 3812 2784 3863 vinculis
2807 3814 2982 3865 emisit
3008 3829 3214 3877 vocem,
3239 3824 3292 3868 et
3313 3816 3418 3869 ait:

1866 3901 2004 3956 Ecce
2030 3912 2084 3954 tu
2115 3910 2284 3954 mater
2307 3902 2473 3961 vadis,
2505 3912 2558 3954 et
2579 3916 2663 3954 me
2690 3902 2774 3959 hic
2801 3904 2966 3955 Solam
2999 3903 3270 3972 relinquis.
3302 3907 3420 3971 Quo

1867 3992 2030 4044 verbo
2057 3999 2228 4044 mater
2257 3989 2372 4056 ejus
2409 3991 2612 4053 audito,
2645 3990 2904 4044 velociter
2949 3993 3013 4045 ad
3041 4007 3162 4045 eam
3211 3996 3424 4050 rediens

1868 4078 2031 4146 cmpit
2059 4079 2188 4132 flere
2213 4093 2320 4147 pne
2349 4078 2581 4146 gaudio;
2613 4077 2807 4133 deinde
2837 4079 3044 4151 avidius
3074 4082 3249 4135 adhuc
3269 4098 3420 4137 coni-

1869 4167 2074 4238 pellans
2099 4167 2282 4228 filiam,
2313 4176 2374 4219 ut
2392 4174 2516 4234 pote
2534 4179 2653 4233 qua:
2680 4167 2902 4220 nimium
2931 4167 3267 4223 desideraret
3293 4185 3421 4225 ser-

1868 4273 2082 4312 monem
2121 4257 2188 4312 ab
2231 4271 2293 4311 ea
2321 4257 2619 4326 percipere,
2671 4255 2723 4308 in
2755 4257 3004 4311 omnibus
3056 4272 3176 4325 qua:
3230 4260 3419 4315 scisci-

1869 4357 1977 4401 tata
1998 4355 2080 4402 eat
2107 4346 2319 4415 planum
2345 4352 2504 4410 atque
2529 4343 2981 4398 absolutissimum
3012 4346 3079 4400 ab
3108 4361 3169 4400 ea
3197 4363 3419 4414 respon-

1870 4453 1986 4492 sum
2027 4438 2249 4505 accepit.
2298 4433 2469 4502 Super
2513 4449 2621 4502 quo
2649 4449 2836 4489 omnes
2863 4437 2953 4504 qui
2983 4439 3206 4491 aderant
3246 4437 3422 4492 mirati

1797 4502 1850 4562 Β
1873 4538 2016 4590 sunt,
2046 4525 2116 4580 ob
2144 4534 2339 4577 tantam
2362 4523 2610 4580 videlicet
2630 4502 2967 4578 velocitatem
2988 4526 3232 4578 sanitatis
3248 4525 3423 4592 istius,

1873 4629 1930 4679 et
1952 4620 2189 4672 videntes
2214 4616 2447 4685 puellam
2480 4615 2642 4685 loqui,
2692 4613 3100 4681 magnillcabant
3130 4615 3422 4680 potentiam

1872 4708 2091 4774 Cbristi,
2138 4714 2194 4760 et
2243 4707 2430 4760 merita
2475 4704 2795 4759 confessoris
2815 4701 2987 4771 Eligii:
3046 4703 3187 4756 Inter
3231 4713 3422 4757 caatera

1872 4812 2003 4851 vero
2032 4811 2203 4866 neque
2224 4795 2348 4848 illud
2379 4802 2506 4863 puto
2533 4791 2796 4846 silendum
2837 4791 2980 4860 quod
3012 4801 3248 4861 tempore
3275 4806 3422 4846 mor-

1878 4887 2093 4942 talitatis
2121 4884 2354 4939 Parisius
2382 4877 2538 4936 didici
2564 4888 2791 4949 gestum.

2453 4969 2676 5050 CAPUT
2715 4994 2845 5048 Llll.

1911 5091 1990 5146 De
2030 5090 2176 5144 clade
2205 5087 2462 5151 f'ariiius,
2511 5093 2559 5138 et
2585 5086 2852 5138 vocatione
2879 5084 3058 5134 Aurea
3094 5080 3387 5136 abbatissw.

1932 5203 2151 5257 Factum
2178 5207 2260 5252 est
2286 5197 2442 5266 igitur
2461 5211 2582 5251 cum
2607 5193 2839 5250 nefanda
2867 5192 3041 5245 clades
3071 5192 3424 5261 depopulare-

1878 5306 1962 5350 tur
1987 5291 2171 5346 urbem
2210 5287 2548 5360 Parisiacatp.
2591 5293 2646 5339 et
2673 5281 2936 5337 nonnullae
2962 5282 3072 5349 jam
3098 5283 3329 5349 virgines
3355 5295 3421 5333 ex

1878 5387 2202 5446 monasterio
2246 5385 2415 5441 sancti
2447 5383 2563 5445 viri,
2595 5379 2683 5434 ubi
2711 5381 2884 5432 Aurea
2933 5379 3148 5432 nomine
3195 5383 3423 5445 praeerat

1879 5478 2160 5538 abbatissa,
2195 5475 2260 5528 ad
2277 5474 2552 5527 Dominum
2575 5475 2990 5537 przecesstssent,
3009 5464 3254 5534 apparuit
3280 5477 3418 5529 qua-

1878 5571 1998 5622 dam
2018 5568 2104 5623 die
2126 5563 2518 5631 beatusEligius
2539 5558 2742 5613 cuidam
2765 5557 3084 5610 adolescenti
3107 5556 3159 5606 in
3180 5554 3417 5617 basilica,

1880 5659 2170 5726 puellarum
2201 5665 2347 5709 veste
2370 5649 2589 5706 candida
2619 5649 2860 5709 amictus,
2892 5658 3129 5712 togarum
3158 5639 3422 5696 velamine

1881 5755 2122 5814 comptus
2139 5764 2150 5798 ;
2168 5755 2393 5811 cumque
2409 5741 2451 5794 is
2462 5741 2583 5808 quia
2601 5739 2780 5796 aderat
2797 5738 2956 5791 nimio
2972 5746 3164 5804 pavore
3178 5732 3424 5801 perterri-
