3848 6364
526 429 628 505 sva

3428 24 3809 361 Ἳ

1674 439 1730 489 S.
1780 435 1976 488 ΞΗΟΠ
2020 436 2079 487 Ν(

2183 437 2293 489 0M.
2342 437 2548 490 I‘Zl‘lati.
3607 447 3686 499 5το

522 529 609 573 tus
655 519 924 574 latibulum
971 534 1235 591 quaereret
1264 568 1277 587 ,
1331 527 1521 580 blande
1589 543 1708 579 eum
1778 529 2070 594 leniterque
2101 538 2144 594 Α
2175 530 2315 582 neris
2342 534 2508 597 gratia
2540 535 2687 601 pueri
2716 534 2967 587 nonnulla
2998 533 3232 588 oderunt
3274 546 3578 590 ornamenta
3604 539 3691 592 bal-

521 608 845 676 compellans
868 614 945 663 vir
969 614 1174 678 beatus,
1203 618 1454 683 prmcepit
1484 627 1539 669 ut
1577 617 1687 670 iens
1716 619 1824 671 cito
1867 616 2073 671 diceret

524 695 675 747 matri
707 697 957 763 virginum
988 700 1128 767 quod
1158 702 1221 752 ad
1252 717 1310 754 se
1345 704 1659 769 quantocius
1696 720 1814 757 cum
1843 705 2071 772 deputa-

526 788 591 840 tis
618 797 927 855 properaret
955 790 1264 855 virginibus.
1301 791 1528 845 Correus
1558 804 1731 845 autem
1763 794 1807 849 is
1834 794 1924 863 qui
1973 810 2071 847 au-

521 877 715 945 dierat,
740 888 795 932 et
821 881 981 934 citius
1009 872 1244 932 Auream
1266 878 1624 949 praeveniens:
1655 884 1845 953 Surge,
1877 886 2069 955 inquit,

523 966 793 1029 velociter,
825 967 947 1034 quia
978 966 1221 1021 dominus
1252 969 1449 1036 Eligius
1476 970 1528 1023 in
1566 973 1849 1027 ecclesiam
1898 985 1948 1029 te
1976 990 2074 1027 vo-

521 1064 630 1107 cat.
678 1053 829 1117 Quod
875 1069 996 1107 cum
1027 1055 1109 1108 illa
1137 1058 1385 1119 audisset,
1417 1060 1609 1126 gaudio
1638 1076 1829 1128 magno
1870 1062 2071 1129 repleta

522 1145 639 1199 sine
668 1160 811 1197 mora
852 1147 1193 1215 properavit;
1223 1146 1314 1201 sed
1339 1158 1511 1203 tamen
1543 1166 1664 1203 cum
1706 1153 1955 1215 venisset,
1995 1152 2075 1202 vi-

524 1225 605 1290 sio
633 1236 771 1289 beati
799 1237 892 1288 viri
918 1240 1028 1303 jam
1056 1236 1255 1290 abolita
1297 1245 1413 1291 erat
1440 1231 1707 1303 {ecclesia
1737 1252 1863 1291 vero
1891 1238 1957 1291 ad
1989 1241 2077 1291 ltr-

525 1329 721 1381 mitatis
761 1330 1005 1383 indicium
1035 1310 1174 1399 quod
1207 1331 1312 1384 illic
1344 1338 1486 1383 esset
1515 1331 1655 1383 visus
1701 1329 1890 1383 nebula
1935 1345 2071 1398 qua-

526 1420 646 1473 dam
686 1422 881 1490 repleta
911 1423 1326 1487 monstrabatur,
1357 1422 1407 1473 in
1446 1429 1644 1473 tantum
1676 1430 1730 1473 ut
1758 1421 2072 1474 candelabra

526 1526 736 1580 quoque
760 1522 813 1565 et
850 1514 962 1565 vela
993 1513 1166 1567 subita
1196 1510 1333 1565 reris
1360 1512 1666 1564 inundantia
1711 1511 1965 1564 distillare
1996 1513 2076 1563 vi-

526 1600 960 1654 derentur.Tunc
986 1615 1116 1667 ergo
1142 1599 1389 1667 praedicta
1420 1601 1591 1653 Aurea
1617 1600 1671 1653 in
1698 1614 1816 1653 sese
1840 1615 2072 1661 reversa,

526 1691 792 1744 intellexit
820 1705 878 1743 se
908 1704 974 1743 ex
1004 1690 1106 1741 hoc
1129 1690 1320 1742 mundo
1348 1690 1525 1743 vocari
1553 1704 1568 1752 ;
1597 1697 1651 1741 et
1682 1690 1919 1757 protinus
1936 1703 2074 1741 'con.

526 1796 615 1834 vol
633 1796 727 1833 ans
754 1794 939 1832 omnes
966 1794 1197 1842 sorores,
1229 1778 1389 1845 coepit
1411 1778 1711 1831 valedicere
1739 1779 1975 1844 singulis,
2005 1793 2077 1829 se-

529 1878 807 1938 questrans
847 1885 913 1923 ex
942 1872 1017 1923 eis
1066 1870 1348 1923 nonnullas
1390 1884 1506 1935 qua:
1533 1882 1649 1920 eam
1696 1868 2079 1920 comitarentur
2110 1874 2154 1931 Β

530 1963 670 2016 inter
719 1971 969 2015 caeteras:
1002 1962 1189 2015 deinde
1212 1960 1319 2026 jam
1352 1960 1464 2024 ipsa
1497 1960 1757 2025 migrante
1807 1957 1873 2009 ad
1905 1956 2081 2009 Domi-

532 2064 680 2110 num,
702 2056 754 2100 et
779 2050 993 2115 reliquae
1020 2047 1361 2099 nihilominus
1382 2046 1677 2101 subsecuta:
1702 2052 1826 2097 sunt
1847 2046 2077 2104 demum,

530 2139 664 2193 adeo
693 2148 755 2192 ut
779 2153 840 2193 ea
883 2146 1199 2204 tempestate
1226 2153 1289 2189 ex
1318 2137 1504 2190 eodem
1542 2138 1866 2191 monasterio
1918 2152 2081 2205 usque

536 2229 601 2281 ad
634 2242 909 2281 numerum
936 2233 1148 2280 centum
1179 2227 1447 2293 sexaginta
1494 2226 1781 2293 monachae
1811 2242 2081 2283 moreren-

529 2327 636 2374 tur.

1103 2402 1321 2456 CAPUT
1369 2402 1497 2457 LIV.

817 2498 887 2549 De
912 2506 1139 2565 portento
1172 2497 1445 2562 ϐαι-ἕρπνάο
1470 2506 1799 2564 prwostemo.

606 2610 789 2661 Audite
812 2608 920 2675 jam
945 2617 1000 2659 ct
1032 2608 1172 2657 aliutl
1208 2606 1347 2673 quod
1393 2605 1456 2657 ad
1485 2605 1896 2659 sacratissimum
1931 2603 2079 2670 Eligii

531 2715 723 2767 corpus
761 2707 963 2764 gestum
1006 2702 1087 2747 est
1130 2694 1480 2747 miraculum:
1522 2694 1744 2766 quidam.
1778 2693 1971 2747 etenim
2004 2694 2081 2745 vir

534 2788 751 2842 illustris
814 2784 1118 2837 Garifredus
1179 2782 1397 2845 Graﬂio,
1450 2785 1664 2837 veniens
1716 2785 1781 2836 ad
1810 2784 2078 2837 basilicam

533 2877 705 2929 saneti
742 2874 1009 2935 antistitis,
1040 2888 1158 2925 cum
1186 2874 1428 2926 oratione
1465 2872 1603 2925 facta
1638 2888 1734 2941 pro
1765 2870 1964 2926 foribus
1991 2887 2079 2925 as-

536 2971 693 3025 taret,
744 2976 1030 3028 pauperum
1078 2961 1181 3013 illic
1210 2961 1417 3013 turbam
1467 2959 1784 3019 clamantem
1840 2958 2076 3021 audivit;

534 3067 757 3120 cumque
773 3052 1001 3104 'minime
1017 3052 1081 3102 ad
1104 3064 1333 3119 praesens
1353 3050 1573 3101 haberet
1595 3048 1732 3102 unde
1753 3047 1829 3099 eis
1850 3047 2080 3101 cleemo-

534 3156 719 3209 synam
751 3132 983 3192 tribucre
1020 3146 1219 3205 posset,
1241 3135 1601 3189 misericordia
1630 3149 1752 3203 erga
1781 3149 1874 3188 eos
1904 3146 2079 3188 motus

2174 629 2226 673 te
2236 636 2426 689 umque
2445 624 2559 689 ejus
2578 624 3024 692 speciosissimum
3044 625 3287 694 protinus
3300 640 3425 679 cum
3444 628 3692 684 devotione

2172 710 2650 779 sepulcrointigunt
2674 730 2688 763 :
2714 726 2823 780 quo
2853 712 2998 768 facto
3019 714 3301 767 confestim
3329 715 3445 769 sine
3473 732 3607 770 mora
3629 718 3691 771 is-

2173 799 2479 853 tercedente
2513 799 2821 855 confessam
2843 802 3101 870 aegritudo
3139 802 3391 865 abcessit,
3421 812 3473 856 et
3499 804 3557 856 ad
3584 820 3692 872 pre-

2173 903 2296 942 sens
2346 889 2725 943 convalescens
2769 906 2900 959 puer
2924 892 3210 945 sanitatem
3243 892 3389 946 illico
3418 895 3620 963 recepit,
3644 911 3692 950 ac

2174 976 2423 1046 deinceps
2448 978 2726 1034 incolumis
2746 980 2961 1035 mansit.

2756 1113 2977 1169 CAPUT
3016 1116 3141 1169 LVI.

2334 1241 2411 1295 De
2438 1244 2544 1295 viro
2571 1247 2776 1312 perjuro
2805 1246 2951 1314 cujus
2978 1249 3169 1301 viscera
3203 1250 3393 1318 diﬁ'usa
3424 1260 3557 1303 sunt.

2243 1370 2390 1424 S.;let
2419 1376 2615 1424 ctenim
2646 1376 2884 1441 pertinax
2931 1379 3276 1433 cervicositas
3304 1382 3628 1448 p0pulorum,
3652 1395 3694 1435 ut

2174 1460 2344 1527 aliqua
2373 1459 2471 1513 sibi
2503 1462 2711 1529 objecta
2740 1465 2965 1518 crimina
2992 1470 3345 1521 sacramentis
3375 1470 3568 1539 expiari
3594 1486 3695 1524 oon-

2177 1552 2398 1603 tendat:
2428 1552 2567 1605 unde
2624 1552 2818 1606 factum
2872 1564 2953 1608 est
3003 1564 3060 1608 ut
3106 1557 3199 1613 vir.
3234 1559 3473 1626 quidam,
3500 1558 3695 1613 facinore

2174 1640 2399 1705 quodam
2414 1640 2664 1703 admisso,
2691 1656 2809 1694 cum
2833 1644 3032 1698 arctius
3051 1646 3121 1699 ob
3147 1646 3197 1698 id
3217 1656 3599 1715 perurgeretur,
3622 1647 3696 1699 fal-

2158 1731 2273 1781 -laci
2302 1730 2523 1782 audacia
2558 1740 2857 1797 praeventus
2900 1733 2966 1786 ad
2994 1736 3299 1804 sepulcrum
3330 1736 3472 1791 beati
3499 1737 3634 1807 Eligii
3658 1739 3695 1792 id

2176 1830 2237 1869 se
2256 1814 2484 1882 jurando
2506 1820 2739 1884 spondet
2774 1819 3023 1874 idoneum
3054 1823 3300 1878 reddere.
3332 1825 3562 1894 Cumque
3599 1827 3695 1878 illuc

2182 1903 2441 1957 adductus
2487 1905 2623 1958 male
2649 1906 2750 1960 sibi
2780 1910 3025 1962 conscius
3051 1909 3418 1978 juramentum
3448 1915 3693 1983 explesset,

2180 1993 2457 2046 confestim
2500 1994 2793 2062 justissime
2834 1996 3013 2051 divina
3054 2002 3259 2055 ultione
3288 2017 3579 2069 percussus,
3604 2019 3697 2058 σει.

2178 2084 2294 2150 puit
2322 2084 2466 2137 illico
2498 2094 2684 2139 venter
2704 2087 2836 2153 ejus,
2866 2097 2921 2141 et
2949 2088 3141 2144 diﬂ‘usa
3172 2108 3297 2146 mox
3328 2095 3381 2146 in
3411 2103 3591 2147 terram
3616 2111 3695 2145 v:s-

2179 2189 2300 2228 cera
2324 2176 2439 2243 ejus
2465 2192 2479 2240 ;
2504 2177 2579 2230 sic
2603 2177 2918 2232 miserabilis
2941 2180 3028 2235 ille
3062 2183 3129 2235 ad
3161 2190 3425 2237 tenorem
3449 2184 3694 2238 multorum

2180 2263 2441 2330 indignam
2473 2266 2632 2319 vitam
2655 2266 2813 2334 digna
2840 2278 3012 2324 morte
3040 2270 3228 2327 lini-.it.

2752 2397 2977 2453 CAPUT
3007 2399 3137 2458 LVII
3148 2443 3160 2456 .

2337 2524 2413 2580 De
2441 2527 2643 2580 interitu
2668 2528 2764 2581 viri
2784 2529 2870 2598 qui
2892 2546 3069 2601 agrum
3094 2532 3322 2590 basilica:
3376 2541 3570 2594 invasit.

2249 2659 2377 2724 Quis
2408 2676 2534 2715 vero
2566 2664 2731 2721 possit
2761 2672 2815 2717 et
2862 2664 2988 2719 illud
3021 2672 3233 2724 sdentio
3284 2676 3550 2741 ptmterire
3583 2678 3697 2743 quod

2179 2748 2259 2801 vir
2284 2749 2495 2815 quidam
2528 2766 2710 2817 agrum
2742 2752 2792 2805 in
2841 2754 2959 2808 loco
3012 2768 3318 2827 nuncupato
3367 2762 3695 2821 Calvomonte.

2180 2835 2247 2889 ad
2296 2839 2565 2892 basilicam
2590 2842 2759 2893 sancti
2795 2842 2943 2910 Eligii
2976 2846 3352 2913 pertinentem,
3383 2852 3555 2917 rapaci
3590 2853 3700 2903 inva-

2180 2928 2309 2982 dens
2337 2932 2644 2997 cupiditate,
2689 2934 2864 2989 divina
2903 2937 2968 2990 sit
2999 2939 3349 3007 interemptus
3380 2943 3602 2996 ultione?
3626 2942 3700 2994 "lC

2181 3030 2409 3080 namque
2446 3034 2565 3069 cum
2590 3021 2733 3072 man
2763 3022 2950 3075 ordine
2978 3025 3286 3090 prmdictum
3319 3030 3569 3096 prndium
3612 3048 3697 3085 sua:

2184 3104 2442 3157 niteretur
2477 3105 2663 3160 ditioni
2694 3111 2978 3179 vindicare,
3010 3115 3059 3166 ei
3082 3116 3377 3177 obsistebat
3400 3120 3699 3175 vehementer

532 3189 696 3297 ciepit
724 3228 933 3280 volvere
961 3235 1176 3278 mmstus
1200 3244 1213 3277 :
1237 3224 1519 3291 Numquid,
1556 3224 1647 3287 ait,
1690 3240 1721 3276 ο
1742 3224 1942 3289 miseri,
1998 3222 2078 3276 ta-

2183 3194 2416 3262 Sparvus
2437 3198 2599 3249 abbas
2622 3199 2855 3265 ejusdem
2885 3202 3122 3257 ecclesize
3147 3222 3162 3268 ;
3186 3207 3276 3272 qui
3300 3223 3423 3262 cum
3449 3210 3534 3265 diu
3570 3213 3628 3265 ab
3650 3228 3699 3264 eo

533 3318 639 3370 lem
667 3315 875 3369 habetis
903 3314 1291 3368 causolatorem
1330 3314 1542 3383 qualem
1574 3314 1711 3366 hunc
1740 3314 1950 3367 beatum
1983 3314 2080 3366 ha-

536 3406 723 3459 buistis
752 3404 1084 3457 antistitem?
1114 3420 1147 3457 o
1175 3405 1347 3471 qualis
1373 3406 1423 3456 ei
1462 3412 1672 3472 poterat
1708 3419 1865 3457 causa
1914 3405 2083 3457 obsis—

539 3504 669 3559 tere,
703 3508 817 3561 qute
846 3510 965 3546 eum
997 3510 1023 3546 a
1056 3503 1231 3547 vestra
1261 3495 1599 3548 miseratione
1624 3492 1853 3562 unquam
1884 3509 2083 3563 praepe-

536 3582 690 3642 diret,
722 3596 826 3650 quo
868 3596 961 3632 vos
983 3583 1229 3635 obturata
1273 3583 1519 3635 transiret
1561 3597 1707 3647 aure,
1759 3584 1913 3636 sicuti
1946 3596 2083 3636 nunc

538 3668 688 3721 multi
711 3665 929 3732 faciunt,
956 3677 1008 3722 et
1046 3683 1145 3735 ego
1164 3670 1321 3724 miser
1347 3678 1441 3722 :'et
1473 3686 1591 3724 cum
1636 3672 1937 3739 hujusmodi
1992 3672 2083 3725 ad-

538 3775 748 3813 versum
801 3775 858 3813 se
893 3768 1129 3814 uteretur
1151 3763 1620 3830 increpationibus,
1670 3767 1841 3817 visum
1890 3766 1940 3819 ei
1988 3766 2085 3818 luit

540 3851 700 3903 veluti
748 3851 799 3902 in
828 3850 995 3902 extasi
1036 3850 1263 3905 astitisse
1289 3852 1390 3905 sibi
1429 3853 1479 3905 in
1526 3862 1796 3905 momento
1841 3863 2081 3907 sanctum

538 3944 839 4004 virum;ex
891 3958 993 4009 qua
1048 3944 1250 3996 visione
1300 3952 1686 4006 consternatus,
1734 3960 1853 3999 cum
1902 3960 2085 3999 amens

541 4043 675 4094 pene
704 4037 923 4090 astaret,
972 4030 1146 4080 subito
1195 4030 1393 4095 reperit
1419 4032 1472 4081 in
1510 4046 1669 4082 manu
1694 4032 1775 4083 vel
1816 4044 1962 4086 veste
1990 4049 2083 4085 sua

540 4132 723 4169 aurum
774 4116 915 4183 quod
960 4117 1273 4184 pauperibus
1312 4119 1518 4182 erogari
1571 4120 1810 4185 deberet,
1850 4124 1989 4188 quod
2033 4132 2086 4175 et

540 4205 780 4271 protinus
810 4201 1005 4255 factum
1034 4213 1115 4255 est
1142 4220 1155 4265 ;
1186 4213 1237 4255 et
1261 4203 1349 4255 ille
1375 4203 1533 4255 multa
1557 4220 1737 4258 secum
1766 4221 1829 4259 ex
1852 4222 1915 4259 eo
1939 4201 2083 4273 (μιδά

540 4294 807 4348 acciderat
828 4295 1084 4361 cogitans,
1116 4296 1246 4348 exiit
1274 4294 1341 4347 ab
1362 4295 1584 4349 ecclesia
1608 4306 1662 4351 et
1688 4298 1944 4351 discessit.

1120 4400 1343 4455 CAPUT
1385 4400 1490 4457 LV.

880 4486 954 4540 De
986 4505 1138 4555 puero
1165 4487 1373 4542 Ebroini
1399 4493 1505 4556 ﬁlio
1542 4505 1743 4549 sanato.

611 4598 739 4652 Illud
769 4612 978 4665 quoque
1025 4614 1127 4649 non
1182 4612 1277 4649 nos
1326 4598 1706 4668 ellugiatqnod
1739 4604 1816 4655 vir
1871 4605 2085 4656 illustris

546 4687 823 4745 Ebroinus,
875 4688 1048 4754 palatii
1101 4687 1411 4754 prmpositus
1464 4690 1639 4754 (quod
1692 4694 1843 4758 vulgo
1897 4696 2086 4748 dicitur

524 4775 932 4843 'tnajor-domus
951 4775 967 4840 )
988 4812 1001 4835 ,
1030 4776 1254 4828 habebat
1280 4775 1440 4828 lilium
1468 4776 1878 4849 adulescentem,
1931 4798 2088 4836 voca-

547 4865 669 4917 bulo
700 4863 988 4923 Bobonem,
1018 4878 1173 4927 quem
1222 4864 1336 4932 ipse
1378 4880 1437 4917 ac
1478 4865 1669 4931 t0lljllX
1700 4865 1813 4933 ejus
1844 4871 1992 4922 unice
2023 4887 2086 4923 ac

547 4951 901 5015 singulariter,
967 4959 1024 5001 ut
1078 4958 1202 5016 pote
1251 4953 1399 5005 cliari
1466 4964 1729 5021 parentes,
1776 4955 2083 5021 diligebant.

549 5039 785 5102 Quodam
810 5040 983 5106 itaque
1010 5049 1246 5107 tempore
1272 5045 1455 5096 morbo
1467 5045 1771 5099 medullitus
1791 5048 2084 5112 ingruente,

548 5129 708 5196 cmpit
756 5129 919 5181 isdem
966 5146 1098 5197 puer
1144 5144 1338 5183 vesano
1379 5142 1633 5198 :egrotare
1675 5137 1943 5202 languore,
1993 5152 2088 5203 pro

548 5236 663 5287 quo.
686 5228 934 5288 parentes
961 5221 1113 5275 nimis
1139 5220 1371 5285 solliciti,
1402 5234 1554 5275 erant
1584 5227 1737 5291 positi
1768 5228 1819 5279 in
1847 5228 2086 5296 angustia

546 5310 733 5377 gravi;
794 5309 987 5361 dehinc
1042 5311 1397 5363 invalescente
1461 5312 1708 5377 paulatim
1760 5316 2083 5380 aegritudine.

548 5403 708 5468 carpit
736 5400 844 5467 jam
875 5413 1005 5466 puer
1028 5402 1370 5454 vehementer
1398 5400 1539 5467 angi,
1570 5410 1624 5454 et
1653 5414 1819 5455 morte
1846 5406 2081 5470 jamjam-

550 5506 651 5555 que
681 5490 989 5542 imminente
1017 5502 1135 5541 cum
1166 5492 1373 5544 vivendi
1394 5506 1515 5559 spes
1544 5494 1749 5558 penitus
1772 5495 2083 5553 auferretur.

554 5580 705 5631 nimis
734 5577 872 5629 anxii
906 5586 1155 5645 parentes
1174 5594 1271 5646 pro
1299 5581 1405 5634 lilio
1428 5580 1495 5633 ad
1519 5592 1758 5633 sanctum
1782 5583 2087 5648 confugiunt

558 5664 792 5727 Eligium.
818 5665 1247 5732 conlidentesque
1276 5670 1340 5723 de
1366 5664 1633 5723 miraculis
1664 5671 1792 5724 tanti
1816 5673 2081 5724 θηιὶδιξιιμ,

561 5767 775 5819 put-rum
805 5755 943 5810 illico
972 5755 1237 5811 devovent
1263 5756 1309 5811 ei
1349 5759 1622 5826 supplices,
1654 5770 1808 5827 atque
1853 5778 1945 5832 pro
1976 5780 2037 5813 ni‘
2069 5794 2083 5801 -

2181 3284 2554 3350 incursaretur,
2586 3288 2809 3343 tandem
2840 3306 3000 3346 causa
3029 3294 3080 3347 in
3123 3296 3323 3364 palatio
3353 3300 3491 3366 regis
3516 3301 3697 3369 perlata.

2180 3372 2383 3439 accepit
2429 3388 2459 3425 a
2489 3374 2729 3441 principe
2750 3376 3030 3443 judicium,
3062 3390 3121 3433 ut
3149 3384 3193 3435 si
3241 3396 3425 3452 posset
3455 3388 3507 3439 in
3552 3400 3699 3442 sancto

2182 3460 2301 3513 loco
2332 3470 2524 3514 terram
2558 3464 2861 3531 conjnrare,
2910 3468 2975 3519 ad
3020 3479 3225 3537 partem
3273 3474 3455 3543 utique
3501 3476 3699 3529 ecclesia:
3774 3506 3779 3513 ~

2182 3552 2474 3606 vindicaret
2498 3570 2510 3617 ;
2542 3555 2635 3607 sed
2666 3555 2755 3609 ille
2781 3558 2968 3613 maluit
2994 3569 3052 3613 ut
3095 3562 3233 3617 idem
3268 3568 3509 3631 pertinax
3530 3568 3601 3621 vir
3628 3572 3697 3637 qui

2182 3652 2299 3693 eam
2364 3643 2613 3698 invadere
2672 3648 2945 3714 quaerebat
3014 3652 3366 3721 jurejurando
3400 3650 3698 3712 asseveraret

2183 3742 2352 3781 suam.
2427 3733 2491 3783 lit
2545 3748 2666 3786 cum
2704 3735 3000 3802 judicatum
3052 3752 3196 3795 esset
3262 3753 3319 3796 ut
3358 3746 3595 3813 praefatus
3627 3735 3699 3799 ’τὴν

2182 3833 2300 3871 cum
2355 3819 2595 3888 plurimis
2636 3825 2929 3879 secundum
2968 3827 3295 3885 Francorum
3352 3835 3523 3901 legem
3563 3850 3700 3889 σκηρ

2184 3917 2417 3959 mentum
2458 3910 2788 3975 persolveret
2813 3922 2867 3966 et
2889 3914 2992 3969 hoc
3022 3918 3192 3983 ipsum
3221 3920 3501 3988 indulgens
3532 3924 3696 3978 abbas:

2182 3995 2331 4057 Novi,
2382 3996 2567 4062 inquit,
2621 3994 2765 4064 quod
2808 4002 2946 4055 male
3008 4018 3124 4057 eam
3181 4007 3483 4071 invaserit,
3537 4012 3699 4065 idcirco

2184 4096 2313 4149 rogo
2357 4093 2414 4136 ut
2440 4086 2643 4139 cunctis
2667 4084 2999 4153 juratoribus
3030 4092 3246 4149 indultis
3276 4097 3393 4164 ipse
3438 4100 3697 4167 singularia.

2183 4173 2225 4223 si
2268 4173 2373 4225 Deo
2403 4174 2575 4240 placet
2622 4174 2849 4242 juranu’o
2876 4193 2992 4232 eam
3023 4182 3271 4237 vindicet.
3330 4185 3568 4255 Cumque
3608 4188 3696 4241 hac

2183 4261 2420 4326 dixisset,
2466 4264 2660 4332 placuit
2707 4269 3086 4325 verbmnistud
3133 4277 3341 4329 cunctis
3393 4278 3696 4346 optimatibus

2186 4352 2343 4417 regis,
2371 4362 2424 4404 et
2450 4354 2794 4411 decreverunt
2819 4375 3006 4413 omnes
3043 4364 3113 4415 ita
3142 4362 3276 4417 lteri.
3311 4364 3445 4420 Post
3468 4367 3573 4420 lac
3594 4380 3697 4433 ergo

2188 4451 2464 4508 pergentes
2504 4445 2569 4496 ad
2595 4445 2873 4500 ecclesiam
2903 4449 3043 4503 beati
3078 4452 3249 4518 Eligii,
3299 4463 3354 4507 et
3404 4455 3611 4524 ingressi
3647 4457 3697 4509 ad

2114 4512 2162 4569 ἶ)
2189 4530 2359 4583 locum
2388 4532 2637 4599 sepulcri,
2669 4535 3116 4599 praestolabantur
3141 4554 3329 4595 omnes
3356 4512 3598 4599 eventum
3620 4547 3695 4599 rei.

2187 4618 2332 4671 Tunc
2371 4630 2697 4673 memoratus
2730 4621 2807 4673 vir
2836 4622 2953 4676 leve
2982 4637 3232 4691 reputans
3261 4633 3552 4700 negotium,
3603 4648 3697 4686 αι

2187 4707 2485 4773 importuna
2511 4707 2729 4761 audacia
2753 4712 3016 4777 posuisset
3039 4714 3311 4781 juraturus
3334 4736 3547 4774 manum
3568 4735 3697 4789 super

2187 4801 2424 4845 sanctum
2450 4795 2642 4861 locum,
2674 4796 2725 4848 in
2757 4800 2931 4853 medio
2961 4801 3407 4861 feresacramenti
3422 4810 3576 4864 verbo
3591 4823 3693 4863 eoa-

2188 4882 2516 4945 tremiscens,
2550 4885 2891 4941 vehementer
2920 4896 3033 4943 toto
3053 4904 3278 4956 corpore
3313 4893 3589 4949 declinavit
3626 4908 3693 4949 rc-

2188 4976 2415 5022 trorsum
2436 4986 2593 5036 super
2612 4974 2846 5027 cervices
2866 4986 3043 5044 caput,
3069 4988 3122 5030 et
3142 4994 3263 5033 mox
3285 4980 3693 5038 divaricatisdelr

2190 5056 2346 5120 tibus,
2406 5062 2862 5128 reverberatisque
2908 5065 3098 5127 oculis,
3154 5068 3401 5137 cadente,
3433 5080 3491 5127 ut
3534 5070 3693 5127 dicit

2187 5156 2289 5213 cst,
2313 5147 2558 5201 deorsum
2588 5148 2781 5215 capite,
2811 5164 3111 5221 magnoque
3144 5169 3209 5209 ex
3234 5172 3328 5213 ore
3350 5160 3497 5217 fumo
3538 5173 3692 5231 proce-

2187 5236 2366 5299 dente,
2394 5236 2537 5288 hunc
2552 5238 2718 5289 solum
2750 5239 2984 5305 proferre
3006 5240 3175 5311 potuit
3198 5261 3501 5303 sermonem
3523 5248 3690 5312 :Ahh.

2187 5324 2375 5389 inquit,
2402 5324 2623 5392 Sparte,
2652 5329 2827 5396 recipe
2851 5338 3043 5385 terram
3090 5343 3251 5387 tuam.
3280 5336 3397 5390 Hoc
3421 5351 3543 5408 ergo
3567 5336 3694 5393 IIIIo

2189 5412 2433 5465 divinitus
2459 5430 2751 5481 percussus,
2778 5427 2935 5483 atque
2957 5420 3098 5474 illico
3121 5422 3170 5473 in
3200 5434 3399 5479 terram
3419 5430 3693 5493 prosim

2190 5517 2289 5552 mox
2308 5514 2407 5555 tem
2434 5519 2590 5570 quam
2614 5520 2716 5555 non
2742 5507 3139 5562 titnuitfortuitu
3154 5526 3457 5578 praeventus
3477 5508 3691 5573 ωει-

2188 5594 2366 5641 cnrrit.
2390 5593 2457 5640 Ex
2484 5605 2585 5655 quo
2618 5592 2753 5643 facto
2784 5608 2965 5647 omnes
2987 5598 3349 5663 iugenti‘ntetu
3369 5596 3691 5675 peredeO'

2189 5682 2404 5731 tentiam
2438 5681 2556 5743 illic,
2592 5684 2721 5737 sicut
2749 5696 2798 5736 et
2835 5687 3022 5751 ubique
3073 5704 3387 5759 pramean
3436 5696 3690 5751 fati!th

2192 5770 2371 5820 adesse
2396 5771 2597 5823 Christi.

3386 5794 3809 6261 Α
