3848 6366
141 438 223 495 881

649 535 872 590 CAPUT
914 533 1084 587 LVIII.

410 631 536 692 Item
573 632 636 680 de
665 630 769 681 alio
796 628 1086 696 perjurnhtc
1116 630 1330 674 mortuo.

195 723 287 779 Sed
299 731 348 778 et
364 720 429 775 de
449 719 553 774 alio
575 717 921 771 nihilominus
945 714 1126 767 auditu
1142 711 1260 766 solo
1274 711 1653 776 comperimus,

1612 417 1789 470 γιτΑ.

1682 537 1727 593 Α
1761 529 1948 588 Unum,
1978 526 2165 593 inquit,
2190 534 2399 577 constat
2430 533 2604 576 utrum
2637 525 2705 576 sit
2733 523 2929 579 factum
2969 538 3036 577 an
3067 539 3191 578 mox
3222 522 3306 576 fu-

1755 624 1950 675 turum,
2004 626 2124 666 cum
2150 611 2258 677 jam
2309 617 2455 664 muta
2499 619 2556 663 et
2600 619 2710 664 toto
2751 625 2981 679 corpore
3019 610 3307 665 decumbat

1752 706 2091 768 pmmortua.
2145 699 2295 752 Tunc
2323 698 2411 753 ille
2438 697 2626 753 festiue
2674 699 2823 752 valde
2877 698 2942 752 ad
2988 698 3314 756 confessoris

3133 434 3140 439 -
3201 400 3309 452 ἱλκέ

136 776 394 882 quodcum
420 805 612 860 ibidem
653 801 1004 872 perjurasset,
1033 807 1193 868 atque
1227 795 1440 851 demum
1479 796 1543 882 ad
1573 794 1657 846 do-
1753 787 2055 882 sepulcrum
2081 776 2374 882 contendit,
2406 796 2461 840 et
2487 801 2704 882 sumens
2733 802 2800 882 ex
2829 802 2894 882 eo
2920 787 3010 856 qui
3041 786 3316 882 ibi-fundi-

139 874 260 949 rnam
288 908 426 949 suam
449 890 612 946 veluti
634 890 806 943 victor
839 886 1059 951 rediret,
1113 885 1416 953 priusquam
1467 881 1658 934 domus
1757 883 1842 927 tur
1867 876 1969 929 olei
1995 876 2224 944 liquore,
2253 874 2321 927 ad
2343 876 2560 928 domum
2589 875 2789 931 funeris
2815 879 2924 930 cito
2951 876 3158 931 accedit
3183 894 3198 940 ;
3228 877 3312 928 di-

138 1001 229 1038 tus:
251 981 548 1038 vestibulum
569 977 860 1038 itroisset,
892 974 1038 1028 invia
1068 965 1334 1027 mortuum
1368 973 1526 1024 fuisse
1555 989 1564 1023 :
1596 986 1660 1023 ex
1758 966 1909 1017 cchat
1957 967 2096 1018 enim
2126 966 2227 1020 hoc
2255 965 2356 1017 sibi
2407 964 2461 1017 in
2494 975 2756 1020 nocturna
2799 967 3008 1022 visione
3047 981 3078 1020 a
3124 977 3310 1020 sancto

137 1089 230 1142 quo
255 1073 482 1126 nimirum
513 1068 853 1136 postmodum
880 1073 1058 1117 tantus
1089 1077 1254 1132 pavor
1282 1063 1450 1114 crevit
1482 1061 1532 1112 in
1569 1078 1662 1124 pr.-

141 1165 264 1231 pulo,
313 1168 366 1214 ut
399 1159 568 1213 nullus
635 1155 746 1224 jam
797 1154 957 1209 hodie
1008 1155 1167 1206 etiam
1224 1167 1322 1218 pro
1369 1152 1658 1214 justisinm

140 1263 276 1304 causa
296 1248 543 1301 introrsus
555 1245 622 1298 ad
641 1244 946 1313 sepulcrum
974 1247 1276 1310 persolvere
1303 1243 1491 1292 audeat
1514 1241 1632 1304 λιιι-η
1647 1267 1662 1275 -

142 1336 502 1401 mentum;sed
551 1331 857 1404 quicunque
913 1333 1073 1384 habet
1122 1347 1160 1382 s-
1195 1343 1510 1382 ~ramenturn
1564 1329 1663 1378 do-

137 1439 266 1489 nare,
293 1423 413 1480 foris
447 1425 511 1477 ad
538 1421 798 1476 circulum
829 1421 1004 1488 januzc
1035 1418 1256 1486 Μίνως.)
1291 1433 1410 1470 cum
1469 1431 1662 1480 muth

141 1525 343 1566 tremore
371 1511 634 1579 persolvit.

691 1596 915 1651 CAPL'T
957 1595 1085 1648 LIX.

491 1687 567 1741 De
613 1690 816 1742 homine
845 1687 1044 1739 rabioso
1075 1694 1279 1737 sanato.

196 1777 290 1832 Sed
314 1791 477 1845 neque
506 1778 636 1830 illud
665 1777 923 1832 silendum
964 1785 1043 1827 est
1072 1775 1210 1828 euod
1250 1773 1383 1824 inter
1421 1770 1670 1837 piurimos

1761 1053 1929 1119 Eligio
1954 1063 2276 1120 praeceptum
2306 1053 2488 1115 fuisse,
2518 1061 2574 1104 ut
2602 1054 2766 1109 allato
2792 1055 2897 1108 olei
2926 1056 3130 1123 liquore
3153 1070 3314 1110 sana-

1763 1152 1844 1194 rel
1893 1144 1958 1195 ab
1989 1143 2329 1196 incommodo
2374 1135 2691 1195 mulierem;
2725 1142 2994 1210 Ingressus
3039 1159 3167 1214 ergo
3212 1145 3314 1200 do-

1763 1247 1927 1296 mum,
1956 1233 2086 1285 vrdit
2111 1247 2302 1298 corpus
2327 1232 2462 1285 inter
2491 1231 2721 1285 lamenta
2745 1230 2980 1287 amnium
3005 1235 3192 1301 jacere
3233 1244 3318 1287 tu-

1765 1323 1961 1373 midum
2007 1331 2061 1373 et
2089 1321 2339 1387 gelidum,
2370 1327 2423 1372 et
2450 1321 2594 1373 ocius
2616 1320 2872 1374 accedens
2898 1323 3226 1376 conﬁdenter
3251 1336 3321 1377 ex

1767 1409 1968 1461 visione
1996 1409 2185 1471 sancti,
2221 1409 2471 1476 perunxit
2495 1409 2616 1462 oleo
2642 1407 2783 1476 quod
2811 1408 3077 1463 detulerat
3101 1426 3319 1481 corpus,

1767 1507 1819 1546 ct
1865 1497 1937 1544 ait
1981 1512 1989 1520 -
2027 1496 2144 1547 llaec
2187 1495 2402 1547 mandat
2427 1506 2641 1549 sanctus
2667 1493 2882 1562 Eligius,
2939 1506 2998 1550 ut
3027 1498 3080 1551 in
3125 1501 3320 1554 virtute

1773 1586 1997 1637 numinis
2047 1585 2240 1636 Christi
2272 1597 2526 1652 exsurgas
2561 1585 2720 1638 modo
2749 1599 2874 1638 sana
2903 1586 2970 1639 ab
2999 1589 3098 1640 hac
3145 1596 3316 1656 peste.

1773 1675 1836 1725 l-lt
1866 1673 2144 1727 confestim
2197 1673 2317 1725 oleo
2344 1682 2534 1726 sancto
2562 1674 2769 1728 viscera
2824 1676 2938 1743 ejus
2989 1685 3321 1746 penetrante,

1776 1767 1934 1830 (tlzpil
1967 1764 2245 1830 palpebras
2269 1761 2544 1818 oculorum
2573 1776 2929 1826 commovere,
2965 1780 3026 1818 ac
3053 1766 3213 1820 veluti
3256 1783 3324 1823 ex

141 1866 406 1933 languidos,
444 1869 533 1934 qui
569 1867 674 1918 illic
701 1866 932 1928 undique
979 1904 984 1908 .
1012 1864 1270 1923 ouiluunt,
1322 1862 1533 1927 quidam
1565 1861 1662 1920 tir,
1698 1852 1742 1910 Β
1770 1854 2070 1917 gratissimo
2116 1866 2301 1905 somno
2329 1852 2584 1920 evigilans
2610 1853 2917 1921 suspirare:
2971 1855 3164 1909 deinde
3193 1858 3324 1909 mira

139 1951 326 2006 amatus
339 1953 570 2020 pessimo
593 1953 856 2010 daemone.
884 1957 1138 2004 πόλεως
1158 1951 1417 2001 Noviomo
1441 1950 1505 2000 ab
1536 1949 1666 2000 urbe

141 2042 486 2096 Ambianense.
540 2041 638 2095 llic
667 2056 880 2112 nempe,
911 2043 1141 2106 niaiigno
1176 2037 1428 2091 saeviente
1457 2036 1665 2103 spiritu,

135 2129 502 2186 infestissimam
535 2132 738 2184 rabiem
800 2131 1025 2196 patiens,
1083 2144 1186 2182 non
1245 2138 1506 2189 catenam,
1562 2137 1669 2177 non

138 2221 417 2286 compedes,
444 2236 551 2272 non
579 2220 805 2273 claustra
830 2218 1088 2271 ostiorum
1111 2218 1315 2283 integra
1339 2215 1668 2283 patiebatur;

138 2309 276 2377 cujus
300 2309 546 2363 videlicet
585 2308 914 2362 ferocitatem
946 2307 1121 2360 nullus
1172 2303 1395 2357 sull'erre
1423 2295 1670 2370 poterat;

137 2412 249 2450 nam
274 2407 325 2451 et
373 2399 599 2451 aliorum
643 2412 819 2461 nasos,
851 2396 1077 2450 aliorum
1107 2411 1264 2449 aures
1299 2394 1342 2448 si
1368 2396 1674 2458 contingere

139 2487 394 2555 qnivisset,
421 2490 692 2542 mordicus
716 2489 1024 2554 amputabat
1051 2503 1063 2546 ;
1095 2484 1569 2551 egestionesetiarn
1593 2497 1675 2533 ru-

139 2579 325 2640 derum,
343 2592 548 2630 necnon
572 2585 625 2629 et
655 2590 878 2628 cannam
904 2577 948 2626 si
970 2573 1462 2640 comprehendisset
1485 2570 1676 2622 avidis-

135 2663 259 2715 sime
285 2665 505 2715 edebat:
539 2663 676 2716 unde
706 2673 760 2714 et
783 2661 981 2727 jngiter
1009 2661 1231 2714 nexibus
1261 2659 1421 2713 miser
1473 2658 1675 2724 ponde-

147 2752 270 2806 rosis
295 2740 546 2806 astrictus
576 2753 674 2804 sub
700 2751 941 2805 custodia
989 2751 1304 2803 habebatur.
1359 2746 1509 2801 Hunc
1551 2759 1679 2814 ergo

139 2851 250 2891 cum
277 2838 362 2891 diu
385 2846 636 2907 parentes
663 2839 728 2891 ad
754 2837 1067 2890 memoriam
1093 2838 1266 2889 sancti
1297 2835 1449 2904 Eligii
1473 2835 1679 2886 deside-

141 2935 311 2981 rarent
333 2927 647 2995 perducere,
680 2940 787 2980 non
818 2925 898 2979 eis
925 2925 1241 2979 occumbat
1262 2923 1525 2989 ingenium
1553 2936 1680 2987 qua-

137 3015 250 3069 liter
289 3016 341 3068 id
368 3017 547 3070 lacere
578 3022 814 3084 possent,
845 3014 1099 3084 quOniatn
1127 3014 1173 3067 si
1203 3027 1322 3067 cum
1349 3020 1536 3065 catena
1565 3025 1684 3080 per-

140 3107 418 3168 mitterent,
452 3109 504 3159 in
535 3106 681 3174 ipsos
706 3107 886 3175 utique
916 3107 1004 3172 qui
1054 3105 1298 3158 eumdem
1329 3103 1586 3156 ducerent
1608 3104 1682 3154 ir-

137 3207 306 3258 ruens,
335 3195 474 3247 male
746 3168 993 3247 laniaret.
1019 3194 1253 3247 Tandem
1282 3191 1438 3258 igitur
1466 3191 1679 3258 ingenio
1706 3168 1749 3226 (ἶ

141 3289 360 3347 reperto,
382 3291 786 3347 aptaveruntex
817 3281 1041 3334 fustibus
1086 3282 1352 3350 quoddam
1405 3280 1682 3341 tolocium,

139 3383 198 3421 ea
234 3369 428 3423 scilicet
459 3370 670 3423 ratione
699 3379 756 3423 ut
782 3372 827 3425 si
860 3370 927 3422 ad
957 3373 1345 3438 praicedeutem
1375 3383 1433 3423 se
1472 3368 1683 3422 mittere

142 3467 375 3521 tentaret,
429 3462 696 3528 posterior
743 3474 865 3513 eum
922 3469 1214 3514 retrorsum
1277 3458 1606 3520 attraheret;
1653 3471 1685 3510 e

140 3558 316 3601 contra
364 3550 408 3603 si
435 3542 788 3618 posteriorem
824 3558 1117 3616 appeteret,
1147 3551 1294 3616 prior
1345 3548 1687 3603 nihilominus

141 3638 404 3694 retrahens
455 3647 685 3690 teneret.
725 3637 967 3704 Cumque
1019 3636 1322 3703 hujusmodi
1375 3647 1686 3701 argumento

138 3725 333 3778 catenis
355 3735 410 3778 et
438 3725 952 3786 tolociis'oneratus,
983 3738 1014 3776 a
1042 3724 1171 3778 viris
1198 3733 1403 3790 septem
1433 3723 1485 3774 in
1514 3723 1690 3776 diver-

140 3812 210 3864 sis
232 3813 517 3867 nitentibus
542 3813 696 3880 quasi
725 3811 1087 3868 ferocissimus
1110 3798 1291 3865 taurus
1314 3813 1378 3864 ad
1407 3810 1689 3864 ecclesiam

141 3908 276 3954 esset
304 3901 610 3970 perductus.
641 3902 887 3970 protinus
915 3901 992 3953 ad
1033 3902 1335 3969 sepulcrum
1365 3900 1533 3952 sancti
1583 3897 1692 3951 Eli-

143 3985 210 4051 gii
236 3994 317 4040 est
342 3988 592 4053 delatus;
623 3988 711 4042 ubi
739 3989 830 4041 vix
859 3987 1146 4052 stablitus,
1196 3986 1406 4040 demum
1436 4000 1542 4039 non
1571 3995 1691 4052 post

146 4076 357 4142 longum
379 4080 612 4146 spatium
643 4075 956 4135 confessae
981 4085 1192 4141 orante,
1223 4085 1278 4129 et
1305 4073 1499 4129 Christi
1521 4077 1692 4143 gratia

145 4164 417 4232 largiente,
448 4167 646 4220 meruit
680 4167 920 4234 recipere
944 4167 1232 4220 sanitatem
1259 4178 1407 4232 ;quo
1435 4164 1607 4218 etiam
1640 4164 1693 4216 in

146 4254 260 4307 loco
286 4255 439 4309 valde
457 4255 569 4324 jam
598 4257 848 4321 devotus,
907 4252 1160 4311 clericus
1189 4254 1532 4322 postmodum
1580 4253 1693 4308 fac-

145 4354 243 4409 tus,
271 4345 442 4400 multo
465 4355 708 4414 tempore
733 4343 1039 4399 des'ervivit.

728 4451 952 4508 CAPUT
991 4451 1103 4506 LX.

475 4523 569 4577 'De
611 4523 824 4578 muliere
849 4539 882 4574 α
909 4525 1111 4587 pustula
1137 4529 1342 4574 sanata.

227 4609 523 4666 Bodolenus
547 4613 765 4680 quidam
805 4610 1164 4675 centenarius,
1206 4609 1383 4679 oppidi
1412 4608 1697 4664 Novioma-

147 4698 317 4760 gensis
344 4699 590 4772 colonus.
642 4699 875 4752 habebat
921 4713 1137 4753 uxorem
1162 4700 1377 4763 bonam,
1424 4699 1698 4753 honestam

149 4784 300 4838 valde
346 4793 509 4862 atque
534 4785 801 4844 devotam,
853 4797 972 4850 quae
1013 4783 1239 4853 quodam
1290 4794 1531 4855 tempore
1575 4785 1699 4838 dum

148 4873 379 4941 quietam
405 4880 591 4943 ageret
612 4873 796 4936 vitam,
832 4870 1055 4924 nefanda
1084 4875 1296 4938 pustula
1338 4873 1583 4939 nequiter
1619 4881 1703 4927 est

151 4975 420 5028 percussa,
449 4976 558 5029 quo
589 4962 713 5015 tabo
749 4960 1083 5029 increscente
1105 4957 1320 5026 jacebat
1349 4957 1549 5010 tumida
1594 4968 1703 5012 toto

153 5025 396 5115 corpore,
451 5025 508 5102 et
543 5040 798 5117 paulatim
851 5025 1004 5120 plagit
1047 5048 1403 5111 adolescente,
1457 5047 1567 5101 sola
1592 5048 1703 5114 jam

152 5135 422 5204 sepultura
450 5137 700 5189 maritum
729 5137 988 5192 reddebat
1021 5137 1329 5191 sollicitum.
1364 5135 1479 5190 Uno
1523 5135 1704 5204 itaque

155 5238 312 5276 marte
348 5239 471 5277 cum
500 5224 663 5276 abbas
701 5224 933 5279 basilicae
971 5213 1296 5292 beatiEligii
1342 5221 1585 5279 tenderet
1636 5227 1702 5279 ad

154 5313 477 5378 orationem,
499 5309 688 5368 obvius
714 5313 763 5366 ei
793 5311 964 5366 factus
990 5311 1124 5366 flens
1150 5321 1208 5366 et
1234 5313 1442 5380 ejulans
1470 5313 1706 5367 mulieris

155 5402 397 5466 maritus,
427 5413 654 5458 mortem
701 5401 941 5472 conjugis
967 5415 1077 5454 sua:
1111 5401 1327 5467 indicat,
1353 5401 1708 5472 sepulturam-

156 5501 261 5556 que
307 5480 406 5542 'el‘
409 5489 464 5542 in
502 5481 774 5545 b’aﬁlicatn
803 5488 1110 5558 suppliciter
1161 5490 1414 5556 postulat.
1467 5489 1707 5555 Cumque

160 5581 226 5630 ab
249 5591 317 5633 eo
346 5586 526 5630 utrum
546 5580 809 5634 veraciter
853 5585 998 5634 esset
1028 5585 1237 5632 mortua
1266 5579 1704 5648 interrogaretur:

227 5739 256 5768 ⁸
292 5732 444 5788 Satis
470 5749 730 5788 acatsarc.
761 5734 1075 5805 Legendum,
1119 5733 1241 5785 satis
1270 5747 1521 5791 accurate.

1774 1943 2050 1993 celeritate
2094 1938 2494 1992 detutnescente
2531 1951 2777 2006 corpore,
2825 1953 2923 1992 nec
2971 1941 3078 1994 ullo
3122 1953 3328 1998 tumore

1773 2037 2083 2081 remanente
2131 2028 2182 2079 in
2232 2034 2374 2090 cute,
2409 2025 2544 2080 facie
2593 2027 2751 2080 etiam
2805 2027 3054 2080 decorata
3111 2038 3323 2092 rubore.

1772 2119 2001 2171 surrexit
2041 2119 2106 2170 de
2137 2117 2354 2181 lectulo,
2385 2116 2709 2170 benedicens
2733 2125 2785 2170 et
2814 2116 3117 2186 gloriﬁcans
3166 2121 3328 2173 Crea-

1773 2217 1964 2266 torem,
2017 2206 2108 2272 qui
2155 2220 2213 2257 se
2250 2214 2556 2259 revocasset
2603 2221 2633 2259 a
2663 2215 2856 2261 morte.
2888 2208 3038 2264 Sana
3080 2223 3206 2277 ergo
3260 2226 3328 2264 ex

1774 2299 1872 2350 hoc
1906 2294 2112 2356 eﬂ‘ecta,
2150 2295 2310 2361 coepit
2339 2308 2432 2347 eos
2460 2295 2785 2362 compellere
2815 2296 2921 2351 illic
2949 2311 3014 2351 eo
3042 2298 3125 2351 die
3150 2299 3326 2353 cibunt

1773 2399 2004 2447 sumere,
2039 2398 2137 2437 nec
2165 2382 2320 2436 aliter
2361 2381 2582 2448 destitit,
2615 2397 2787 2450 neque
2807 2386 3048 2458 permisit
3090 2401 3184 2441 eos
3233 2389 3332 2441 do-

1779 2490 1921 2526 mutn
1943 2489 2090 2526 suam
2115 2471 2282 2534 exire,
2314 2471 2413 2523 nisi
2443 2469 2665 2538 prandio
2686 2472 2930 2538 apposito
2959 2474 3172 2543 ipsa.eis
3189 2476 3330 2530 circa

1780 2565 2024 2631 frequens
2048 2570 2104 2614 et
2130 2562 2380 2614 misceret
2408 2568 2462 2612 et
2484 2558 2830 2612 ministraret.

2377 2646 2598 2701 CAPUT
2637 2646 2767 2700 LXI.

1955 2736 2032 2788 De
2066 2737 2271 2789 interitu
2300 2735 2398 2801 ﬁlii
2427 2737 2509 2803 qui
2539 2744 2734 2803 patrem
2773 2735 3157 2792 criminabatur.

1850 2823 1977 2879 Post
2018 2826 2116 2877 hos
2165 2833 2340 2875 autem
2379 2822 2492 2875 dies
2537 2821 2709 2875 fuerat
2747 2825 3010 2890 quoddam
3043 2825 3236 2881 furtum
3281 2828 3334 2883 in

1782 2927 1904 2970 rure
1933 2916 2351 2983 Noviomagense
2380 2914 2664 2968 admissum
2694 2907 2707 2967 ξ
2732 2929 2958 2985 cumque
2987 2933 3214 2985 persona
3243 2926 3336 2976 ad.

1784 3006 1928 3058 missi
1955 3006 2199 3059 facinoris
2227 3013 2569 3071 quereretur,
2589 3004 2798 3071 juvenis
2821 3005 3036 3073 quidam
3064 3022 3160 3076 per
3202 3009 3337 3064 iudi-

1786 3096 1925 3147 cium
1949 3094 2307 3162 eidemculpte
2348 3093 2589 3147 conscius
2616 3093 3050 3162 compellabatur.
3102 3095 3340 3153 Habebat

1782 3194 1958 3238 autem
1989 3184 2126 3237 idem
2146 3183 2357 3249 juvenis
2397 3197 2464 3236 eo
2503 3192 2745 3249 tempore
2784 3198 2903 3236 cum
2946 3185 3187 3251 genitore
3240 3201 3340 3242 suo

1783 3272 2063 3338 quamdam
2091 3272 2509 3335 contentionem,
2539 3271 2606 3322 ob
2635 3285 2792 3338 quam
2844 3269 3092 3325 videlicet
3113 3281 3174 3326 et
3213 3275 3342 3329 insi-

1783 3363 1898 3413 dias
1923 3361 1969 3413 ci
2012 3359 2330 3413 moliebatur
2371 3360 2673 3413 intentare:
2734 3368 2842 3412 tum
2882 3374 3010 3429 ergo
3060 3363 3342 3418 occasione

1786 3459 2019 3517 reperta,
2043 3458 2098 3504 et
2122 3460 2145 3485 ⁸
2175 3449 2307 3504 satis
2352 3449 2895 3518 accusare'repellens
2921 3465 2951 3504 a
2999 3465 3059 3505 se
3104 3451 3343 3521 hujusce-

1786 3541 1928 3592 modi
1964 3540 2292 3607 opinionem,
2323 3540 2484 3608 cmpit
2511 3540 2693 3593 eadem
2741 3555 2899 3609 super
2955 3550 3158 3609 patrem
3205 3544 3340 3597 velle

1788 3629 2089 3680 deﬂectere.
2139 3626 2409 3679 Ducuntur
2457 3628 2614 3693 igitur
2663 3627 2714 3679 in
2761 3628 3059 3694 hujusmodi
3110 3629 3338 3699 jurgimu

1790 3727 2012 3784 uterque
2041 3717 2093 3769 in
2124 3717 2411 3783 pubsicum,
2441 3726 2493 3769 et
2522 3715 2852 3782 conglobatis
2882 3718 3115 3786 undique
3159 3721 3340 3774 multis

1791 3808 2047 3857 si-tuntur
2074 3806 2125 3856 in
2151 3807 2393 3858 examine
2418 3805 2650 3872 episc0pi
2689 3814 2744 3858 et
2787 3807 3014 3871 comitis,
3044 3809 3130 3863 ubi
3175 3811 3332 3863 mult;-

1791 3900 2020 3952 vicissim
2051 3898 2391 3962 altercantes,
2437 3898 2710 3964 satagebat
2758 3897 2894 3951 filius
2937 3913 3260 3971 magnopere
3287 3904 3338 3956 in

1791 4001 1944 4060 patre
1966 3991 2281 4044 calumniam
2323 3988 2613 4052 reﬂectere,
2655 4003 2686 4042 e
2728 3997 2911 4044 contra
2942 4001 3110 4059 pater,
3160 4002 3218 4046 ut
3259 4009 3344 4047 res

1793 4091 1929 4144 erat,
1957 4082 2229 4135 innoxium
2257 4094 2316 4132 se
2358 4078 2517 4146 hujus
2544 4073 2795 4132 facinoris
2836 4095 2953 4134 esse
2998 4080 3340 4142 defendebat;

1794 4181 1956 4239 atque
2007 4172 2058 4225 in
2081 4172 2246 4250 \hunc
2284 4170 2498 4224 modum
2541 4168 3152 4225 contendebantcoratn
3207 4169 3342 4224 duce

1795 4270 1955 4328 atque
1980 4263 2254 4328 episcopo.
2283 4259 2433 4332 Tunc
2470 4257 2650 4323 itaque
2680 4256 2903 4309 vidimus
2942 4257 3153 4326 impleri
3203 4261 3345 4327 quod

1797 4348 2050 4402 Dominus
2071 4348 2121 4400 in
2152 4343 2432 4410 Evangelia
2461 4343 2587 4396 olim
2616 4342 2852 4411 prtedixit
2877 4362 2887 4395 :
2921 4342 3230 4414 Exsurgent,
3259 4345 3342 4398 in-
3423 4407 3426 4410 ,

1800 4438 1934 4505 quit,
1961 4436 2057 4504 filii
2084 4435 2136 4486 in
2165 4441 2417 4502 parentes,
2448 4439 2496 4486 et
2527 4432 2643 4486 odio
2669 4447 2752 4485 eos
2786 4432 3014 4502 efﬁcient
3039 4431 3249 4502 (ﬂeuit.
3286 4449 3310 4484 s
3329 4471 3374 4499 ,.

1801 4528 1912 4595 21).
1941 4527 2163 4592 Quidam
2191 4539 2320 4593 ergo
2343 4525 2792 4578 circumstantium
2817 4525 3051 4592 partibus
3081 4521 3171 4574 lilii
3200 4525 3342 4575 l'ate-

1802 4623 1948 4679 bant,
1979 4616 2069 4670 alii
2098 4629 2227 4670 vero
2255 4615 2449 4670 rectius
2487 4614 2613 4683 quid
2642 4614 3055 4680 promulgautes,
3087 4627 3188 4665 non
3223 4625 3343 4668 esse

1799 4706 2002 4756 re‘ctum
2031 4704 2174 4756 credi
2201 4702 2363 4756 lium
2391 4716 2550 4769 super
2582 4707 2785 4767 patrem
2824 4697 3151 4764 judicabant.
3185 4695 3340 4750 Cum-

1799 4804 1906 4857 que
1932 4791 2022 4844 diu
2053 4789 2415 4862 hujuscemodi
2437 4786 2712 4840 altercatio
2739 4787 2879 4840 inter
2904 4801 2998 4840 eos
3025 4793 3340 4851 verteretur,

1802 4893 1901 4932 nec
1931 4879 2083 4933 facile
2107 4887 2198 4932 aut
2224 4887 2421 4930 temere
2441 4889 2470 4928 a
2499 4888 2768 4944 quoquam
2787 4874 3110 4937 deﬂuiretur,
3133 4875 3342 4930 tandem

1802 4968 2078 5034 episcopus
2098 4979 2216 5017 cum
2240 4964 2374 5017 duce
2399 4972 2619 5031 accepto
2643 4961 2882 5025 consilio,
2909 4974 3030 5015 cum
3051 4961 3345 5015 nullatenus

1803 5065 2021 5125 possent
2046 5056 2124 5108 rei
2146 5054 2421 5107 veritatem
2451 5065 2793 5121 cognoscere,
2836 5050 3035 5116 judicio
3059 5049 3156 5104 eos
3197 5065 3335 5104 com-

1804 5147 2021 5199 mittunt
2044 5143 2354 5197 beatissimo
2381 5141 2671 5197 confessori
2700 5158 2712 5190 :
2746 5137 2903 5206 Quia,
2955 5140 3218 5208 inquiunt,
3247 5154 3343 5193 ne-

1805 5216 1998 5292 scimus
2042 5235 2142 5288 cui.
2173 5248 2239 5288 ex
2287 5234 2368 5286 his
2417 5233 2591 5301 putius
2636 5229 2778 5283 credi
2829 5230 3196 5293 decernamus,
3225 5228 3343 5289 tibi.

1805 5335 1990 5380 sancte
2024 5323 2180 5392 Eligi,
2204 5339 2324 5377 cum
2352 5321 2441 5376 Dei
2479 5322 2738 5374 sententia
2765 5318 2871 5372 hoc
2895 5319 3161 5399 supplices
3196 5315 3340 5383 judi~

1804 5414 1944 5468 cium
1967 5412 2366 5467 committimus.
2393 5413 2421 5461 Ἰ
2438 5421 2540 5461 unc
2564 5413 2856 5462 statuentes
2879 5414 3345 5470 utrumqneeoram

1805 5504 1973 5556 sancti
1989 5503 2250 5568 sepulcro,
2301 5495 2678 5565 exspectabant
2705 5495 2799 5565 per
2824 5502 3207 5551 sacramentum
3251 5492 3349 5549 Dei

1807 5593 1919 5647 fore
1954 5589 2205 5658 judicium
2240 5606 2250 5638 :
2294 5594 2364 5638 et‘
2391 5596 2515 5638 cccc
2565 5592 2782 5653 repente
2822 5583 2942 5635 dum
2991 5579 3345 5647 juramentma
