3934 6228
585 339 687 399 533

584 561 675 598 sus
697 544 745 595 in
777 550 967 594 terram
987 546 1069 591 est
1096 535 1345 604 graviter,
1372 533 1556 599 sicque
1590 546 1647 584 se
1674 532 2014 584 vehementer
2043 528 2134 581 de-

584 646 801 700 cerpens
853 628 1191 682 volutabatur
1238 622 1421 682 miser,
1473 631 1737 681 tremens,
1785 628 1838 671 et
1881 632 2133 686 spumans

584 732 739 788 atque
768 720 1079 788 pallescens.
1108 714 1182 765 Ex
1214 727 1321 779 quo
1352 711 1490 763 facto
1528 711 1972 762 cuncti'astantes
1998 716 2135 757 atto-

586 812 697 875 niti,
732 809 1001 874 nimioque
1058 805 1251 856 timore
1302 799 1586 867 perterriti,
1637 798 1727 851 Dei
1760 797 2138 865 omnipotentis

548 914 551 919 ·
585 900 988 967 magnilicabant
1018 895 1272 961 judicium
1317 893 1446 945 fieri.
1497 892 1586 945 Sic
1614 904 1740 959 ergo
1788 890 1840 943 in
1869 888 2135 959 publicum

586 992 786 1041 fucinus
817 984 1091 1039 manifeste
1114 983 1371 1051 prolatum
1403 981 1469 1033 ab
1487 981 1707 1034 ecclesia
1729 987 1807 1033 est
1827 980 2135 1032 discessum.

586 1080 712 1129 l‘ost
744 1078 855 1129 lucc
884 1084 1057 1127 autem
1088 1072 1346 1127 acerrime
1388 1070 1584 1137 diuque
1626 1069 1823 1135 juvene
1860 1069 2138 1134 castigato,

587 1169 932 1222 condolentes
961 1166 1109 1219 multi
1142 1180 1236 1231 pro
1260 1164 1447 1217 eodem
1473 1162 1667 1215 misero
1694 1160 2016 1213 conveniunt
2049 1174 2141 1226 pa-

587 1269 739 1313 trem,
775 1264 829 1308 ut
871 1272 966 1324 pro
995 1272 1060 1309 eo
1107 1255 1265 1308 simul
1317 1253 1549 1305 facerent
1603 1250 1918 1313 orationem,
1967 1259 2021 1301 et
2067 1252 2137 1302 ita

586 1348 828 1413 prostrati
857 1360 1041 1399 omnes
1074 1344 1312 1397 ecclesia:
1356 1340 1578 1392 ministri
1627 1339 1836 1393 beatum
1863 1340 2139 1401 confesso-

584 1452 693 1489 rem
716 1439 981 1505 rogabant
1012 1436 1210 1493 innixe,
1241 1442 1294 1483 ut
1325 1432 1761 1498 quemadmodum
1780 1445 1874 1483 eos
1900 1430 2140 1483 audierat

584 1526 1027 1591 adjudicandum,
1058 1524 1132 1575 sic
1152 1525 1342 1574 iterum
1367 1522 1640 1574 exaudiret
1662 1520 1727 1572 ad
1758 1520 2135 1571 miserandum.

583 1615 822 1680 Cumque
863 1612 1155 1664 diutissime
1210 1611 1259 1661 in
1310 1625 1463 1675 prece
1508 1610 1868 1679 persisterent,
1926 1606 2138 1658 tandem

586 1706 866 1757 miserante
894 1704 1055 1769 gratia
1084 1702 1173 1755 Clu
1192 1702 1270 1752 isti
1301 1700 1529 1766 ellugata
1552 1698 1653 1752 mal
1677 1696 2137 1765 gniinfestatioue,

579 1790 787 1857 juvenis
810 1791 1082 1844 restitutus
1111 1801 1191 1843 est
1220 1788 1456 1840 sanitati.

1128 1894 1351 1947 CAI‘UT
1392 1892 1553 1945 LXII.

1066 1983 1140 2033 De
1161 1985 1356 2049 lCPTOrO
1380 1982 1587 2033 mundat
1608 2002 1642 2030 ν.

662 2099 785 2151 Erat
814 2105 1070 2164 praeterea
1100 2094 1309 2161 quidam
1332 2093 1573 2160 leprosos
1600 2105 1661 2144 ex
1688 2090 1842 2157 longo
1864 2089 1974 2157 jam
2000 2098 2133 2141 tem-

585 2203 713 2255 pore
741 2196 856 2239 toto
887 2199 1109 2249 corpore
1133 2184 1355 2245 tabidus,
1397 2182 1485 2250 qui
1534 2181 1811 2239 addiscens
1852 2181 1918 2233 de
1960 2180 2138 2234 multi-.

583 2275 756 2326 modis
784 2274 923 2326 beati
959 2272 1112 2338 Eligii
1140 2272 1425 2333 miraculis,
1462 2270 1609 2337 petiit
1637 2284 1695 2321 se
1723 2284 1788 2321 ex
1820 2267 1922 2321 fide
1949 2266 2137 2319 deduci

583 2366 646 2416 ad
674 2364 785 2431 ejus
825 2364 1129 2426 basilicam;
1176 2362 1260 2415 ubi
1310 2377 1428 2414 cum
1472 2360 1677 2411 delatus
1707 2358 1908 2418 fuisset,
1952 2370 2139 2421 eXSpe—

583 2454 761 2505 Ctabat
787 2454 896 2506 fore
921 2454 972 2504 in
1003 2468 1059 2506 se
1085 2468 1148 2509 ex
1180 2452 1286 2503 alto
1317 2447 1751 2502 misericordiam.
1800 2445 2036 2513 Cumque
2056 2446 2139 2498 die

585 2559 687 2594 ttua
710 2542 1052 2596 decumberet
1081 2542 1131 2593 in
1170 2549 1368 2593 terrant
1407 2538 1652 2591 omnibus
1694 2551 1825 2603 pene
1868 2536 2138 2590 dissolutis

583 2635 853 2697 membris,
907 2632 1042 2684 vidit
1085 2631 1259 2684 subito
1306 2646 1336 2682 a
1384 2637 1534 2698 parte
1577 2629 1805 2698 sepulcri
1854 2628 2137 2697 quemdam

581 2721 877 2789 splendoris
893 2720 1108 2776 .radium
1138 2720 1350 2784 micare,
1382 2728 1540 2787 atque
1563 2718 1611 2772 in
1635 2734 1731 2771 sua
1757 2717 1932 2770 tabida
1957 2727 2011 2769 et
2044 2730 2137 2783 ge—

585 2810 686 2861 lida
713 2810 945 2862 membra
977 2809 1164 2862 mirum
1194 2809 1244 2861 in
1282 2808 1494 2861 modum
1521 2806 1879 2875 resplendere,
1924 2814 1979 2858 et
2016 2818 2137 2871 pro-

588 2901 728 2953 tinus
749 2915 941 2967 pavnre
968 2915 1157 2967 magno
1186 2900 1455 2967 perculsus
1475 2899 1635 2964 cmpit
1683 2906 1899 2963 repente
1927 2897 2139 2949 calefie-

586 2992 654 3055 ri,
684 3000 840 3058 atque
861 2992 1083 3044 ubertim
1109 2991 1334 3053 sudare;
1366 2986 1556 3040 deinde
1582 3001 1701 3039 eum
1732 2993 1898 3038 totum
1946 2999 2138 3050 corpus

585 3081 950 3135 inlunderetur
1002 3095 1065 3131 ex
1118 3082 1336 3131 humore
1384 3086 1649 3139 manante,
1703 3075 1978 3129 confestim
2018 3090 2137 3127 cum

586 3170 700 3236 ipso
726 3168 916 3221 sudore
940 3166 1099 3218 veluti
1129 3172 1153 3199 ⁸
1182 3168 1298 3233 quis
1318 3181 1475 3219 ovum
1506 3164 1720 3232 depellit
1748 3164 1928 3217 exiens
1949 3173 2137 3218 cuneta

588 3256 815 3324 putredo
848 3256 1005 3319 Iepne
1026 3254 1240 3306 nitidam
1271 3269 1332 3307 ac
1356 3253 1756 3306 mundissimam
1784 3253 1997 3318 reliquit
2017 3267 2139 3305 cor-

590 3344 733 3411 poris
754 3352 927 3396 cutem
963 3360 974 3393 :
1003 3352 1056 3395 et
1086 3343 1335 3395 continuo
1364 3354 1650 3407 exsurgens
1676 3341 1763 3407 qui
1788 3340 1955 3394 fuerat
1981 3354 2139 3405 aeger,

589 3434 658 3487 ita
686 3448 845 3486 sanus
868 3440 1028 3499 atque
1050 3432 1263 3485 sillmsus
1291 3432 1356 3485 ab
1382 3431 1607 3485 ecclesia
1638 3430 1910 3499 processit,
1942 3438 2000 3481 ut
2045 3444 2143 3483 nec

587 3523 866 3591 vestigium
889 3520 1104 3590 quidem
1136 3522 1439 3575 cicatricum
1475 3520 1527 3573 in
1556 3535 1620 3574 eo
1647 3527 1964 3573 remaneret.

1159 3629 1381 3684 CAPUT
1430 3629 1607 3684 LXIII.

1110 3718 1188 3771 De
1216 3720 1396 3773 claudo
1426 3730 1629 3772 sanato.

663 3829 807 3881 Alius
864 3827 1204 3880 nihilominus
1226 3828 1305 3881 vir
1331 3828 1548 3881 claudus
1594 3828 1812 3880 etfectus
1852 3843 1945 3896 per
1976 3829 2139 3896 pluri-

603 3931 744 3968 mum
777 3923 981 3982 tempus
1020 3914 1298 3967 arcebatur
1346 3914 1662 3968 omnimodis
1698 3928 1901 3981 gressu,
1954 3934 2143 3986 repens

590 4006 829 4059 bacterio
857 4019 1081 4072 corpore
1110 4020 1303 4067 curvo;
1336 4005 1529 4073 quique
1556 3994 1610 4057 et
1639 4005 1748 4073 ipse
1774 4006 1992 4059 audiens
2032 4008 2143 4060 exi-

589 4096 695 4147 mia
720 4108 835 4160 qua:
864 4100 1180 4161 gererentur
1202 4108 1231 4145 a
1254 4102 1437 4147 sancto
1457 4093 1573 4147 viro
1600 4094 1873 4156 miracula,
1908 4094 2143 4147 adhibito

591 4182 798 4234 itineris
840 4182 1155 4237 adminicqu
1201 4184 1404 4237 delatus
1449 4193 1529 4237 est
1578 4182 1642 4235 ad
1691 4182 1807 4251 ejus
1849 4184 2141 4237 basilicam.

594 4269 834 4337 Cumque
867 4278 991 4322 tunc
1016 4271 1269 4337 temporis
1290 4272 1509 4325 instaret
1532 4271 1645 4325 dies
1672 4273 1811 4327 beati
1859 4273 2008 4339 Eligii
2046 4288 2142 4326 na-

596 4361 738 4423 talis,
770 4359 1079 4427 deportatus
1132 4361 1219 4412 ille
1270 4361 1333 4413 ad
1362 4362 1660 4431 sepulcrum
1690 4364 1852 4431 coepit
1906 4364 2143 4431 flagitare

1751 329 1809 383 s.
1852 326 2044 381 sucu
2087 300 2367 380 uortouf
2397 322 2598 377 nrtsc.

583 450 832 519 coepisset
860 459 1119 515 promere,
1143 452 1382 511 arreptus
1408 441 1613 509 juvenis
1638 454 1665 491 a
1703 439 1940 493 dmmone
1981 438 2134 491 eolli-
2165 448 2209 500 Α

3695 322 3819 375 58$

2788 432 3011 485 CAPUI‘
3050 432 3223 486 LXIV.

2541 525 2617 579 De
2643 528 2689 595 [σε
2702 541 2755 576 re
2784 525 2835 576 in
2869 525 3082 576 basilica
3110 526 3496 589 comprehenso.

2305 635 2541 700 Quadam
2572 637 2749 701 itaque
2793 635 2900 697 die,
2956 645 3213 702 vergente
3264 635 3373 703 jam
3426 637 3491 688 ad
3523 652 3823 707 veSperam

2236 725 2367 787 sole,
2395 739 2513 778 cum
2535 726 2714 779 clerici
2742 733 3022 777 consuetas
3051 725 3357 791 explessent
3387 741 3567 793 preces
3586 744 3822 795 vesper-

2239 816 2395 877 tinas,
2426 815 2647 882 contigit
2676 814 2951 881 ingruente
2982 815 3299 883 negligentia
3331 826 3387 869 ttt
3439 832 3617 871 omnes
3646 832 3821 885 egre—

2238 907 2489 978 derentur
2518 908 2752 971 basilica,
2784 907 3098 975 cunctisque
3153 910 3203 960 in
3253 909 3459 961 diversa
3504 914 3820 978 occupatis,

2239 995 2413 1047 nullus
2434 972 2497 1045 ad
2530 995 2711 1047 horam
2741 1010 2806 1048 ex
2829 995 3138 1048 custodibus
3156 1005 3456 1062 superesset
3480 996 3781 1049 introrsum
3808 1016 3819 1057 ;

2241 1097 2357 1131 rum
2387 1083 2564 1137 subito
2588 1083 2669 1135 \‘ir
2692 1084 2905 1150 quidam
2949 1084 3276 1137 conscientia
3303 1085 3537 1148 saucius,
3592 1084 3817 1153 cupidi-

2240 1178 2347 1221 tate
2374 1186 2652 1233 accensus,
2681 1180 2895 1239 captato
2925 1180 2979 1223 ut
3010 1170 3089 1223 fur
3118 1173 3289 1223 amico
3321 1174 3544 1225 vesanize
3577 1186 3695 1224 suae
3727 1188 3819 1223 se-

2240 1266 2408 1319 ereto,
2436 1258 2688 1310 velociter
2714 1260 2943 1311 accurrit
2970 1259 3034 1312 ad
3060 1260 3385 1327 sepulcrum,
3415 1270 3467 1312 et
3494 1260 3823 1329 impellente

2241 1346 2465 1398 nefanda
2494 1346 2782 1415 cupiditate
2824 1346 3050 1399 sollicite
3089 1348 3191 1400 huc
3236 1347 3464 1412 illucque
3494 1347 3821 1411 circumspi-

2241 1439 2400 1493 riens.
2434 1453 2553 1493 cum
2585 1439 2780 1489 nullum
2812 1438 2998 1491 adesse
3022 1447 3285 1499 cerneret,
3321 1454 3423 1489 non
3454 1438 3621 1489 timuit
3644 1438 3823 1488 miser

2241 1540 2302 1577 ex
2348 1528 2643 1593 pendentiis
2670 1530 2863 1589 aureis,
2914 1542 3032 1593 qua:
3082 1528 3187 1581 illic
3216 1544 3313 1594 pro
3344 1538 3535 1579 ornatu
3574 1528 3821 1594 sepulcri

2242 1618 2529 1668 innumerae
2553 1617 2945 1682 dependebant,
2976 1617 3215 1683 quaedam
3252 1619 3491 1670 clancule
3520 1632 3821 1684 prcesume-

2244 1720 2301 1757 re
2331 1724 2341 1755 :
2369 1704 2459 1757 sed
2485 1720 2601 1757 cum
2629 1721 2783 1757 unam
2814 1721 2877 1759 ex
2899 1706 3099 1760 catenis
3127 1708 3319 1769 aureis,
3360 1708 3412 1759 in
3468 1722 3567 1774 qua
3613 1709 3822 1773 depen-

2166 1784 2212 1843 B
2240 1795 2363 1847 dere
2391 1795 2667 1847 videbatur
2691 1796 2741 1849 id
2769 1797 2906 1863 quod
2938 1810 3125 1864 rapere
3168 1796 3397 1858 volebat,
3450 1796 3721 1849 violenter
3748 1796 3821 1847 ad

2236 1901 2294 1938 se
2318 1895 2535 1937 tractam
2561 1886 2809 1953 rupisset,
2838 1894 3017 1938 tantus
3044 1901 3165 1937 mox
3198 1886 3263 1939 ad
3320 1886 3581 1937 trahentis
3613 1886 3821 1952 impul-

2236 1989 2350 2025 sum
2383 1974 2587 2027 sonitus
2619 1974 2894 2042 prosilivit,
2929 1983 2985 2025 ut
3008 1974 3255 2027 custodes
3283 1976 3440 2041 longe
3470 1975 3595 2025 foris
3618 1974 3817 2039 positi,

2236 2062 2411 2113 sonitu
2443 2062 2508 2113 ad
2528 2076 2586 2114 se
2616 2063 2844 2129 perlato,
2877 2064 3427 2130 magnumquemdam
3461 2063 3734 2127 fragorem
3768 2064 3817 2111 in

2238 2151 2462 2203 ecclesia
2491 2152 2768 2204 crederent
2794 2160 3058 2215 exortum,
3090 2152 3227 2203 unde
3246 2162 3301 2203 et
3328 2150 3607 2203 confestim
3636 2150 3819 2203 veloci

2238 2257 2394 2293 cursu
2418 2242 2485 2295 ad
2515 2244 2791 2295 ecclesiam
2824 2253 3189 2311 properantes,
3224 2244 3500 2298 inveniunt
3530 2246 3706 2298 furem
3761 2244 3813 2295 in

2241 2331 2355 2397 ipso
2409 2331 2635 2384 basiltcm
2699 2332 2879 2386 limine
2933 2336 3053 2386 cum
3091 2335 3309 2402 direptis
3358 2334 3609 2388 divinitus
3674 2336 3819 2387 deti-

2242 2419 2383 2480 uri,
2437 2434 2532 2472 nec
2577 2436 2791 2486 nsquam
2831 2436 3045 2488 prorsus
3090 2422 3309 2488 gradum
3358 2437 3516 2490 posse
3559 2436 3817 2475 movere.

2242 2510 2405 2569 Quem
2452 2510 2689 2572 protinus
2737 2510 3219 2575 circuntvallantes,
3253 2514 3425 2579 ipsum
3478 2512 3717 2564 sonitum
3752 2516 3819 2562 ad

2240 2612 2296 2650 se
2319 2598 2570 2661 delatum,
2598 2602 2677 2651 vel
2707 2600 2831 2665 quid
2857 2600 2964 2653 illic
2994 2611 3173 2669 ageret
3204 2610 3644 2669 percunctantur;
3683 2611 3817 2653 tunc

2242 2700 2370 2737 vero
2420 2687 2580 2739 miser
2627 2688 2797 2739 furata
2831 2688 2882 2741 in
2936 2691 3166 2743 met’iunt
3215 2690 3510 2759 proferens,
3559 2691 3815 2743 confiteri

2241 2778 2544 2846 compulsus
2564 2785 2643 2831 est
2672 2794 2728 2830 se
2746 2778 2942 2831 eisdem
2971 2780 3159 2832 abietis
3189 2779 3409 2833 silenter
3441 2779 3675 2830 voluisse.
3711 2795 3816 2829 au-

2243 2867 2446 2931 lugere,
2468 2868 2557 2919 sed
2580 2866 2877 2920 nullatenus
2902 2872 3139 2935 potuisse
3157 2877 3307 2921 extra
3330 2867 3549 2920 liu'titetn
3578 2868 3818 2920 basilica:

2244 2952 2429 3019 pedem
2462 2954 2718 3020 proferre.
2750 2954 2833 3006 Sic
2864 2966 2989 3021 ergo
3012 2954 3208 3006 furtum
3237 2968 3356 3007 cum
3384 2953 3584 3021 pudore
3631 2957 3808 3007 resti-

2248 3049 2421 3106 tuens,
2454 3042 2765 3108 veniamque
2798 3043 3042 3094 facinoris
3063 3043 3143 3095 sui
3171 3050 3283 3095 toto
3299 3053 3463 3096 corde
3487 3034 3823 3102 canescens,

2165 3120 2210 3180 C
2242 3140 2294 3184 et
2334 3148 2397 3183 ex
2425 3130 2541 3183 loco
2568 3130 2767 3182 tioveri
2796 3131 2999 3199 potuit;
3033 3137 3085 3183 et
3111 3132 3177 3183 ab
3202 3130 3403 3184 eisdem
3447 3132 3805 3185 misericordi-

2244 3234 2322 3278 ter
2342 3226 2604 3284 dimissus,
2631 3224 2761 3276 liber
2790 3223 3052 3276 discessit.

2792 3330 3015 3383 CAI’UT
3079 3328 3236 3383 LXV.

2319 3444 2408 3496 l'ir
2433 3444 2602 3496 (reatus
2645 3446 2842 3495 (unum
2889 3443 3040 3494 nimis
3069 3444 3223 3495 anxio
3270 3452 3317 3495 et
3344 3442 3591 3494 ciuilium
3618 3459 3650 3492 α
3679 3456 3736 3492 se

2762 3514 2987 3580 poscenti
3013 3515 3271 3581 appqruit.

2313 3642 2551 3706 Quodam
2584 3638 2711 3695 vero
2760 3653 2998 3709 tempore
3028 3641 3109 3692 vir
3156 3640 3370 3708 quidam
3418 3640 3686 3694 smeuIaris
3734 3655 3797 3691 ex

2242 3731 2403 3783 nobili
2426 3744 2650 3796 genere,
2683 3732 2838 3795 culpa
2880 3729 2961 3781 vel
3003 3744 3165 3795 parva
3214 3730 3601 3789 interveniente
3628 3730 3803 3782 infen-

2240 3834 2354 3871 sum
2384 3819 2687 3871 omnimodo
2732 3818 2961 3871 habebat
3005 3817 3320 3886 principem,
3368 3832 3464 3886 pro
3514 3832 3620 3885 quo
3648 3819 3801 3870 nimi-

2242 3926 2357 3963 rum
2384 3909 2691 3963 ulciscendo
2718 3907 3035 3962 offendicqu
3086 3910 3295 3962 ducitur
3344 3909 3595 3977 principis
3648 3909 3799 3977 jussu

2242 4009 2523 4054 exsecutus
2556 4000 2607 4051 in
2636 4000 2918 4069 palatium;
2976 3999 3063 4053 ubi
3119 3999 3243 4053 dum
3301 4000 3565 4053 sententia
3613 3986 3833 4053 ιιιοινιὶδ’

2242 4091 2359 4157 ejus
2387 4088 2716 4156 deliniretur,
2760 4090 2984 4144 traditur
3031 4090 3241 4143 interim
3287 4094 3577 4145 servandus
3621 4094 3793 4146 Amal-

2242 4181 2395 4233 berto
2440 4182 2555 4232 viro
2602 4181 2812 4246 illustri,
2860 4182 3041 4235 comiti
3092 4182 3295 4235 scilicet
3340 4181 3790 4249 Noviomagensi:

2244 4282 2465 4337 cumque
2494 4269 2693 4337 aliquot
2712 4270 2826 4323 dies
2846 4270 2943 4324 sub
2971 4270 3085 4338 ejus
3114 4270 3354 4324 custodia
3375 4270 3612 4335 degeret,
3641 4270 3793 4337 carpit

2244 4373 2345 4411 una
2372 4359 2457 4413 die
2503 4360 2642 4413 inter
2670 4360 3020 4427 frequentiam
3064 4358 3380 4411 famulorum
3431 4359 3649 4425 vulgato
3696 4374 3793 4413 ser-

595 4447 881 4500 remedium
916 4465 927 4499 :
952 4457 1005 4501 et
1025 4462 1152 4502 ecce
1173 4450 1576 4515 superveniente
1596 4460 1751 4504 nocte
1782 4468 1902 4505 cum
1928 4453 2141 4507 decnm—
2169 4447 2219 4507 D
2243 4463 2400 4501 mone
2425 4449 2718 4516 percipere.
2746 4447 2886 4513 quod
2926 4447 3012 4501 die
3057 4448 3287 4501 crastina
3320 4448 3575 4514 prolatam
3606 4449 3788 4502 adt-er-

594 4536 740 4590 beret
787 4539 839 4589 in
883 4540 1184 4605 pavimento
1235 4552 1392 4605 aeger,
1428 4541 1713 4593 adveniens
1764 4542 1903 4595 illico
1922 4552 2143 4599 'sauctus

596 4633 753 4690 atque
778 4624 844 4677 ad
873 4625 1117 4677 claudum
1150 4627 1448 4692 inclinatus,
1499 4630 1657 4697 etrapit
1702 4628 1814 4695 ejus
1860 4633 2144 4686 extendere

598 4722 762 4775 artus,
820 4728 924 4780 quo
971 4714 1218 4768 nimirum
1272 4717 1455 4773 fortius
1507 4720 1758 4788 poplitem
1810 4723 2141 4787 extrahente,

599 4816 897 4868 nervosque
924 4804 1264 4870 complicatos
1298 4819 1641 4877 propagaute,
1697 4825 2046 4879 prorumpens
2091 4813 2142 4865 in

598 4904 730 4941 voce
754 4889 972 4943 claudus
995 4893 1239 4945 omnibus
1254 4894 1343 4959 qui
1371 4898 1590 4951 aderant
1615 4898 1834 4952 incussit
1856 4907 2141 4959 terrorem;

600 4992 709 5045 quo
768 4977 970 5031 diutius
1015 4981 1357 5047 vociferante,
1410 4997 1751 5041 cucurrerunt
1804 4988 2050 5042 custodes
2080 4988 2145 5042 ad

600 5065 863 5128 eumdem,
890 5066 1110 5119 multum
1140 5070 1204 5122 ab
1234 5084 1300 5124 eo
1320 5071 1647 5127 sciscitantes
1690 5075 1813 5141 quid
1854 5076 1951 5129 sibi
1981 5076 2145 5141 velint

603 5153 904 5220 lmjusmodi
954 5168 1131 5208 voces.
1178 5157 1326 5212 Tunc
1370 5158 1459 5211 ille
1502 5158 1891 5228 interrumpens
1944 5162 2142 5228 verba,

571 5236 869 5308 Vmanuque
899 5249 1139 5309 porrecta
1168 5258 1389 5313 surgens
1433 5245 1539 5299 cito
1572 5261 1599 5297 a
1641 5248 1940 5313 pavimento
1987 5251 2147 5317 carpit

607 5330 874 5384 ambulare
913 5331 1078 5383 libero
1124 5343 1321 5397 gressu,
1373 5333 1683 5387 collaudans
1732 5342 1785 5387 et
1834 5335 2146 5390 benedicens

608 5419 844 5472 sanitatis
866 5434 973 5472 suae
992 5426 1257 5472 auctorem
1289 5422 1561 5475 Dominum
1584 5420 1871 5475 Christum.

681 5568 703 5593 ⁸
746 5562 867 5621 Quis
896 5581 1057 5617 ovum.
1102 5566 1356 5619 Acberius
1388 5569 1489 5623 hoc
1530 5571 1647 5624 loco
1677 5580 1858 5624 monet
1887 5569 2025 5625 forte
2070 5572 2145 5625 Ie-

613 5627 835 5706 gentlum
862 5647 977 5687 esse
1001 5635 1419 5706 qui_sevum;_sed
1468 5638 1519 5690 id
1576 5640 1866 5705 cujusmodi
1896 5641 1985 5703 sit,
2041 5656 2145 5693 non

616 5696 870 5766 intelligo,
903 5696 1230 5757 nec'dubium
1258 5703 1384 5758 milii
1412 5713 1492 5758 est
1513 5696 1863 5776 quiu'optima
1888 5696 2143 5763 sit'codi-

2242 4554 2356 4591 sum
2379 4552 2437 4591 se
2460 4536 2773 4589 sententiam
2795 4535 3075 4605 capitalem
3105 4536 3392 4606 exciperet.
3428 4538 3498 4591 At
3549 4538 3643 4591 ille
3686 4538 3788 4589 hmc

2242 4626 2460 4677 audiens
2505 4638 2623 4675 eum
2669 4624 2885 4677 nimium
2944 4623 3249 4679 formidaret
3292 4624 3449 4688 mori,
3483 4640 3583 4679 nec
3635 4626 3784 4678 ullum

2239 4714 2348 4781 jam
2382 4712 2669 4781 perfugium
2698 4724 2937 4784 speraret
2964 4716 3238 4780 evadendi,
3262 4731 3420 4769 unum
3459 4716 3783 4768 solummodo

2244 4801 2342 4854 sibi
2368 4801 2589 4855 credidit
2608 4801 2903 4871 suffragari,
2928 4804 2972 4857 si
3002 4805 3399 4873 permitteretur
3426 4812 3640 4857 noctem
3660 4819 3784 4858 eam.

2244 4887 2361 4961 dem
2392 4890 2527 4957 apud
2549 4899 2788 4944 sanctum
2818 4891 3040 4956 Eligium
3072 4890 3287 4958 pervigil
3316 4890 3531 4945 ducere.
3555 4893 3781 4961 Cumque

2243 4959 2483 5043 rogasset
2506 4986 2559 5030 et
2582 4978 2933 5045 impetrasset,
2966 4977 3211 5032 ardenter
3235 4978 3391 5033 nimis
3412 4959 3781 5035 accurrens'ad

2244 5068 2566 5120 mausoleum
2589 5065 2927 5130 confessoris,
2958 5077 3120 5123 totam
3144 5085 3281 5139 pene
3312 5081 3521 5126 noctem
3554 5073 3609 5124 in
3637 5073 3781 5140 Iacry-

2244 5159 2342 5209 mis
2362 5166 2416 5211 et
2435 5156 2715 5225 gemitibus
2742 5158 2911 5221 duxit,
2942 5160 3039 5215 sibi
3065 5168 3120 5213 ut
3144 5175 3263 5214 enm
3288 5161 3569 5230 oportebat
3612 5171 3778 5230 patro-

2245 5246 2410 5298 cinari
2441 5246 2493 5298 in
2528 5246 2815 5298 crastinum
2863 5261 3101 5302 sanetum
3132 5249 3423 5303 antistitem
3466 5249 3649 5306 innixe
3672 5264 3777 5319 sup-

2243 5334 2481 5401 plicans;
2512 5341 2567 5397 et
2596 5333 2783 5387 factum
2809 5346 2886 5389 est
2913 5346 3189 5407 postquam
3238 5338 3527 5393 matutinos
3567 5341 3779 5411 hymnos

2226 5438 2311 5477 ,εχ
2345 5437 2497 5483 more
2546 5424 2803 5490 persolvit
2850 5426 3046 5491 clerus,
3082 5425 3298 5479 nimium
3328 5426 3410 5481 vir
3450 5427 3699 5497 pmfatus
3721 5440 3777 5479 ex

2246 5576 2575 5655 cumlectio;
2626 5578 2701 5631 sic
2740 5579 2879 5631 enim
2926 5578 2999 5631 ait
3050 5579 3275 5655 scriptor
3321 5584 3523 5655 lepram
3578 5585 3772 5655 abscesj

2246 5646 2377 5723 sisse
2407 5644 2471 5695 ab
2492 5658 2613 5723 reng
2641 5661 2868 5713 corpore
2895 5656 2951 5700 ut
2980 5647 3062 5701 ovi
3092 5644 3264 5703 album
3317 5644 3391 5705 ab'
3434 5666 3501 5707 eo
3549 5650 3772 5723 separari

2247 5713 2372 5765 solut
2406 5716 2541 5779 quod
2573 5718 2760 5768 llavum
2788 5725 2883 5769 est.
