3848 6360
3352 24 3479 49 ποξλ

3770 41 3812 231 η

498 405 599 459 liii?
1691 396 1749 451 S.
1794 394 1991 460 ELIGII
2029 393 2303 449 NOVIUM.
2346 391 2554 448 EPISC.
3604 386 3685 439 $38
3754 380 3768 415 ⁸

500 530 662 567 sanus
686 524 849 580 atque
877 508 1151 565 incolumis
1172 516 1254 563 est
1298 507 1552 571 redditus,
1592 515 1651 559 ut
1692 507 1809 575 plus
1840 508 2051 563 demum
2080 519 2126 574 Α
2156 514 2214 558 ιιι
2239 496 2434 569 aiebat,
2459 501 2756 557 monachus
2780 499 3042 555 Noviomo
3064 500 3288 555 veniens
3308 498 3555 568 reliquias
3569 497 3684 554 buli

500 602 831 657 convaluerit
849 614 1009 669 quam
1052 601 1221 667 fuerat
1250 606 1374 650 ante
1407 603 1701 665 vegetatus.
2158 594 2306 660 Eligii
2334 607 2516 647 secum
2545 591 2757 657 detulit,
2785 605 2918 659 quas
2952 590 3201 644 nimirum
3246 596 3309 644 ut
3331 589 3548 654 decebat
3588 604 3686 644 eun

1071 685 1297 742 CAPUT
1328 684 1483 739 LXX.
1619 691 1631 699 ‘
2156 698 2346 751 magna
2375 680 2669 736 reverentia
2690 681 2923 734 basilicae
2946 678 3155 743 indidit,
3186 686 3352 745 atque
3372 685 3491 747 post
3514 677 3685 745 aliquot

746 776 877 833 Itoni
905 777 967 831 de
994 778 1098 830 alio
1140 792 1171 826 a
1202 792 1210 826 λ
1250 776 1417 827 rliatto
1452 781 1570 842 typo
1604 782 1811 827 sanato.
2155 774 2270 828 dies
2297 773 2402 828 duo
2430 771 2548 837 viri,
2578 786 2711 826 unus
2736 784 2927 835 crocus,
2950 768 3087 824 alter
3124 782 3256 823 vero
3282 766 3534 833 claudus,
3576 767 3683 822 fide

571 870 719 924 Alius
744 868 901 922 etiam
931 865 1093 918 frater
1137 863 1189 917 iu
1217 862 1538 916 monasterio
1576 876 1696 915 meo
1744 859 1918 914 infuso
1943 873 2061 914 αντ-
2159 864 2278 919 liter
2314 864 2422 919 illic
2472 861 2822 927 excubantes,
2850 859 2968 915 solo
3011 860 3179 913 sancti
3221 858 3520 912 interventu
3545 860 3684 911 sanati

504 961 617 1029 puri
652 961 775 1012 tabo
799 973 828 1011 a
860 957 1089 1010 tertiana
1111 961 1239 1024 typo
1270 952 1582 1019 gravissime
1609 950 1936 1004 vexabatur:
1969 949 2060 1016 qui
2157 963 2317 1008 sunt:
2349 955 2594 1008 nimirum
2624 968 2794 1033 eccos
2835 952 3035 1016 lumen,
3068 951 3291 1005 claudus
3314 962 3548 1017 gressum
3574 951 3681 1003 reri-

502 1066 622 1105 cum
654 1064 749 1117 per
769 1048 885 1101 dies
918 1047 1113 1099 multos
1137 1045 1325 1097 morbo
1349 1043 1715 1097 invalescente
1730 1041 1953 1094 nimium
1982 1050 2062 1092 at-
2159 1044 2329 1112 piens,
2361 1052 2481 1110 post
2507 1043 2753 1110 adeptam
2797 1040 3059 1095 medelam
3082 1053 3360 1106 regressus
3386 1047 3466 1093 est
3504 1044 3690 1107 uterque

508 1147 797 1199 tereretur,
827 1143 1126 1202 cunctaque
1152 1135 1267 1198 ejus
1291 1132 1527 1184 membra
1572 1129 1805 1183 valitudo
1834 1126 2061 1182 tremula
2163 1131 2229 1184 ad
2250 1132 2363 1185 loca
2385 1130 2619 1200 propria.
2643 1127 2701 1183 In
2728 1129 2831 1183 alia
2855 1129 3195 1183 nihilominus
3226 1129 3467 1192 basilica,
3498 1141 3604 1197 qua
3638 1130 3691 1181 ad

508 1226 795 1295 quatiendo
824 1239 959 1293 pene
986 1223 1322 1285 dissolveret,
1345 1235 1478 1273 unus
1513 1217 1914 1293 egdiaconibus
1952 1228 2066 1269 mo-
2162 1220 2277 1288 ejus
2298 1220 2757 1275 honorificentiam
2784 1220 2835 1272 in
2865 1218 3086 1285 regione
3118 1217 3430 1284 Aquitania
3455 1219 3581 1271 miro
3604 1217 3691 1271 sle.

505 1314 721 1367 nasterii
754 1312 956 1366 habens
983 1311 1119 1380 apud
1167 1324 1227 1364 se
1272 1307 1603 1361 reconditum
1642 1306 1913 1373 quoddam
1960 1304 2065 1357 lin-
2162 1310 2413 1379 gentique
2434 1323 2597 1378 opere
2618 1307 2794 1362 fuerat
2833 1308 3116 1371 mdilicata,
3138 1307 3384 1361 similiter
3412 1308 3488 1360 vir
3514 1309 3691 1376 quidam

508 1416 672 1469 teum,
724 1402 864 1471 quod
909 1404 1098 1456 beatus
1147 1399 1343 1466 Eligius
1386 1397 1671 1463 aliquando
1724 1396 1988 1450 habuerat
2013 1395 2065 1448 in
2166 1396 3062 1467 pedeclaudicansmedendigratia
3080 1394 3692 1462 adveneratzquicumu

465 1481 477 1488 ’
505 1494 744 1561 corporis
764 1506 937 1554 usum,
966 1490 1241 1557 explorata
1266 1488 1511 1542 tremoris
1540 1486 1680 1540 illius
1703 1487 1833 1540 hora
1855 1484 2065 1551 detulit,
2165 1487 2285 1542 oleo
2312 1486 2454 1555 quod
2487 1496 2611 1541 ante
2637 1486 2998 1542 venerandum
3027 1484 3198 1540 altare
3225 1485 3500 1540 consuevit
3540 1486 3695 1540 ardere

506 1598 735 1650 olimque
755 1596 916 1649 super
939 1587 1127 1648 pectus
1147 1578 1271 1646 ωετί
1295 1578 1579 1646 imposuit;
1609 1574 1751 1645 quod
1782 1583 2061 1643 postquam
2167 1576 2352 1631 fuisset
2373 1584 2681 1645 perunctus,
2710 1591 2997 1631 nervorum
3022 1575 3252 1631 vinculis
3273 1574 3519 1631 resolutis
3531 1584 3585 1629 et
3606 1576 3695 1644 ipse

510 1671 665 1722 tertio
717 1666 857 1729 fecit,
902 1675 1147 1734 satagens
1196 1667 1413 1719 nimiunt
1477 1678 1615 1731 aeger
1672 1663 1835 1731 coepit
1872 1662 2071 1716 sudare
2168 1670 2386 1721 sanatus
2412 1673 2516 1720 est.
3376 1678 3383 1681 ‘

509 1768 669 1824 atque
700 1757 907 1818 rubere,
938 1755 1240 1810 vehementi
1272 1755 1433 1807 etiam
1454 1753 1688 1820 singultu
1726 1761 1911 1821 pectus
1934 1766 2071 1819 qua-
2696 1752 2921 1811 CAPUT
2963 1751 3187 1809 LXXIII.

515 1848 675 1897 tiente
705 1860 918 1897 omnem
946 1845 1203 1899 continuo
1232 1843 1610 1897 abundantiam
1650 1842 1786 1895 fellis
1811 1842 2067 1907 evomuit,
2101 1849 2143 1907 Β
2677 1842 2752 1896 De
2803 1844 2955 1896 levita
3010 1851 3215 1897 sanato.

512 1936 693 2001 sicque
712 1933 924 1987 domum
946 1933 1138 1987 Christi
1166 1935 1334 2001 gratia
1365 1935 1651 1988 miserante
1670 1933 2071 1995 convalescens,
2243 1932 2385 1987 Inter
2406 1930 2519 1987 haec
2543 1940 2722 1986 autem
2744 1946 2843 1987 nec
2865 1931 2993 1987 illud
3019 1930 3445 2001 pra-terendum
3471 1938 3571 1997 est,
3585 1931 3699 2001 quod

514 2024 787 2093 pristinam
803 2024 1087 2078 sanitatem
1118 2024 1341 2092 recepit.
2174 2020 2385 2087 quidam
2415 2019 2672 2075 diaconus
2693 2029 2912 2088 propter
2960 2020 3153 2075 vulnus
3193 2020 3484 2089 pessimum
3522 2022 3573 2075 in
3593 2036 3698 2081 ore.

1084 2127 1308 2183 cApUT
1367 2126 1547 2181 LXXI,
2177 2108 2227 2160 in
2254 2107 2608 2171 extremitate,
2630 2109 2852 2169 Scilicet,
2871 2106 3135 2172 dentium,
3164 2111 3702 2176 susceptum,grsvitrr

584 2222 805 2276 (ἐισί-ἰείη
834 2207 1042 2289 quidam
1067 2221 1232 2273 sancti
1273 2220 1488 2287 pignora
1536 2219 1796 2271 venditant
1841 2216 2076 2271 incendio

2182 2213 2269 2265 per
2286 2197 2400 2253 dies
2430 2197 2685 2265 plurimos
2711 2197 3022 2263 laborabat;
3054 2199 3105 2251 iu
3150 2205 3361 2251 tantum
3388 2197 3605 2266 denique
3640 2203 3701 2251 ul-

1092 2285 1524 2342 circurnvdllatur.
2175 2300 2269 2339 cus
2296 2285 2422 2338 illud
2450 2285 2940 2353 invaluerat,atque
2959 2286 3030 2340 ita
3060 2286 3243 2341 fauces
3261 2285 3381 2355 ejus
3408 2291 3701 2342 vehementia

586 2377 714 2431 Illud
736 2378 898 2432 etiam
927 2390 1252 2445 magnopere
1302 2374 1657 2442 adjiciendum
1716 2375 1891 2441 putavi
1938 2375 2077 2441 quod
2178 2374 2399 2428 tumoris
2424 2374 2781 2436 obstruxerat,
2812 2383 2872 2429 ut
2910 2389 3010 2444 per
3056 2361 3410 2443 septimanim
3435 2379 3701 2431 continuam

520 2467 599 2519 vir
626 2464 858 2533 quidam,
890 2464 1029 2518 haud
1058 2463 1244 2533 procul
1278 2478 1306 2516 a
1342 2464 1573 2517 confinio
1605 2461 1915 2515 Rhenrensis
1936 2462 2079 2516 urbis
2177 2479 2350 2533 neque
2377 2479 2566 2534 panem
2589 2464 2748 2519 edere
2775 2478 2949 2534 neque
2972 2464 3136 2519 ullum
3160 2465 3339 2519 cibum
3368 2480 3572 2521 suntme
3596 2482 3704 2533 pne-

521 2556 783 2620 habitans,
811 2553 1075 2608 desiderio
1136 2552 1395 2618 religiosa:
1442 2551 1632 2605 mentis
1686 2551 1972 2619 concepit,
2022 2560 2081 2605 ut
2177 2556 2396 2607 valeret.
2428 2551 2527 2607 Hic
2554 2566 2783 2620 namque
2835 2568 2960 2607 cum
2988 2552 3191 2606 nullum
3244 2567 3465 2621 prorsus
3515 2555 3700 2607 remedii

520 2644 789 2699 basilicam
815 2643 868 2695 in
896 2643 1097 2695 honore
1122 2641 1291 2707 sancti
1324 2640 1473 2707 Eligii
1505 2640 1555 2693 in
1600 2639 1797 2709 prmdio
1823 2654 1921 2694 suo
1950 2639 2079 2693 mdis
2176 2654 2340 2709 genus
2364 2641 2579 2710 adipisci
2606 2650 2785 2709 posset
2812 2682 2828 2706 ,
2875 2641 2940 2695 ad
2959 2642 3132 2696 sancti
3160 2656 3220 2697 se
3248 2641 3541 2711 patrocinia
3583 2639 3703 2708 Eligit

522 2732 736 2785 ficaret;
767 2744 925 2799 quam
953 2744 1073 2783 cum
1109 2739 1551 2793 consummasset,
1580 2729 1885 2797 pignoribus
1911 2730 2080 2785 sacris
2177 2728 2459 2790 convertit,
2480 2736 2535 2780 et
2560 2728 2741 2782 adiens
2769 2728 3044 2783 basilicam
3094 2743 3256 2797 quam
3285 2742 3355 2784 eo
3383 2728 3436 2783 in
3484 2729 3596 2783 loco
3632 2744 3699 2783 ve-

520 2823 755 2888 ejusdem
782 2820 1098 2875 conlessoris
1121 2820 1360 2873 decorari
1391 2819 1626 2888 cupiens,
1651 2817 1714 2871 ad
1738 2818 2078 2886 municipium
2178 2818 2409 2875 neranda
2454 2818 2571 2888 ejus
2591 2819 2925 2873 illustrabant
2976 2820 3199 2889 pignora
3228 2856 3247 2884 ,
3298 2820 3565 2889 praemissa
3605 2834 3705 2872 ora.

526 2912 945 2977 Noviomagense
996 2909 1259 2979 perrexit;
1309 2923 1414 2977 quo
1459 2922 1580 2962 cum
1620 2909 2083 2975 pervenisset,re-
2181 2909 2343 2971 tione,
2373 2909 2553 2983 erepit
2578 2898 2910 2978 cxxtimbriis
2936 2906 3237 2963 chrismalis
3282 2921 3394 2975 quo
3433 2908 3708 2974 tegebanur

524 3002 710 3068 quuias
764 2999 1005 3069 peposcit
1040 3035 1058 3061 ,
1106 2997 1510 3065 exposcitasque
1576 2997 1875 3064 impetravit
1918 3013 1931 3047 :
1986 2996 2080 3050 sed
2179 2999 2414 3067 reliquiae
2443 3001 2623 3053 l‘auces
2643 3013 2769 3055 suas
2792 3007 2847 3052 et
2872 3007 3057 3065 guttur
3100 2997 3371 3064 turgidum
3418 2995 3706 3068 perfricare;

524 3105 644 3143 eum
673 3088 740 3142 ab
765 3086 961 3157 oppido
989 3100 1277 3155 properare
1320 3086 1498 3151 vellet,
1530 3085 1849 3140 conveniens
1868 3085 2081 3153 quidam
2183 3099 2305 3160 post
2331 3104 2489 3158 quam
2509 3089 2761 3145 nimirum
2783 3087 3141 3156 palpatiouem
3163 3100 3454 3155 erumpens
3474 3088 3642 3138 vulnus
3657 3101 3706 3137 rx

524 3180 779 3240 clericus,
809 3163 1036 3230 stimulis
1078 3175 1380 3243 cupiditatis
1432 3176 1658 3245 agitatus
1680 3216 1702 3241 ,
1749 3176 1911 3245 cmpit
1961 3190 2081 3228 eum
2111 3178 2155 3239 ε
2188 3194 2302 3241 ore,
2332 3193 2543 3233 omnem
2578 3184 2784 3245 putrem
2807 3176 3012 3230 saniem
3039 3173 3179 3229 illius
3227 3172 3469 3229 funditus
3518 3176 3707 3241 rejecit,

526 3271 787 3322 violenter
806 3265 1080 3327 detinere,
1111 3264 1293 3318 dicens
1344 3279 1449 3317 non
1496 3278 1556 3317 se
1601 3264 1905 3332 permittere
1959 3278 2081 3317 eum
2182 3280 2341 3341 atque
2385 3274 2453 3324 ita
2494 3271 2701 3340 digesto
2752 3267 3022 3337 extemplo
3059 3267 3305 3340 vulnere,
3332 3281 3491 3323 sautl
3532 3266 3709 3321 ὸαιιιηι

526 3357 692 3419 gratis
710 3370 827 3409 cum
853 3353 1089 3421 reliquiis
1117 3355 1285 3419 exire,
1309 3352 1407 3405 nisi
1449 3352 1548 3407 sibi
1601 3352 1811 3420 aliquod
1856 3366 1951 3419 pro
1980 3352 2084 3406 eis-
2182 3361 2436 3416 diaconus
2458 3360 2602 3413 omni
2632 3348 2923 3427 permansit
2950 3357 3004 3409 in
3025 3370 3277 3423 corpore.

527 3445 643 3495 dem
663 3456 855 3495 munus
885 3441 1166 3507 prmberet.
1192 3438 1345 3492 Tuae
1397 3442 1645 3508 praefatus
1688 3440 1767 3491 vir
1796 3448 1852 3491 ut
1878 3453 1946 3492 ex
1970 3454 2046 3490 ma

1688 3440 1767 3491 vir
1796 3448 1852 3491 ut
1878 3453 1946 3492 ex
1970 3454 2081 3490 ma-
2701 3442 2926 3500 CAPUT
2964 3441 3198 3497 LXXIV.

529 3536 679 3585 nibus
691 3530 820 3597 ejus
868 3528 1023 3582 citius
1057 3528 1344 3594 evaderet,
1400 3526 1766 3580 munusculum
1820 3528 2085 3594 quoddam
2466 3515 2538 3568 De
2566 3516 2812 3569 monacho
2834 3530 2864 3565 α
2888 3513 3065 3566 dolore
3087 3510 3231 3579 pedis
3261 3522 3470 3566 tanta.

529 3622 668 3687 quod
698 3619 762 3670 ad
790 3631 1022 3685 praesens
1046 3617 1184 3685 apud
1221 3631 1280 3671 se
1323 3617 1520 3671 habere
1559 3617 1767 3685 potuit,
1819 3631 1924 3671 non
1972 3618 2086 3671 sine
2253 3604 2487 3672 Itemque
2508 3604 2671 3658 frater
2698 3604 2912 3672 quidam
2939 3618 3008 3656 ex
3050 3601 3333 3657 monachis
3363 3602 3505 3657 beati
3549 3598 3709 3669 Eligii,

531 3721 759 3763 humore
802 3706 850 3759 ei
880 3704 1081 3758 tribuit.
1113 3704 1294 3758 Atille
1341 3705 1641 3760 avidissime
1687 3705 1861 3759 oblata
1902 3707 2084 3774 pmri-
2184 3697 2413 3767 Quodam
2443 3705 2679 3763 tempore
2708 3693 2994 3763 podagrico
3024 3692 3075 3745 in
3105 3692 3237 3760 pede
3268 3693 3495 3748 humore
3530 3707 3711 3762 percus-

532 3798 705 3864 piens,
732 3796 847 3847 sine
860 3793 1033 3863 aliqua
1062 3792 1456 3846 tarditateintra
1473 3792 1727 3860 gremium
1749 3792 1850 3846 sibi
1868 3792 2087 3847 abscon-
2185 3801 2275 3839 sus
2296 3785 2642 3839 decumbebat
2670 3784 2721 3837 in
2764 3783 2925 3848 lecte,
2958 3781 3191 3835 tumidus
3220 3782 3273 3834 in
3305 3790 3531 3844 tantum,
3550 3791 3603 3835 ut
3621 3780 3711 3833 sui.

532 3888 627 3939 dit.
658 3883 767 3936 Nec
784 3896 956 3947 mora,
983 3882 1293 3935 etimmisso
1321 3882 1571 3937 divinitis
1593 3883 1710 3950 igne
1732 3884 1893 3951 cepit
1911 3881 2086 3936 subito
2189 3875 2394 3926 latentis
2419 3872 2667 3925 δυσθηθι
2696 3873 2885 3936 νοᾱθιη
2938 3885 3093 3923 sum
3133 3871 3184 3922 ill
3215 3879 3417 3924 “3mm
3444 3885 3643 3939 Pone".
3680 3869 3714 3917 [⁵

535 3983 719 4041 pectus
746 3986 867 4023 cum
892 3970 1224 4023 vestimentis
1242 3968 1357 4037 ejus
1404 3979 1552 4023 vasto
1595 3970 1839 4024 incendio
1884 3970 2086 4023 cunila-
2187 3977 2413 4030 namque
2427 3971 2544 4030 post
2560 3960 2775 4013 tandem
2798 3958 3074 4013 conlidens
3093 3958 3161 4012 de
3187 3958 3395 4012 meritis
3408 3956 3713 4013 confessoris.

535 4076 710 4128 grare,
734 4060 805 4112 ita
832 4068 887 4111 ut
910 4055 1157 4127 protinus
1192 4058 1599 4125 compelleretur
1632 4058 1903 4111 immensis
1949 4059 2090 4110 veri-
2188 4052 2432 4104 melotem
2464 4049 2602 4103 beati
2637 4048 2811 4118 Eligii,
2840 4062 3000 4117 quam
3026 4063 3124 4116 pro
3146 4060 3343 4115 magno
3368 4042 3712 4111 munereapod

539 4154 634 4201 bus
662 4148 912 4210 clamare,
939 4146 1154 4199 dicens:
1191 4145 1375 4209 Parce,
1414 4154 1596 4200 sancte
1624 4144 1790 4212 Eligi,
1821 4146 1942 4213 quia
1988 4154 2087 4211 ego
2186 4154 2245 4193 se
2268 4142 2533 4203 servabat,
2562 4139 2901 4193 devotissime
2924 4138 3027 4191 sibi
3068 4137 3346 4205 imposuit,
3363 4146 3526 4206 atque
3550 4134 3718 4201 excitu

539 4240 693 4290 miser
722 4249 983 4302 nunquam
1006 4233 1115 4301 jam
1150 4233 1397 4300 deinceps
1439 4232 1546 4287 tale
1572 4234 1696 4302 quid
1746 4248 1902 4300 agere
1956 4246 2087 4301 νιτρ-
2189 4245 2280 4282 ora
2305 4228 2487 4295 pedem
2517 4228 2773 4281 tumidum
2797 4235 2854 4281 et
2884 4226 3211 4279 immobilem
3259 4226 3543 4281 mulcendo
3570 4225 3717 4291 Itiqve

540 4342 762 4379 sumam.
789 4326 906 4379 Mox
936 4334 1108 4378 autem
1140 4325 1543 4377 circumstantes
1574 4338 1801 4392 propere
1830 4323 1877 4376 ei
1929 4324 2089 4376 vesti-
2190 4318 2435 4385 c-mtigit;
2476 4325 2597 4385 post
2632 4316 2786 4384 cujus
2814 4356 2831 4380 ,
2882 4314 3166 4376 videlicet,
3210 4323 3472 4368 attactum
3518 4313 3719 4367 detume-

542 4426 715 4491 meuta
734 4416 1040 4481 fumigantia
1068 4413 1329 4475 auferunt,
1360 4428 1651 4480 munusque
1674 4424 1946 4482 acceptum
1976 4414 2089 4465 via-
2192 4416 2372 4460 Scente
2400 4406 2554 4473 pede,
2575 4417 2815 4471 gressum
2856 4405 3137 4473 pristinum
3184 4405 3393 4471 recepit
3418 4448 3435 4471 ,
3486 4413 3540 4457 et
3560 4400 3626 4458 ita
3646 4406 3719 4456 deo

547 4510 645 4562 tori
679 4508 992 4568 restituunt;
1024 4507 1188 4571 ipsum
1232 4505 1387 4557 etiam
1437 4504 1775 4572 pmnitentem
1825 4504 2066 4572 multaqm

2199 4510 2336 4546 mum
2366 4507 2393 4544 a
2424 4491 2676 4560 pnedicto
2712 4491 3000 4559 podagrico
3025 4493 3249 4545 humore
3292 4493 3491 4547 illasus
3515 4506 3718 4562 perman-

542 4598 823 4651 delleutem
845 4596 907 4644 ad
942 4593 1259 4645 confessoris
1286 4593 1515 4643 tumbam
1535 4592 1792 4644 reducunt
1817 4605 1829 4649 ;
1862 4590 1949 4642 ubi
1973 4589 2091 4643 oleo
2192 4583 2280 4645 Sit.
2310 4598 2373 4637 ac
2400 4583 2443 4635 si
2474 4596 2743 4649 nunquam
2767 4590 2926 4635 antea
2956 4592 3210 4648 expertus
3240 4581 3451 4639 fuisset.
3486 4581 3599 4636 lam
3619 4594 3719 4635 vero
3766 4576 3773 4583 ’

544 4685 832 4746 delibutus,
865 4682 947 4733 xix
979 4680 1187 4733 tandem
1216 4680 1402 4732 sedato
1454 4680 1694 4734 incendio
1742 4696 1770 4730 a
1831 4690 2093 4732 tormento
2196 4676 2243 4727 in
2270 4673 2415 4726 calze
2444 4672 2562 4726 libri
2588 4672 2803 4739 dignum
2833 4672 3011 4738 putavi
3057 4670 3419 4739 adjiciendum
3447 4670 3573 4756 illud

545 4784 628 4825 est
658 4773 925 4824 libCIillllS.
949 4769 1063 4828 Iloc
1089 4778 1262 4821 autem
1286 4768 1483 4819 idcirco
1530 4781 1771 4822 evemsse
1826 4783 1928 4819 non
1979 4783 2091 4818 ant-
2194 4762 2259 4815 ad
2288 4763 2403 4831 ejus
2429 4761 2620 4815 lectum
2645 4762 2972 4815 declaratum
3011 4760 3119 4814 fuit.
3135 4761 3480 4830 miraculum.

548 4862 688 4927 higo,
722 4869 773 4911 ut
803 4874 893 4927 per
925 4860 1031 4908 hmo
1062 4854 1261 4908 facilius
1313 4853 1631 4907 obtundatur
1657 4895 1673 4918 ,
1720 4855 1929 4923 unoque
1968 4871 2096 4909 con-
2450 4919 2479 4927 _
2597 4921 2608 4927 _
3002 4848 3212 4927 ιχιγ.

553 4953 799 5003 fundatur
837 4948 1096 5013 rapacitas
1121 4988 1135 5010 ,
1191 4944 1554 5013 cupiditasque
1596 4944 1864 5007 similium,
1910 4959 2072 4997 eoruu

1995 4960 2094 4996 .um
2441 4919 2515 4973 De
2538 4920 2797 4973 miraculis
2826 4921 2895 4971 ad
2934 4923 3115 4972 locum
3140 4923 3252 4989 ejus
3275 4918 3514 4973 ostensis.

552 5040 804 5089 duntaxat
832 5038 919 5097 qui
975 5049 1075 5086 non
1124 5041 1370 5085 verentur
1424 5033 1719 5099 importune
1756 5033 1974 5099 pecunia
2005 5047 2065 5085 ac

2264 5011 2393 5064 Cum
2418 5013 2496 5063 vir
2516 5011 2701 5063 beatus
2724 5011 2774 5062 iu
2802 5007 3129 5075 Compendio
3155 5007 3276 5061 villa
3306 5009 3473 5075 regali
3503 5006 3714 5073 frequen.

553 5135 701 5190 cepta
739 5129 1042 5174 sanctorum
1096 5121 1311 5185 pignora
1354 5098 1670 5174 γωνιώπᾶ
1719 5098 1903 5175 Cm,
1932 5135 2057 5186 ergo
2077 5160 2095 5184 ν
2198 5100 2300 5153 tius
2320 5107 2461 5152 esset
2489 5098 2674 5151 solitus
2693 5100 2999 5190 adventare,
3025 5099 3331 5190 providerat
3355 5098 3717 5190 sibi

554 5225 753 5281 qumso,
778 5210 884 5275 jam
908 5210 1007 5263 hoc
1031 5207 1079 5260 in
1108 5209 1251 5261 omni
1282 5207 1399 5261 Iuro
1427 5210 1742 5277 contagium,
1770 5228 1836 5265 ne
1888 5215 2066 5266 contin

2198 5190 2330 5243 ultra
2363 5191 2577 5242 lluvium
2611 5190 2797 5243 Hisare
2824 5189 2878 5243 in
2917 5187 3191 5255 cujusdam
3230 5189 3332 5241 viri
3361 5186 3715 5241 domiliciow-

556 5270 644 5365 gat
663 5311 725 5349 ea
742 5270 1063 5351 facientibus
1085 5296 1253 5350 simile
1276 5296 1543 5350 incurrere
1572 5270 1885 5352 incendium.
2199 5278 2385 5329 ⁰³¹⁵υ¹⁰
2414 5276 2713 5372 Ψθξδοιῗηί
2738 5293 2753 5337 ἶ
2776 5290 2912 5372 βων
2939 5275 3206 5337 ﬁdem":
3234 5275 3437 5372 ίίνθοο
3456 5270 3716 5372 “Iw

1455 5426 1466 5437 ν
1504 5425 1514 5437 γ
2199 5377 2420 5427 rumque
2450 5362 2530 5427 vel
2556 5362 2846 5424 redeundo,
2880 5370 3232 5415 consueverat
3252 5361 3522 5418 divertere
3542 5360 3715 5417 allu-

1117 5423 1341 5479 CAPUT
1388 5425 1585 5477 LXXII.
2202 5450 2426 5479 -.....r.....
2486 5448 2765 5479 n.............
2790 5465 2914 5479 ...ιη
2938 5450 3179 5479 ...;........;.
3211 5449 3277 5479 ,ιη
3309 5450 3510 5479 ........ι..
3560 5444 3713 5479 ...λι

1632 5516 1639 5523 θ
2202 5450 2447 5528 nendum.
2484 5448 2766 5519 Postquam
2788 5465 2916 5518 ergo
2938 5450 3183 5518 migravit
3211 5449 3280 5502 de
3307 5450 3534 5516 mundo,

874 5536 882 5542 ι
938 5509 1019 5565 De
1048 5528 1178 5565 cato
1198 5523 1243 5567 et
1265 5516 1444 5566 claudo
1473 5516 1685 5565 sanatis.
2200 5513 2315 5593 eius
2344 5542 2393 5593 ht

2200 5550 2315 5593 ctus
2344 5542 2535 5609 hospes
2560 5543 2675 5609 ejus
2698 5542 2916 5595 minime
2938 5554 3279 5594 rev-crescens
3318 5538 3714 5609 pontiﬁcis,”

635 5641 889 5707 Adjiciam
940 5654 1146 5707 quoque
1173 5649 1224 5693 et
1268 5640 1393 5695 illud
1431 5642 1567 5708 quod
1613 5640 1725 5708 κῆνο
1770 5640 1957 5708 devoto
1983 5644 2106 5697 Fre—

2201 5630 2617 5691 tumvdestruxit
2644 5645 2739 5696 per
2760 5629 3016 5683 incuriam
3046 5629 3301 5683 lectulum
3328 5669 3347 5693 ,
3377 5622 3714 5699 pauitanth

569 5704 786 5776 degisilo
822 5704 1129 5778 presbytero
1156 5718 1404 5762 narrante
1430 5704 1668 5777 cognovi.
1697 5704 1915 5773 Quidam
1940 5713 2098 5777 enim,
2204 5718 2333 5770 tanti
2362 5718 2460 5773 viri
2481 5718 2815 5782 discubitum,
2846 5718 3100 5788 spondam
3126 5719 3291 5772 etiam
3344 5715 3529 5773 ιεοιαίί
3548 5724 3710 5785 ,ςα-

3376 5820 3812 6258 Α
