3848 6386
118 502 226 557 .589

1649 502 1823 557 νιτΑ.

3211 501 3316 556 590

126 613 293 683 διεβίω
316 612 577 669 triverunt
595 627 779 667 manus
814 612 1004 676 sancti,
1034 611 1432 680 suppedaneum
1464 621 1485 647 ι
1518 611 1655 664 limi-
1685 623 1729 674 Α
1758 623 1814 667 et
1868 614 1956 668 ubi
2001 616 2169 683 pridie
2198 613 2361 668 fratre
2412 612 2668 681 largiente
2692 625 2787 664 sua
2812 648 2827 672 ,
2870 610 2999 664 nihil
3050 610 3314 668 obtulerat

128 714 196 755 tes
220 702 349 765 fecit,
374 717 543 769 seque
573 701 950 768 cuin-conjuge
978 701 1032 754 in
1058 702 1246 755 eodem
1273 691 1531 769 loeo'quo
1576 700 1656 754 vir

126 789 287 843 beatus
313 790 646 858 pansaverat,
674 792 790 845 sine
827 789 934 842 ullo
962 790 1298 844 cunctamine
1335 788 1651 844 collocavit:

124 888 170 932 et
213 892 328 933 erce
378 879 489 947 ipsa
546 890 704 934 nocte
758 877 1059 932 vehementi
1123 878 1273 932 febre
1326 888 1607 948 correptus
1636 918 1652 942 ,

122 968 259 1037 carpit
297 970 537 1037 protinus
588 960 802 1021 ttediare
830 1009 843 1030 ,
894 975 1142 1029 tremere,
1187 966 1379 1021 sudare
1424 981 1486 1021 ac
1538 968 1655 1035 pal-

119 1059 324 1120 lescere;
390 1059 552 1126 pedes
624 1069 836 1124 quoque
915 1056 1005 1123 qui
1078 1055 1255 1110 lectuli
1323 1057 1658 1112 calcaverunt

120 1147 349 1214 spondam
371 1179 387 1210 ,
414 1154 694 1214 cteperunt
741 1144 962 1199 fortuitu
1000 1146 1287 1201 conualere
1308 1185 1325 1209 ,
1386 1148 1657 1216 nimioque

116 1237 316 1290 fervoris
358 1238 549 1290 ardore
587 1236 900 1303 aggravari,
958 1236 1029 1289 ita
1084 1244 1140 1290 ut
1185 1252 1215 1290 a
1267 1250 1451 1305 gressu
1508 1240 1658 1308 peni-

120 1336 191 1377 tus
229 1326 632 1392 compelleretur
683 1326 872 1379 arceri.
942 1325 1183 1393 cumque
1230 1326 1529 1393 hujusmodi
1569 1344 1653 1383 ar-

117 1426 249 1467 tuum
289 1423 623 1483 torqueretur
668 1414 1030 1479 cruciatibus,
1092 1416 1260 1471 visum
1317 1425 1398 1470 est
1443 1421 1656 1487 conjugi

110 1505 213 1567 eius
239 1505 287 1557 in
314 1504 425 1557 visu
450 1512 511 1557 ut
556 1512 832 1557 amoveret
859 1518 918 1556 se
962 1504 1188 1571 uterque
1226 1510 1545 1570 quantocius
1586 1510 1654 1562 ab

113 1593 194 1647 illo
218 1593 477 1648 discubitu
502 1631 517 1653 ,
575 1592 835 1661 spondam
883 1593 1045 1647 etiam
1070 1630 1086 1657 ,
1129 1608 1287 1660 quam
1327 1595 1655 1662 negligenter

108 1682 463 1751 proiecerant,
510 1683 706 1737 inloco
755 1683 982 1750 pristino
1038 1692 1437 1746 restaurarent,
1496 1695 1656 1752 atque

107 1786 249 1825 (nune
289 1780 514 1826 stratum
560 1771 697 1825 sicut
740 1769 914 1824 fuerat
960 1771 1197 1839 diligenti
1254 1787 1381 1826 cura
1435 1788 1652 1841 compo~

106 1872 313 1917 iterent:
343 1862 434 1916 sed
464 1862 551 1915 illa
601 1860 932 1928 negligenter
976 1860 1231 1915 visionem
1262 1860 1609 1915 obliviscente
1634 1899 1649 1922 ,

1754 710 1965 769 sponte,
1996 704 2064 757 ibi
2086 704 2199 771 jam
2245 712 2463 757 coactus
2510 709 2683 753 tamen
2713 708 2771 752 ut
2816 708 3109 753 mereretur
3136 700 3311 756 mede-

1757 790 1861 844 lam
1886 792 2080 846 multos
2108 808 2173 846 ex
2202 792 2409 860 publica
2442 797 2652 845 moneta
2679 790 2821 843 misit
2844 780 3043 842 solidos
3074 802 3309 855 per.ch

1758 880 1920 934 ditam
1943 896 2251 949 personam;
2279 890 2335 936 et
2364 880 2601 949 protinus
2632 894 2750 933 cum
2796 877 2994 931 donum
3039 876 3147 931 illic
3173 876 3315 933 eleeo

1759 982 1992 1037 tuosyua:
2020 969 2223 1023 illatum
2244 978 2422 1032 esset,
2479 968 2759 1023 confestim
2807 967 2873 1020 ab
2918 980 2986 1020 eo
3037 965 3317 1022 discedens

1757 1057 1929 1122 dolor,
1961 1058 2077 1113 sine
2104 1057 2208 1111 ulla
2238 1072 2386 1112 mora
2411 1059 2693 1112 sanitatem
2723 1057 2941 1124 recepit.

2266 1144 2491 1201 CAPUT
2526 1143 2777 1200 LXXVII.

2112 1237 2292 1291 Puella
2330 1251 2599 1305 perjurans
2644 1235 2957 1304 defungitur.

1827 1327 1935 1381 Sub
1964 1328 2163 1382 eisdem
2211 1328 2378 1383 ferme
2412 1328 2598 1381 diebus
2622 1325 2798 1395 puella
2828 1324 3067 1395 quatdam
3091 1324 3317 1393 despon—

1757 1426 1892 1483 sata,
1944 1417 2230 1483 instigante
2274 1432 2369 1485 per
2412 1416 2587 1471 carnis
2630 1413 2964 1481 fragilitatem
3020 1410 3255 1477 diabolo,
3286 1427 3317 1467 a

1756 1506 1984 1574 quodam
2016 1507 2226 1561 mmcho
2254 1507 2425 1561 fuerat
2474 1505 2612 1561 fmde
2640 1513 2888 1572 corrupta
2911 1542 2926 1567 ,
2974 1518 3134 1571 quam
3179 1504 3317 1572 ejus-

1757 1595 1875 1649 dem
1904 1610 2131 1665 sponsns
2159 1605 2701 1664 causatusutcunque
2748 1601 3115 1662 suspectamve
3143 1592 3318 1647 addiso

1756 1698 1903 1748 cens,
1935 1694 2097 1753 cmpit
2125 1686 2191 1739 ab
2219 1700 2282 1739 ea
2311 1691 2654 1752 extorquere,
2685 1692 2743 1737 ut
2767 1698 2825 1736 se
2851 1697 2944 1751 per
2964 1682 3317 1747 iuramentum

1756 1772 1824 1825 ab
1845 1772 1945 1827 hac
1965 1774 2269 1842 suspicione
2296 1772 2543 1826 idoneam
2572 1771 2819 1826 redderet
2843 1788 2857 1835 ;
2886 1780 2941 1825 at
2978 1771 3065 1824 illa
3096 1779 3152 1824 ut
3193 1779 3320 1841 pote

1755 1862 1995 1917 adultera
2022 1863 2151 1916 nihil
2180 1862 2467 1931 trepidans,
2491 1876 2731 1919 securam
2759 1875 2817 1913 se
2848 1859 2988 1913 istud
3016 1874 3321 1914 sacrameno

104 1952 177 2005 vir
224 1952 336 2020 ejus
394 1950 631 2005 atrocius
693 1949 966 2003 cruciatur
1019 1946 1244 2008 dolore,
1312 1956 1369 2002 et
1411 1950 1653 2018 sequenti
1688 1954 1731 2013 Β
1759 1959 1866 2005 tum
1890 1964 2046 2020 posse
2067 1951 2294 2005 transire
2328 1948 2915 2017 gestiebat.Constituit
2966 1947 3320 2015 ergoreidem

103 2050 248 2094 nocte
273 2042 432 2094 etiam
484 2041 596 2107 ipse
648 2036 966 2091 admonetur
1010 2036 1151 2103 quod
1204 2036 1303 2091 nisi
1344 2051 1405 2091 se
1460 2038 1567 2091 cito
1623 2054 1655 2091 a

104 2128 231 2182 lecto
252 2130 609 2190 submoveret,
642 2126 879 2182 severius
909 2124 1017 2191 jam
1040 2139 1108 2179 ex
1152 2124 1253 2179 hoc
1273 2125 1652 2194 corriperetur.

102 2202 240 2268 Tune
268 2203 355 2270 ille
384 2224 505 2285 post
553 2220 873 2269 transactam
904 2213 1161 2267 visionem
1192 2214 1467 2267 moderata
1499 2214 1551 2267 in
1597 2230 1657 2270 se

101 2303 618 2371 quantulumcunque
644 2302 793 2355 febre
812 2338 828 2363 ,
856 2300 1091 2353 surrexit
1129 2288 1185 2352 tit
1215 2299 1381 2353 valuit
1408 2300 1651 2366 festinus,

98 2404 149 2445 et
174 2391 425 2459 spondam
450 2391 632 2445 lectuli
662 2390 807 2443 illico
842 2388 1135 2455 recollegit,
1165 2404 1325 2457 quant
1372 2388 1655 2457 diligenter

97 2482 255 2534 lotam
283 2485 336 2534 tu
356 2496 425 2536 eo
452 2480 576 2535 loco
604 2480 742 2533 unde
760 2480 966 2533 exierat
987 2480 1331 2546 restauravit,
1353 2480 1654 2550 lectumque

98 2578 149 2622 ut
170 2570 311 2637 prius
339 2571 511 2624 fuerat
540 2569 953 2636 circumquaque
994 2568 1331 2637 composuit;
1362 2568 1551 2636 sicque
1595 2583 1654 2623 se

96 2660 340 2728 deinceps
367 2674 399 2713 a
423 2658 689 2713 diseubitu
714 2656 805 2710 illo
844 2670 1145 2720 removens,
1174 2656 1366 2724 prioris
1387 2657 1510 2711 facti
1532 2673 1652 2711 cum

95 2747 254 2801 multa
281 2746 680 2802 sactisfactione
710 2744 1079 2813 panitentlam
1133 2746 1296 2812 gessit
1320 2781 1334 2809 ,
1381 2754 1541 2812 atque
1580 2745 1653 2799 ita

93 2838 299 2890 demum
328 2834 612 2889 sanitatem
642 2834 882 2903 recipere
908 2834 1123 2887 meruit.
1168 2832 1371 2887 Deinde
1416 2833 1525 2901 jam
1553 2832 1655 2888 hoc

94 2926 343 2981 miracqu
364 2926 523 2981 latius
544 2924 914 2981 crebrescente
933 2965 951 2992 ,
980 2924 1212 2990 undique
1236 2931 1515 2993 eruperunt
1558 2926 1655 2977 ad-

94 3022 371 3069 ventantes
397 3028 466 3069 eo
509 3013 561 3067 in
592 3012 713 3066 loco
752 3011 1061 3068 munuscula
1092 3011 1323 3077 inferre;
1379 3019 1655 3079 cmperunt

93 3102 247 3153 etiam
305 3100 418 3154 illic
475 3100 699 3172 virtutes
763 3099 1003 3154 crebrius
1057 3099 1313 3153 declarari
1369 3099 1657 3169 pepulique

91 3201 381 3246 conventus
412 3190 661 3261 frequens
684 3189 878 3244 ibidem
902 3188 1012 3244 lteri
1042 3207 1056 3242 :
1090 3189 1229 3259 quod
1251 3188 1448 3243 factum
1464 3203 1652 3258 magna

94 3296 211 3336 cum
240 3282 603 3336 admiratione
655 3294 883 3335 cernens
926 3279 1124 3341 homo,
1172 3278 1354 3331 relicta
1412 3279 1727 3352 protinusc

88 3374 268 3438 domo,
296 3374 351 3426 in
378 3373 486 3425 alio
513 3386 573 3426 se
594 3371 747 3439 juxta
775 3370 1001 3424 contulit
1033 3368 1375 3423 tabernaculo
1406 3409 1421 3434 ,
1471 3385 1651 3424 suum-

89 3477 189 3528 rtue
213 3462 570 3517 diversorium
599 3462 886 3531 hospitium
932 3470 1248 3531 perpetuum
1279 3461 1329 3513 in
1360 3476 1475 3515 atvo
1522 3476 1651 3515 con-

87 3552 244 3605 cessit
265 3550 463 3621 Eligio.
491 3552 559 3607 Et
584 3567 711 3608 ecce
731 3553 841 3620 jam
864 3553 1025 3606 domo
1052 3552 1151 3613 viri
1176 3551 1351 3605 diruta
1376 3590 1392 3616 ,
1436 3552 1652 3605 basilica

89 3640 155 3695 lbi
182 3651 517 3705 constructa,
538 3642 679 3696 lecto
706 3640 928 3695 mirifice
981 3640 1278 3705 exornato,
1334 3644 1655 3709 condignum

85 3730 138 3783 in
159 3738 423 3785 :eternum
454 3730 688 3799 possidet
715 3728 914 3797 Eligius
961 3729 1285 3807 hospitium:
1317 3744 1474 3799 quem
1507 3732 1651 3785 vide-

88 3818 209 3873 licet
230 3822 413 3874 locum
441 3818 686 3873 Clemens
732 3818 969 3887 pontifex
1012 3818 1353 3873 Belvacensis
1407 3822 1507 3872 sub
1555 3835 1655 3874 suo

88 3908 245 3961 habet
270 3908 553 3975 regimine,
575 3916 630 3960 et
651 3905 812 3961 multa
854 3907 1045 3961 ibidem
1088 3907 1285 3975 jugiter
1337 3916 1656 3963 exercentur

86 3998 448 4060 tniracula,ex
467 3997 659 4063 quibus
691 4011 830 4049 nunc
852 3994 960 4049 duo
990 3992 1355 4049 tantummodo
1379 3994 1655 4049 brevitatis

85 4084 261 4138 studio
288 4098 630 4153 praepropere
647 4082 1097 4139 commemorabo.

616 4170 841 4225 CAPUT
881 4170 1109 4225 LXXVI.

86 4256 164 4310 De
186 4261 505 4314 correctione
530 4260 666 4327 regis
689 4257 939 4321 Lotimrii,
967 4267 1016 4312 et
1061 4260 1236 4314 dolore
1258 4260 1321 4311 ab
1351 4276 1411 4313 eo
1433 4260 1653 4315 sublato.

156 4347 254 4402 Die
282 4348 448 4415 igitur
474 4348 705 4415 quadam
742 4345 847 4401 duo
872 4360 1026 4414 reges
1048 4348 1306 4414 germani,
1336 4348 1613 4401 Lotharius
1638 4387 1655 4413 ,

83 4439 316 4504 scilicet,
340 4446 397 4491 et
418 4436 803 4499 Theodoricus,
819 4436 1017 4504 egressi
1034 4450 1194 4503 penes
1218 4437 1470 4503 palatium
1486 4438 1656 4504 gratia

86 4508 191 4580 illic
211 4525 777 4580 orationisdivertunt
798 4541 815 4591 ;
840 4522 929 4578 ubi
960 4524 1201 4577 oratione
1232 4523 1391 4588 facta,
1423 4542 1542 4578 cum
1572 4540 1656 4578 re-

82 4617 262 4669 dirent
286 4615 360 4668 ad
384 4616 579 4681 regiam
599 4654 615 4677 ,
647 4612 1029 4681 prmvenientes
1067 4627 1161 4666 eos
1190 4598 1403 4680 quidam
1428 4614 1653 4680 optima-
1682 4620 1730 4679 υ

84 4718 219 4766 tum,
248 4703 456 4757 dabant
482 4703 697 4756 salubre
736 4702 1016 4756 consilium
1070 4712 1127 4754 ut
1180 4696 1374 4770 aliquid
1421 4702 1655 4755 cleemo-

81 4810 231 4864 synze
259 4795 336 4847 ob
367 4792 536 4845 sancti
564 4792 961 4845 venerationem
988 4788 1157 4844 eidem
1178 4788 1299 4843 loco
1322 4789 1617 4843 tribuerent
1642 4806 1658 4855 ;

82 4884 177 4936 sed
209 4897 307 4936 rex
342 4882 526 4934 scitior
554 4879 607 4931 in
631 4888 879 4945 promptu
900 4885 1251 4930 contemnens
1279 4876 1512 4943 neglexit
1558 4873 1660 4930 hoc

84 4974 339 5033 verbum,
369 4965 548 5035 iunior
575 4976 703 5019 Vero
733 4967 932 5032 majore
954 4961 1084 5017 foris
1125 4972 1438 5031 praegresso,
1464 4962 1662 5015 solidos

84 5061 195 5112 illic
216 5058 408 5128 posuit
432 5072 552 5110 cum
576 5064 706 5107 .voto
736 5066 802 5107 ex
828 5052 1055 5107 radianti
1091 5050 1307 5104 metallo
1333 5068 1345 5101 :
1375 5050 1565 5103 deinde
1597 5052 1663 5103 ab

80 5170 147 5204 (ευ
172 5152 300 5204 loco
324 5156 553 5213 uterque
581 5160 872 5212 properans
901 5158 1018 5197 cum
1053 5142 1333 5209 ingressus
1350 5136 1531 5193 fuisset
1562 5146 1657 5207 pa-

83 5241 305 5301 latium,
332 5238 499 5307 ewpit
527 5236 704 5289 subito
732 5230 869 5285 idem
894 5249 984 5287 rex
1016 5228 1296 5285 Lotharius
1344 5230 1661 5304 infusacor—

82 5334 203 5401 puri
237 5332 397 5385 febre
420 5326 761 5382 vehementer
788 5325 931 5389 angi,
982 5330 1034 5375 et
1061 5320 1383 5401 conglobate
1432 5314 1661 5391 undique

81 5398 237 5475 imm
263 5416 517 5487 corporis
542 5416 825 5469 ardoreac
846 5409 1000 5464 simul
1055 5410 1273 5478 repente
1302 5398 1352 5459 in
1377 5404 1549 5473 capite
1570 5403 1662 5457 de-

82 5515 333 5572 ﬂuente,
381 5510 545 5573 capit
589 5496 959 5558 ardentissimo
1000 5494 1183 5554 dolore
1237 5495 1475 5552 dentium
1521 5496 1662 5550 illico

82 5600 355 5658 cruciari.
385 5592 626 5663 Cumque
655 5602 863 5647 noctem
893 5592 1035 5644 illam
1074 5592 1125 5644 in
1170 5590 1415 5643 maximis
1462 5594 1667 5638 transe-

82 5693 264 5763 gisset
282 5684 570 5755 angustiis,
600 5683 745 5737 facta
778 5691 935 5733 mane
960 5679 1328 5752 negligentiam
1381 5675 1669 5729 recordans

82 5761 377 5835 hesterna!
402 5774 528 5837 diei,
555 5772 624 5825 ad
654 5768 951 5840 presidium
980 5768 1146 5821 sancti
1190 5765 1425 5833 confugit
1471 5761 1621 5828 Eligii
1653 5802 1664 5821 .

1756 2040 1873 2110 ejus
1900 2054 2148 2110 sponsus.
2182 2047 2237 2092 ut
2264 2040 2329 2093 ad
2383 2039 2579 2093 lectum
2633 2037 2771 2093 beati
2804 2036 2955 2105 Eligii
2988 2036 3121 2090 hanc
3160 2034 3316 2087 fidem

1753 2129 1868 2183 sola
1913 2129 2276 2197 persolveret;
2316 2128 2457 2195 quod
2510 2126 2596 2179 illa
2654 2126 2878 2179 audiens
2926 2124 3079 2179 facile
3115 2122 3165 2175 id
3216 2122 3316 2176 sibi

1755 2220 1866 2275 fieri
1893 2220 2179 2288 praesumit.
2206 2216 2443 2287 Cumque
2470 2217 2578 2270 illic
2606 2225 2827 2282 uterque
2854 2214 3211 2276 adventasset,
3228 2212 3318 2265 illa

1757 2317 2006 2377 protena
2038 2318 2091 2360 et
2118 2307 2353 2360 insolens
2380 2307 2496 2360 sine
2524 2306 2631 2359 ullo
2662 2312 2805 2359 metu
2833 2303 2898 2357 ad
2926 2304 3093 2358 sancti
3121 2304 3313 2357 lectum

1753 2412 2059 2461 accurrens,
2090 2396 2252 2464 cmpit
2275 2394 2470 2462 absque
2502 2402 2705 2446 terrore
2749 2392 2798 2443 id
2828 2390 2970 2458 quod
2999 2388 3315 2456 exigebatur

1746 2488 1958 2554 jurare;
1987 2488 2081 2541 sed
2105 2502 2225 2539 mox
2246 2495 2303 2537 ut
2330 2499 2545 2538 manum
2568 2482 2706 2536 lecto
2723 2479 3312 2547 imposuit,illicotabe-

1753 2584 1934 2631 scente
1952 2589 2178 2644 corpore
2200 2574 2445 2627 deorsum
2478 2585 2635 2625 ruens
2659 2604 2675 2633 ,
2722 2568 2871 2637 quasi
2895 2566 3121 2621 defectis
3165 2564 3317 2637 pedi-

1755 2666 1853 2720 bus
1881 2666 1933 2718 in
1965 2675 2161 2720 terram
2202 2664 2441 2720 corruit:
2474 2674 2634 2731 quam
2678 2673 2798 2713 cum
2853 2655 3047 2711 vellent
3091 2656 3321 2709 circum-

1754 2764 1957 2808 stantes
1982 2755 2212 2822 erigere,
2235 2762 2470 2823 tremens
2494 2750 2583 2803 illa
2608 2756 2663 2803 et
2682 2760 2935 2815 spumans
2965 2745 3103 2799 inter
3132 2757 3321 2797 manus

1755 2858 1940 2898 eorum
1977 2844 2194 2907 decidit,
2212 2848 2373 2909 attlue
2402 2840 2474 2894 ita
2523 2839 2733 2894 demum
2767 2836 3058 2903 lugubriter
3082 2834 3321 2905 exspira-

1755 2931 1829 2984 vit
1855 2949 1867 2981 :
1899 2930 2040 3000 quod
2075 2928 2191 2998 ejus
2230 2928 2453 2998 pavidus
2479 2939 2703 2981 cernens
2731 2938 2981 2992 sponsus,
3011 2931 3314 2976 consterna-

1758 3029 1860 3081 tus,
1890 3030 1946 3073 et
1998 3020 2110 3087 ipse
2155 3018 2449 3087 potentiam
2496 3014 2694 3069 Christi
2739 3022 2793 3067 et
2836 3012 3093 3082 judicium
3146 3010 3318 3063 sancti

1757 3109 2135 3177 magniﬁcavit,
2156 3117 2210 3161 et
2236 3108 2311 3161 sic
2336 3105 2529 3161 deinde
2553 3102 2618 3158 ad
2641 3103 2854 3159 domum
2906 3100 3175 3169 propriam
3205 3114 3312 3152 non

1756 3200 1872 3254 sine
1897 3208 2039 3255 metu
2068 3197 2327 3253 discessit.

2262 3281 2487 3338 CAPUT
2527 3279 2801 3334 LXXVIII.

1788 3374 1866 3430 De
1890 3372 2139 3431 miraculo
2167 3375 2398 3441 similiter
2418 3372 2485 3425 ad
2506 3371 2666 3424 alium
2701 3372 2812 3441 ejus
2832 3370 3013 3424 lectum
3052 3378 3272 3423 ostenso.

1825 3462 1999 3518 Multae
2028 3472 2082 3517 et
2106 3464 2221 3533 alite
2251 3463 2442 3516 ibidem
2475 3499 2491 3526 ,
2531 3460 2753 3528 jubente
2785 3460 3028 3525 Domino,
3054 3459 3166 3526 ejus
3198 3474 3308 3514 tne-

1754 3555 1874 3610 ritis
1898 3562 2187 3623 operantur
2216 3553 2456 3614 virtutes,
2476 3552 2614 3604 inter
2638 3560 2770 3618 quas
2790 3549 2950 3603 etiam
2977 3556 3032 3601 et
3058 3550 3315 3601 cecindil-

1755 3643 1837 3696 lus
1862 3642 2163 3695 esundante
2195 3640 2422 3694 ubertim
2447 3640 2567 3693 oleo
2594 3636 2996 3705 sttperfunditur
3022 3678 3035 3699 ,
3091 3653 3156 3690 ex
3211 3655 3317 3705 quo

1754 3731 1939 3784 sancto
1966 3727 2169 3797 liqttore
2186 3728 2334 3782 multi
2359 3720 2467 3781 illic
2496 3727 2737 3796 peruncti
2765 3740 2792 3776 a
2818 3724 3039 3779 diversis
3067 3736 3321 3779 sanantur

1754 3818 2123 3881 incommodis,
2156 3828 2209 3871 et
2230 3815 2561 3872 benedicitur
2581 3815 2651 3870 ibi
2682 3830 2876 3870 nomen
2912 3815 3115 3869 Domini
3137 3816 3319 3868 Salvu-

1758 3910 1904 3963 toris.
1939 3908 2059 3962 llaec
2079 3908 2255 3961 omnia
2285 3907 2499 3974 quidem
2552 3905 2604 3957 iu
2653 3903 2980 3972 Contpendio
3032 3909 3314 3969 geruntur;

1755 3996 1848 4051 sed
1877 4003 1930 4049 et
1957 3995 2097 4047 aliud
2127 3982 2466 4047 nihilominus
2496 3991 2608 4060 ejus
2630 3990 2849 4057 lectum,
2878 3989 3019 4058 quod
3048 3986 3205 4042 situm
3236 4000 3318 4043 est

1758 4089 1808 4141 in
1865 4084 2169 4141 monasterii
2199 4084 2281 4138 sui
2330 4082 2557 4152 prmdio,
2589 4082 2707 4137 loco
2763 4088 3102 4148 nuncupante
3129 4074 3313 4132 Vicw-

1758 4178 1921 4238 riaco,
1946 4178 2168 4229 virtutes
2194 4173 2437 4227 similiter
2464 4171 2821 4232 declarantur,
2853 4178 2907 4221 et
2928 4168 3147 4223 diversa:
3174 4170 3316 4223 sani-

1759 4272 1894 4318 tates
1920 4263 2257 4317 efﬁciuntur:
2288 4273 2405 4326 quae
2449 4256 2624 4309 omnia
2674 4265 2738 4308 ex
2787 4253 2975 4309 ordine
3029 4260 3313 4309 onerosum

1758 4351 1999 4405 ducimus
2027 4349 2201 4402 verbis
2220 4346 2490 4416 prosequi,
2514 4352 2566 4398 et
2607 4345 2802 4398 idcirco
2828 4354 2888 4397 ea
2929 4344 3010 4395 his
3057 4344 3313 4409 paucissi-

1759 4442 1856 4494 mis
1882 4440 2097 4510 syllabis
2126 4436 2388 4506 complexi
2419 4448 2621 4497 sumus,
2650 4434 2774 4501 quia
2802 4438 3124 4499 magnOpere'
3146 4431 3256 4499 jam
3285 4448 3312 4484 τι

1760 4532 2030 4587 locutione
2054 4528 2621 4586 cessarefestinamus.

2282 4613 2503 4669 CAPUT
2542 4608 2770 4668 LXXIX.

1762 4714 1838 4765 De
1876 4708 2187 4765 multimodis
2229 4706 2588 4759 miraculorum
2636 4706 2814 4775 signis.
2840 4720 2951 4772 qua:
2997 4693 3219 4771 quotidie
3248 4704 3314 4753 ad

2135 4775 2243 4847 ejus
2264 4778 2593 4829 ostenduntur
2614 4775 2931 4827 memoriam.

1830 4867 2151 4921 Soccurrunt
2195 4866 2298 4917 hoc
2328 4865 2445 4917 loco
2499 4863 2670 4916 adhuc
2726 4864 2865 4916 beati
2914 4860 3012 4913 viri
3068 4860 3317 4913 nenuulla

1763 4957 2035 5019 miracula,
2065 4965 2116 5009 et
2139 4950 2359 5009 dirersis
2387 4952 2599 5021 quidem
2633 4954 2683 5004 in
2712 4952 2842 5004 locis
2865 4988 2881 5013 ,
2927 4949 3020 5001 sed
3054 4950 3316 5017 prt‘ccipue

1764 5047 1827 5097 ad
1852 5046 1967 5113 ejtts
1994 5044 2401 5098 sacratissimum
2432 5056 2624 5109 corpus
2671 5040 2934 5092 declarata
2957 5079 2971 5103 ,
3028 5050 3148 5105 qua!
3172 5040 3217 5092 si
3245 5040 3317 5092 si-

1766 5134 1984 5203 gillatim
2014 5142 2069 5186 ut
2096 5141 2241 5199 gesta
2268 5135 2514 5185 constant
2556 5142 2697 5181 nunc
2722 5126 2951 5180 enodare
2995 5126 3171 5179 conati
3198 5124 3313 5179 fue-

1768 5229 1951 5288 rimus,
1982 5235 2033 5276 et
2062 5224 2272 5275 modum
2301 5220 2584 5273 voluminis
2603 5218 2927 5279 ex‘cedimus,
2958 5225 3009 5266 et
3046 5226 3142 5282 pro
3198 5218 3308 5283 ipsa

1769 5312 1985 5365 forsitan
2017 5308 2315 5376 prolixitate
2368 5307 2631 5358 fastidium
2684 5305 2976 5371 legentibus
3006 5302 3312 5369 irrogamus.

1768 5395 1968 5451 Idcirco
1997 5410 2123 5462 ergo
2164 5410 2226 5448 ea
2255 5409 2371 5462 qua:
2400 5396 2657 5448 hactenus
2685 5398 2950 5460 prosecuti
2977 5404 3158 5443 sumus
3188 5429 3202 5453 ,
3256 5394 3316 5441 ut

1768 5495 1893 5555 pote
1919 5486 2259 5547 sufﬁcienter,
2298 5484 2533 5538 contenti
2563 5483 2743 5541 simus,
2773 5492 2871 5547 pro
2898 5478 2999 5531 illis
3026 5490 3152 5531 vero
3198 5484 3315 5541 quite

1768 5592 1866 5629 nos
1894 5578 2066 5629 minus
2112 5576 2491 5639 enarravimus,
2526 5570 2694 5638 palam
2723 5571 2968 5623 Omnibus
2998 5567 3149 5618 ﬁdem
3180 5570 3314 5631 prte-

1767 5670 1909 5716 staut
1938 5663 2273 5716 cernentibus
2298 5661 2383 5711 illa
2415 5656 2722 5709 multimoda
2753 5654 3171 5721 compeditorum
3200 5649 3321 5701 vin‘r

1771 5755 1889 5811 cula
1920 5794 1935 5819 ,
1993 5767 2109 5820 qua:
2163 5751 2323 5804 hodie
2360 5747 2424 5799 ad
2455 5745 2569 5813 ejus
2618 5746 2852 5798 tumbam
2898 5743 2950 5793 in
3004 5741 3325 5803 argumento

164 5902 196 5931 ⁸
232 5891 311 5947 Li
331 5894 483 5947 uita.
512 5890 692 5952 Forte,
725 5885 919 5940 liminis
941 5924 957 5946 ,
1007 5882 1081 5936 ait
1123 5881 1415 5946 Acherius;
1458 5876 1588 5931 mihi
1614 5883 1667 5929 ct
1704 5874 1849 5929 locus
1878 5869 2157 5923 mendosus
2178 5864 2405 5931 videtur,
2432 5870 2488 5917 et
2514 5860 2809 5915 emendatio
2835 5856 2972 5911 satis
2993 5856 3190 5926 placetr
