3934 6228
593 350 688 406 591

1774 351 1827 404 S.
1871 347 2066 403 ELlGlI
2106 346 2377 403 NOVIOM.
2420 350 2627 405 El’lSC.

3669 369 3759 423 διε

526 518 535 526 ,
589 479 766 518 rerum
795 467 1144 517 monstrantur
1174 475 1434 530 appensa;
1458 476 1520 512 ex
1550 460 1740 527 quibus
1757 476 1853 514 nos
1883 461 2128 513 nimirum
2157 461 2204 516 Α
2234 462 2301 513 rit
2327 462 2504 517 mirari
2566 480 2724 532 quam
2769 466 2948 535 loqui,
3008 477 3202 533 tamen,
3242 474 3433 525 ardore
3483 472 3761 535 dilectionis

589 557 640 608 in
669 555 769 607 hoc
790 567 949 621 opere
977 559 1069 605 aut
1094 566 1229 618 pene
1268 566 1433 619 pauca
1478 558 1570 603 aut
1618 560 1762 603 certe
1792 551 1930 603 nulla
1975 564 2129 603 como

586 644 989 697 memoravimus
1018 683 1032 706 ,
1082 655 1179 707 pro
1205 655 1269 695 eo
1294 643 1549 694 duntaxat
1587 640 1726 706 quod
1758 640 1808 692 in
1853 637 2128 707 prmsentia

584 733 815 787 omnium
832 731 1091 798 exposita,
1109 730 1249 783 sicut
1274 744 1369 783 nos
1398 737 1588 793 totum,
1604 730 1676 781 ita
1690 737 1742 783 et
1767 740 1952 780 onmes
1973 738 2129 778 nosse

582 838 684 874 non
709 821 1036 887 ambigimus.
1064 810 1314 876 'Plurimze
1366 832 1594 885 namque
1622 826 1822 872 catena:
1847 856 1863 881 ,
1917 823 1976 868 ut
2000 829 2155 877 cun-_

578 912 678 964 etis
707 912 872 977 liquet
901 910 1151 978 disrupta:
1195 924 1257 963 ac
1284 909 1569 978 compedes
1598 910 1705 962 illic
1759 914 2127 961 monstrantur

575 1001 834 1069 dissipati,
862 999 998 1068 cippi
1027 1000 1184 1053 etiam
1210 998 1382 1063 fracti,
1404 1006 1458 1053 et
1486 998 1794 1053 claudorum
1823 996 2043 1050 bacterii
2071 995 2125 1048 in

575 1099 884 1159 argumento
910 1088 1277 1144 ostenduntur.
1304 1088 1608 1141 Daamonum
1636 1101 1762 1139 vero
1790 1085 2049 1153 expulsio,
2066 1091 2124 1138 et

574 1193 832 1232 caecorum
861 1177 1196 1240 illuminatio,
1227 1176 1342 1231 solo
1398 1175 1667 1242 sanguinis
1716 1173 1907 1227 indicio
1936 1171 2122 1227 decla—

573 1278 756 1321 rantur
799 1269 849 1321 in
894 1266 1319 1335 pavimentozet
1370 1264 1484 1318 haec
1532 1264 1740 1332 quidem
1797 1273 1902 1315 tam
1956 1261 2120 1315 multa

572 1355 705 1410 infra
732 1369 953 1423 paucum
982 1363 1189 1422 tempus
1217 1360 1467 1407 constant
1513 1361 1690 1419 gesta;
1730 1351 1816 1403 illa
1842 1365 1967 1404 vero
1997 1363 2115 1418 quae

568 1444 815 1512 deinceps
843 1458 938 1512 per
958 1444 1165 1512 prolixa
1196 1448 1494 1509 temporum
1516 1441 1684 1510 spatia
1713 1448 1837 1495 sunt
1863 1439 2115 1508 gerenda,

568 1544 762 1605 quanta
794 1535 920 1587 fiant
948 1542 1003 1587 et
1028 1532 1222 1601 qualia,
1249 1532 1367 1599 quis
1402 1532 1559 1586 modo
1579 1531 1925 1585 aestimatione
1979 1544 2121 1584 com-

567 1624 878 1691 prehendat,
902 1636 1019 1677 cum
1046 1636 1303 1689 nusquam
1327 1636 1354 1674 a
1383 1621 1615 1689 praesulis
1642 1619 1819 1673 tumba
1849 1619 2115 1686 hodieque

565 1721 774 1767 cessent
805 1712 914 1766 fieri
936 1711 1117 1779 gesta?
1142 1711 1269 1765 Nam
1313 1718 1371 1764 ut
1399 1711 1449 1763 in
1480 1709 1659 1763 multis
1685 1708 1900 1771 assolet,
1929 1707 2110 1762 decla-

2229 559 2396 612 actus,
2428 551 2541 620 plus
2572 554 2624 607 in
2648 554 2738 609 illo
2766 554 2889 623 quid
2918 558 3075 610 velim
3100 573 3260 626 quam
3291 560 3344 613 in
3372 576 3457 615 me
3480 564 3599 631 quid
3648 582 3757 634 pos-

2227 641 2325 694 sim
2347 642 2674 698 consideravi
2693 687 2706 708 ,
2737 645 2875 699 unde
2902 661 3061 707 nunc,
3094 663 3276 716 quaeso
3301 690 3318 715 ,
3360 666 3516 705 nemo
3534 658 3598 707 de
3627 656 3760 711 vobis

2227 726 2445 795 deroget
2464 732 2607 797 quod
2644 731 2853 787 laudem
2883 733 3111 789 nominis
3134 736 3251 804 ejus
3277 737 3515 792 crebrius
3557 740 3760 809 ingemi-

2228 818 2484 883 naverim,
2505 832 2623 873 cum
2639 820 2890 889 scriptum
2913 823 3016 877 sit:
3052 821 3334 879 Laudenms
3356 828 3488 879 viros
3507 828 3761 893 gloriosos;
3842 854 3843 857 η

2227 912 2427 959 etcum
2453 908 2547 962 has
2575 908 2788 963 easdem
2828 910 3013 965 laudes
3064 910 3289 979 ﬂagrans
3341 915 3540 976 amoris
3577 919 3762 985 magni.-

2228 993 2353 1047 tudo
2381 995 2633 1061 exigeret,
2656 998 2777 1065 quia
2800 1013 2986 1052 revera
3009 1012 3105 1053 nec
3124 1009 3203 1053 est
3224 1001 3492 1067 jactantia:
3518 1004 3761 1073 deputan-

2227 1082 2372 1144 dum,
2392 1082 2485 1137 sed
2507 1085 2687 1150 gratia:
2713 1086 2967 1163 quidquid
2998 1103 3101 1141 non
3122 1089 3303 1141 virtuti
3351 1089 3578 1144 hominis
3606 1094 3758 1146 ascri-

2226 1170 2390 1235 bitur,
2416 1172 2509 1226 sed
2537 1174 2607 1228 de
2638 1174 2727 1228 Dei
2779 1190 2999 1229 munere
3024 1176 3369 1243 prxedicatur;
3420 1179 3513 1233 Dei
3543 1188 3643 1243 est,
3683 1181 3757 1234 in-

2222 1272 2415 1327 quam,
2449 1261 2539 1315 Dei
2569 1276 2726 1316 omne
2774 1262 2915 1330 quod
2950 1278 3043 1331 per
3095 1265 3210 1332 ejus
3231 1264 3483 1322 .famulos
3531 1269 3758 1335 geritur,

2222 1350 2472 1416 quoniam
2494 1365 2559 1404 ex
2587 1350 2677 1404 illo
2705 1352 2824 1405 vitae
2852 1350 2999 1405 fonte
3026 1352 3251 1407 trahitur
3278 1354 3531 1424 quidquid
3558 1357 3610 1410 in
3640 1372 3760 1427 pras-

2219 1440 2510 1492 sentiarum
2538 1442 2794 1504 hauritur.
3338 1512 3343 1517 η

2292 1527 2459 1582 Porro
2490 1543 2556 1582 ne
2587 1529 2839 1584 lectorem
2881 1531 3002 1600 styli
3032 1531 3235 1587 latioris
3261 1535 3414 1604 cepia
3448 1534 3717 1604 fatigarem
3742 1579 3757 1599 ,

2214 1618 2585 1687 compendium
2630 1618 2806 1673 facere
2850 1621 3014 1685 volui,
3048 1625 3073 1652 ⁸
3122 1631 3179 1674 ιιι
3223 1624 3476 1678 subnexis
3526 1627 3760 1694 capitulis

2211 1706 2354 1773 quod
2384 1721 2538 1762 nosse
2564 1707 2682 1775 quis
2704 1707 2846 1770 velit,
2876 1723 2996 1762 mox
3021 1709 3137 1764 sine
3165 1712 3413 1766 tarditate
3462 1714 3719 1767 inveniret
3745 1731 3757 1765 :

564 1812 675 1855 rata
701 1802 807 1869 jam
831 1801 1081 1855 miracula
1104 1815 1373 1869 nunquam
1401 1798 1609 1866 operari
1626 1795 1957 1859 desistit,sed
1982 1811 2113 1866 quo-
2143 1793 2189 1853 Β
2216 1809 2421 1850 necnon
2450 1804 2505 1850 et
2525 1795 2652 1850 illud
2684 1797 2812 1851 utile
2841 1812 2907 1853 ac
2946 1798 3159 1851 salubre
3186 1801 3434 1869 prospexi
3464 1802 3757 1863 consilium,

562 1892 685 1945 tidie
715 1891 942 1960 undique
968 1892 1093 1959 zegri
1143 1894 1399 1952 venunt,
1450 1896 1506 1941 et
1560 1888 1626 1941 ibi
1658 1888 1980 1943 excubantes
2025 1902 2108 1942 sa-

561 1988 771 2043 nantur,
805 1979 944 2032 ferro
974 1979 1134 2031 vincti
1159 1977 1469 2044 confugiunt
1514 1986 1567 2031 et
1590 1977 1866 2031 solvuntur
1888 2018 1904 2043 ,
1934 1976 2105 2032 claudi

557 2072 791 2124 carrucis
819 2070 1027 2122 advecti
1072 2054 1413 2124 conselidatis
1460 2068 1529 2121 ibi
1579 2069 1845 2135 gressibus
1889 2068 1956 2123 ad
1985 2084 2109 2137 pro-

563 2161 675 2227 pria
730 2168 1101 2223 revertuntur;
1141 2157 1338 2226 perjuri
1379 2158 1614 2221 veniunt,
1646 2165 1699 2212 et
1723 2166 1815 2212 aut
1868 2159 2108 2213 moriun-

556 2258 659 2313 tur,
684 2256 773 2300 aut
803 2247 1063 2302 daemonio
1116 2257 1405 2312 vexantur;
1448 2247 1756 2304 dzemoniaci
1802 2251 2023 2304 veniunt
2051 2257 2106 2304 et

554 2340 864 2407 liberantur,
881 2342 1005 2394 caeci
1020 2340 1237 2393 veniunt
1256 2349 1309 2393 et
1324 2340 1684 2395 illuminantur
1707 2358 1721 2406 ;
1750 2342 1929 2395 multa":
1944 2342 2103 2395 etiam

553 2432 807 2485 tanitates
830 2445 893 2484 ex
925 2445 990 2484 eo
1015 2432 1104 2499 qui
1132 2430 1237 2483 illlc
1261 2429 1452 2484 crescit
1467 2429 1569 2483 olei
1594 2430 1798 2498 liquore
1821 2429 2105 2498 perficiun-

553 2528 655 2585 tur,
697 2510 775 2573 ita’
801 2528 855 2573 ut
884 2520 1329 2588 quacunque—quis
1351 2527 1594 2573 teneatur
1626 2519 1947 2583 infirmitate,
1982 2533 2103 2573 cum

551 2622 613 2661 ex
635 2622 699 2660 eo
730 2618 1012 2674 perunctus
1040 2607 1216 2672 fuerit,
1234 2608 1433 2672 statim,
1465 2607 1699 2675 fugiente
1721 2608 1865 2673 tabo,
1896 2606 2103 2661 incolu-

551 2693 785 2748 mitatem
853 2695 1169 2763 pristinam,
1226 2704 1509 2765 prmstante
1566 2696 1821 2761 Domino,
1864 2696 2103 2765 recipere

550 2784 736 2852 possit.

1089 2853 1309 2946 caput”
1350 2891 1554 2945 Lxxx.

1123 2982 1524 3051 Apologeticum.

618 3075 720 3131 Sed
750 3076 895 3146 quia,
928 3074 1183 3145 largiente
1210 3073 1457 3141 Doruino,
1487 3074 1801 3143 digessimus
1831 3082 2097 3143 utcunque

550 3181 683 3235 opus
710 3175 968 3235 optatum,
993 3180 1132 3220 nunc
1160 3166 1411 3239 lectorem
1442 3179 1742 3235 quaesumus
1767 3207 1781 3230 ,
1842 3175 1899 3220 ut
1928 3168 2096 3221 vilita-
2123 3153 2173 3217 Β

550 3264 652 3310 tem
691 3255 857 3310 nostri
903 3255 1164 3309 sermonis
1219 3270 1323 3309 non
1378 3269 1752 3322 usquequaque
1793 3256 2091 3325 despiciat,

547 3346 666 3415 quia
694 3355 747 3401 et
793 3344 1029 3399 fortassis
1070 3346 1242 3413 potuit
1287 3345 1620 3414 eloquentius
1669 3349 1841 3400 oratio
1888 3350 2090 3415 promi,

547 3437 638 3491 sed
658 3437 890 3491 studiose
918 3434 1070 3490 valde
1112 3436 1182 3489 ita
1235 3437 1437 3506 stylum
1480 3436 1807 3491 correximus
1828 3475 1843 3501 ,
1898 3448 1957 3492 ut
1984 3454 2093 3493 rem

547 3526 721 3595 potius
748 3540 903 3593 quam
935 3525 1095 3579 verba
1126 3525 1419 3593 legentibus
1454 3526 1985 3591 commendaremus;
2041 3537 2095 3582 et

546 3615 775 3671 maxime
804 3615 905 3668 hoc
930 3629 1063 3683 Opus
1085 3614 1348 3669 cothurno
1400 3615 1651 3669 tumentis
1698 3614 1893 3684 eloquii
1923 3617 2092 3670 nulla-

546 3716 703 3759 tenus
733 3703 909 3758 inﬂari
938 3704 1140 3767 debuit,
1170 3704 1308 3772 quod
1337 3704 1402 3758 de
1454 3704 1584 3757 tanti
1633 3704 1881 3757 antistitis
1918 3704 2091 3758 immi-

543 3791 692 3845 litate
717 3793 986 3856 manavit;
1016 3804 1207 3859 meque
1260 3793 1507 3845 devotqu
1541 3792 1715 3861 potius
1741 3808 1897 3858 quam
1926 3793 2088 3845 auda-

541 3900 656 3940 cem
688 3883 850 3939 fuisse
879 3898 1110 3952 praesens
1158 3880 1353 3954 pagina
1374 3882 1639 3948 ostendat,
1669 3885 1790 3952 quia
1824 3900 1925 3937 non
1956 3899 2091 3952 pra:-

539 3976 841 4044 sumptione
861 3974 1047 4029 virium
1073 3976 1336 4030 sarcinam
1364 3982 1524 4028 tanta:
1555 3973 1706 4028 molis
1732 3975 1951 4042 arripui,
1969 3990 2085 4026 CIIII

538 4061 1031 4129 sciremindignum
1061 4077 1178 4117 esse
1225 4071 1330 4115 tam
1384 4062 1665 4126 luculenta;
1715 4061 1789 4114 rei
1844 4062 2090 4129 exiguum

540 4154 896 4222 pusillumque
927 4151 1038 4205 fieri
1090 4161 1380 4207 auctorem.
1427 4153 1530 4206 Sed
1582 4167 1701 4205 cum
1733 4153 1829 4207 sim
1886 4153 2091 4205 debitor

540 4244 729 4299 decem
752 4241 973 4297 millium
1007 4239 1323 4293 talentorum
1347 4279 1361 4303 ,
1412 4240 1496 4293 vel
1545 4242 1788 4308 exiguum
1817 4240 2011 4303 donum
2061 4254 2091 4293 a

540 4346 647 4398 quo
678 4329 860 4397 accepi
889 4328 1113 4383 reddere
1145 4329 1385 4384 festinari
1406 4368 1422 4393 ,
1470 4329 1702 4399 culpam,
1732 4329 1970 4394 scilicet,
2019 4329 2091 4383 si-

542 4418 688 4473 lentii
717 4426 959 4472 metuens
984 4417 1271 4482 incurrere,
1302 4417 1345 4472 si
1392 4418 1569 4486 agnita
1597 4417 1848 4471 tttiracula
1904 4426 1958 4469 ut
2006 4417 2088 4487 pi-

541 4523 632 4577 ger
660 4522 844 4563 servus
874 4505 1096 4561 tacendo
1124 4507 1442 4570 orculerem,
1491 4517 1649 4577 atque
1687 4508 1909 4576 idipsum
1941 4511 2086 4577 parvi
2120 4490 2172 4551 Ῑ)

542 4598 740 4653 fomitis
792 4599 1172 4652 nutrimentum
1222 4595 1363 4663 quod
1394 4596 1445 4649 in
1494 4612 1577 4651 me
1606 4598 1778 4667 potuit
1804 4596 1928 4651 doni
1975 4612 2086 4651 ρω-

542 4684 686 4738 lestis
714 4684 816 4737 olei
848 4685 1064 4753 reperiri
1085 4682 1235 4738 nefas
1263 4697 1380 4737 csse
1425 4684 1601 4750 putavi
1646 4686 1773 4737 tnuti
1803 4684 2091 4739 tenacitate

541 4776 735 4831 silentii
767 4773 1055 4845 przeterire,
1084 4788 1150 4827 ne
1193 4774 1347 4828 unius
1378 4773 1558 4827 talenti
1610 4773 1856 4826 traditam
1884 4773 2093 4841 quanti-

544 4876 705 4920 tatem
731 4866 851 4919 dum
880 4863 1145 4925 'studerem
1177 4864 1381 4916 cautius
1436 4862 1701 4916 custodire
1724 4902 1739 4925 ,
1799 4862 1951 4931 culpa
2002 4861 2092 4915 de-

544 4954 696 5008 fossa:
724 4953 955 5021 pecuniae
979 4965 1082 5003 non
1110 4962 1370 5003 carerem.
1425 4949 1623 5004 Idcirco
1648 4963 1776 5018 ergo
1830 4950 2090 5018 optimum

546 5048 657 5099 fore
697 5046 872 5114 putavi
902 5054 955 5097 ιιι
982 5046 1146 5112 ipsam
1175 5042 1357 5095 talenti
1412 5044 1782 5111 exiguitatem,
1835 5057 1995 5110 quam
2026 5043 2093 5095 ah

545 5134 913 5201 Utunipotentc
942 5133 1157 5201 accepi,
1212 5129 1261 5183 in
1311 5130 1463 5183 laude
1483 5133 1647 5185 sancti
1681 5176 1695 5199 ,
1753 5131 1821 5186 ad
1871 5132 2090 5199 gloriam

544 5221 949 5289 Omnipotentis,
981 5218 1352 5287 expcnderem,
1386 5228 1543 5285 utque
1574 5219 1621 5271 id
1643 5220 1784 5287 quod
1811 5221 1877 5273 ab
1900 5219 2090 5273 eodem

545 5313 787 5378 indignus
815 5309 1200 5377 accepi,eidem
1216 5309 1873 5376 subjectusimpenderem.
1898 5310 2093 5375 Quam-

544 5402 623 5457 vis
646 5400 839 5455 etenim
871 5397 1011 5452 hunc
1047 5400 1256 5452 beatum
1284 5400 1452 5451 virum
1481 5400 1770 5454 consultius
1794 5401 1924 5454 unhi
1979 5401 2091 5453 fue-

616 5543 640 5569 α
680 5532 807 5599 Qua:
862 5530 1026 5584 textui
1072 5530 1386 5583 insernimus
1416 5527 1641 5599 capitula
1688 5539 1924 5583 sanctum
1982 5532 2088 5585 Au-

547 5605 773 5657 docnum
830 5601 879 5652 in
926 5601 1070 5652 calce
1117 5612 1179 5652 ex
1211 5599 1311 5650 hoc
1339 5599 1453 5651 loco
1499 5607 1643 5666 patet
1688 5599 1929 5651 edidisse.
1979 5600 2088 5652 Hoc

584 5673 756 5723 ravius
781 5678 879 5729 est,
904 5667 1045 5736 quod
1064 5667 1289 5734 scriptor
1309 5666 1502 5736 subdit.
1523 5668 1740 5720 cullecta
1768 5684 1793 5717 ει
1819 5682 1875 5720 se
1902 5668 1951 5719 in
1986 5669 2087 5721 line

584 5686 756 5723 l'3VlUS
781 5686 879 5729 εει,
904 5686 1045 5736 (111οΠ
1064 5686 1289 5734 ςυιηιιυι·
1309 5686 1502 5725 ευυιιιι,
1523 5686 1740 5720 υσιιιθριίι
1768 5686 1793 5717 ιι
1819 5686 1875 5720 SC
1902 5686 1951 5719 Ill
1986 5686 2086 5721 une

544 5686 705 5794 Fuisse
731 5738 1029 5793 testimonia
1047 5749 1319 5791 sacrarum
1342 5735 1728 5803 Scripturarum
1758 5750 1873 5803 qna-
1893 5737 2086 5804 Eligius

2211 1898 2268 1943 ut
2296 1886 2521 1958 quaque
2566 1891 2870 1946 testimonia
2916 1892 2999 1945 vir
3050 1902 3265 1947 sanctus
3292 1894 3483 1948 divina:
3527 1895 3760 1951 lectionis

2207 1981 2497 2047 praedicans
2526 1982 2872 2045 memorabat,
2894 1996 3119 2050 quaeque
3146 1985 3307 2037 etiam
3360 1985 3604 2053 equidem
3650 2003 3757 2042 me-

2206 2070 2422 2125 minisse
2449 2070 2620 2138 potui,
2667 2070 2809 2123 velut
2865 2073 3126 2138 pretiosas
3180 2072 3439 2140 adjiciens
3491 2090 3756 2141 gemmas.

2206 2174 2339 2230 opus
2366 2167 2630 2228 patratum
2653 2159 2937 2233 solidarem
2964 2169 3122 2228 atque
3171 2175 3513 2215 exornarem.
3537 2162 3628 2217 llis
3657 2167 3753 2217 ita-

2206 2265 2311 2319 que
2329 2251 2549 2317 singulis
2582 2250 2655 2302 ita
2682 2249 2955 2317 dispositis
2983 2250 3121 2305 hunc
3146 2250 3335 2305 librum
3366 2261 3551 2305 contra
3578 2268 3759 2306 omnes

2205 2338 2427 2391 aemulos
2448 2345 2568 2401 tute,
2592 2336 2801 2390 Christe
2823 2376 2838 2399 ,
2873 2337 3168 2392 defensioni
3197 2342 3536 2405 commendo,
3565 2342 3757 2410 tibique

2207 2428 2506 2484 devotionis
2534 2442 2664 2481 mea:
2711 2427 2935 2497 supplex
2972 2428 3113 2483 dicta
3137 2433 3450 2484 committo:
3480 2434 3573 2486 tibi
3599 2435 3754 2488 etiam

2206 2518 2348 2572 inter
2372 2517 2492 2593 ,harc
2517 2525 2585 2570 et
2610 2531 2705 2584 per
2733 2516 2844 2570 haec
2873 2517 3049 2570 omnia
3081 2532 3195 2570 mea
3222 2517 3397 2584 lingua
3421 2520 3510 2587 pio
3537 2531 3593 2573 ut
3620 2522 3753 2576 valet

2204 2605 2398 2662 alfectu
2426 2605 2598 2660 reddit
2626 2605 2967 2674 praeconium,
3000 2607 3090 2674 qui
3117 2608 3386 2663 contulisti
3417 2611 3715 2678 prtesidium
3739 2652 3753 2675 ,

2204 2710 2307 2766 quo
2336 2706 2515 2765 posset
2541 2702 2752 2764 patrare
2779 2709 2916 2764 opus
2963 2705 3221 2764 optatum.
3249 2697 3367 2751 Tibi
3423 2713 3551 2766 ergo
3599 2698 3714 2753 laus
3732 2738 3749 2761 ,

2203 2784 2298 2839 tibi
2343 2784 2533 2851 gloria,
2564 2783 2655 2837 tibi
2683 2784 2872 2849 honor,
2905 2786 3143 2841 Creatori
3169 2796 3223 2840 et
3252 2785 3559 2842 llecreatori
3589 2788 3756 2842 homi-

2202 2888 2327 2925 num
2354 2872 2478 2927 Jesu
2504 2873 2715 2926 Christo
2746 2874 2968 2928 Domino
3021 2884 3224 2939 nostro,
3257 2877 3346 2944 qui
3376 2893 3496 2930 cum
3529 2879 3685 2934 Patre
3702 2890 3753 2932 et

2203 2960 2402 3030 Spiritu
2430 2972 2614 3015 sancto
2642 2963 2771 3015 vivis
2793 2971 2846 3015 et
2882 2977 3074 3030 regnas
3104 2966 3243 3018 Deus
3271 2982 3366 3034 per
3393 2967 3601 3023 infinita
3650 2984 3749 3024 633-

2202 3049 2319 3105 cula
2338 3051 2674 3106 surculorum.
2697 3049 2883 3103 Amen.

2656 3140 2981 3196 EPISTOLA
3018 3140 3306 3196 AUDOENI

2742 3246 3189 3289 ADBODOBERTUM.

2268 3316 2491 3370 Domino
2544 3327 2730 3372 sancto
2781 3326 2891 3372 eta
2929 3321 3157 3374 nobisin
3209 3322 3484 3378 charitatis
3537 3326 3750 3382 vinculo

2192 3408 2385 3477 jngiter
2408 3408 2794 3474 amplectenda,
2829 3409 3135 3464 Rodoberto
3180 3427 3361 3480 papas,
3423 3416 3564 3471 Dado
3608 3422 3747 3472 sa'u-

2161 3556 2165 3560 _
2199 3504 2325 3550 tem.

2263 3584 2434 3639 Vitam
2464 3587 2604 3640 beati
2636 3586 2804 3653 Eligii,
2838 3603 2993 3656 quam
3022 3605 3207 3659 nuper,
3234 3589 3399 3645 frater
3417 3592 3745 3663 charissimc,

2194 3674 2597 3743 descripsimus,
2648 3692 2741 3743 per
2796 3687 3106 3745 priesentem
3163 3679 3384 3734 latorem
3446 3684 3744 3739 strenuitati

2193 3764 2515 3831 argutiaeque
2560 3773 2744 3817 vestra:
2791 3767 3197 3821 concertandam
3253 3769 3555 3825 direximus.
3592 3772 3747 3838 Qum-

2192 3867 2372 3924 sujnus
2400 3866 2526 3919 ergo
2556 3861 2632 3917 ut,
2670 3855 2914 3921 sepositis
2956 3855 3223 3923 paululum
3272 3860 3411 3912 curis
3462 3863 3743 3916 exteriori-

2192 3941 2309 4004 bus,
2340 3942 2569 3995 studium
2627 3943 2733 3997 illic
2776 3942 3026 3998 adhibeas
3074 3948 3413 4013 quantocius,
3443 3959 3495 4002 et
3541 3951 3586 4003 si
3616 3953 3742 4021 quid

2193 4029 2329 4083 forte
2358 4039 2448 4084 aut
2478 4046 2592 4085 mea
2624 4040 2715 4083 aut
2744 4032 3069 4086 notariorum
3118 4035 3320 4089 incuria
3343 4038 3395 4090 in
3424 4038 3619 4102 verbis,
3660 4042 3741 4093 vel

2192 4118 2429 4188 syllabis,
2448 4120 2875 4189 incompositum,
2901 4128 2991 4172 aut
3031 4120 3205 4176 minus
3233 4133 3412 4192 aptum
3441 4125 3741 4195 deprehen-

2191 4212 2347 4274 deris,
2375 4211 2524 4278 juxta
2550 4211 2878 4281 prudentiam
2911 4211 3267 4266 tibicpllatam
3292 4215 3527 4271 studiose
3554 4231 3741 4271 emen-

2192 4300 2305 4369 des,
2337 4303 2593 4369 nobisque
2621 4302 2833 4355 demum
2880 4302 3159 4356 emrndata
3214 4310 3500 4359 restaures.
3530 4305 3669 4362 Vale
3693 4308 3741 4361 in

2192 4390 2435 4455 Domino,
2466 4400 2519 4443 et
2549 4391 2677 4455 noli,
2700 4390 2880 4449 frater.
2904 4390 3115 4446 differre
3135 4392 3277 4461 quod
3303 4408 3503 4460 quasso.

2597 4501 2918 4558 EPISTULA
2957 4501 3337 4559 RODOBERTI

2634 4613 2698 4649 AD
2736 4611 2947 4650 EUHDE”
2986 4613 3283 4651 AUDOENUI.

2267 4684 2489 4738 Domino
2529 4700 2653 4739 vere
2682 4696 2865 4739 sancto
2889 4726 2904 4750 ,
2955 4687 3183 4741 culmine
3239 4688 3541 4755 apostolico,
3575 4690 3741 4743 subli-

2193 4786 2356 4838 malo,
2380 4774 2609 4842 mihique
2631 4776 2801 4830 modis
2844 4777 3087 4829 omnibus
3130 4777 3501 4831 venerabiliter
3545 4778 3741 4846 pracfeo

2192 4867 2376 4931 rendo,
2408 4864 2620 4919 domino
2667 4875 2723 4918 et
2773 4867 2907 4919 l‘atri
2938 4866 3138 4920 Dadoni
3185 4883 3351 4936 papzc,
3406 4867 3744 4924 Rodobertus

2192 4964 2458 5025 peccator.

2266 5043 2606 5096 Decreveram
2634 5038 2845 5108 quidem
2876 5041 3123 5108 gratifica‘.
3145 5041 3371 5109 jussioni
3401 5052 3614 5104 vestrae,
3653 5060 3741 5097 xc-

2193 5130 2438 5184 nerabilis
2469 5127 2643 5192 Pater,
2674 5128 3078 5196 obtemperare,
3136 5130 3231 5184 nisi
3284 5131 3559 5199 imperitiae
3608 5148 3742 5186 mem

2193 5219 2465 5287 prudentia
2496 5228 2667 5271 vestra
2691 5219 2740 5271 in
2763 5219 2994 5272 dictandi
3021 5219 3197 5272 studio
3225 5228 3500 5288 tantopere
3526 5222 3743 5276 obvias-

2191 5318 2290 5363 set.
2322 5310 2511 5361 Tutum
2540 5302 2718 5375 itaque
2742 5308 3006 5371 volumen,
3038 5322 3143 5375 quo
3163 5307 3276 5361 Vita
3296 5307 3468 5362 sancti
3494 5312 3741 5364 contine-

2193 5408 2276 5451 tur
2298 5397 2465 5460 Eligii,
2495 5412 2523 5449 a
2550 5397 2769 5451 summis
2797 5395 2861 5448 ad
2893 5396 2991 5448 ima
3023 5411 3185 5465 usque
3222 5395 3425 5461 solerti,
3455 5406 3515 5450 ut
3561 5397 3742 5463 jusse-

2191 5529 2327 5581 inter
2347 5525 2640 5580 docendum
2668 5525 2972 5589 adhiberet;
3029 5526 3139 5579 lucc
3165 5526 3303 5580 enim
3353 5527 3481 5581 satis
3527 5535 3742 5580 constat

2191 5597 2373 5650 eadem
2397 5611 2513 5649 esse
2549 5611 2664 5663 qute
2690 5610 2829 5647 nunc
2858 5604 3068 5649 exstant
3104 5610 3151 5647 c.
3182 5595 3241 5648 15
3286 5596 3377 5648 lib.
3402 5610 3471 5655 tt,
3516 5594 3660 5663 adeo
3689 5606 3743 5648 ut

2192 5662 2622 5719 nctninidubiu’m
2670 5679 2787 5717 esse
2816 5674 2973 5733 queat
3015 5663 3139 5730 quin
3182 5666 3290 5718 hac
3317 5663 3435 5716 Vita
3456 5662 3642 5719 multis
3695 5666 3743 5716 in

2194 5736 2320 5789 locis
2351 5734 2661 5802 interpolata
2689 5733 2777 5786 sit.
