3848 6334
143 433 234 488 595
1603 433 1691 488 110

1783 434 1920 487 ιιιε.

3263 444 3363 499 51θῶ

142 561 246 607 ras,
273 557 398 599 cura
451 542 667 611 quidem
707 556 1057 611 percurrens.
1094 542 1224 595 nihil
1282 542 1500 596 omnino
1543 542 1686 611 quod
1718 552 1767 606 Α
1792 543 2016 611 gaveris,
2047 542 2411 607 vcntilaveris,
2440 543 2693 610 celsoque
2733 543 2785 596 in
2824 546 3051 603 sublime
3098 549 3212 604 faro
3242 568 3361 605 sus-

142 632 357 701 adjicere
385 632 781 702 emendareque
827 632 1078 686 deberem
1132 646 1352 699 usquam
1405 632 1552 699 potui
1609 646 1693 687 re-

140 722 433 791 perire,sed
464 723 633 790 magis
680 722 860 791 potius
879 722 1018 789 quod
1046 721 1362 787 admirarer,
1385 736 1690 784 venerarer,

140 809 432 880 pmicrrem
455 820 509 863 et
538 810 899 879 prmdicaretn.
932 812 1028 873 l-lt,
1076 818 1136 863 ut
1180 825 1304 863 vere
1334 810 1504 863 fatear
1524 848 1539 873 ,
1582 808 1695 878 pin-

140 899 268 954 xisse
292 899 423 953 mihi
465 900 577 953 illic
600 899 794 952 videris
821 898 1121 952 sanctitatis
1152 907 1273 961 tua},
1306 899 1521 967 iamque
1572 898 1696 950 bea-

140 988 311 1044 tissimi
339 990 597 1043 antistitis
623 987 772 1056 Eligii
796 1029 812 1055 ,
850 988 1241 1056 integerrimam
1270 987 1513 1051 formam,
1538 988 1609 1040 ita
1638 994 1698 1039 ut

140 1079 257 1133 nihil
279 1093 498 1149 pransus
526 1079 756 1134 defuerit
788 1094 855 1133 ex
900 1081 1104 1134 cunctis
1151 1080 1320 1133 εειιιειί
1366 1078 1654 1131 virtutibus
1677 1113 1695 1139 ,

137 1170 268 1240 quod
292 1185 401 1226 nou
436 1180 721 1241 potentatu
750 1171 1031 1223 verborum
1077 1185 1170 1239 per
1196 1168 1405 1237 singula
1470 1167 1691 1220 investi-

1800 632 2001 685 tuleris.
2037 630 2187 685 [inde
2224 632 2468 700 equidem
2496 634 2674 686 animo
2695 632 2806 700 jam
2839 651 2956 687 meo
2980 652 3046 691 ex
3074 638 3122 705 ej
3133 656 3192 693 ns
3214 640 3361 694 uber-

1800 730 1909 774 tate
1939 721 2130 781 refuto,
2154 722 2448 789 exemplari
2498 724 2657 775 ctiam
2715 725 3038 791 integvrrimi
3076 729 3360 783 voluminis

1801 811 2051 864 fratribus
2074 811 2309 877 mihique
2330 812 2577 866 conlecto
2596 854 2609 875 ,
2662 822 2936 881 totumque
2962 817 3175 870 demum
3205 823 3357 873 volu-

1800 914 1923 953 men
1949 899 2203 953 illibatum
2226 900 2494 953 sanctitati
2514 912 2701 955 vestrm
2724 904 3025 958 remissum.
3042 908 3355 961 Orationum

1797 999 2090 1043 vestrarum
2108 991 2327 1060 supplex
2349 1006 2529 1059 quccso
2545 992 2875 1061 sull‘ragium,
2894 998 3105 1061 domne,
3126 1015 3352 1069 semper,

1801 1080 1964 1135 Dado.

1286 1294 3323 1324 ———_—'——-_~"—__‘——-—I_

654 1436 702 1451 “
1346 1397 1437 1510 S
1546 1393 2115 1508 ELIGII

1273 1560 1808 1628 NOVIOMENSIS
1857 1558 2200 1620 EPISCOPI

1490 1693 1983 1773 llOMILIIE.

636 1899 909 1955 llOSIlLlA
950 1896 1179 1951 PRIMA.

591 2004 645 2047 IN
681 2005 871 2045 NATALI
908 2004 993 2042 ωε
1031 2002 1207 2041 0011131

366 2082 446 2139 De
472 2097 601 2150 pace
626 2081 878 2135 servanda
910 2088 957 2131 et
982 2079 1044 2141 de
1071 2079 1410 2143 eleemosyna.

202 2173 281 2228 Ad
305 2187 464 2229 aures
489 2178 679 2225 vestrm
702 2166 997 2230 charitatis,
1020 2180 1053 2215 ο
1082 2163 1283 2217 dntnini
1304 2171 1359 2215 et
1378 2159 1567 2214 fratres
1588 2159 1691 2213 mei

135 2263 489 2323 dilectissimi,
522 2260 743 2326 primam
783 2261 973 2310 nostra:
1015 2254 1296 2308 locutionis
1330 2266 1517 2305 vocem
1561 2249 1691 2303 inci-

137 2359 281 2425 piens
326 2354 605 2414 emittere,
654 2357 710 2403 et
756 2360 904 2400 more
956 2343 1234 2398 infantium
1285 2339 1688 2395 balbutientium

134 2446 278 2511 quasi
325 2441 635 2511 imperfecta
678 2436 841 2491 verba
885 2434 1149 2497 formare,
1179 2447 1287 2502 quo
1318 2431 1541 2497 primum
1572 2436 1693 2481 utar

132 2514 367 2594 exordio,
400 2539 494 2583 aut
522 2530 637 2597 quis
662 2540 839 2579 meum
868 2540 930 2575 os
958 2524 1119 2577 nimia
1149 2521 1384 2575 clausum
1428 2518 1690 2586 imperitia

133 2621 334 2689 aperiet
360 2619 561 2687 primus
592 2613 820 2692 sermo?
846 2611 940 2667 Vel
967 2624 1085 2679 qua!
1112 2609 1341 2675 linguam
1373 2621 1545 2659 meam
1577 2614 1689 2656 tar-

133 2707 308 2762 ditatis
329 2707 542 2775 ligatam
574 2703 827 2769 nexibus,
855 2700 1094 2753 absolvet
1122 2696 1333 2751 oratio?
1358 2693 1537 2757 Certe,
1569 2709 1688 2747 cum

133 2796 223 2849 Dei
266 2794 470 2863 gratia,
514 2800 644 2845 vesti
660 2792 705 2843 is
751 2788 1159 2865 suifragantibus
1196 2785 1426 2849 meritis,
1474 2784 1683 2838 oratiu!

132 2883 336 2950 Oratio,
364 2884 599 2951 inquam,
633 2895 737 2934 non
766 2879 853 2932 illa
890 2873 1008 2946 quae
1052 2885 1133 2931 est
1176 2885 1477 2936 oratorum,
1508 2874 1556 2925 id
1584 2881 1686 2937 est,

131 2973 334 3028 dicendi
363 2972 676 3041 peritorum,
709 2976 762 3024 et
792 2978 905 3023 arte
932 2973 1169 3029 constat,
1200 2980 1263 3019 ac
1289 2964 1549 3033 promitur
1576 2963 1638 3013 el-
1662 2988 1689 3001 -

130 3060 363 3125 quentia,
411 3059 504 3113 sed
555 3072 673 3126 qnze
714 3065 796 3110 est
835 3057 1151 3109 devotorum
1200 3051 1423 3117 Christi,
1462 3050 1686 3114 scilicet,

134 3147 383 3210 ﬁdelium,
411 3156 465 3199 et
493 3146 545 3199 in
576 3152 865 3214 conspectu
897 3143 1029 3210 ejus,
1073 3150 1251 3195 mente
1284 3139 1567 3193 etlunditur
1594 3138 1689 3192 be-

1717 1893 1763 1951 Β
1789 1890 2070 1945 dulcedine
2112 1893 2514 1960 promissionis;
2548 1904 2603 1951 et
2647 1897 2714 1952 ad
2759 1913 2853 1954 vos
2883 1900 3098 1969 incipiat
3124 1905 3193 1957 de
3222 1921 3355 1974 pace

1790 1982 2048 2036 servanda
2088 1982 2383 2038 admonitio
2427 1987 2710 2050 salutaris;
2760 2005 2878 2057 qum
2925 2006 3085 2057 posco
3134 1996 3356 2049 tirmiter

1790 2072 1987 2127 haereat
2026 2074 2216 2128 animis
2254 2075 2471 2138 vestris;
2504 2092 2567 2131 ac
2608 2079 2755 2145 prius
2785 2082 2836 2132 in
2869 2097 3167 2148 commune,
3209 2100 3355 2137 cont-

1790 2179 2004 2218 munem
2052 2165 2330 2219 Dominum
2373 2167 2755 2235 deprecemur,
2799 2180 2855 2223 ut
2911 2172 3025 2240 ipse
3064 2174 3354 2228 secundum

1790 2253 2224 2319 pollicitationem
2241 2270 2392 2309 suam
2407 2296 2421 2318 ,
2451 2258 2503 2309 in
2523 2274 2620 2311 nos
2644 2260 2767 2329 (hoc
2788 2269 2885 2323 est,
2912 2262 2962 2314 in
2980 2276 3073 2316 cor
3093 2268 3354 2331 nostrum)

1790 2343 1933 2413 loqui
1979 2344 2253 2417 dignetur;
2306 2355 2361 2397 ct
2404 2347 2496 2399 det
2526 2349 2942 2417 vobis—probare
2971 2350 3129 2416 idem,
3160 2368 3357 2420 cogno-

1791 2448 1942 2487 scere
1968 2443 2019 2485 et
2042 2434 2357 2501 intelligere,
2386 2452 2497 2503 qua
2522 2437 2588 2489 sit
2608 2437 2840 2491 voluntas
2867 2442 2977 2505 ejus
3006 2442 3136 2494 bona
3158 2452 3203 2493 ct
3232 2443 3356 2495 bene

1789 2522 1995 2589 placens
2023 2532 2070 2574 et
2098 2527 2221 2593 perf.
2241 2533 2323 2577 cta
2343 2522 2519 2591 (Rom.
2554 2528 2643 2595 xtl)
2667 2544 2681 2589 ;
2705 2535 2761 2581 et
2782 2527 2971 2583 dicatis
2996 2530 3044 2583 ei
3066 2546 3183 2584 cum
3214 2530 3357 2585 Ριξξι-

1791 2610 1861 2663 ιιιί
1894 2619 1941 2663 τι
1978 2629 1989 2662 :
2025 2611 2201 2680 Dirige
2226 2630 2317 2666 nos
2344 2616 2397 2667 in
2418 2617 2625 2689 ueritate
2654 2628 2760 2679 tua,
2793 2627 2842 2670 et
2866 2619 2990 2672 doce
3013 2635 3127 2683 nos,
3156 2622 3272 2689 quin
3302 2632 3356 2673 tu

1790 2716 1841 2752 es
1858 2699 2096 2753 Dominus
2111 2702 2353 2754 salutatis
2374 2712 2540 2757 noster
2554 2703 2718 2773 (Psa'.
2738 2709 2905 2772 xxiv).
2926 2706 3162 2777 itemque
3183 2727 3193 2760 :
3218 2711 3355 2763 Doce

1791 2804 1888 2841 nos
1918 2790 2089 2857 facere
2120 2793 2420 2844 voluntatem
2452 2801 2592 2844 tuam
2620 2792 2791 2859 (Psal.
2824 2797 3011 2861 CXLII),
3046 2806 3102 2848 ut
3130 2789 3243 2859 nos,
3280 2798 3357 2849 la-

1788 2876 1978 2931 ciendo
2007 2878 2150 2947 quod
2176 2879 2430 2949 praecipit,
2461 2895 2582 2935 eum
2613 2880 2919 2950 loquentem
2950 2885 3052 2938 illis
3080 2886 3355 2940 audiamus

1790 2966 2004 3020 auribus
2024 2981 2158 3035 quas
2179 2967 2229 3021 in
2257 2968 2545 3038 Evangelia
2570 2972 2814 3039 requirit,
2840 2973 3025 3029 dicens
3050 2992 3061 3027 :
3086 2976 3185 3039 Qui
3202 2976 3355 3030 liabet

1783 3071 1937 3108 aures
1958 3056 2196 3108 audiendi
2217 3060 2394 3110 audiat
2416 3058 2625 3127 (Matth.
2653 3076 2732 3121 si;
2759 3060 2924 3114 Marc.
2948 3076 3030 3125 Iv;
3062 3061 3189 3117 Luc.
3214 3070 3351 3130 vui).

1787 3147 1879 3203 Ille
1908 3164 2007 3203 nos
2050 3150 2116 3203 de
2145 3165 2203 3203 se
2229 3163 2441 3220 semper
2469 3151 2772 3219 loquentes,
2802 3161 2857 3207 et
2892 3153 2959 3206 ad
3003 3170 3062 3208 se
3096 3155 3173 3223 ‘de
3214 3171 3349 3224 qua-

133 3250 308 3304 mgna,
342 3243 397 3290 et
424 3249 455 3287 a
485 3234 711 3300 benigno
740 3232 963 3286 Domine
990 3246 1118 3283 aure
1146 3229 1436 3298 percipitur
1462 3238 1517 3283 et
1539 3242 1687 3281 acce-

1786 3254 1994 3309 cunque
2046 3240 2387 3294 tribulatione
2454 3240 2745 3296 clamantes
2796 3243 3010 3305 audiat,
3060 3234 3351 3298 clementer

131 3335 307 3395 ptatur
345 3322 570 3394 placida.
602 3321 771 3387 Quam
802 3336 941 3374 nunc
969 3333 1181 3387 quoque
1206 3333 1235 3370 ιι
1281 3331 1398 3371 mea
1428 3315 1687 3385 parvitate

130 3432 313 3470 coram
370 3416 486 3484 ipso
531 3414 789 3484 prolatam
843 3411 1037 3465 efficiet
1094 3409 1447 3464 exaudibilem
1500 3414 1684 3461 sancta

128 3506 362 3559 cbaritas
383 3519 413 3556 a
442 3517 568 3570 qua,
596 3511 654 3554 ut
674 3516 759 3555 me
786 3499 1037 3554 humilem
1063 3499 1189 3553 huic
1218 3496 1461 3552 Ecclesiae
1489 3494 1686 3550 consti-

129 3603 297 3647 tutum
330 3592 607 3661 praesulem
650 3590 841 3643 vestris
881 3588 1166 3655 dignemini
1207 3587 1280 3641 illi
1309 3586 1685 3641 commendare

128 3683 372 3752 precibus
395 3683 447 3734 in
475 3680 625 3752 cujus
649 3695 807 3734 manu
827 3688 879 3733 et
905 3693 1178 3732 sermones
1203 3677 1369 3732 nostri
1398 3686 1452 3730 et
1471 3692 1569 3730 nos
1596 3691 1685 3729 sn-

128 3787 263 3833 nius,
292 3770 417 3823 totis
455 3768 862 3835 praecordiorum
906 3766 1138 3834 deposco
1183 3765 1401 3818 nisibus.
1432 3763 1685 3817 Adestote

126 3874 273 3927 ergo,
324 3856 531 3919 fratres,
574 3856 710 3909 vctis
759 3856 911 3917 meis,
962 3854 1202 3907 adestote
1246 3853 1347 3921 piis
1383 3852 1680 3914 conatibus,

124 3949 367 4001 adestote
418 3946 678 4013 precibus.
731 3943 1005 3996 Convenio
1053 3957 1281 4008 namque
1336 3957 1460 4004 vos,
1509 3940 1685 3995 verbis

126 4034 367 4089 Doctoris
392 4037 648 4101 gentium,
678 4032 819 4085 beati
859 4029 1007 4084 Pauli
1049 4030 1292 4099 apostoli,
1325 4030 1515 4095 quibus
1542 4030 1684 4083 inter

123 4131 316 4176 cetera
364 4124 615 4192 Ephesios
654 4124 896 4176 hortatur
937 4122 1120 4176 dicens
1151 4139 1165 4174 :
1202 4120 1300 4174 l’er
1330 4137 1528 4175 omnem
1556 4138 1679 4174 ora-

123 4214 309 4264 tionem
357 4220 407 4265 et
447 4212 876 4275 obsecrationem,
912 4220 1122 4265 orantes
1160 4213 1298 4264 omni
1345 4221 1587 4279 tempore,
1624 4213 1681 4264 in

121 4301 325 4368 spiritu,
352 4311 403 4354 et
426 4304 477 4354 in
502 4304 611 4371 ipso
638 4303 900 4369 vigilantes
936 4303 989 4353 in
1027 4303 1167 4354 omni
1188 4302 1438 4353 instantia
1462 4314 1509 4354 et
1534 4305 1681 4355 obse-

121 4397 348 4441 cratione
371 4408 463 4458 pro
487 4390 716 4445 omnibus
750 4390 941 4442 sanctis
967 4398 1016 4442 et
1040 4406 1136 4457 pro
1162 4405 1269 4453 me,
1299 4399 1352 4441 ut
1382 4391 1529 4442 detur
1557 4391 1682 4443 mihi

120 4493 286 4532 sermo
312 4480 367 4532 in
389 4484 649 4544 apertione
673 4482 779 4534 oris
811 4480 926 4545 mei,
957 4496 1070 4533 cum
1090 4481 1281 4548 ﬁducia
1310 4491 1483 4533 notum
1510 4487 1679 4548 facere

1788 3331 2074 3394 exaudiat;
2106 3342 2190 3393 ac,
2220 3329 2437 3399 depulsa
2468 3330 2701 3385 omnium
2747 3332 3083 3387 inimicorum
3131 3344 3348 3389 nostro-

1786 3432 1901 3471 rum
1942 3418 2304 3473 infestantium
2335 3428 2443 3473 tam
2486 3419 2767 3474 visibilium
2798 3437 2958 3490 quam
3007 3423 3347 3477 invisibilium

1784 3524 1923 3563 saeva
1950 3525 2108 3578 quam
2132 3526 2228 3579 pro
2257 3513 2493 3580 peccatis
2522 3514 2715 3566 nostris
2735 3513 2881 3581 juste
2908 3516 3137 3582 patimur
3158 3516 3347 3571 adver-

1785 3604 1962 3665 sitate,
2017 3603 2254 3671 loquatur
2279 3609 2333 3655 et
2376 3602 2536 3655 faciat
2570 3619 2745 3671 parem
2774 3604 2827 3656 in
2872 3604 3063 3670 plebem
3102 3623 3270 3673 suam,
3296 3617 3345 3659 et

1781 3709 1934 3762 super
1959 3702 2161 3746 sanctos
2184 3706 2229 3744 ei
2259 3693 2312 3744 in
2340 3707 2425 3746 eos
2451 3693 2537 3759 qui
2562 3702 2921 3747 convertuntur
2946 3695 3012 3747 ad
3048 3710 3137 3748 cor
3170 3684 3345 3764 (Psal.

1784 3782 2034 3848 Lustv);
2062 3796 2219 3848 quam
2259 3780 2329 3834 ita
2371 3780 2582 3835 demum
2612 3783 3033 3850 promerebimur
3059 3784 3103 3836 si
3142 3800 3347 3837 servare
3391 3818 3393 3821 -

1781 3870 2024 3923 unitatem
2054 3870 2277 3939 Spiritus
2305 3869 2355 3922 in
2386 3871 2580 3923 vinculo
2619 3873 2760 3940 paris
2790 3872 3094 3926 studeamus
3126 3872 3338 3942 (Ephes.

1782 3957 1951 4026 sum).
1986 3957 2133 4012 Unde
2162 3972 2254 4010 vos
2295 3967 2349 4011 et
2380 3973 2808 4026 unumquemque
2837 3968 3068 4013 vestrum
3101 3976 3201 4014 una
3232 3977 3343 4016 meo

1780 4063 1901 4101 cum
1932 4047 2219 4100 admonere
2255 4047 2393 4110 volo,
2428 4055 2485 4100 ut
2509 4048 2650 4114 quia,
2689 4049 2978 4103 secundum
3005 4052 3337 4119 Apostolum,

1781 4137 2015 4190 omnium
2046 4136 2462 4191 Christianorum
2502 4152 2664 4189 unum
2710 4154 2905 4206 corpus
2932 4149 2986 4193 et
3014 4156 3147 4195 unus
3179 4144 3337 4208 spiri-

1781 4234 1864 4280 tus
1893 4226 2054 4280 deliet
2080 4240 2217 4289 esse,
2250 4232 2301 4275 ut
2334 4241 2459 4278 unus
2483 4234 2565 4281 est
2592 4228 2744 4281 nobis
2767 4226 3033 4294 Dominus,
3059 4246 3162 4284 una
3186 4232 3335 4300 ﬁdes,

1780 4329 1933 4365 imum
1959 4312 2209 4379 baptisma
2240 4310 2452 4377 (Ephes.
2476 4312 2571 4382 tv),
2596 4314 2662 4367 ad
2692 4329 2850 4367 unam
2870 4329 3017 4383 spem
3044 4319 3337 4374 vocationis

1780 4409 1992 4465 nostra,
2026 4402 2171 4454 unita
2202 4417 2321 4455 cum
2353 4403 2607 4472 proximis
2635 4412 2829 4467 mente,
2862 4420 3154 4461 curramus.
3180 4408 3335 4463 Enim

1778 4506 1903 4543 vero
1932 4504 2090 4557 quam
2138 4489 2358 4544 Domino
2404 4501 2631 4558 gratum,
2665 4480 2719 4545 ἐι
2746 4504 2997 4569 quantum
3042 4496 3111 4548 sit
3136 4496 3333 4552 bonum

119 4573 414 4644 mysterium
438 4568 701 4640 Eeangelii
722 4569 935 4639 (Ephcs.
959 4568 1056 4639 vi).
1079 4568 1283 4624 Vestris
1304 4571 1460 4638 igitur
1480 4570 1681 4624 sanctis
1712 4575 1759 4633 D
1784 4578 1921 4631 illius
1947 4592 2064 4645 quae
2093 4593 2156 4632 ex
2189 4579 2295 4633 Deo
2324 4587 2408 4632 est
2450 4580 2597 4648 pacis
2624 4589 2680 4634 et
2722 4568 3034 4646 concordim,
3080 4584 3335 4641 hodierno

118 4663 451 4719 orationibus
476 4677 507 4715 a
538 4665 645 4715 lteo
675 4677 761 4715 me
795 4662 1030 4716 exaudiri
1073 4674 1228 4731 posse
1274 4659 1522 4726 conlisus,
1563 4660 1673 4727 jam

118 4768 262 4809 nunc
286 4752 501 4809 eﬂ‘undo
528 4751 580 4805 in
612 4759 900 4818 conspectu
929 4752 1046 4820 ejus
1073 4754 1369 4807 orationem
1397 4767 1592 4815 meam,
1622 4760 1677 4805 et

115 4840 381 4909 supplex,
426 4839 542 4906 ejus
586 4838 1018 4906 benignissimam
1065 4839 1293 4910 imploro
1337 4840 1673 4894 clementiam

116 4930 303 4985 dicens
331 4944 347 4982 :
381 4928 609 4993 Domine,
640 4929 779 4982 labia
806 4944 919 4981 mea
958 4932 1184 4997 aperies,
1213 4940 1264 4984 et
1291 4946 1347 4984 os
1374 4946 1539 4983 meum
1572 4947 1669 4983 an-

118 5018 371 5074 mtiabit
397 5016 598 5071 laudm
626 5026 760 5073 tuam
786 5020 806 5088 (
828 5017 969 5071 Psal.
1000 5018 1095 5087 L);
1124 5029 1180 5073 et
1225 5035 1294 5075 ne
1329 5018 1590 5075 Olfendam
1618 5022 1671 5077 iu

116 5108 305 5173 verbo,
333 5115 390 5163 et
428 5122 496 5161 ne
540 5121 754 5175 peccem
797 5108 910 5171 tibi,
934 5122 1087 5175 pone,
1120 5106 1363 5172 Domine,
1391 5111 1674 5163 custodiam

114 5198 193 5252 οή
226 5213 365 5261 meo,
406 5207 453 5251 et
494 5206 679 5251 esttam
726 5199 1117 5281 circumstantia:
1147 5198 1296 5252 labiis
1339 5201 1460 5252 meis
1498 5200 1669 5269 (Psal.

114 5288 273 5361 cu).
319 5289 555 5361 Itemque
596 5292 650 5344 in
696 5304 782 5344 me
828 5292 1030 5362 impleri
1063 5294 1341 5363 expostulo
1381 5305 1437 5348 ut
1464 5299 1671 5350 audiam

112 5379 240 5447 quid
263 5378 498 5449 loquatur
521 5381 575 5431 in
604 5395 683 5433 me
713 5378 955 5434 Dominus
970 5380 1109 5435 Deus
1139 5381 1308 5451 (Psal.
1337 5391 1588 5453 Lxxxw);
1617 5392 1673 5437 et

116 5476 175 5520 ut
199 5467 318 5535 ipse
343 5467 397 5520 in
425 5466 576 5520 vobis
602 5468 731 5521 illud
769 5469 1058 5539 adimplere
1100 5471 1346 5538 dignetur
1370 5452 1510 5540 quod
1540 5473 1667 5524 sub-

110 5556 373 5627 igitur,
424 5556 667 5626 quoniam
705 5560 932 5626 loquetur
973 5576 1145 5628 parem
1189 5564 1243 5615 in
1286 5565 1474 5631 plebem
1501 5578 1667 5615 suam.

114 5640 201 5700 Et
224 5644 313 5701 bis
337 5661 467 5715 ergo
495 5646 687 5711 verbis,
716 5656 908 5701 nostra:
944 5649 1200 5703 orationis
1232 5652 1435 5703 initium
1464 5666 1667 5706 sumam

114 5731 186 5788 de
223 5734 381 5791 istius
423 5750 523 5806 per
558 5734 881 5791 Psahnistam
907 5740 970 5807 (a
995 5746 1180 5794 sancto
1209 5737 1441 5812 Spiritu)
1464 5743 1668 5812 prolata

1777 4667 1863 4720 die
1890 4668 2145 4736 patefecit
2176 4668 2328 4721 nobis
2356 4662 3126 4728 ttianilestissime'unauimiter
3147 4680 3332 4732 conc-i-

1777 4774 1909 4813 nens
1930 4760 2125 4812 chorus
2147 4759 2378 4813 cmlestis
2400 4760 2616 4825 militiae,
2644 4777 2783 4823 cum,
2814 4770 2937 4816 nato
2965 4779 3034 4819 eo
3056 4767 3143 4834 qui
3183 4769 3329 4836 paei-
3375 4797 3383 4801 ~

1776 4853 1960 4902 ticaret
1983 4845 2218 4900 caelestia
2255 4859 2375 4901 eum
2409 4849 2653 4912 terrenis,
2685 4864 2781 4918 pro
2806 4858 2911 4903 tam
2937 4851 3166 4919 jucunda
3198 4855 3335 4909 ιωιί.

1777 4942 1849 4995 tia
1878 4951 2072 4997 nostrae
2119 4946 2486 5014 reparationis,
2516 4959 2728 5013 suaeque
2754 4962 2817 5001 ac
2845 4960 3041 5004 nostra
3069 4951 3332 5005 unanimi-

1776 5035 1918 5095 tatis,
1950 5048 1991 5087 c-
2017 5035 2201 5089 ncordi
2240 5034 2431 5088 cecinit
2459 5050 2587 5089 voce
2617 5049 2631 5088 :
2664 5034 2841 5090 Gloria
2880 5040 2932 5091 in
2957 5039 3170 5093 excelsis
3197 5039 3326 5104 Deo,

1776 5124 1895 5176 etin
1922 5132 2059 5176 terra
2089 5141 2189 5188 pax
2210 5124 2493 5177 hominibus
2516 5123 2660 5179 bona:
2680 5125 2950 5179 voluntatis
2978 5125 3127 5195 (Luc.
3149 5130 3229 5198 ιι).
3262 5131 3327 5181 Et

1776 5212 1987 5279 quidem
2014 5212 2249 5278 pulchre.
2281 5221 2406 5267 nato
2430 5214 2520 5268 illo
2544 5214 2611 5267 de
2632 5228 2739 5281 quo
2762 5215 3018 5282 prapheta
3039 5217 3162 5270 olim
3191 5231 3326 5284 pra:-

1774 5300 1980 5353 dixerat
2008 5303 2147 5371 quod
2180 5304 2317 5357 inter
2342 5314 2532 5358 caetera
2562 5304 2775 5357 nomina
2805 5312 2953 5358 tanto
2980 5322 3142 5374 puero
3168 5306 3323 5374 digna

1767 5401 2056 5445 vocaretur
2086 5393 2333 5463 Princeps
2354 5395 2493 5463 pacis
2516 5392 2668 5462 (lsai.
2709 5393 2785 5463 is)
2804 5436 2819 5460 ,
2846 5404 2901 5449 et
2921 5403 3065 5449 certe
3084 5393 3196 5461 ejus
3223 5410 3320 5463 pa-

1771 5481 1864 5542 cis,
1894 5483 2037 5549 cujus
2063 5498 2159 5535 nan
2182 5485 2278 5535 erit
2304 5484 2443 5548 ﬁnis,
2474 5482 2747 5536 nuntiatur
2774 5483 2840 5537 ab
2867 5481 3084 5548 angelis,
3109 5485 3324 5539 interra

1770 5585 1873 5635 pax
1900 5570 2181 5622 hominibus
2210 5570 2353 5622 bone
2372 5570 2643 5623 voluntatis
2671 5569 2819 5634 (Luc.
2844 5568 2927 5633 u);
2955 5584 3070 5627 qua:
3097 5586 3199 5638 pax
3219 5572 3320 5625 alia

1771 5672 1876 5708 non
1902 5668 1979 5709 est
2003 5672 2159 5723 quam
2191 5657 2278 5709 ille
2307 5657 2396 5723 qui
2424 5656 2582 5712 hodie
2609 5659 2752 5712 nasci
2784 5656 3027 5721 dignatus
3068 5668 3164 5712 est.
3200 5657 3247 5724 Ι)
3266 5674 3323 5712 se

1769 5745 1901 5796 enim
1926 5754 2000 5798 est
2031 5759 2134 5811 pax
2162 5756 2356 5811 nostra,
2388 5746 2678 5801 secundum
2703 5742 3013 5812 Apostolum
3032 5784 3046 5808 ,
3074 5749 3159 5815 qui
3198 5748 3321 5814 facit
