3934 6228
573 320 679 381 ms
758 290 778 301 ’

1725 326 1780 380 S.
1825 325 2017 381 EUGII
2055 327 2327 384 NOVIUM.
2370 331 2580 388 EPISC.

3661 348 3775 404 596

570 439 785 502 utraque
824 448 977 485 unum
1008 431 1218 501 (Ep/res.
1255 432 1337 501 ιι).
1384 432 1506 487 Haec
1548 426 1775 501 denique
1822 435 1921 488 fuit
1964 436 2119 501 illius,
2150 438 2201 496 Α
2226 446 2329 522 tate
2348 442 2515 495 cordis
2538 446 2747 511 quer-ite
2772 448 2917 500 illum
2943 448 3096 517 (Sep.
3121 450 3181 517 ι).
3214 450 3279 507 Et
3307 453 3431 508 illud
3455 471 3469 509 :
3491 454 3665 527 Nune,
3692 478 3783 513 re-

578 519 834 573 mirabilis
858 534 1037 583 οιιιιεει,
1069 522 1329 591 mysterii,
1354 535 1461 589 quo
1488 521 1619 574 illud
1638 521 1869 576 Verbum
1897 522 2037 591 quod
2070 524 2120 576 in

572 608 834 679 principio
862 620 995 671 erat,
1026 619 1080 664 et
1105 610 1243 679 apud
1270 610 1433 665 Deum
1458 618 1591 676 erat,
1622 620 1677 665 et
1705 611 1843 666 Deus
1862 622 2000 677 erat,
2026 626 2124 681 por

569 697 712 766 quod
739 698 917 752 omnia
948 699 1085 753 facta
1112 708 1255 762 sunt,
1286 708 1342 753 et
1367 700 1482 754 sine
1510 716 1616 768 quo
1646 701 1838 754 factum
1867 710 1948 755 est
1967 702 2119 766 nihil,

572 787 626 842 in
658 788 760 842 ﬁne
787 789 1119 854 saeculorum,
1146 806 1265 844 caro
1294 794 1483 860 factum
1506 802 1581 844 est
1604 800 1652 843 et
1680 791 1923 845 habitavit
1945 794 1998 845 in
2029 810 2124 846 no-

568 876 645 930 bis
691 874 877 946 (Joan.
908 878 978 941 l),
1027 884 1083 929 ut
1126 878 1384 932 mediator
1428 878 1577 932 ﬁeret
1619 880 1709 932 Dei
1750 888 1805 934 et
1849 880 2119 934 hominum

570 965 732 1020 homo
759 964 998 1021 Christus
1022 965 1191 1030 Jesus,
1221 982 1380 1021 verus
1418 968 1558 1022 Deus
1592 976 1645 1021 et
1673 983 1828 1021 verus
1855 969 2036 1032 homo,
2068 969 2119 1019 in

528 1084 531 1085 ν
569 1053 775 1107 unitate
798 1068 1056 1122 personae,
1078 1062 1132 1109 et
1151 1054 1383 1109 solveret
1407 1054 1458 1135 in
1483 1070 1644 1109 carne
1672 1070 1794 1131 suas
1820 1056 2123 1109 inimicitias

568 1158 704 1212 quas
734 1144 1008 1213 peccando
1034 1154 1090 1198 et
1116 1145 1411 1200 recedendo
1441 1161 1469 1198 ιι
1498 1145 1752 1199 Creatore
1779 1159 1877 1199 suo
1901 1153 2119 1199 contra-

569 1244 723 1291 xerat
760 1249 926 1305 genus
966 1238 1271 1294 humanum.
1303 1238 1359 1291 Si
1401 1245 1578 1291 autem
1621 1237 1811 1304 qumris
1853 1236 2120 1305 quomodo

568 1324 685 1378 illas
711 1324 1012 1378 inimicitias
1036 1324 1273 1388 solverit,
1301 1339 1501 1393 nosque
1537 1339 1631 1393 per
1668 1324 1974 1386 mediatoris
2001 1322 2119 1379 olli-

569 1413 708 1468 cium
738 1412 847 1468 Deo
876 1412 1017 1466 Patri
1059 1414 1509 1478 roconciliaverit,
1536 1422 1590 1468 et
1618 1415 1929 1483 angelorum
1961 1415 2122 1469 colle-

565 1502 655 1569 gio
700 1502 1001 1563 scciaverit,
1050 1501 1184 1556 duos
1225 1516 1436 1571 quoque
1468 1503 1697 1572 parietes
1726 1518 1792 1556 ex
1827 1501 2023 1556 inducis
2068 1510 2124 1555 et

569 1588 813 1655 gentibus
848 1590 1122 1643 venientes
1149 1591 1167 1658 (
1185 1590 1353 1645 lactus
1378 1590 1514 1644 idem
1552 1589 1709 1658 Lapis
1736 1589 2037 1659 angularis)
2066 1590 2121 1653 in

561 1679 827 1735 unitatem
873 1679 990 1734 ﬁdei
1035 1679 1391 1749 coniunxerit,
1437 1680 1555 1733 audi
1601 1680 1913 1746 Apostolum
1943 1679 2121 1734 dicen-

2222 540 2329 595 ges,
2358 531 2642 599 intelligfte,
2674 536 2946 589 eradimini
2969 538 3054 604 qui
3073 539 3319 607 judicotis
3344 552 3529 599 terram
3550 562 3567 600 :
3587 552 3785 601 ser-uite

2222 616 2439 671 Domino
2465 622 2518 673 in
2541 623 2746 685 timore,
2778 632 2882 678 etc.
2907 623 3075 693 (Psal.
3104 629 3184 695 ll).
3208 628 3476 685 Publicani
3498 644 3551 687 et
3576 650 3781 702 pecca-

2222 717 2365 761 tores
2410 708 2623 763 beatum
2653 709 2908 765 Joannem
2939 712 3225 781 Baptislam
3254 719 3354 772 sibi
3384 721 3637 777 dicentem
3671 740 3777 778 an-

2222 796 2385 858 diant,
2410 806 2466 851 et
2488 799 2740 853 obediant
2768 817 2779 852 :
2809 800 2963 855 Nihil
2985 804 3199 873 (inquit)
3227 809 3445 874 amplius
3471 827 3609 879 quam
3637 816 3784 884 quod

2221 886 2542 938 constitutam
2566 896 2641 939 est
2668 888 2829 951 vobis,
2863 891 3085 959 faciatis,
3106 903 3156 945 et
3178 910 3240 947 ne
3260 898 3394 949 ultra
3424 904 3653 967 prescri,
3670 912 3780 954 tum

2221 972 2344 1049 quid
2372 975 2591 1045 exigatis
2622 974 2775 1041 (an.
2807 979 2904 1042 ιιι).
2956 978 3167 1046 Milites,
3196 983 3337 1049 quod
3363 984 3461 1039 sibi
3485 987 3549 1040 ab
3575 988 3779 1042 eodem

2220 1045 2412 1112 dicitur
2438 1063 2713 1117 attendant
2738 1081 2752 1127 ;
2787 1078 2886 1118 nec
2912 1045 3232 1122 calumniam
3257 1070 3511 1126 facientes
3537 1076 3777 1142 praedam

2221 1148 2520 1215 acquirant.
2572 1149 2843 1207 Neminem
2888 1155 3099 1223 (inquit)
3137 1159 3455 1219 concutiatis,
3493 1155 3649 1233 neque
3684 1182 3781 1216 ca—

2220 1236 2469 1290 lumniam
2503 1240 2729 1308 faciatis,
2771 1255 2817 1295 et
2859 1244 3082 1297 contenti
3113 1254 3270 1300 estote
3298 1250 3561 1316 stipendiis
3590 1256 3783 1306 uestris

2222 1322 2431 1393 (Ibid)
2479 1324 2676 1383 Otones
2705 1343 2831 1383 vero
2867 1330 2919 1384 in
2962 1345 3242 1391 commune
3270 1336 3591 1397 auscultem.
3623 1343 3781 1407 quod

2222 1412 2366 1465 omni
2389 1412 2584 1479 ordini,
2611 1423 2771 1482 atque
2797 1419 2939 1471 omni
2962 1421 3207 1487 congruit
3229 1430 3285 1475 et
3309 1426 3665 1482 neCess'arium
3690 1440 3782 1481 est

2222 1500 2364 1551 tutati
2399 1518 2412 1552 :
2455 1507 2513 1553 ιιι
2534 1499 2684 1569 juxta
2712 1502 3014 1558 facultatem
3042 1506 3228 1560 virium
3261 1523 3497 1576 suarum,
3526 1515 3781 1581 operibus

2222 1585 2576 1657 cleemosynze
2630 1587 2950 1677 iusiStentes,
2996 1596 3171 1657 cuncti
3209 1597 3263 1651 in
3302 1600 3544 1655 omnibus
3578 1604 3783 1677 quibus

2224 1674 2457 1745 indigent
2485 1664 2729 1747 proximi,
2776 1682 2853 1736 sic
2889 1682 2967 1737 eis
3007 1684 3319 1742 subveniant
3362 1664 3627 1757 quomodo
3670 1692 3782 1750 sibi

573 1782 677 1829 tem
759 1772 862 1834 Per
886 1790 1043 1827 unum
1071 1770 1254 1829 n'omim
1291 1775 1542 1828 hominem
1589 1776 1779 1844 faciens
1810 1790 2019 1843 pacem,
2067 1788 2113 1826 ut

2224 1765 2267 1819 si
2292 1781 2507 1822 necesse
2529 1768 2686 1822 fuerit
2712 1770 3013 1829 desiderant
3037 1773 3324 1833 subveniri.
3354 1776 3446 1835 Sic
3471 1782 3607 1834 enim
3635 1782 3783 1836 dici-

568 1864 921 1928 reconciliaret
949 1866 1121 1918 ambos
1164 1865 1218 1919 in
1258 1881 1360 1919 uno
1384 1882 1610 1950 corpore,
1652 1866 1781 1931 Deo,
1809 1884 1898 1936 per
1924 1883 2124 1921 crucem
2225 1860 2352 1950 ξυιξί
2374 1858 2461 1925 qui
2497 1857 2649 1910 Ιιαθει
2670 1858 2819 1950 ’Δάαιιε
2857 1863 3071 1927 tunicas,
3110 1863 3193 1936 det
3216 1881 3316 1926 non
3343 1867 3545 1921 habenti
3568 1888 3582 1921 :
3603 1880 3654 1924 et
3688 1874 3784 1941 qui

569 1952 882 2019 interﬁciens
904 1952 1049 2004 inini
1079 1953 1198 2007 itias
1235 1954 1288 2007 in
1326 1954 1590 2021 semetipso
1612 1952 1824 2023 (Ephes.
1856 1956 1938 2022 ιι).
1963 1954 2048 2021 Et,
2078 1955 2122 2009 si

2223 1946 2369 1999 habet
2417 1963 2585 2015 escas,
2637 1941 2867 2003 similiter
2914 1953 3072 2021 faciat
3112 1932 3330 2022 (Matth.
3355 1960 3470 2027 vu),
3516 1932 3781 2027 itemque,

570 2056 729 2101 nosse
750 2040 851 2107 vis,
880 2041 1016 2095 idem
1042 2041 1132 2096 Dei
1152 2051 1208 2097 et
1236 2041 1473 2097 Hominis
1494 2043 1654 2099 Filius
1678 2044 1743 2097 ad
1769 2043 1893 2114 quid
1916 2045 2124 2099 venerit
2224 2038 2358 2106 quod
2383 2038 2531 2090 vultis
2550 2046 2606 2090 ut
2626 2040 2821 2108 faciant
2841 2041 2977 2095 vobis
2998 2042 3245 2108 homines,
3275 2054 3325 2098 et
3358 2061 3445 2104 vos
3479 2048 3630 2118 facite
3672 2050 3785 2105 illis

568 2138 661 2184 aut
688 2128 811 2197 quid
836 2130 889 2185 in
912 2144 1073 2185 carne
1101 2131 1286 2199 egerit,
1314 2131 1509 2201 quidve
1534 2132 1624 2187 tibi
1656 2132 1961 2186 imitandum
1991 2148 2119 2202 pro-

566 2219 821 2291 posuerit,
849 2220 964 2289 ipse
1010 2230 1223 2278 sanctus
1266 2222 1550 2291 Apostolus
1597 2223 1686 2277 tibi
1732 2230 2121 2291 consequenter

566 2309 951 2371 dmonstrabit
982 2328 994 2361 :
1033 2310 1272 2377 Veniens,
1316 2311 1516 2378 inquit,
1548 2312 1907 2379 evangelizmit
1947 2327 2121 2378 pacem

565 2400 705 2454 vobis
731 2402 816 2469 qui
845 2402 993 2469 longe
1024 2404 1214 2470 fuistis,
1244 2413 1292 2454 et
1336 2418 1513 2469 pacem
1540 2403 1617 2461 his
1661 2403 1745 2468 qui
1786 2419 1968 2472 prope;
1999 2419 2120 2470 qua-

563 2489 821 2553 niamrper
854 2490 1020 2557 ipsum
1045 2490 1287 2545 habemus
1311 2478 1588 2555 accessum,
1615 2491 1762 2551 ambo
1791 2494 1842 2545 in
1869 2508 1970 2546 uno
2007 2492 2118 2561 spi-

563 2576 663 2640 ritu
691 2576 759 2627 ad
799 2574 1025 2638 Patrem.
1056 2575 1451 2647 Evangelizavit
1488 2590 1660 2635 autem
1707 2596 1910 2650 pacem,
1952 2581 2120 2638 adim-

565 2660 759 2731 plenda
783 2667 883 2719 boc
907 2667 1047 2733 quod
1074 2667 1269 2722 dudum
1292 2671 1607 2739 promiserat
1632 2686 1725 2739 per
1746 2670 2073 2726 Psalmistam
2100 2686 2115 2724 :

561 2755 798 2825 quoniam
816 2756 1044 2825 loquetur
1061 2774 1231 2825 pacem
1248 2760 1300 2821 in
1322 2760 1511 2828 plebem
1526 2762 1849 2830 suam(Psal.
1874 2761 2113 2831 Lxxxlv),

564 2864 687 2915 cum
717 2864 821 2904 non
866 2849 1034 2905 solum
1082 2852 1135 2904 in
1173 2865 1267 2904 sua
1299 2854 1571 2907 nativitate
1603 2855 1903 2922 pastoribus
1934 2868 2114 2922 pacem

568 2954 663 3006 per
699 2941 915 3008 angelos
942 2941 1225 3006 nuntiavit,
1253 2942 1343 2996 sed
1383 2952 1437 2997 et
1466 2958 1559 3005 per
1584 2944 1813 3011 seipsum
1850 2944 2117 3015 discipulis

564 3028 676 3085 suis
702 3027 874 3081 dixit:
908 3028 1093 3083 Parem
1144 3031 1374 3101 relinquo
1423 3033 1575 3099 vobis,
1620 3050 1793 3103 pacem
1843 3053 2004 3095 meum
2049 3038 2113 3093 do

565 3117 699 3177 vobis
729 3117 903 3187 (Joan.
936 3126 1080 3188 xw);
1110 3122 1253 3191 quod
1299 3138 1405 3181 non
1455 3132 1654 3182 tantum
1686 3125 1768 3183 bis
1794 3128 1881 3193 qui
1913 3137 2035 3182 tunc
2059 3130 2112 3183 in

565 3208 962 3272 praesentiarum
981 3223 1100 3263 eum
1131 3210 1413 3273 audierunt
1440 3212 1739 3279 loquentem
1768 3214 1966 3269 dictum
1995 3230 2113 3269 cre-

564 3296 753 3359 dimus,
784 3296 877 3349 sed
897 3296 1055 3362 etiam
1085 3300 1235 3353 nobis
1259 3301 1533 3365 omnibus,
1561 3302 1604 3370 si
1638 3312 1809 3356 tamen
1848 3319 1972 3358 vere
1999 3305 2114 3372 ejus

563 3384 895 3453 discipulatui
924 3387 1259 3452 inhaeremus.
1289 3388 1363 3443 Ita
1404 3403 1532 3458 ergo
1554 3407 1650 3445 nos
1674 3393 1898 3460 probare
1928 3410 2113 3463 possu-

2226 2124 2414 2194 (llarc.
2449 2127 2537 2194 x);
2568 2126 2680 2182 hare
2713 2142 2905 2199 nempe
2932 2131 3017 2185 lex
3057 2142 3138 2186 est
3184 2134 3459 2190 naturalis.
3507 2135 3645 2206 Ergo
3697 2139 3784 2195 bis

2220 2213 2416 2267 sanctis
2436 2225 2684 2283 parentes
2709 2216 3175 2287 admonitionibus,
3192 2222 3234 2276 si
3254 2224 3373 2291 quis
3387 2234 3618 2281 vestrum
3642 2227 3782 2281 huc-

2219 2316 2387 2368 usque
2447 2303 2616 2358 aliena
2686 2306 2951 2374 rapuerit,
2998 2310 3191 2365 amodo
3235 2326 3329 2366 sua
3373 2314 3503 2369 dare
3556 2317 3781 2387 incipiat

2220 2388 2369 2475 (Luc.
2403 2396 2511 2461 vi);
2542 2402 2597 2448 et
2636 2386 3022 2463 qui'hactenus
3052 2413 3146 2453 sua
3193 2401 3401 2469 parcius
3447 2402 3635 2470 dabat,
3659 2386 3779 2475 jam

2220 2469 2358 2534 nunc
2414 2482 2535 2551 quia
2606 2483 2715 2541 Deo
2771 2484 3038 2543 fenerator
3098 2497 3415 2561 recepturus.
3465 2469 3778 2561 centuplum

2219 2566 2428 2638 (Matth.
2460 2571 2595 2639 xix),
2642 2586 2704 2627 ea
2752 2572 2950 2641 largius
2995 2577 3259 2645 expendat
3288 2586 3303 2629 τ
3328 2579 3450 2640 haec
3476 2580 3543 2634 de
3568 2580 3777 2635 incerta

2219 2660 2557 2728 longaavitate
2584 2676 2693 2716 sua:
2722 2663 2841 2716 vitae
2882 2664 3139 2732 cogitans,
3170 2666 3215 2720 si
3253 2681 3317 2721 ea
3360 2669 3594 2725 retinere
3620 2668 3776 2735 velit,

2218 2762 2280 2802 ea
2308 2748 2443 2803 forte
2469 2749 2625 2807 citius
2649 2764 2806 2819 quam
2836 2761 2987 2821 putat
3012 2740 3071 2811 se
3092 2755 3439 2821 amissurum;
3468 2772 3530 2812 ac
3549 2758 3778 2826 proinde

2216 2852 2363 2905 spem
2380 2854 2528 2891 suam
2544 2847 2708 2893 totam
2722 2843 2896 2909 potius
2912 2840 3001 2895 Dei
3024 2843 3396 2903 misericordia:
3424 2849 3729 2901 committat
3752 2866 3765 2901 :

2220 2926 2407 2991 Brutus
2434 2943 2661 2997 namque
2690 2938 2769 2989 est
2798 2930 2870 2984 tir
2898 2932 3042 3000 cujus
3067 2947 3180 3007 spes
3221 2941 3298 2997 est
3330 2934 3386 2985 in
3416 2931 3637 2990 Domino
3660 2935 3776 2990 Deo

2215 3023 2372 3091 ipsius
2400 3022 2575 3091 (Psal.
2608 3025 2829 3093 χχχιι).
2869 3024 3071 3084 Memor
3108 3025 3179 3081 sit
3225 3028 3591 3098 unusquisque
3633 3028 3778 3084 illius

2214 3111 2542 3180 Evangeliczn
2566 3110 2867 3183 parabolae,
2912 3115 3037 3183 quid
3082 3116 3331 3171 Dominus
3376 3118 3577 3176 dixerit
3618 3120 3774 3175 diviti

2213 3201 2406 3257 horrea
2436 3215 2527 3256 sua
2554 3202 2844 3255 destrueuti
2874 3212 2928 3255 et
2948 3204 3149 3271 majora
3177 3204 3393 3265 facienti
3419 3224 3433 3260 :
3458 3207 3649 3275 Stulte,
3672 3212 3772 3264 hac

2210 3295 2373 3348 nocte,
2405 3293 2507 3349 etc,
2541 3285 2669 3355 (Luc
2698 3288 2813 3355 xu).
2846 3288 2993 3344 Unde
3020 3289 3087 3344 ad
3115 3299 3374 3355 nostram,
3413 3293 3764 3361 dilectissimi,

2210 3373 2655 3441 exhortationem,
2686 3383 2919 3429 retexam
2966 3377 3114 3441 vobis
3160 3379 3501 3449 antiquorum
3538 3385 3768 3452 primum

564 3486 700 3539 mllS,
732 3474 774 3527 si
807 3489 929 3529 vere
958 3475 1074 3544 ejus
1099 3476 1338 3545 discipuli
1368 3491 1569 3545 sumus,
1598 3479 1641 3532 si
1672 3480 1783 3535 hmo
1809 3460 1968 3534 verba
1997 3481 2113 3548 ejus

2213 3460 2492 3522 veridicam
2519 3462 2851 3531 relationem,
2871 3479 2991 3535 qua:
3017 3467 3087 3522 ita
3113 3482 3172 3522 se
3196 3467 3376 3525 habet.
3397 3468 3764 3533 Narraverunt

564 3562 614 3620 in
664 3571 847 3617 nostro
893 3564 1054 3620 corde
1095 3566 1197 3619 lixa
1248 3568 1533 3622 retinemus
1579 3578 1633 3623 et
1681 3584 1847 3636 opere
1888 3570 2112 3633 sollicite

2213 3564 2363 3613 senes
2382 3549 2448 3605 de
2467 3552 2694 3624 quodam
2718 3554 3014 3619 bortulano,
3039 3557 3156 3631 quia
3181 3558 3449 3613 laboraret
3469 3569 3525 3615 et
3549 3576 3765 3617 omnem

560 3664 813 3705 exercere
857 3652 1182 3706 Studeamus.
1212 3653 1415 3719 Quibus
1441 3655 1630 3711 iterum
1659 3658 1734 3709 ait
1764 3676 1775 3709 :
1810 3658 1874 3709 In
1906 3658 1996 3710 hoc
2022 3675 2109 3712 co-

2213 3637 2445 3701 Iaborem
2475 3654 2626 3697 suum
2667 3642 2993 3710 expenderet
3036 3645 3086 3698 in
3117 3646 3532 3717 eleemosynam,
3560 3657 3614 3704 et
3649 3659 3765 3713 tan.

559 3748 799 3806 gnoscent
826 3755 999 3793 omnes
1028 3742 1144 3810 quia
1175 3744 1272 3794 mei
1297 3743 1531 3813 discipuli
1560 3745 1698 3808 estis,
1726 3747 1769 3798 si
1793 3746 2109 3812 dilectionem
2208 3736 2316 3781 “1'”
2344 3727 2440 3781 Sibi
2466 3728 2731 3783 τείίηθδθί
2757 3740 3012 3813 quam“!
3040 3733 3105 3792 ad
3135 3733 3330 3792 Victum
3359 3735 3528 3813 ἱρείας
3552 3736 3763 3802 5"ch

559 3829 836 3883 habueritis
880 3830 949 3884 ad
1001 3830 1211 3885 εητίοεη,
1246 3831 1432 3903 “om.
1464 3834 1604 3903 νιη),
1652 3834 1814 3903 ,δίων
1860 3838 2109 3904 quoniam
2206 3828 2309 3873 ret.
2340 3817 2527 3872 Postea
2551 3834 2678 3873 vero
2703 3819 2925 3875 Satanas
2951 3823 3092 3877 misit
3117 3823 3169 3878 in
3200 3824 3361 3879 corde
3391 3826 3509 3894 ejus
3535 3826 3760 3891 dicens;

560 3917 811 3978 Dominus
836 3921 1227 3989 commendavit
1252 3923 1566 3982 charitatem
1593 3938 1741 3977 suam
1772 3924 1824 3978 in
1852 3924 2025 3993 nobis,
2055 3936 2111 3981 et

2213 3909 2408 3977 Collige
2439 3910 2530 3963 tibi
2559 3909 2881 3979 aliquantam
2910 3912 3214 3989 pecuniam,
3246 3928 3314 3968 ne
3356 3930 3475 3969 cum
3520 3918 3763 3980 senueris

557 4023 677 4069 cum
707 4008 902 4069 inimici
929 4024 1166 4067 essemus
1197 4013 1559 4067 reconciliavit
1586 4027 1684 4072 nos
1722 4014 1818 4071 sibi
1846 4029 1941 4082 per
1966 4031 2109 4069 mor-

2213 4007 2297 4053 aut
2324 4001 2681 4075 aagrotaveris,
2714 4016 2851 4071 opus
2888 4004 3085 4060 babeas
3104 4004 3171 4057 ad
3201 4020 3493 4082 expensas;
3522 4018 3576 4062 et
3597 4009 3765 4069 cullea-

559 4109 665 4159 tem
692 4095 810 4167 Filii
838 4097 941 4159 sui,
974 4109 1027 4152 et
1052 4096 1205 4167 hUjus
1235 4101 1683 4157 reconciliationis
1704 4112 1757 4157 et
1779 4104 2110 4171 iustiﬁcatio-

2213 4089 2280 4155 git
2308 4098 2361 4142 et
2400 4088 2707 4157 adimplevit
2734 4089 2972 4162 lagenam
3001 4091 3069 4147 de
3098 4094 3343 4147 nummis.
3368 4093 3645 4171 Contingit
3669 4114 3761 4153 au-

557 4188 639 4242 nis
667 4188 909 4255 gratiam,
940 4204 1041 4265 qua
1068 4190 1230 4257 gratis
1252 4189 1528 4258 justilicati
1550 4208 1749 4264 sumus,
1776 4194 1919 4253 nullo
1950 4195 2106 4248 modo
2205 4185 2310 4229 ‘9‘"
2348 4192 2468 4252 ⁸υηῖ
2499 4177 2755 4234 inﬁrmari
2783 4186 2837 4232 ⁸⁸
2866 4178 3131 4247 Ρυίτθθθτί
3162 4181 3350 4249 Pedem
3388 4183 3505 4249 eius
3533 4203 3545 4236 ε
3575 4195 3633 4241 ει
3661 4201 3759 4243 GS-

557 4277 623 4330 εει
653 4276 1145 4339 ςοηάαηηηιίοηοηι
1175 4288 1409 4334 nostra",
1440 4281 1789 4352 “causam”.
1816 4283 1928 4355 sed‘
1951 4283 2109 4352 ius“-
2203 4269 2384 4340 pendit
2410 4270 2549 4342 quod
2578 4268 2860 4339 collectum
2889 4269 3061 4325 fuerat
3100 4272 3150 4325 in
3180 4272 3434 4340 medicos,
3466 4285 3522 4329 et
3548 4277 3685 4330 nihil
3711 4279 3759 4331 ci

555 4368 695 4421 ticali
724 4384 789 4439 ex
820 4368 941 4432 ﬁde,
983 4384 1164 4437 pacem
1178 4371 1486 4443 ,babeamus
1513 4370 1577 4423 ad
1611 4373 1775 4441 ipsum
1802 4380 1899 4441 per
1927 4372 2105 4427 Domi-

554 4470 675 4511 num
709 4469 947 4511 nostrum
978 4456 1153 4512 Jesum
1191 4458 1479 4513 Christum.
1509 4464 1677 4524 Quam
1709 4468 1766 4513 ut
1806 4462 2104 4517 inconcussi

556 4552 735 4599 tenere
763 4545 1061 4609 valeamus,
1093 4561 1273 4613 pacem
1303 4548 1463 4603 etiam
1486 4564 1605 4603 cum
1636 4549 1890 4618 proximis
1914 4552 2107 4612 nostris

552 4634 802 4703 illibatam
830 4637 1206 4703 custodiamus,
1250 4640 1547 4706 reddentes,
1586 4642 1745 4709 juxta'
1788 4653 2103 4711 praeceptum

549 4726 818 4795 Apostoli,
867 4728 1108 4783 omnibus
1152 4728 1326 4783 debita
1365 4747 1377 4781 :
1424 4730 1506 4782 cui
1544 4732 1789 4795 timorem,
1840 4731 2099 4797 timorem;

550 4817 629 4869 cui
661 4815 920 4880 honorem,
962 4820 1199 4870 honorem
1231 4816 1404 4887 (Rom.
1434 4821 1567 4888 xm).
1614 4818 1759 4873 Unde
1789 4821 1972 4875 beatus
1990 4820 2101 4902 .Pe-

553 4916 661 4959 trus
691 4906 927 4974 prmcipit
960 4925 971 4957 :
1007 4905 1231 4976 Subjecti
1255 4920 1411 4963 estote
1438 4911 1576 4977 omni
1604 4911 1835 4966 humana:
1857 4912 2102 4968 creatura:

552 5004 754 5063 promer
780 4997 1070 5062 Dominum,
1100 4998 1202 5051 sive
1227 5002 1332 5068 regi
1359 5002 1502 5069 quasi
1530 5002 1855 5069 prwcellenti,
1884 5005 1985 5057 sire
2005 5004 2101 5056 du-

549 5089 708 5150 cibus,
742 5097 980 5155 tanquam
1008 5089 1070 5141 ab
1104 5104 1163 5141 eo
1194 5088 1361 5142 missis
1392 5091 1459 5141 ad
1497 5092 1769 5144 vindictam
1803 5095 2099 5161 malefacto-

550 5194 682 5242 rum,
704 5176 906 5229 laudem
931 5193 1043 5230 vero
1070 5176 1310 5230 bonorum
1341 5177 1388 5247 (l
1418 5176 1557 5232 Petr.
1584 5180 1659 5249 ιι).
1681 5179 1791 5234 ilex
1819 5191 2013 5246 autem,
2047 5182 2099 5234 in

550 5277 699 5325 recto
746 5268 971 5321 vivendo
1014 5276 1068 5321 et
1113 5269 1333 5337 agendo,
1383 5271 1612 5327 nominis
1658 5275 1737 5327 sui
1789 5274 2097 5343 dignitatem

547 5358 831 5413 custodiat.
862 5354 1133 5425 Principes
1157 5366 1211 5410 et
1233 5358 1463 5427 judices,
1495 5361 1635 5427 quod
1663 5362 1761 5415 sibi
1792 5376 1938 5416 sacra
1969 5365 2099 5419 dicit
2128 5356 2131 5359 ’

548 5450 817 5518 Scriptura
850 5448 1075 5502 libenter
1109 5448 1324 5503 audiant
1364 5460 1419 5505 et
1446 5450 1713 5516 obediant,
1743 5461 1901 5519 atque
1930 5453 2098 5507 liben-

548 5542 654 5594 tius
695 5540 906 5593 l'aciaut.
948 5538 1159 5607 Diliz'ite
1185 5538 1417 5608 (inquit)
1442 5542 1694 5610 justitiam
1736 5544 1819 5610 qui
1852 5543 2097 5611 judicatis

549 5640 735 5699 terram
765 5645 783 5682 .'
814 5630 992 5683 sentite
1020 5631 1081 5683 de
1104 5628 1319 5684 Domino
1346 5631 1395 5682 in
1426 5633 1617 5703 bonitat
1637 5652 1665 5699 ',
1696 5641 1739 5683 (ι
1771 5633 1821 5684 in
1851 5634 2096 5701 simplit-i-

2206 4360 2457 4439 prodesse
2486 4360 2672 4426 potuit.
2702 4359 2887 4414 Postea
2916 4376 3041 4414 vero
3069 4363 3213 4416 venit
3238 4363 3452 4433 quidam
3480 4365 3548 4419 de
3576 4367 3763 4435 peritis

2207 4448 2423 4503 medicis
2454 4448 2640 4503 dicens
2668 4448 2716 4501 ei
2749 4466 2761 4501 :
2792 4446 2900 4501 Nisi
2928 4447 3144 4511 scideris
3174 4454 3359 4525 pedem
3392 4461 3562 4517 tuum,
3589 4462 3757 4509 totum

2206 4555 2397 4609 corpus
2446 4548 2589 4592 tuum
2636 4538 2913 4608 putreﬁet;
2943 4546 2994 4591 et
3022 4539 3587 4597 constitueruntldietn
3630 4544 3761 4597 in.-i-

2206 4630 2332 4684 dere
2362 4630 2437 4683 illi
2477 4628 2683 4697 pedem.
2727 4627 2819 4685 illa
2860 4635 3035 4682 autem
3084 4638 3238 4683 nocte
3278 4629 3488 4683 rediens
3514 4630 3568 4684 in
3596 4648 3683 4696 se,
3710 4643 3761 4688 et

2204 4719 2567 4787 pmuitentiam
2594 4731 2756 4785 agens
2786 4716 2853 4771 de
2878 4715 2961 4770 bis
2985 4720 3101 4787 qua:
3138 4724 3391 4784 gesserat,
3418 4718 3685 4787 ingemuit
3710 4731 3761 4783 et

2204 4808 2347 4869 llevit
2372 4808 2590 4863 dicens:
2621 4807 2822 4863 Memor
2847 4818 2964 4863 esto
2991 4824 3213 4879 operum
3236 4824 3471 4866 meorum
3494 4813 3757 4882 priorum,

2202 4911 2317 4963 qua:
2357 4896 2611 4950 faciebam
2640 4912 2758 4951 cum
2783 4897 2965 4953 labore
2993 4899 3198 4953 intento
3225 4912 3365 4964 meo,
3392 4916 3456 4965 ex
3486 4916 3595 4969 quo
3626 4919 3757 4974 pau-

2202 4988 2415 5057 peribus
2445 4988 2826 5063 ministrabam.
2854 4989 2920 5043 Et
2944 4986 3066 5043 cum
3086 4989 3189 5043 hoc
3208 4989 3443 5058 dixisset,
3474 4981 3757 5051 stetit‘au-

2200 5079 2347 5145 gelus
2392 5078 2618 5143 Domini,
2665 5088 2720 5134 et
2761 5080 2897 5135 dixit
2944 5081 2995 5135 ei
3026 5099 3037 5133 :
3069 5080 3167 5137 Ubi
3212 5091 3337 5143 sunt
3381 5085 3582 5151 nummi
3618 5101 3758 5167 quos

2202 5171 2481 5239 collegisti,
2514 5180 2569 5224 et
2596 5172 2679 5226 ubi
2705 5181 2785 5226 est
2811 5173 3022 5242 spes'de
3043 5189 3149 5243 qua
3179 5177 3454 5251 tractasti?
3488 5176 3643 5249 Tune
3672 5182 3757 5237 in.

2203 5261 2462 5331 telligens,
2492 5262 2626 5316 dixit
2659 5282 2670 5316 :
2702 5261 2943 5328 Peccavi,
2976 5264 3214 5331 Domine,
3248 5276 3299 5319 et
3327 5267 3485 5322 modo
3528 5270 3757 5341 ulterius

2201 5368 2303 5405 non
2335 5353 2518 5407 laciam
2552 5369 2565 5407 :
2594 5362 2649 5407 et
2674 5353 2891 5422 angelus
2933 5353 3139 5409 Domlni
3182 5356 3354 5424 tetigit
3394 5358 3581 5427 pedem
3610 5360 3755 5430 ejus,

2198 5454 2251 5498 et
2297 5453 2511 5499 sanatus
2554 5454 2636 5499 est
2675 5446 2872 5510 statim,
2919 5453 2974 5499 et
3020 5458 3476 5515 snrgens,maue,
3524 5448 3664 5505 abiit
3706 5453 3754 5509 in

2200 5548 2380 5600 agrum
2409 5535 2637 5603 operari.
2667 5534 2825 5590 Venit
2867 5549 2994 5605 ergo
3023 5534 3257 5592 medicus
3283 5540 3574 5599 secundum
3616 5555 3753 5597 con-

2200 5623 2436 5683 stilutum
2480 5623 2640 5693 diem,
2680 5641 2796 5685 cum
2842 5623 3193 5705 ferramentis,
3225 5635 3282 5681 ut
3325 5634 3535 5696 secaret
3562 5628 3756 5703 pedem
