  <div class='ocr_page' id='page_1' title='image "/cluster/home/n/w/nwhite01/storage/ocr_20150623/87-88/uva.x000827073/307.png"; bbox 0 0 3886 6226; ppageno 0'>
   <div class='ocr_carea' id='block_1_1' title="bbox 517 409 618 463">
    <p class='ocr_par' dir='ltr' id='par_1_1' title="bbox 517 409 618 463">
     <span class='ocr_line' id='line_1_1' title="bbox 517 409 618 463; baseline 0.059 -6"><span class='ocrx_word' id='word_1_1' title='bbox 517 409 618 463; x_wconf 73' lang='lat'><strong>509</strong></span> 
     </span>
    </p>
   </div>
   <div class='ocr_carea' id='block_1_2' title="bbox 1631 397 2066 463">
    <p class='ocr_par' dir='ltr' id='par_1_2' title="bbox 1631 402 2066 461">
     <span class='ocr_line' id='line_1_2' title="bbox 1631 402 2066 461; baseline -0.018 0"><span class='ocrx_word' id='word_1_2' title='bbox 1631 408 1687 461; x_wconf 87' lang='lat' dir='ltr'><strong>S.</strong></span> <span class='ocrx_word' id='word_1_3' title='bbox 1733 403 1929 459; x_wconf 74' lang='lat' dir='ltr'><strong>ELICII</strong></span> <span class='ocrx_word' id='word_1_4' title='bbox 1969 402 2066 455; x_wconf 55' lang='lat' dir='ltr'><strong>NU‘</strong></span> 
     </span>
    </p>
   </div>
   <div class='ocr_carea' id='block_1_3' title="bbox 2168 397 3715 463">
    <p class='ocr_par' dir='ltr' id='par_1_3' title="bbox 2168 399 3715 463">
     <span class='ocr_line' id='line_1_3' title="bbox 2168 399 3715 463; baseline 0.005 -12"><span class='ocrx_word' id='word_1_5' title='bbox 2168 399 2243 453; x_wconf 64' lang='lat' dir='ltr'><strong>Ill.</strong></span> <span class='ocrx_word' id='word_1_6' title='bbox 2286 400 2495 456; x_wconf 79' lang='lat' dir='ltr'><strong>EPISC.</strong></span> <span class='ocrx_word' id='word_1_7' title='bbox 2578 460 2581 463; x_wconf 28' lang='grc' dir='ltr'><strong>λ</strong></span> <span class='ocrx_word' id='word_1_8' title='bbox 3621 400 3715 458; x_wconf 80' lang='lat'><strong>600</strong></span> 
     </span>
    </p>
   </div>
   <div class='ocr_carea' id='block_1_4' title="bbox 514 514 3717 590">
    <p class='ocr_par' dir='ltr' id='par_1_4' title="bbox 514 514 3717 590">
     <span class='ocr_line' id='line_1_4' title="bbox 514 514 3717 590; baseline 0 -17"><span class='ocrx_word' id='word_1_9' title='bbox 514 519 820 588; x_wconf 87' lang='lat' dir='ltr'><strong>accipienda</strong></span> <span class='ocrx_word' id='word_1_10' title='bbox 845 528 929 573; x_wconf 89' lang='lat' dir='ltr'><strong>est</strong></span> <span class='ocrx_word' id='word_1_11' title='bbox 952 521 1004 573; x_wconf 91' lang='lat' dir='ltr'><strong>in</strong></span> <span class='ocrx_word' id='word_1_12' title='bbox 1031 520 1285 590; x_wconf 87' lang='lat' dir='ltr'><strong>mysterio</strong></span> <span class='ocrx_word' id='word_1_13' title='bbox 1316 536 1331 572; x_wconf 91' lang='lat'><strong>:</strong></span> <span class='ocrx_word' id='word_1_14' title='bbox 1360 520 1452 574; x_wconf 91' lang='lat' dir='ltr'><strong>sed</strong></span> <span class='ocrx_word' id='word_1_15' title='bbox 1497 534 1594 574; x_wconf 90' lang='lat' dir='ltr'><strong>nos</strong></span> <span class='ocrx_word' id='word_1_16' title='bbox 1638 520 1703 573; x_wconf 90' lang='lat' dir='ltr'><strong>ad</strong></span> <span class='ocrx_word' id='word_1_17' title='bbox 1743 519 2072 587; x_wconf 75' lang='lat' dir='ltr'><strong>propesitum</strong></span> <span class='ocrx_word' id='word_1_18' title='bbox 2102 518 2147 572; x_wconf 75' lang='grc' dir='ltr'>Α</span> <span class='ocrx_word' id='word_1_19' title='bbox 2174 514 2297 569; x_wconf 89' lang='lat' dir='ltr'><strong>deat</strong></span> <span class='ocrx_word' id='word_1_20' title='bbox 2333 516 2602 571; x_wconf 88' lang='lat' dir='ltr'><strong>damnare.</strong></span> <span class='ocrx_word' id='word_1_21' title='bbox 2653 518 2951 571; x_wconf 82' lang='lat' dir='ltr'><strong>Notandum</strong></span> <span class='ocrx_word' id='word_1_22' title='bbox 2995 532 3124 572; x_wconf 88' lang='lat' dir='ltr'><strong>sane</strong></span> <span class='ocrx_word' id='word_1_23' title='bbox 3160 518 3302 587; x_wconf 90' lang='lat' dir='ltr'><strong>quod</strong></span> <span class='ocrx_word' id='word_1_24' title='bbox 3342 518 3543 583; x_wconf 88' lang='lat' dir='ltr'><strong>dicitur,</strong></span> <span class='ocrx_word' id='word_1_25' title='bbox 3582 538 3717 575; x_wconf 76' lang='lat' dir='ltr'><strong>ontttc</strong></span> 
     </span>
    </p>
   </div>
   <div class='ocr_carea' id='block_1_5' title="bbox 515 608 2075 678">
    <p class='ocr_par' dir='ltr' id='par_1_5' title="bbox 515 608 2075 678">
     <span class='ocr_line' id='line_1_5' title="bbox 515 608 2075 678; baseline 0 -15"><span class='ocrx_word' id='word_1_26' title='bbox 515 616 868 663; x_wconf 72' lang='lat' dir='ltr'><strong>revertamur.</strong></span> <span class='ocrx_word' id='word_1_27' title='bbox 902 608 1135 678; x_wconf 86' lang='lat' dir='ltr'><strong>lmpletis</strong></span> <span class='ocrx_word' id='word_1_28' title='bbox 1165 610 1325 676; x_wconf 89' lang='lat' dir='ltr'><strong>igitur</strong></span> <span class='ocrx_word' id='word_1_29' title='bbox 1351 610 1643 664; x_wconf 89' lang='lat' dir='ltr'><strong>secundum</strong></span> <span class='ocrx_word' id='word_1_30' title='bbox 1673 609 1842 677; x_wconf 90' lang='lat' dir='ltr'><strong>legem</strong></span> <span class='ocrx_word' id='word_1_31' title='bbox 1887 608 2075 663; x_wconf 89' lang='lat' dir='ltr'><strong>diebus</strong></span> 
     </span>
    </p>
   </div>
   <div class='ocr_carea' id='block_1_6' title="bbox 516 698 2076 768">
    <p class='ocr_par' dir='ltr' id='par_1_6' title="bbox 516 698 2076 768">
     <span class='ocr_line' id='line_1_6' title="bbox 516 698 2076 768; baseline 0.001 -19"><span class='ocrx_word' id='word_1_32' title='bbox 516 698 842 765; x_wconf 74' lang='lat' dir='ltr'><strong>purgationis</strong></span> <span class='ocrx_word' id='word_1_33' title='bbox 865 698 999 765; x_wconf 87' lang='lat' dir='ltr'><strong>ejus,</strong></span> <span class='ocrx_word' id='word_1_34' title='bbox 1031 698 1236 752; x_wconf 75' lang='lat' dir='ltr'><strong>scilicet</strong></span> <span class='ocrx_word' id='word_1_35' title='bbox 1282 698 1363 752; x_wconf 85' lang='lat' dir='ltr'><strong>vel</strong></span> <span class='ocrx_word' id='word_1_36' title='bbox 1393 698 1555 768; x_wconf 81' lang='lat' dir='ltr'><strong>ipsius</strong></span> <span class='ocrx_word' id='word_1_37' title='bbox 1596 698 1804 751; x_wconf 87' lang='lat' dir='ltr'><strong>Domini</strong></span> <span class='ocrx_word' id='word_1_38' title='bbox 1835 698 1917 752; x_wconf 89' lang='lat' dir='ltr'><strong>vel</strong></span> <span class='ocrx_word' id='word_1_39' title='bbox 1941 698 2076 751; x_wconf 87' lang='lat' dir='ltr'><strong>inte-</strong></span> 
     </span>
    </p>
   </div>
   <div class='ocr_carea' id='block_1_7' title="bbox 514 787 2075 858">
    <p class='ocr_par' dir='ltr' id='par_1_7' title="bbox 514 787 2075 858">
     <span class='ocr_line' id='line_1_7' title="bbox 514 787 2075 858; baseline 0.004 -21"><span class='ocrx_word' id='word_1_40' title='bbox 514 796 730 840; x_wconf 70' lang='lat' dir='ltr'><strong>meratae</strong></span> <span class='ocrx_word' id='word_1_41' title='bbox 770 787 1043 853; x_wconf 75' lang='lat' dir='ltr'><strong>genitricis</strong></span> <span class='ocrx_word' id='word_1_42' title='bbox 1079 787 1237 851; x_wconf 88' lang='lat' dir='ltr'><strong>illius,</strong></span> <span class='ocrx_word' id='word_1_43' title='bbox 1269 790 1489 842; x_wconf 83' lang='lat' dir='ltr'><strong>tulerunt</strong></span> <span class='ocrx_word' id='word_1_44' title='bbox 1515 789 1657 843; x_wconf 83' lang='lat' dir='ltr'><strong>illum</strong></span> <span class='ocrx_word' id='word_1_45' title='bbox 1702 799 1937 858; x_wconf 77' lang='lat' dir='ltr'><strong>parentes</strong></span> <span class='ocrx_word' id='word_1_46' title='bbox 1964 790 2075 858; x_wconf 74' lang='lat' dir='ltr'><strong>ejus</strong></span> 
     </span>
    </p>
   </div>
   <div class='ocr_carea' id='block_1_8' title="bbox 511 874 2072 945">
    <p class='ocr_par' dir='ltr' id='par_1_8' title="bbox 511 874 2072 945">
     <span class='ocr_line' id='line_1_8' title="bbox 511 874 2072 945; baseline 0.004 -20"><span class='ocrx_word' id='word_1_47' title='bbox 511 874 565 926; x_wconf 85' lang='lat' dir='ltr'><strong>in</strong></span> <span class='ocrx_word' id='word_1_48' title='bbox 594 876 901 936; x_wconf 77' lang='lat' dir='ltr'><strong>Jerusalem,</strong></span> <span class='ocrx_word' id='word_1_49' title='bbox 932 877 998 929; x_wconf 89' lang='lat' dir='ltr'><strong>ad</strong></span> <span class='ocrx_word' id='word_1_50' title='bbox 1028 878 1278 945; x_wconf 90' lang='lat' dir='ltr'><strong>templum</strong></span> <span class='ocrx_word' id='word_1_51' title='bbox 1303 876 1527 943; x_wconf 85' lang='lat' dir='ltr'><strong>Domini,</strong></span> <span class='ocrx_word' id='word_1_52' title='bbox 1550 889 1605 930; x_wconf 86' lang='lat' dir='ltr'><strong>ut</strong></span> <span class='ocrx_word' id='word_1_53' title='bbox 1624 880 1878 941; x_wconf 72' lang='lat' dir='ltr'><strong>sisterent,</strong></span> <span class='ocrx_word' id='word_1_54' title='bbox 1902 878 1950 931; x_wconf 95' lang='lat' dir='ltr'><strong>id</strong></span> <span class='ocrx_word' id='word_1_55' title='bbox 1974 889 2072 944; x_wconf 86' lang='lat' dir='ltr'><strong>est,</strong></span> 
     </span>
    </p>
   </div>
   <div class='ocr_carea' id='block_1_9' title="bbox 512 965 2073 1030">
    <p class='ocr_par' dir='ltr' id='par_1_9' title="bbox 512 965 2073 1030">
     <span class='ocr_line' id='line_1_9' title="bbox 512 965 2073 1030; baseline 0.004 -14"><span class='ocrx_word' id='word_1_56' title='bbox 512 972 829 1030; x_wconf 75' lang='lat' dir='ltr'><strong>statuerent,</strong></span> <span class='ocrx_word' id='word_1_57' title='bbox 858 965 971 1020; x_wconf 90' lang='lat' dir='ltr'><strong>sive</strong></span> <span class='ocrx_word' id='word_1_58' title='bbox 999 966 1265 1028; x_wconf 76' lang='lat' dir='ltr'><strong>ollerrent,</strong></span> <span class='ocrx_word' id='word_1_59' title='bbox 1292 969 1371 1021; x_wconf 87' lang='lat' dir='ltr'><strong>vel</strong></span> <span class='ocrx_word' id='word_1_60' title='bbox 1403 982 1779 1023; x_wconf 89' lang='lat' dir='ltr'><strong>consecrarent</strong></span> <span class='ocrx_word' id='word_1_61' title='bbox 1806 984 1925 1022; x_wconf 92' lang='lat' dir='ltr'><strong>eum</strong></span> <span class='ocrx_word' id='word_1_62' title='bbox 1967 969 2073 1023; x_wconf 88' lang='lat' dir='ltr'><strong>Do-</strong></span> 
     </span>
    </p>
   </div>
   <div class='ocr_carea' id='block_1_10' title="bbox 512 1056 2073 1129">
    <p class='ocr_par' dir='ltr' id='par_1_10' title="bbox 512 1056 2073 1129">
     <span class='ocr_line' id='line_1_10' title="bbox 512 1056 2073 1129; baseline 0.003 -22"><span class='ocrx_word' id='word_1_63' title='bbox 512 1056 683 1122; x_wconf 87' lang='lat' dir='ltr'><strong>mino,</strong></span> <span class='ocrx_word' id='word_1_64' title='bbox 712 1056 839 1108; x_wconf 75' lang='lat' dir='ltr'><strong>sicut</strong></span> <span class='ocrx_word' id='word_1_65' title='bbox 869 1058 1111 1123; x_wconf 59' lang='lat' dir='ltr'><strong>atrii/tum</strong></span> <span class='ocrx_word' id='word_1_66' title='bbox 1156 1069 1229 1111; x_wconf 83' lang='lat' dir='ltr'><strong>est</strong></span> <span class='ocrx_word' id='word_1_67' title='bbox 1259 1060 1309 1110; x_wconf 87' lang='lat' dir='ltr'><strong>in</strong></span> <span class='ocrx_word' id='word_1_68' title='bbox 1340 1060 1449 1129; x_wconf 82' lang='lat' dir='ltr'><strong>lege</strong></span> <span class='ocrx_word' id='word_1_69' title='bbox 1494 1058 1727 1124; x_wconf 86' lang='lat' dir='ltr'><strong>Domini,</strong></span> <span class='ocrx_word' id='word_1_70' title='bbox 1760 1062 1878 1127; x_wconf 81' lang='lat' dir='ltr'><strong>quia</strong></span> <span class='ocrx_word' id='word_1_71' title='bbox 1926 1076 2073 1113; x_wconf 83' lang='lat' dir='ltr'><strong>omne</strong></span> 
     </span>
    </p>
   </div>
   <div class='ocr_carea' id='block_1_11' title="bbox 512 1148 2075 1221">
    <p class='ocr_par' dir='ltr' id='par_1_11' title="bbox 512 1148 2075 1221">
     <span class='ocr_line' id='line_1_11' title="bbox 512 1148 2075 1221; baseline 0.003 -22"><span class='ocrx_word' id='word_1_72' title='bbox 512 1148 851 1221; x_wconf 65' lang='lat' dir='ltr'><strong>masculinum</strong></span> <span class='ocrx_word' id='word_1_73' title='bbox 878 1149 1184 1214; x_wconf 80' lang='lat' dir='ltr'><strong>adaperiens</strong></span> <span class='ocrx_word' id='word_1_74' title='bbox 1216 1150 1431 1212; x_wconf 87' lang='lat' dir='ltr'><strong>vulvam,</strong></span> <span class='ocrx_word' id='word_1_75' title='bbox 1472 1161 1702 1202; x_wconf 83' lang='lat' dir='ltr'><strong>sanctum</strong></span> <span class='ocrx_word' id='word_1_76' title='bbox 1734 1150 1950 1203; x_wconf 85' lang='lat' dir='ltr'><strong>Domino</strong></span> <span class='ocrx_word' id='word_1_77' title='bbox 1986 1166 2075 1203; x_wconf 80' lang='lat' dir='ltr'><strong>vo-</strong></span> 
     </span>
    </p>
   </div>
   <div class='ocr_carea' id='block_1_12' title="bbox 511 1235 2073 1307">
    <p class='ocr_par' dir='ltr' id='par_1_12' title="bbox 511 1235 2073 1307">
     <span class='ocr_line' id='line_1_12' title="bbox 511 1235 2073 1307; baseline 0.004 -20"><span class='ocrx_word' id='word_1_78' title='bbox 511 1235 713 1289; x_wconf 87' lang='lat' dir='ltr'><strong>cabitur</strong></span> <span class='ocrx_word' id='word_1_79' title='bbox 744 1236 939 1305; x_wconf 73' lang='lat' dir='ltr'><strong>(Exod.</strong></span> <span class='ocrx_word' id='word_1_80' title='bbox 971 1239 1064 1305; x_wconf 84' lang='lat' dir='ltr'><strong>iv).</strong></span> <span class='ocrx_word' id='word_1_81' title='bbox 1097 1239 1343 1305; x_wconf 76' lang='lat' dir='ltr'><strong>Legimus</strong></span> <span class='ocrx_word' id='word_1_82' title='bbox 1372 1240 1422 1293; x_wconf 90' lang='lat' dir='ltr'><strong>in</strong></span> <span class='ocrx_word' id='word_1_83' title='bbox 1449 1237 1615 1292; x_wconf 79' lang='lat' dir='ltr'><strong>Exodi</strong></span> <span class='ocrx_word' id='word_1_84' title='bbox 1640 1239 1773 1292; x_wconf 88' lang='lat' dir='ltr'><strong>lihro</strong></span> <span class='ocrx_word' id='word_1_85' title='bbox 1794 1239 1917 1307; x_wconf 88' lang='lat' dir='ltr'><strong>quia</strong></span> <span class='ocrx_word' id='word_1_86' title='bbox 1954 1255 2073 1293; x_wconf 89' lang='lat' dir='ltr'><strong>cum</strong></span> 
     </span>
    </p>
   </div>
   <div class='ocr_carea' id='block_1_13' title="bbox 510 1327 2074 1397">
    <p class='ocr_par' dir='ltr' id='par_1_13' title="bbox 510 1327 2074 1397">
     <span class='ocr_line' id='line_1_13' title="bbox 510 1327 2074 1397; baseline 0.003 -20"><span class='ocrx_word' id='word_1_87' title='bbox 510 1335 849 1380; x_wconf 85' lang='lat' dir='ltr'><strong>morarentur</strong></span> <span class='ocrx_word' id='word_1_88' title='bbox 896 1328 989 1381; x_wconf 85' lang='lat' dir='ltr'><strong>lilii</strong></span> <span class='ocrx_word' id='word_1_89' title='bbox 1044 1327 1206 1381; x_wconf 93' lang='lat' dir='ltr'><strong>Israel</strong></span> <span class='ocrx_word' id='word_1_90' title='bbox 1254 1328 1304 1380; x_wconf 91' lang='lat' dir='ltr'><strong>in</strong></span> <span class='ocrx_word' id='word_1_91' title='bbox 1352 1327 1612 1397; x_wconf 71' lang='lat' dir='ltr'><strong>.Egypto,</strong></span> <span class='ocrx_word' id='word_1_92' title='bbox 1658 1336 1711 1380; x_wconf 90' lang='lat' dir='ltr'><strong>et</strong></span> <span class='ocrx_word' id='word_1_93' title='bbox 1762 1329 2074 1394; x_wconf 83' lang='lat' dir='ltr'><strong>gravissimo</strong></span> 
     </span>
    </p>
   </div>
   <div class='ocr_carea' id='block_1_14' title="bbox 508 1417 2073 1489">
    <p class='ocr_par' dir='ltr' id='par_1_14' title="bbox 508 1417 2073 1489">
     <span class='ocr_line' id='line_1_14' title="bbox 508 1417 2073 1489; baseline 0.004 -18"><span class='ocrx_word' id='word_1_94' title='bbox 508 1417 804 1473; x_wconf 70' lang='lat' dir='ltr'><strong>Pharaonis</strong></span> <span class='ocrx_word' id='word_1_95' title='bbox 856 1430 1227 1489; x_wconf 86' lang='lat' dir='ltr'><strong>premerentur</strong></span> <span class='ocrx_word' id='word_1_96' title='bbox 1277 1421 1549 1485; x_wconf 92' lang='lat' dir='ltr'><strong>dominio,</strong></span> <span class='ocrx_word' id='word_1_97' title='bbox 1600 1423 1962 1477; x_wconf 85' lang='lat' dir='ltr'><strong>clamaveruut</strong></span> <span class='ocrx_word' id='word_1_98' title='bbox 2006 1424 2073 1478; x_wconf 79' lang='lat' dir='ltr'><strong>de</strong></span> 
     </span>
    </p>
   </div>
   <div class='ocr_carea' id='block_1_15' title="bbox 508 1508 2071 1579">
    <p class='ocr_par' dir='ltr' id='par_1_15' title="bbox 508 1508 2071 1579">
     <span class='ocr_line' id='line_1_15' title="bbox 508 1508 2071 1579; baseline 0.004 -19"><span class='ocrx_word' id='word_1_99' title='bbox 508 1508 850 1561; x_wconf 85' lang='lat' dir='ltr'><strong>tribulatione</strong></span> <span class='ocrx_word' id='word_1_100' title='bbox 880 1523 974 1562; x_wconf 89' lang='lat' dir='ltr'><strong>sua</strong></span> <span class='ocrx_word' id='word_1_101' title='bbox 998 1511 1061 1562; x_wconf 89' lang='lat' dir='ltr'><strong>ad</strong></span> <span class='ocrx_word' id='word_1_102' title='bbox 1107 1510 1384 1563; x_wconf 84' lang='lat' dir='ltr'><strong>Dominum</strong></span> <span class='ocrx_word' id='word_1_103' title='bbox 1417 1529 1429 1563; x_wconf 90' lang='lat'><strong>:</strong></span> <span class='ocrx_word' id='word_1_104' title='bbox 1462 1512 1548 1579; x_wconf 86' lang='lat' dir='ltr'><strong>qui</strong></span> <span class='ocrx_word' id='word_1_105' title='bbox 1594 1512 1840 1565; x_wconf 89' lang='lat' dir='ltr'><strong>misertus</strong></span> <span class='ocrx_word' id='word_1_106' title='bbox 1887 1528 2071 1567; x_wconf 87' lang='lat' dir='ltr'><strong>eorum</strong></span> 
     </span>
    </p>
   </div>
   <div class='ocr_carea' id='block_1_16' title="bbox 508 1598 2073 1667">
    <p class='ocr_par' dir='ltr' id='par_1_16' title="bbox 508 1598 2073 1667">
     <span class='ocr_line' id='line_1_16' title="bbox 508 1598 2073 1667; baseline 0.002 -14"><span class='ocrx_word' id='word_1_107' title='bbox 508 1608 730 1667; x_wconf 84' lang='lat' dir='ltr'><strong>prepter</strong></span> <span class='ocrx_word' id='word_1_108' title='bbox 756 1598 982 1652; x_wconf 87' lang='lat' dir='ltr'><strong>dilectos</strong></span> <span class='ocrx_word' id='word_1_109' title='bbox 1010 1599 1109 1652; x_wconf 79' lang='lat' dir='ltr'><strong>Silii</strong></span> <span class='ocrx_word' id='word_1_110' title='bbox 1143 1609 1318 1664; x_wconf 81' lang='lat' dir='ltr'><strong>patres</strong></span> <span class='ocrx_word' id='word_1_111' title='bbox 1340 1615 1545 1664; x_wconf 85' lang='lat' dir='ltr'><strong>eorum,</strong></span> <span class='ocrx_word' id='word_1_112' title='bbox 1571 1603 1713 1655; x_wconf 84' lang='lat' dir='ltr'><strong>misit</strong></span> <span class='ocrx_word' id='word_1_113' title='bbox 1740 1618 1924 1656; x_wconf 90' lang='lat' dir='ltr'><strong>servos</strong></span> <span class='ocrx_word' id='word_1_114' title='bbox 1948 1620 2073 1657; x_wconf 78' lang='lat' dir='ltr'><strong>suos</strong></span> 
     </span>
    </p>
   </div>
   <div class='ocr_carea' id='block_1_17' title="bbox 506 1688 2073 1762">
    <p class='ocr_par' dir='ltr' id='par_1_17' title="bbox 506 1688 2073 1762">
     <span class='ocr_line' id='line_1_17' title="bbox 506 1688 2073 1762; baseline 0.003 -21"><span class='ocrx_word' id='word_1_115' title='bbox 506 1688 722 1756; x_wconf 80' lang='lat' dir='ltr'><strong>Moysen</strong></span> <span class='ocrx_word' id='word_1_116' title='bbox 753 1699 807 1741; x_wconf 87' lang='lat' dir='ltr'><strong>et.</strong></span> <span class='ocrx_word' id='word_1_117' title='bbox 836 1689 1033 1754; x_wconf 83' lang='lat' dir='ltr'><strong>Aaron,</strong></span> <span class='ocrx_word' id='word_1_118' title='bbox 1066 1700 1118 1743; x_wconf 90' lang='lat' dir='ltr'><strong>et</strong></span> <span class='ocrx_word' id='word_1_119' title='bbox 1146 1694 1313 1759; x_wconf 75' lang='lat' dir='ltr'><strong>posuit</strong></span> <span class='ocrx_word' id='word_1_120' title='bbox 1342 1693 1394 1743; x_wconf 85' lang='lat' dir='ltr'><strong>in</strong></span> <span class='ocrx_word' id='word_1_121' title='bbox 1424 1694 1496 1745; x_wconf 81' lang='lat' dir='ltr'><strong>eis</strong></span> <span class='ocrx_word' id='word_1_122' title='bbox 1524 1694 1671 1745; x_wconf 83' lang='lat' dir='ltr'><strong>verba</strong></span> <span class='ocrx_word' id='word_1_123' title='bbox 1716 1695 1977 1762; x_wconf 82' lang='lat' dir='ltr'><strong>signorum</strong></span> <span class='ocrx_word' id='word_1_124' title='bbox 2017 1701 2073 1746; x_wconf 86' lang='lat' dir='ltr'><strong>et</strong></span> 
     </span>
    </p>
   </div>
   <div class='ocr_carea' id='block_1_18' title="bbox 508 1779 2065 1852">
    <p class='ocr_par' dir='ltr' id='par_1_18' title="bbox 508 1779 2065 1852">
     <span class='ocr_line' id='line_1_18' title="bbox 508 1779 2065 1852; baseline 0.005 -22"><span class='ocrx_word' id='word_1_125' title='bbox 508 1779 868 1847; x_wconf 79' lang='lat' dir='ltr'><strong>prodigiorum</strong></span> <span class='ocrx_word' id='word_1_126' title='bbox 914 1797 1119 1835; x_wconf 79' lang='lat' dir='ltr'><strong>suorum</strong></span> <span class='ocrx_word' id='word_1_127' title='bbox 1151 1782 1318 1851; x_wconf 78' lang='lat' dir='ltr'><strong>(I’sal.</strong></span> <span class='ocrx_word' id='word_1_128' title='bbox 1352 1788 1480 1852; x_wconf 77' lang='lat' dir='ltr'><strong>etv),</strong></span> <span class='ocrx_word' id='word_1_129' title='bbox 1514 1793 1567 1837; x_wconf 88' lang='lat' dir='ltr'><strong>et</strong></span> <span class='ocrx_word' id='word_1_130' title='bbox 1590 1785 1847 1851; x_wconf 70' lang='lat' dir='ltr'><strong>percussit</strong></span> <span class='ocrx_word' id='word_1_131' title='bbox 1882 1786 2065 1840; x_wconf 88' lang='lat' dir='ltr'><strong>decem</strong></span> 
     </span>
    </p>
   </div>
   <div class='ocr_carea' id='block_1_19' title="bbox 507 1850 2143 1945">
    <p class='ocr_par' dir='ltr' id='par_1_19' title="bbox 507 1850 2143 1945">
     <span class='ocr_line' id='line_1_19' title="bbox 507 1850 2143 1945; baseline 0.005 -24"><span class='ocrx_word' id='word_1_132' title='bbox 507 1870 674 1938; x_wconf 75' lang='lat' dir='ltr'><strong>plagis</strong></span> <span class='ocrx_word' id='word_1_133' title='bbox 716 1871 1020 1940; x_wconf 66' lang='lat' dir='ltr'><strong>(Egyptum.</strong></span> <span class='ocrx_word' id='word_1_134' title='bbox 1070 1872 1126 1925; x_wconf 92' lang='lat' dir='ltr'><strong>ln</strong></span> <span class='ocrx_word' id='word_1_135' title='bbox 1164 1850 1376 1926; x_wconf 80' lang='lat' dir='ltr'><strong>decima</strong></span> <span class='ocrx_word' id='word_1_136' title='bbox 1425 1850 1552 1927; x_wconf 86' lang='lat' dir='ltr'><strong>vero</strong></span> <span class='ocrx_word' id='word_1_137' title='bbox 1595 1850 1775 1945; x_wconf 78' lang='lat' dir='ltr'><strong>plaga,</strong></span> <span class='ocrx_word' id='word_1_138' title='bbox 1821 1879 2065 1945; x_wconf 75' lang='lat' dir='ltr'><strong>percussit</strong></span> <span class='ocrx_word' id='word_1_139' title='bbox 2099 1850 2143 1909; x_wconf 70' lang='grc' dir='ltr'><strong>Β</strong></span> 
     </span>
    </p>
   </div>
   <div class='ocr_carea' id='block_1_20' title="bbox 506 1961 2066 2034">
    <p class='ocr_par' dir='ltr' id='par_1_20' title="bbox 506 1961 2066 2034">
     <span class='ocr_line' id='line_1_20' title="bbox 506 1961 2066 2034; baseline 0.004 -21"><span class='ocrx_word' id='word_1_140' title='bbox 506 1976 655 2021; x_wconf 83' lang='lat' dir='ltr'><strong>omne</strong></span> <span class='ocrx_word' id='word_1_141' title='bbox 681 1961 1073 2031; x_wconf 72' lang='lat' dir='ltr'><strong>primogenitum</strong></span> <span class='ocrx_word' id='word_1_142' title='bbox 1114 1964 1168 2014; x_wconf 85' lang='lat' dir='ltr'><strong>in</strong></span> <span class='ocrx_word' id='word_1_143' title='bbox 1202 1972 1337 2015; x_wconf 84' lang='lat' dir='ltr'><strong>terra</strong></span> <span class='ocrx_word' id='word_1_144' title='bbox 1384 1964 1603 2034; x_wconf 65' lang='lat' dir='ltr'><strong>Jfgypti</strong></span> <span class='ocrx_word' id='word_1_145' title='bbox 1650 1966 1821 2033; x_wconf 77' lang='lat' dir='ltr'><strong>(Psal.</strong></span> <span class='ocrx_word' id='word_1_146' title='bbox 1852 1984 2066 2034; x_wconf 73' lang='lat' dir='ltr'><strong>cxxxtv,</strong></span> 
     </span>
    </p>
   </div>
   <div class='ocr_carea' id='block_1_21' title="bbox 507 2048 2066 2122">
    <p class='ocr_par' dir='ltr' id='par_1_21' title="bbox 507 2048 2066 2122">
     <span class='ocr_line' id='line_1_21' title="bbox 507 2048 2066 2122; baseline 0.006 -21"><span class='ocrx_word' id='word_1_147' title='bbox 507 2048 679 2102; x_wconf 71' lang='lat' dir='ltr'><strong>Exod.</strong></span> <span class='ocrx_word' id='word_1_148' title='bbox 715 2050 833 2111; x_wconf 77' lang='lat' dir='ltr'><strong>xu),</strong></span> <span class='ocrx_word' id='word_1_149' title='bbox 860 2064 887 2098; x_wconf 88' lang='lat' dir='ltr'><strong>a</strong></span> <span class='ocrx_word' id='word_1_150' title='bbox 928 2050 1281 2117; x_wconf 84' lang='lat' dir='ltr'><strong>primogenita</strong></span> <span class='ocrx_word' id='word_1_151' title='bbox 1310 2051 1619 2117; x_wconf 83' lang='lat' dir='ltr'><strong>Pharaonis,</strong></span> <span class='ocrx_word' id='word_1_152' title='bbox 1652 2057 1741 2122; x_wconf 93' lang='lat' dir='ltr'><strong>qui</strong></span> <span class='ocrx_word' id='word_1_153' title='bbox 1771 2056 1989 2109; x_wconf 82' lang='lat' dir='ltr'><strong>sedebat</strong></span> <span class='ocrx_word' id='word_1_154' title='bbox 2017 2058 2066 2110; x_wconf 92' lang='lat' dir='ltr'><strong>iu</strong></span> 
     </span>
    </p>
   </div>
   <div class='ocr_carea' id='block_1_22' title="bbox 505 2138 2070 2215">
    <p class='ocr_par' dir='ltr' id='par_1_22' title="bbox 505 2138 2070 2215">
     <span class='ocr_line' id='line_1_22' title="bbox 505 2138 2070 2215; baseline 0.008 -24"><span class='ocrx_word' id='word_1_155' title='bbox 505 2138 642 2191; x_wconf 90' lang='lat' dir='ltr'><strong>solio</strong></span> <span class='ocrx_word' id='word_1_156' title='bbox 671 2138 804 2201; x_wconf 87' lang='lat' dir='ltr'><strong>ejus,</strong></span> <span class='ocrx_word' id='word_1_157' title='bbox 838 2154 1002 2207; x_wconf 87' lang='lat' dir='ltr'><strong>usque</strong></span> <span class='ocrx_word' id='word_1_158' title='bbox 1024 2140 1088 2193; x_wconf 90' lang='lat' dir='ltr'><strong>ad</strong></span> <span class='ocrx_word' id='word_1_159' title='bbox 1112 2141 1519 2208; x_wconf 78' lang='lat' dir='ltr'><strong>primogenitum</strong></span> <span class='ocrx_word' id='word_1_160' title='bbox 1550 2148 1788 2213; x_wconf 79' lang='lat' dir='ltr'><strong>captivae,</strong></span> <span class='ocrx_word' id='word_1_161' title='bbox 1817 2163 1931 2215; x_wconf 66' lang='lat' dir='ltr'><strong>qum</strong></span> <span class='ocrx_word' id='word_1_162' title='bbox 1955 2157 2070 2203; x_wconf 83' lang='lat' dir='ltr'><strong>erat</strong></span> 
     </span>
    </p>
   </div>
   <div class='ocr_carea' id='block_1_23' title="bbox 504 2231 2071 2303">
    <p class='ocr_par' dir='ltr' id='par_1_23' title="bbox 504 2231 2071 2303">
     <span class='ocr_line' id='line_1_23' title="bbox 504 2231 2071 2303; baseline 0.008 -20"><span class='ocrx_word' id='word_1_163' title='bbox 504 2231 559 2283; x_wconf 89' lang='lat' dir='ltr'><strong>in</strong></span> <span class='ocrx_word' id='word_1_164' title='bbox 602 2243 837 2293; x_wconf 77' lang='lat' dir='ltr'><strong>carcere,</strong></span> <span class='ocrx_word' id='word_1_165' title='bbox 867 2239 922 2283; x_wconf 91' lang='lat' dir='ltr'><strong>et</strong></span> <span class='ocrx_word' id='word_1_166' title='bbox 963 2244 1121 2284; x_wconf 89' lang='lat' dir='ltr'><strong>omne</strong></span> <span class='ocrx_word' id='word_1_167' title='bbox 1152 2233 1558 2299; x_wconf 84' lang='lat' dir='ltr'><strong>primogenitum</strong></span> <span class='ocrx_word' id='word_1_168' title='bbox 1602 2240 1984 2303; x_wconf 69' lang='lat' dir='ltr'><strong>iumentorum,</strong></span> <span class='ocrx_word' id='word_1_169' title='bbox 2015 2251 2071 2295; x_wconf 85' lang='lat' dir='ltr'><strong>et</strong></span> 
     </span>
    </p>
   </div>
   <div class='ocr_carea' id='block_1_24' title="bbox 504 2318 2069 2395">
    <p class='ocr_par' dir='ltr' id='par_1_24' title="bbox 504 2318 2069 2395">
     <span class='ocr_line' id='line_1_24' title="bbox 504 2318 2069 2395; baseline 0.007 -24"><span class='ocrx_word' id='word_1_170' title='bbox 504 2318 689 2374; x_wconf 80' lang='lat' dir='ltr'><strong>eduxit</strong></span> <span class='ocrx_word' id='word_1_171' title='bbox 715 2322 965 2389; x_wconf 89' lang='lat' dir='ltr'><strong>populum</strong></span> <span class='ocrx_word' id='word_1_172' title='bbox 996 2336 1148 2375; x_wconf 92' lang='lat' dir='ltr'><strong>suum</strong></span> <span class='ocrx_word' id='word_1_173' title='bbox 1191 2321 1257 2375; x_wconf 88' lang='lat' dir='ltr'><strong>de</strong></span> <span class='ocrx_word' id='word_1_174' title='bbox 1288 2322 1539 2392; x_wconf 68' lang='lat' dir='ltr'><strong>Aigypto,</strong></span> <span class='ocrx_word' id='word_1_175' title='bbox 1573 2326 1623 2377; x_wconf 92' lang='lat' dir='ltr'><strong>iu</strong></span> <span class='ocrx_word' id='word_1_176' title='bbox 1664 2342 1822 2379; x_wconf 91' lang='lat' dir='ltr'><strong>manu</strong></span> <span class='ocrx_word' id='word_1_177' title='bbox 1866 2329 2069 2395; x_wconf 88' lang='lat' dir='ltr'><strong>potenti</strong></span> 
     </span>
    </p>
   </div>
   <div class='ocr_carea' id='block_1_25' title="bbox 505 2410 2069 2486">
    <p class='ocr_par' dir='ltr' id='par_1_25' title="bbox 505 2410 2069 2486">
     <span class='ocr_line' id='line_1_25' title="bbox 505 2410 2069 2486; baseline 0.005 -24"><span class='ocrx_word' id='word_1_178' title='bbox 505 2418 561 2463; x_wconf 86' lang='lat' dir='ltr'><strong>et</strong></span> <span class='ocrx_word' id='word_1_179' title='bbox 587 2410 805 2465; x_wconf 88' lang='lat' dir='ltr'><strong>brachio</strong></span> <span class='ocrx_word' id='word_1_180' title='bbox 842 2413 1055 2467; x_wconf 73' lang='lat' dir='ltr'><strong>excelso</strong></span> <span class='ocrx_word' id='word_1_181' title='bbox 1086 2431 1099 2466; x_wconf 87' lang='lat'><strong>:</strong></span> <span class='ocrx_word' id='word_1_182' title='bbox 1130 2420 1279 2467; x_wconf 70' lang='lat' dir='ltr'><strong>et‘ex</strong></span> <span class='ocrx_word' id='word_1_183' title='bbox 1326 2430 1393 2467; x_wconf 88' lang='lat' dir='ltr'><strong>eo</strong></span> <span class='ocrx_word' id='word_1_184' title='bbox 1446 2424 1684 2483; x_wconf 87' lang='lat' dir='ltr'><strong>tempore</strong></span> <span class='ocrx_word' id='word_1_185' title='bbox 1734 2417 1984 2486; x_wconf 67' lang='lat' dir='ltr'><strong>praecepit</strong></span> <span class='ocrx_word' id='word_1_186' title='bbox 2012 2426 2069 2473; x_wconf 91' lang='lat' dir='ltr'><strong>ut</strong></span> 
     </span>
    </p>
   </div>
   <div class='ocr_carea' id='block_1_26' title="bbox 502 2501 2069 2573">
    <p class='ocr_par' dir='ltr' id='par_1_26' title="bbox 502 2501 2069 2573">
     <span class='ocr_line' id='line_1_26' title="bbox 502 2501 2069 2573; baseline 0.007 -18"><span class='ocrx_word' id='word_1_187' title='bbox 502 2501 603 2555; x_wconf 87' lang='lat' dir='ltr'><strong>sibi</strong></span> <span class='ocrx_word' id='word_1_188' title='bbox 634 2503 811 2556; x_wconf 85' lang='lat' dir='ltr'><strong>omnia</strong></span> <span class='ocrx_word' id='word_1_189' title='bbox 842 2504 1196 2572; x_wconf 87' lang='lat' dir='ltr'><strong>primogenita</strong></span> <span class='ocrx_word' id='word_1_190' title='bbox 1245 2504 1472 2560; x_wconf 82' lang='lat' dir='ltr'><strong>ﬁliorum</strong></span> <span class='ocrx_word' id='word_1_191' title='bbox 1516 2506 1703 2573; x_wconf 88' lang='lat' dir='ltr'><strong>lsrael,</strong></span> <span class='ocrx_word' id='word_1_192' title='bbox 1732 2509 1846 2564; x_wconf 84' lang='lat' dir='ltr'><strong>sive</strong></span> <span class='ocrx_word' id='word_1_193' title='bbox 1878 2525 1943 2564; x_wconf 84' lang='lat' dir='ltr'><strong>ex</strong></span> <span class='ocrx_word' id='word_1_194' title='bbox 1973 2511 2069 2566; x_wconf 80' lang='lat' dir='ltr'><strong>ho-</strong></span> 
     </span>
    </p>
   </div>
   <div class='ocr_carea' id='block_1_27' title="bbox 504 2594 2067 2671">
    <p class='ocr_par' dir='ltr' id='par_1_27' title="bbox 504 2594 2067 2671">
     <span class='ocr_line' id='line_1_27' title="bbox 504 2594 2067 2671; baseline 0.008 -25"><span class='ocrx_word' id='word_1_195' title='bbox 504 2594 735 2648; x_wconf 89' lang='lat' dir='ltr'><strong>minibus</strong></span> <span class='ocrx_word' id='word_1_196' title='bbox 760 2595 875 2649; x_wconf 90' lang='lat' dir='ltr'><strong>sive</strong></span> <span class='ocrx_word' id='word_1_197' title='bbox 899 2612 963 2651; x_wconf 88' lang='lat' dir='ltr'><strong>ex</strong></span> <span class='ocrx_word' id='word_1_198' title='bbox 986 2596 1260 2665; x_wconf 73' lang='lat' dir='ltr'><strong>iumentis,</strong></span> <span class='ocrx_word' id='word_1_199' title='bbox 1294 2608 1399 2653; x_wconf 90' lang='lat' dir='ltr'><strong>tam</strong></span> <span class='ocrx_word' id='word_1_200' title='bbox 1428 2601 1637 2655; x_wconf 83' lang='lat' dir='ltr'><strong>mundis</strong></span> <span class='ocrx_word' id='word_1_201' title='bbox 1654 2616 1813 2671; x_wconf 81' lang='lat' dir='ltr'><strong>quam</strong></span> <span class='ocrx_word' id='word_1_202' title='bbox 1839 2604 2067 2660; x_wconf 88' lang='lat' dir='ltr'><strong>immun-</strong></span> 
     </span>
    </p>
   </div>
   <div class='ocr_carea' id='block_1_28' title="bbox 501 2684 2069 2757">
    <p class='ocr_par' dir='ltr' id='par_1_28' title="bbox 501 2684 2069 2757">
     <span class='ocr_line' id='line_1_28' title="bbox 501 2684 2069 2757; baseline 0.006 -18"><span class='ocrx_word' id='word_1_203' title='bbox 501 2684 605 2750; x_wconf 86' lang='lat' dir='ltr'><strong>dis,</strong></span> <span class='ocrx_word' id='word_1_204' title='bbox 654 2697 1118 2755; x_wconf 85' lang='lat' dir='ltr'><strong>consecrarentur,</strong></span> <span class='ocrx_word' id='word_1_205' title='bbox 1158 2705 1221 2744; x_wconf 89' lang='lat' dir='ltr'><strong>ea</strong></span> <span class='ocrx_word' id='word_1_206' title='bbox 1268 2700 1445 2747; x_wconf 87' lang='lat' dir='ltr'><strong>tamen</strong></span> <span class='ocrx_word' id='word_1_207' title='bbox 1494 2694 1720 2757; x_wconf 86' lang='lat' dir='ltr'><strong>ratione,</strong></span> <span class='ocrx_word' id='word_1_208' title='bbox 1771 2704 1828 2749; x_wconf 89' lang='lat' dir='ltr'><strong>ut</strong></span> <span class='ocrx_word' id='word_1_209' title='bbox 1874 2698 2069 2750; x_wconf 91' lang='lat' dir='ltr'><strong>munda</strong></span> 
     </span>
    </p>
   </div>
   <div class='ocr_carea' id='block_1_29' title="bbox 502 2779 2067 2854">
    <p class='ocr_par' dir='ltr' id='par_1_29' title="bbox 502 2779 2067 2854">
     <span class='ocr_line' id='line_1_29' title="bbox 502 2779 2067 2854; baseline 0.006 -23"><span class='ocrx_word' id='word_1_210' title='bbox 502 2792 726 2846; x_wconf 73' lang='lat' dir='ltr'><strong>qumque</strong></span> <span class='ocrx_word' id='word_1_211' title='bbox 753 2779 1070 2834; x_wconf 70' lang='lat' dir='ltr'><strong>offerrentur</strong></span> <span class='ocrx_word' id='word_1_212' title='bbox 1096 2791 1153 2837; x_wconf 91' lang='lat' dir='ltr'><strong>et</strong></span> <span class='ocrx_word' id='word_1_213' title='bbox 1186 2784 1523 2839; x_wconf 84' lang='lat' dir='ltr'><strong>sacerdotum</strong></span> <span class='ocrx_word' id='word_1_214' title='bbox 1548 2793 1748 2851; x_wconf 85' lang='lat' dir='ltr'><strong>essent,</strong></span> <span class='ocrx_word' id='word_1_215' title='bbox 1773 2802 1870 2854; x_wconf 92' lang='lat' dir='ltr'><strong>pro</strong></span> <span class='ocrx_word' id='word_1_216' title='bbox 1896 2786 2067 2841; x_wconf 80' lang='lat' dir='ltr'><strong>homi-</strong></span> 
     </span>
    </p>
   </div>
   <div class='ocr_carea' id='block_1_30' title="bbox 503 2872 2065 2941">
    <p class='ocr_par' dir='ltr' id='par_1_30' title="bbox 503 2872 2065 2941">
     <span class='ocr_line' id='line_1_30' title="bbox 503 2872 2065 2941; baseline 0.004 -20"><span class='ocrx_word' id='word_1_217' title='bbox 503 2884 629 2922; x_wconf 88' lang='lat' dir='ltr'><strong>num</strong></span> <span class='ocrx_word' id='word_1_218' title='bbox 678 2884 806 2923; x_wconf 80' lang='lat' dir='ltr'><strong>vero</strong></span> <span class='ocrx_word' id='word_1_219' title='bbox 852 2872 1221 2939; x_wconf 88' lang='lat' dir='ltr'><strong>primogenitis</strong></span> <span class='ocrx_word' id='word_1_220' title='bbox 1264 2874 1533 2941; x_wconf 76' lang='lat' dir='ltr'><strong>(exceptis</strong></span> <span class='ocrx_word' id='word_1_221' title='bbox 1573 2874 1655 2928; x_wconf 91' lang='lat' dir='ltr'><strong>his</strong></span> <span class='ocrx_word' id='word_1_222' title='bbox 1682 2875 1771 2941; x_wconf 87' lang='lat' dir='ltr'><strong>qui</strong></span> <span class='ocrx_word' id='word_1_223' title='bbox 1825 2875 1891 2927; x_wconf 90' lang='lat' dir='ltr'><strong>de</strong></span> <span class='ocrx_word' id='word_1_224' title='bbox 1928 2876 2065 2928; x_wconf 87' lang='lat' dir='ltr'><strong>tribu</strong></span> 
     </span>
    </p>
   </div>
   <div class='ocr_carea' id='block_1_31' title="bbox 506 2958 2065 3024">
    <p class='ocr_par' dir='ltr' id='par_1_31' title="bbox 506 2958 2065 3024">
     <span class='ocr_line' id='line_1_31' title="bbox 506 2958 2065 3024; baseline 0.006 -13"><span class='ocrx_word' id='word_1_225' title='bbox 506 2958 635 3013; x_wconf 86' lang='lat' dir='ltr'><strong>Levi</strong></span> <span class='ocrx_word' id='word_1_226' title='bbox 662 2971 837 3024; x_wconf 87' lang='lat' dir='ltr'><strong>erant,</strong></span> <span class='ocrx_word' id='word_1_227' title='bbox 866 2973 921 3016; x_wconf 89' lang='lat' dir='ltr'><strong>et</strong></span> <span class='ocrx_word' id='word_1_228' title='bbox 947 2962 997 3015; x_wconf 92' lang='lat' dir='ltr'><strong>in</strong></span> <span class='ocrx_word' id='word_1_229' title='bbox 1026 2963 1372 3018; x_wconf 90' lang='lat' dir='ltr'><strong>ministerium</strong></span> <span class='ocrx_word' id='word_1_230' title='bbox 1398 2965 1748 3020; x_wconf 86' lang='lat' dir='ltr'><strong>Tabernaculi</strong></span> <span class='ocrx_word' id='word_1_231' title='bbox 1779 2968 2065 3021; x_wconf 88' lang='lat' dir='ltr'><strong>testimonii</strong></span> 
     </span>
    </p>
   </div>
   <div class='ocr_carea' id='block_1_32' title="bbox 503 3052 2132 3122">
    <p class='ocr_par' dir='ltr' id='par_1_32' title="bbox 503 3052 2132 3122">
     <span class='ocr_line' id='line_1_32' title="bbox 503 3052 2132 3122; baseline 0.004 -18"><span class='ocrx_word' id='word_1_232' title='bbox 503 3059 765 3119; x_wconf 86' lang='lat' dir='ltr'><strong>perpetuo</strong></span> <span class='ocrx_word' id='word_1_233' title='bbox 795 3052 1135 3120; x_wconf 86' lang='lat' dir='ltr'><strong>tenebantur)</strong></span> <span class='ocrx_word' id='word_1_234' title='bbox 1162 3055 1390 3122; x_wconf 89' lang='lat' dir='ltr'><strong>pretium</strong></span> <span class='ocrx_word' id='word_1_235' title='bbox 1422 3055 1631 3119; x_wconf 89' lang='lat' dir='ltr'><strong>darent,</strong></span> <span class='ocrx_word' id='word_1_236' title='bbox 1666 3057 1930 3111; x_wconf 89' lang='lat' dir='ltr'><strong>immunda</strong></span> <span class='ocrx_word' id='word_1_237' title='bbox 1972 3072 2075 3120; x_wconf 65' lang='lat' dir='ltr'><strong>aui</strong></span> <span class='ocrx_word' id='word_1_238' title='bbox 2127 3067 2132 3122; x_wconf 75' lang='grc' dir='ltr'>ζ</span> 
     </span>
    </p>
   </div>
   <div class='ocr_carea' id='block_1_33' title="bbox 2174 606 3719 677">
    <p class='ocr_par' dir='ltr' id='par_1_33' title="bbox 2174 606 3719 677">
     <span class='ocr_line' id='line_1_33' title="bbox 2174 606 3719 677; baseline 0.005 -20"><span class='ocrx_word' id='word_1_239' title='bbox 2174 607 2512 660; x_wconf 77' lang='lat' dir='ltr'><strong>masculinum</strong></span> <span class='ocrx_word' id='word_1_240' title='bbox 2538 606 2840 676; x_wconf 72' lang='lat' dir='ltr'><strong>adaperiam</strong></span> <span class='ocrx_word' id='word_1_241' title='bbox 2866 607 3083 671; x_wconf 81' lang='lat' dir='ltr'><strong>vulvam,</strong></span> <span class='ocrx_word' id='word_1_242' title='bbox 3107 609 3229 677; x_wconf 84' lang='lat' dir='ltr'><strong>quia</strong></span> <span class='ocrx_word' id='word_1_243' title='bbox 3258 609 3341 663; x_wconf 88' lang='lat' dir='ltr'><strong>his</strong></span> <span class='ocrx_word' id='word_1_244' title='bbox 3368 611 3538 663; x_wconf 85' lang='lat' dir='ltr'><strong>verbis</strong></span> <span class='ocrx_word' id='word_1_245' title='bbox 3560 608 3719 664; x_wconf 80' lang='lat' dir='ltr'><strong>Evan-</strong></span> 
     </span>
    </p>
   </div>
   <div class='ocr_carea' id='block_1_34' title="bbox 2174 695 3718 767">
    <p class='ocr_par' dir='ltr' id='par_1_34' title="bbox 2174 695 3718 767">
     <span class='ocr_line' id='line_1_34' title="bbox 2174 695 3718 767; baseline 0.003 -19"><span class='ocrx_word' id='word_1_246' title='bbox 2174 695 2360 762; x_wconf 86' lang='lat' dir='ltr'><strong>gelista</strong></span> <span class='ocrx_word' id='word_1_247' title='bbox 2390 710 2592 750; x_wconf 89' lang='lat' dir='ltr'><strong>morem</strong></span> <span class='ocrx_word' id='word_1_248' title='bbox 2633 705 2901 751; x_wconf 72' lang='lat' dir='ltr'><strong>consueta:</strong></span> <span class='ocrx_word' id='word_1_249' title='bbox 2929 698 3220 751; x_wconf 85' lang='lat' dir='ltr'><strong>nativitatis</strong></span> <span class='ocrx_word' id='word_1_250' title='bbox 3241 700 3521 767; x_wconf 82' lang='lat' dir='ltr'><strong>expressit,</strong></span> <span class='ocrx_word' id='word_1_251' title='bbox 3549 710 3601 753; x_wconf 87' lang='lat' dir='ltr'><strong>et</strong></span> <span class='ocrx_word' id='word_1_252' title='bbox 3624 716 3718 753; x_wconf 90' lang='lat' dir='ltr'><strong>non</strong></span> 
     </span>
    </p>
   </div>
   <div class='ocr_carea' id='block_1_35' title="bbox 2173 784 3719 855">
    <p class='ocr_par' dir='ltr' id='par_1_35' title="bbox 2173 784 3719 855">
     <span class='ocr_line' id='line_1_35' title="bbox 2173 784 3719 855; baseline 0.001 -16"><span class='ocrx_word' id='word_1_253' title='bbox 2173 784 2255 839; x_wconf 87' lang='lat' dir='ltr'><strong>sic</strong></span> <span class='ocrx_word' id='word_1_254' title='bbox 2288 784 2507 853; x_wconf 88' lang='lat' dir='ltr'><strong>intelligi</strong></span> <span class='ocrx_word' id='word_1_255' title='bbox 2536 786 2704 839; x_wconf 86' lang='lat' dir='ltr'><strong>voluit</strong></span> <span class='ocrx_word' id='word_1_256' title='bbox 2731 786 2868 841; x_wconf 90' lang='lat' dir='ltr'><strong>sicut</strong></span> <span class='ocrx_word' id='word_1_257' title='bbox 2908 786 3102 840; x_wconf 88' lang='lat' dir='ltr'><strong>latrant</strong></span> <span class='ocrx_word' id='word_1_258' title='bbox 3127 787 3381 853; x_wconf 72' lang='lat' dir='ltr'><strong>lucretici,</strong></span> <span class='ocrx_word' id='word_1_259' title='bbox 3405 786 3541 855; x_wconf 90' lang='lat' dir='ltr'><strong>quod</strong></span> <span class='ocrx_word' id='word_1_260' title='bbox 3579 788 3719 841; x_wconf 87' lang='lat' dir='ltr'><strong>Chri-</strong></span> 
     </span>
    </p>
   </div>
   <div class='ocr_carea' id='block_1_36' title="bbox 2174 875 3717 945">
    <p class='ocr_par' dir='ltr' id='par_1_36' title="bbox 2174 875 3717 945">
     <span class='ocr_line' id='line_1_36' title="bbox 2174 875 3717 945; baseline 0.003 -18"><span class='ocrx_word' id='word_1_261' title='bbox 2174 878 2288 928; x_wconf 88' lang='lat' dir='ltr'><strong>stus</strong></span> <span class='ocrx_word' id='word_1_262' title='bbox 2313 884 2522 928; x_wconf 88' lang='lat' dir='ltr'><strong>uterum</strong></span> <span class='ocrx_word' id='word_1_263' title='bbox 2549 875 2732 929; x_wconf 91' lang='lat' dir='ltr'><strong>matris</strong></span> <span class='ocrx_word' id='word_1_264' title='bbox 2760 875 3075 944; x_wconf 87' lang='lat' dir='ltr'><strong>(naseendo)</strong></span> <span class='ocrx_word' id='word_1_265' title='bbox 3101 878 3403 945; x_wconf 77' lang='lat' dir='ltr'><strong>virginitate</strong></span> <span class='ocrx_word' id='word_1_266' title='bbox 3431 880 3717 945; x_wconf 78' lang='lat' dir='ltr'><strong>privaverit,</strong></span> 
     </span>
    </p>
   </div>
   <div class='ocr_carea' id='block_1_37' title="bbox 2175 963 3721 1035">
    <p class='ocr_par' dir='ltr' id='par_1_37' title="bbox 2175 963 3721 1035">
     <span class='ocr_line' id='line_1_37' title="bbox 2175 963 3721 1035; baseline 0.004 -20"><span class='ocrx_word' id='word_1_267' title='bbox 2175 978 2295 1016; x_wconf 89' lang='lat' dir='ltr'><strong>cum</strong></span> <span class='ocrx_word' id='word_1_268' title='bbox 2326 963 2513 1017; x_wconf 88' lang='lat' dir='ltr'><strong>mulier</strong></span> <span class='ocrx_word' id='word_1_269' title='bbox 2548 978 2653 1018; x_wconf 90' lang='lat' dir='ltr'><strong>non</strong></span> <span class='ocrx_word' id='word_1_270' title='bbox 2706 974 2833 1019; x_wconf 89' lang='lat' dir='ltr'><strong>tunc</strong></span> <span class='ocrx_word' id='word_1_271' title='bbox 2876 966 3231 1033; x_wconf 85' lang='lat' dir='ltr'><strong>virginitatem</strong></span> <span class='ocrx_word' id='word_1_272' title='bbox 3271 967 3483 1020; x_wconf 89' lang='lat' dir='ltr'><strong>amittat</strong></span> <span class='ocrx_word' id='word_1_273' title='bbox 3520 970 3721 1035; x_wconf 85' lang='lat' dir='ltr'><strong>quando</strong></span> 
     </span>
    </p>
   </div>
   <div class='ocr_carea' id='block_1_38' title="bbox 2174 1052 3722 1124">
    <p class='ocr_par' dir='ltr' id='par_1_38' title="bbox 2174 1052 3722 1124">
     <span class='ocr_line' id='line_1_38' title="bbox 2174 1052 3722 1124; baseline 0.003 -19"><span class='ocrx_word' id='word_1_274' title='bbox 2174 1052 2332 1120; x_wconf 87' lang='lat' dir='ltr'><strong>parit.</strong></span> <span class='ocrx_word' id='word_1_275' title='bbox 2363 1053 2455 1106; x_wconf 88' lang='lat' dir='ltr'><strong>sed</strong></span> <span class='ocrx_word' id='word_1_276' title='bbox 2493 1054 2707 1122; x_wconf 88' lang='lat' dir='ltr'><strong>quando</strong></span> <span class='ocrx_word' id='word_1_277' title='bbox 2736 1069 2857 1109; x_wconf 92' lang='lat' dir='ltr'><strong>cum</strong></span> <span class='ocrx_word' id='word_1_278' title='bbox 2889 1056 3000 1109; x_wconf 82' lang='lat' dir='ltr'><strong>viro</strong></span> <span class='ocrx_word' id='word_1_279' title='bbox 3036 1054 3250 1109; x_wconf 87' lang='lat' dir='ltr'><strong>dormit.</strong></span> <span class='ocrx_word' id='word_1_280' title='bbox 3292 1056 3526 1124; x_wconf 82' lang='lat' dir='ltr'><strong>Denique</strong></span> <span class='ocrx_word' id='word_1_281' title='bbox 3554 1057 3722 1111; x_wconf 85' lang='lat' dir='ltr'><strong>Domi-</strong></span> 
     </span>
    </p>
   </div>
   <div class='ocr_carea' id='block_1_39' title="bbox 2175 1142 3720 1218">
    <p class='ocr_par' dir='ltr' id='par_1_39' title="bbox 2175 1142 3720 1218">
     <span class='ocr_line' id='line_1_39' title="bbox 2175 1142 3720 1218; baseline 0.005 -22"><span class='ocrx_word' id='word_1_282' title='bbox 2175 1159 2274 1197; x_wconf 89' lang='lat' dir='ltr'><strong>nus</strong></span> <span class='ocrx_word' id='word_1_283' title='bbox 2300 1142 2473 1206; x_wconf 81' lang='lat' dir='ltr'><strong>Jesus,</strong></span> <span class='ocrx_word' id='word_1_284' title='bbox 2504 1146 2692 1213; x_wconf 84' lang='lat' dir='ltr'><strong>plenus</strong></span> <span class='ocrx_word' id='word_1_285' title='bbox 2720 1156 2774 1200; x_wconf 85' lang='lat' dir='ltr'><strong>et</strong></span> <span class='ocrx_word' id='word_1_286' title='bbox 2802 1146 3067 1215; x_wconf 87' lang='lat' dir='ltr'><strong>perlectus</strong></span> <span class='ocrx_word' id='word_1_287' title='bbox 3090 1144 3251 1213; x_wconf 90' lang='lat' dir='ltr'><strong>Deus,</strong></span> <span class='ocrx_word' id='word_1_288' title='bbox 3278 1148 3492 1216; x_wconf 89' lang='lat' dir='ltr'><strong>plenum</strong></span> <span class='ocrx_word' id='word_1_289' title='bbox 3528 1158 3581 1203; x_wconf 87' lang='lat' dir='ltr'><strong>et</strong></span> <span class='ocrx_word' id='word_1_290' title='bbox 3605 1165 3720 1218; x_wconf 89' lang='lat' dir='ltr'><strong>per-</strong></span> 
     </span>
    </p>
   </div>
   <div class='ocr_carea' id='block_1_40' title="bbox 2175 1231 3720 1306">
    <p class='ocr_par' dir='ltr' id='par_1_40' title="bbox 2175 1231 3720 1306">
     <span class='ocr_line' id='line_1_40' title="bbox 2175 1231 3720 1306; baseline 0.006 -23"><span class='ocrx_word' id='word_1_291' title='bbox 2175 1231 2368 1286; x_wconf 61' lang='lat' dir='ltr'><strong>iei-tum</strong></span> <span class='ocrx_word' id='word_1_292' title='bbox 2393 1232 2661 1287; x_wconf 85' lang='lat' dir='ltr'><strong>hominem</strong></span> <span class='ocrx_word' id='word_1_293' title='bbox 2683 1249 2747 1288; x_wconf 79' lang='lat' dir='ltr'><strong>ex</strong></span> <span class='ocrx_word' id='word_1_294' title='bbox 2776 1242 2946 1289; x_wconf 88' lang='lat' dir='ltr'><strong>matre</strong></span> <span class='ocrx_word' id='word_1_295' title='bbox 2975 1236 3090 1289; x_wconf 91' lang='lat' dir='ltr'><strong>sine</strong></span> <span class='ocrx_word' id='word_1_296' title='bbox 3112 1245 3261 1304; x_wconf 86' lang='lat' dir='ltr'><strong>patre</strong></span> <span class='ocrx_word' id='word_1_297' title='bbox 3282 1238 3590 1306; x_wconf 88' lang='lat' dir='ltr'><strong>suscipiens,</strong></span> <span class='ocrx_word' id='word_1_298' title='bbox 3616 1238 3720 1306; x_wconf 83' lang='lat' dir='ltr'><strong>ple-</strong></span> 
     </span>
    </p>
   </div>
   <div class='ocr_carea' id='block_1_41' title="bbox 2174 1321 3723 1393">
    <p class='ocr_par' dir='ltr' id='par_1_41' title="bbox 2174 1321 3723 1393">
     <span class='ocr_line' id='line_1_41' title="bbox 2174 1321 3723 1393; baseline 0.005 -20"><span class='ocrx_word' id='word_1_299' title='bbox 2174 1321 2471 1374; x_wconf 89' lang='lat' dir='ltr'><strong>nitudinem</strong></span> <span class='ocrx_word' id='word_1_300' title='bbox 2520 1333 2575 1375; x_wconf 88' lang='lat' dir='ltr'><strong>et</strong></span> <span class='ocrx_word' id='word_1_301' title='bbox 2626 1323 3008 1392; x_wconf 82' lang='lat' dir='ltr'><strong>perfectionem</strong></span> <span class='ocrx_word' id='word_1_302' title='bbox 3053 1326 3294 1379; x_wconf 85' lang='lat' dir='ltr'><strong>omnium</strong></span> <span class='ocrx_word' id='word_1_303' title='bbox 3347 1328 3631 1393; x_wconf 79' lang='lat' dir='ltr'><strong>gratiarum</strong></span> <span class='ocrx_word' id='word_1_304' title='bbox 3677 1327 3723 1382; x_wconf 86' lang='lat' dir='ltr'><strong>ei</strong></span> 
     </span>
    </p>
   </div>
   <div class='ocr_carea' id='block_1_42' title="bbox 2174 1412 3719 1485">
    <p class='ocr_par' dir='ltr' id='par_1_42' title="bbox 2174 1412 3719 1485">
     <span class='ocr_line' id='line_1_42' title="bbox 2174 1412 3719 1485; baseline 0.005 -22"><span class='ocrx_word' id='word_1_305' title='bbox 2174 1412 2419 1477; x_wconf 77' lang='lat' dir='ltr'><strong>contulit,</strong></span> <span class='ocrx_word' id='word_1_306' title='bbox 2450 1412 2585 1466; x_wconf 87' lang='lat' dir='ltr'><strong>sicut</strong></span> <span class='ocrx_word' id='word_1_307' title='bbox 2613 1415 2678 1467; x_wconf 88' lang='lat' dir='ltr'><strong>ad</strong></span> <span class='ocrx_word' id='word_1_308' title='bbox 2723 1415 2887 1483; x_wconf 87' lang='lat' dir='ltr'><strong>ipsam</strong></span> <span class='ocrx_word' id='word_1_309' title='bbox 2926 1413 3137 1469; x_wconf 86' lang='lat' dir='ltr'><strong>Gabriel</strong></span> <span class='ocrx_word' id='word_1_310' title='bbox 3181 1416 3528 1483; x_wconf 86' lang='lat' dir='ltr'><strong>archangelus</strong></span> <span class='ocrx_word' id='word_1_311' title='bbox 3557 1416 3719 1485; x_wconf 86' lang='lat' dir='ltr'><strong>loqui-</strong></span> 
     </span>
    </p>
   </div>
   <div class='ocr_carea' id='block_1_43' title="bbox 2174 1501 3719 1573">
    <p class='ocr_par' dir='ltr' id='par_1_43' title="bbox 2174 1501 3719 1573">
     <span class='ocr_line' id='line_1_43' title="bbox 2174 1501 3719 1573; baseline 0.003 -20"><span class='ocrx_word' id='word_1_312' title='bbox 2174 1511 2259 1554; x_wconf 89' lang='lat' dir='ltr'><strong>tur</strong></span> <span class='ocrx_word' id='word_1_313' title='bbox 2280 1501 2459 1555; x_wconf 83' lang='lat' dir='ltr'><strong>dicens</strong></span> <span class='ocrx_word' id='word_1_314' title='bbox 2491 1520 2504 1555; x_wconf 87' lang='lat'><strong>:</strong></span> <span class='ocrx_word' id='word_1_315' title='bbox 2536 1504 2635 1555; x_wconf 79' lang='lat' dir='ltr'><strong>Ave</strong></span> <span class='ocrx_word' id='word_1_316' title='bbox 2664 1502 2832 1555; x_wconf 75' lang='lat' dir='ltr'><strong>Maria</strong></span> <span class='ocrx_word' id='word_1_317' title='bbox 2858 1509 3023 1571; x_wconf 87' lang='lat' dir='ltr'><strong>gratia</strong></span> <span class='ocrx_word' id='word_1_318' title='bbox 3054 1506 3222 1573; x_wconf 85' lang='lat' dir='ltr'><strong>plena,</strong></span> <span class='ocrx_word' id='word_1_319' title='bbox 3254 1521 3352 1559; x_wconf 86' lang='lat' dir='ltr'><strong>nec</strong></span> <span class='ocrx_word' id='word_1_320' title='bbox 3380 1506 3719 1572; x_wconf 79' lang='lat' dir='ltr'><strong>integritatem</strong></span> 
     </span>
    </p>
   </div>
   <div class='ocr_carea' id='block_1_44' title="bbox 2171 1593 3721 1663">
    <p class='ocr_par' dir='ltr' id='par_1_44' title="bbox 2171 1593 3721 1663">
     <span class='ocr_line' id='line_1_44' title="bbox 2171 1593 3721 1663; baseline 0.003 -19"><span class='ocrx_word' id='word_1_321' title='bbox 2171 1603 2226 1645; x_wconf 92' lang='lat' dir='ltr'><strong>et</strong></span> <span class='ocrx_word' id='word_1_322' title='bbox 2253 1594 2472 1658; x_wconf 80' lang='lat' dir='ltr'><strong>gratiam</strong></span> <span class='ocrx_word' id='word_1_323' title='bbox 2521 1593 2834 1659; x_wconf 80' lang='lat' dir='ltr'><strong>virginitatis</strong></span> <span class='ocrx_word' id='word_1_324' title='bbox 2877 1595 2949 1646; x_wconf 86' lang='lat' dir='ltr'><strong>illi</strong></span> <span class='ocrx_word' id='word_1_325' title='bbox 2982 1597 3217 1649; x_wconf 87' lang='lat' dir='ltr'><strong>abstulit.</strong></span> <span class='ocrx_word' id='word_1_326' title='bbox 3260 1593 3370 1648; x_wconf 91' lang='lat' dir='ltr'><strong>Cur</strong></span> <span class='ocrx_word' id='word_1_327' title='bbox 3396 1605 3568 1648; x_wconf 87' lang='lat' dir='ltr'><strong>autem</strong></span> <span class='ocrx_word' id='word_1_328' title='bbox 3597 1612 3721 1663; x_wconf 84' lang='lat' dir='ltr'><strong>pne-</strong></span> 
     </span>
    </p>
   </div>
   <div class='ocr_carea' id='block_1_45' title="bbox 2172 1682 3719 1752">
    <p class='ocr_par' dir='ltr' id='par_1_45' title="bbox 2172 1682 3719 1752">
     <span class='ocr_line' id='line_1_45' title="bbox 2172 1682 3719 1752; baseline 0.003 -19"><span class='ocrx_word' id='word_1_329' title='bbox 2172 1698 2288 1734; x_wconf 89' lang='lat' dir='ltr'><strong>rum</strong></span> <span class='ocrx_word' id='word_1_330' title='bbox 2332 1682 2511 1735; x_wconf 86' lang='lat' dir='ltr'><strong>Jesum</strong></span> <span class='ocrx_word' id='word_1_331' title='bbox 2560 1688 2806 1752; x_wconf 87' lang='lat' dir='ltr'><strong>parentes</strong></span> <span class='ocrx_word' id='word_1_332' title='bbox 2858 1683 2974 1751; x_wconf 87' lang='lat' dir='ltr'><strong>ejus</strong></span> <span class='ocrx_word' id='word_1_333' title='bbox 3024 1685 3259 1739; x_wconf 91' lang='lat' dir='ltr'><strong>tulerunt</strong></span> <span class='ocrx_word' id='word_1_334' title='bbox 3306 1686 3358 1737; x_wconf 92' lang='lat' dir='ltr'><strong>iu</strong></span> <span class='ocrx_word' id='word_1_335' title='bbox 3414 1686 3719 1751; x_wconf 79' lang='lat' dir='ltr'><strong>Jerusalem,</strong></span> 
     </span>
    </p>
   </div>
   <div class='ocr_carea' id='block_1_46' title="bbox 2175 1776 3719 1842">
    <p class='ocr_par' dir='ltr' id='par_1_46' title="bbox 2175 1776 3719 1842">
     <span class='ocr_line' id='line_1_46' title="bbox 2175 1776 3719 1842; baseline 0.001 -13"><span class='ocrx_word' id='word_1_336' title='bbox 2175 1776 2514 1842; x_wconf 76' lang='lat' dir='ltr'><strong>Evangelium</strong></span> <span class='ocrx_word' id='word_1_337' title='bbox 2561 1777 2739 1831; x_wconf 83' lang='lat' dir='ltr'><strong>subdit</strong></span> <span class='ocrx_word' id='word_1_338' title='bbox 2778 1792 2896 1830; x_wconf 90' lang='lat' dir='ltr'><strong>cum</strong></span> <span class='ocrx_word' id='word_1_339' title='bbox 2934 1778 3007 1829; x_wconf 88' lang='lat' dir='ltr'><strong>ait</strong></span> <span class='ocrx_word' id='word_1_340' title='bbox 3038 1795 3049 1829; x_wconf 90' lang='lat'><strong><em>:</em></strong></span> <span class='ocrx_word' id='word_1_341' title='bbox 3081 1788 3129 1829; x_wconf 85' lang='lat' dir='ltr'><strong>et</strong></span> <span class='ocrx_word' id='word_1_342' title='bbox 3168 1786 3221 1829; x_wconf 84' lang='lat' dir='ltr'><strong>ut</strong></span> <span class='ocrx_word' id='word_1_343' title='bbox 3269 1778 3451 1831; x_wconf 83' lang='lat' dir='ltr'><strong>darent</strong></span> <span class='ocrx_word' id='word_1_344' title='bbox 3490 1778 3719 1841; x_wconf 76' lang='lat' dir='ltr'><strong>hostium,</strong></span> 
     </span>
    </p>
   </div>
   <div class='ocr_carea' id='block_1_47' title="bbox 2168 1864 3723 1937">
    <p class='ocr_par' dir='ltr' id='par_1_47' title="bbox 2168 1864 3723 1937">
     <span class='ocr_line' id='line_1_47' title="bbox 2168 1864 3723 1937; baseline 0.001 -19"><span class='ocrx_word' id='word_1_345' title='bbox 2168 1864 2443 1918; x_wconf 79' lang='lat' dir='ltr'><strong>secundant</strong></span> <span class='ocrx_word' id='word_1_346' title='bbox 2484 1865 2617 1935; x_wconf 83' lang='lat' dir='ltr'><strong>quod</strong></span> <span class='ocrx_word' id='word_1_347' title='bbox 2660 1866 2847 1918; x_wconf 78' lang='lat' dir='ltr'><strong>dictant</strong></span> <span class='ocrx_word' id='word_1_348' title='bbox 2887 1876 2960 1919; x_wconf 76' lang='lat' dir='ltr'><strong>est</strong></span> <span class='ocrx_word' id='word_1_349' title='bbox 2986 1868 3037 1919; x_wconf 90' lang='lat' dir='ltr'><strong>in</strong></span> <span class='ocrx_word' id='word_1_350' title='bbox 3061 1866 3167 1937; x_wconf 80' lang='lat' dir='ltr'><strong>lege</strong></span> <span class='ocrx_word' id='word_1_351' title='bbox 3198 1865 3427 1932; x_wconf 91' lang='lat' dir='ltr'><strong>Domini,</strong></span> <span class='ocrx_word' id='word_1_352' title='bbox 3458 1884 3549 1933; x_wconf 71' lang='lat' dir='ltr'><strong>par</strong></span> <span class='ocrx_word' id='word_1_353' title='bbox 3570 1876 3723 1919; x_wconf 85' lang='lat' dir='ltr'><strong>turtu-</strong></span> 
     </span>
    </p>
   </div>
   <div class='ocr_carea' id='block_1_48' title="bbox 2170 1955 3723 2028">
    <p class='ocr_par' dir='ltr' id='par_1_48' title="bbox 2170 1955 3723 2028">
     <span class='ocr_line' id='line_1_48' title="bbox 2170 1955 3723 2028; baseline 0.003 -21"><span class='ocrx_word' id='word_1_354' title='bbox 2170 1972 2278 2008; x_wconf 84' lang='lat' dir='ltr'><strong>rum</strong></span> <span class='ocrx_word' id='word_1_355' title='bbox 2309 1965 2395 2008; x_wconf 86' lang='lat' dir='ltr'><strong>aut</strong></span> <span class='ocrx_word' id='word_1_356' title='bbox 2422 1955 2548 2009; x_wconf 81' lang='lat' dir='ltr'><strong>duos</strong></span> <span class='ocrx_word' id='word_1_357' title='bbox 2572 1956 2736 2026; x_wconf 73' lang='lat' dir='ltr'><strong>pullos</strong></span> <span class='ocrx_word' id='word_1_358' title='bbox 2762 1957 3108 2011; x_wconf 75' lang='lat' dir='ltr'><strong>columbarum</strong></span> <span class='ocrx_word' id='word_1_359' title='bbox 3140 1955 3286 2026; x_wconf 86' lang='lat' dir='ltr'><strong>(an.</strong></span> <span class='ocrx_word' id='word_1_360' title='bbox 3317 1957 3396 2026; x_wconf 90' lang='grc' dir='ltr'>ιι).</span> <span class='ocrx_word' id='word_1_361' title='bbox 3429 1956 3540 2011; x_wconf 76' lang='lat' dir='ltr'><strong>.lam</strong></span> <span class='ocrx_word' id='word_1_362' title='bbox 3569 1973 3723 2028; x_wconf 86' lang='lat' dir='ltr'><strong>supe-</strong></span> 
     </span>
    </p>
   </div>
   <div class='ocr_carea' id='block_1_49' title="bbox 2170 2046 3723 2118">
    <p class='ocr_par' dir='ltr' id='par_1_49' title="bbox 2170 2046 3723 2118">
     <span class='ocr_line' id='line_1_49' title="bbox 2170 2046 3723 2118; baseline 0.001 -17"><span class='ocrx_word' id='word_1_363' title='bbox 2170 2048 2279 2102; x_wconf 87' lang='lat' dir='ltr'><strong>rius</strong></span> <span class='ocrx_word' id='word_1_364' title='bbox 2316 2046 2537 2102; x_wconf 88' lang='lat' dir='ltr'><strong>audistis</strong></span> <span class='ocrx_word' id='word_1_365' title='bbox 2561 2048 2701 2115; x_wconf 91' lang='lat' dir='ltr'><strong>quod</strong></span> <span class='ocrx_word' id='word_1_366' title='bbox 2731 2048 2813 2103; x_wconf 87' lang='lat' dir='ltr'><strong>lex</strong></span> <span class='ocrx_word' id='word_1_367' title='bbox 2848 2049 2915 2101; x_wconf 89' lang='lat' dir='ltr'><strong>ita</strong></span> <span class='ocrx_word' id='word_1_368' title='bbox 2943 2050 3192 2118; x_wconf 68' lang='lat' dir='ltr'><strong>prmcepit</strong></span> <span class='ocrx_word' id='word_1_369' title='bbox 3216 2058 3289 2101; x_wconf 7' lang='lat' dir='ltr'><strong>aut</strong></span> <span class='ocrx_word' id='word_1_370' title='bbox 3322 2050 3413 2117; x_wconf 88' lang='lat' dir='ltr'><strong>qui</strong></span> <span class='ocrx_word' id='word_1_371' title='bbox 3442 2049 3607 2117; x_wconf 81' lang='lat' dir='ltr'><strong>possit</strong></span> <span class='ocrx_word' id='word_1_372' title='bbox 3635 2064 3723 2117; x_wconf 90' lang='lat' dir='ltr'><strong>pro</strong></span> 
     </span>
    </p>
   </div>
   <div class='ocr_carea' id='block_1_50' title="bbox 2172 2137 3725 2207">
    <p class='ocr_par' dir='ltr' id='par_1_50' title="bbox 2172 2137 3725 2207">
     <span class='ocr_line' id='line_1_50' title="bbox 2172 2137 3725 2207; baseline 0.003 -20"><span class='ocrx_word' id='word_1_373' title='bbox 2172 2138 2303 2200; x_wconf 89' lang='lat' dir='ltr'><strong>tilio,</strong></span> <span class='ocrx_word' id='word_1_374' title='bbox 2328 2139 2413 2191; x_wconf 88' lang='lat' dir='ltr'><strong>die</strong></span> <span class='ocrx_word' id='word_1_375' title='bbox 2452 2137 2874 2205; x_wconf 80' lang='lat' dir='ltr'><strong>quadragesimo,</strong></span> <span class='ocrx_word' id='word_1_376' title='bbox 2905 2138 3133 2207; x_wconf 85' lang='lat' dir='ltr'><strong>pro‘lilia</strong></span> <span class='ocrx_word' id='word_1_377' title='bbox 3165 2154 3293 2193; x_wconf 90' lang='lat' dir='ltr'><strong>vero</strong></span> <span class='ocrx_word' id='word_1_378' title='bbox 3324 2139 3411 2194; x_wconf 90' lang='lat' dir='ltr'><strong>die</strong></span> <span class='ocrx_word' id='word_1_379' title='bbox 3448 2138 3515 2192; x_wconf 89' lang='lat'><strong>80</strong></span> <span class='ocrx_word' id='word_1_380' title='bbox 3542 2140 3725 2191; x_wconf 82' lang='lat' dir='ltr'><strong>nativi-</strong></span> 
     </span>
    </p>
   </div>
   <div class='ocr_carea' id='block_1_51' title="bbox 2171 2227 3724 2294">
    <p class='ocr_par' dir='ltr' id='par_1_51' title="bbox 2171 2227 3724 2294">
     <span class='ocr_line' id='line_1_51' title="bbox 2171 2227 3724 2294; baseline 0.001 -16"><span class='ocrx_word' id='word_1_381' title='bbox 2171 2227 2312 2290; x_wconf 68' lang='lat' dir='ltr'><strong>tatis,</strong></span> <span class='ocrx_word' id='word_1_382' title='bbox 2339 2227 2557 2279; x_wconf 76' lang='lat' dir='ltr'><strong>od‘erret</strong></span> <span class='ocrx_word' id='word_1_383' title='bbox 2585 2241 2776 2294; x_wconf 77' lang='lat' dir='ltr'><strong>agnum</strong></span> <span class='ocrx_word' id='word_1_384' title='bbox 2796 2229 3100 2283; x_wconf 81' lang='lat' dir='ltr'><strong>anniculam</strong></span> <span class='ocrx_word' id='word_1_385' title='bbox 3129 2230 3519 2294; x_wconf 87' lang='lat' dir='ltr'><strong>holocaustum,</strong></span> <span class='ocrx_word' id='word_1_386' title='bbox 3547 2240 3600 2284; x_wconf 89' lang='lat' dir='ltr'><strong>et</strong></span> <span class='ocrx_word' id='word_1_387' title='bbox 3623 2238 3724 2281; x_wconf 89' lang='lat' dir='ltr'><strong>tur-</strong></span> 
     </span>
    </p>
   </div>
   <div class='ocr_carea' id='block_1_52' title="bbox 2171 2315 3723 2389">
    <p class='ocr_par' dir='ltr' id='par_1_52' title="bbox 2171 2315 3723 2389">
     <span class='ocr_line' id='line_1_52' title="bbox 2171 2315 3723 2389; baseline 0.004 -22"><span class='ocrx_word' id='word_1_388' title='bbox 2171 2324 2341 2368; x_wconf 90' lang='lat' dir='ltr'><strong>turem</strong></span> <span class='ocrx_word' id='word_1_389' title='bbox 2392 2315 2501 2368; x_wconf 87' lang='lat' dir='ltr'><strong>sive</strong></span> <span class='ocrx_word' id='word_1_390' title='bbox 2546 2316 2748 2385; x_wconf 92' lang='lat' dir='ltr'><strong>pullum</strong></span> <span class='ocrx_word' id='word_1_391' title='bbox 2797 2317 3057 2370; x_wconf 65' lang='lat' dir='ltr'><strong>columlte</strong></span> <span class='ocrx_word' id='word_1_392' title='bbox 3104 2335 3199 2387; x_wconf 92' lang='lat' dir='ltr'><strong>pro</strong></span> <span class='ocrx_word' id='word_1_393' title='bbox 3249 2332 3469 2388; x_wconf 86' lang='lat' dir='ltr'><strong>peccato</strong></span> <span class='ocrx_word' id='word_1_394' title='bbox 3503 2323 3583 2374; x_wconf 91' lang='lat' dir='ltr'><strong>:si</strong></span> <span class='ocrx_word' id='word_1_395' title='bbox 3613 2321 3723 2389; x_wconf 87' lang='lat' dir='ltr'><strong>quis</strong></span> 
     </span>
    </p>
   </div>
   <div class='ocr_carea' id='block_1_53' title="bbox 2170 2402 3721 2478">
    <p class='ocr_par' dir='ltr' id='par_1_53' title="bbox 2170 2402 3721 2478">
     <span class='ocr_line' id='line_1_53' title="bbox 2170 2402 3721 2478; baseline 0.004 -22"><span class='ocrx_word' id='word_1_396' title='bbox 2170 2414 2343 2457; x_wconf 90' lang='lat' dir='ltr'><strong>autem</strong></span> <span class='ocrx_word' id='word_1_397' title='bbox 2375 2420 2569 2472; x_wconf 76' lang='lat' dir='ltr'><strong>agnum</strong></span> <span class='ocrx_word' id='word_1_398' title='bbox 2610 2406 2847 2460; x_wconf 86' lang='lat' dir='ltr'><strong>invenire</strong></span> <span class='ocrx_word' id='word_1_399' title='bbox 2895 2402 3155 2478; x_wconf 87' lang='lat' dir='ltr'><strong>nequiret,</strong></span> <span class='ocrx_word' id='word_1_400' title='bbox 3199 2409 3333 2463; x_wconf 91' lang='lat' dir='ltr'><strong>duos</strong></span> <span class='ocrx_word' id='word_1_401' title='bbox 3374 2418 3606 2463; x_wconf 87' lang='lat' dir='ltr'><strong>turtures</strong></span> <span class='ocrx_word' id='word_1_402' title='bbox 3645 2411 3721 2462; x_wconf 88' lang='lat' dir='ltr'><strong>vel</strong></span> 
     </span>
    </p>
   </div>
   <div class='ocr_carea' id='block_1_54' title="bbox 2168 2496 3721 2565">
    <p class='ocr_par' dir='ltr' id='par_1_54' title="bbox 2168 2496 3721 2565">
     <span class='ocr_line' id='line_1_54' title="bbox 2168 2496 3721 2565; baseline 0.003 -16"><span class='ocrx_word' id='word_1_403' title='bbox 2168 2496 2299 2549; x_wconf 92' lang='lat' dir='ltr'><strong>duos</strong></span> <span class='ocrx_word' id='word_1_404' title='bbox 2321 2496 2491 2564; x_wconf 88' lang='lat' dir='ltr'><strong>pullos</strong></span> <span class='ocrx_word' id='word_1_405' title='bbox 2513 2496 2791 2565; x_wconf 75' lang='lat' dir='ltr'><strong>eolumhte,</strong></span> <span class='ocrx_word' id='word_1_406' title='bbox 2822 2513 2981 2552; x_wconf 90' lang='lat' dir='ltr'><strong>unum</strong></span> <span class='ocrx_word' id='word_1_407' title='bbox 3013 2498 3063 2552; x_wconf 90' lang='lat' dir='ltr'><strong>iu</strong></span> <span class='ocrx_word' id='word_1_408' title='bbox 3088 2498 3478 2563; x_wconf 85' lang='lat' dir='ltr'><strong>holocaustum,</strong></span> <span class='ocrx_word' id='word_1_409' title='bbox 3506 2512 3559 2554; x_wconf 87' lang='lat' dir='ltr'><strong>et</strong></span> <span class='ocrx_word' id='word_1_410' title='bbox 3597 2500 3721 2553; x_wconf 85' lang='lat' dir='ltr'><strong>alte-</strong></span> 
     </span>
    </p>
   </div>
   <div class='ocr_carea' id='block_1_55' title="bbox 2169 2590 3723 2657">
    <p class='ocr_par' dir='ltr' id='par_1_55' title="bbox 2169 2590 3723 2657">
     <span class='ocr_line' id='line_1_55' title="bbox 2169 2590 3723 2657; baseline 0.002 -16"><span class='ocrx_word' id='word_1_411' title='bbox 2169 2604 2283 2641; x_wconf 92' lang='lat' dir='ltr'><strong>rum</strong></span> <span class='ocrx_word' id='word_1_412' title='bbox 2308 2604 2405 2657; x_wconf 91' lang='lat' dir='ltr'><strong>pro</strong></span> <span class='ocrx_word' id='word_1_413' title='bbox 2427 2599 2651 2657; x_wconf 85' lang='lat' dir='ltr'><strong>peccato</strong></span> <span class='ocrx_word' id='word_1_414' title='bbox 2680 2591 2914 2645; x_wconf 83' lang='lat' dir='ltr'><strong>oll&#39;erret.</strong></span> <span class='ocrx_word' id='word_1_415' title='bbox 2940 2590 3088 2646; x_wconf 86' lang='lat' dir='ltr'><strong>Unde</strong></span> <span class='ocrx_word' id='word_1_416' title='bbox 3110 2592 3209 2646; x_wconf 88' lang='lat' dir='ltr'><strong>hac</strong></span> <span class='ocrx_word' id='word_1_417' title='bbox 3233 2593 3562 2647; x_wconf 86' lang='lat' dir='ltr'><strong>considerata</strong></span> <span class='ocrx_word' id='word_1_418' title='bbox 3586 2594 3723 2646; x_wconf 61' lang='lat' dir='ltr'><strong>obla.</strong></span> 
     </span>
    </p>
   </div>
   <div class='ocr_carea' id='block_1_56' title="bbox 2171 2678 3724 2759">
    <p class='ocr_par' dir='ltr' id='par_1_56' title="bbox 2171 2678 3724 2759">
     <span class='ocr_line' id='line_1_56' title="bbox 2171 2678 3724 2759; baseline 0.003 -29"><span class='ocrx_word' id='word_1_419' title='bbox 2171 2678 2313 2731; x_wconf 90' lang='lat' dir='ltr'><strong>tione</strong></span> <span class='ocrx_word' id='word_1_420' title='bbox 2337 2694 2455 2744; x_wconf 72' lang='lat' dir='ltr'><strong>qua:</strong></span> <span class='ocrx_word' id='word_1_421' title='bbox 2483 2694 2579 2747; x_wconf 90' lang='lat' dir='ltr'><strong>pro</strong></span> <span class='ocrx_word' id='word_1_422' title='bbox 2608 2679 2833 2759; x_wconf 86' lang='lat' dir='ltr'><strong>Domino</strong></span> <span class='ocrx_word' id='word_1_423' title='bbox 2857 2682 3097 2739; x_wconf 70' lang='lat' dir='ltr'><strong>oflertur.</strong></span> <span class='ocrx_word' id='word_1_424' title='bbox 3126 2682 3285 2737; x_wconf 86' lang='lat' dir='ltr'><strong>etiam</strong></span> <span class='ocrx_word' id='word_1_425' title='bbox 3311 2694 3593 2751; x_wconf 88' lang='lat' dir='ltr'><strong>paupertas</strong></span> <span class='ocrx_word' id='word_1_426' title='bbox 3621 2698 3724 2734; x_wconf 84' lang='lat' dir='ltr'><strong>ma-</strong></span> 
     </span>
    </p>
   </div>
   <div class='ocr_carea' id='block_1_57' title="bbox 2170 2767 3722 2841">
    <p class='ocr_par' dir='ltr' id='par_1_57' title="bbox 2170 2767 3722 2841">
     <span class='ocr_line' id='line_1_57' title="bbox 2170 2767 3722 2841; baseline 0.001 -20"><span class='ocrx_word' id='word_1_427' title='bbox 2170 2768 2263 2821; x_wconf 91' lang='lat' dir='ltr'><strong>tris</strong></span> <span class='ocrx_word' id='word_1_428' title='bbox 2288 2767 2561 2824; x_wconf 71' lang='lat' dir='ltr'><strong>oll‘erentis</strong></span> <span class='ocrx_word' id='word_1_429' title='bbox 2589 2770 2978 2835; x_wconf 87' lang='lat' dir='ltr'><strong>consideratur,</strong></span> <span class='ocrx_word' id='word_1_430' title='bbox 3006 2771 3126 2839; x_wconf 87' lang='lat' dir='ltr'><strong>quia</strong></span> <span class='ocrx_word' id='word_1_431' title='bbox 3168 2786 3499 2841; x_wconf 86' lang='lat' dir='ltr'><strong>nequaquam</strong></span> <span class='ocrx_word' id='word_1_432' title='bbox 3540 2787 3722 2833; x_wconf 81' lang='lat' dir='ltr'><strong>agnum</strong></span> 
     </span>
    </p>
   </div>
   <div class='ocr_carea' id='block_1_58' title="bbox 2169 2860 3724 2929">
    <p class='ocr_par' dir='ltr' id='par_1_58' title="bbox 2169 2860 3724 2929">
     <span class='ocr_line' id='line_1_58' title="bbox 2169 2860 3724 2929; baseline 0.003 -19"><span class='ocrx_word' id='word_1_433' title='bbox 2169 2862 2402 2927; x_wconf 90' lang='lat' dir='ltr'><strong>reperire</strong></span> <span class='ocrx_word' id='word_1_434' title='bbox 2428 2860 2616 2928; x_wconf 81' lang='lat' dir='ltr'><strong>putuit,</strong></span> <span class='ocrx_word' id='word_1_435' title='bbox 2650 2876 2766 2929; x_wconf 70' lang='lat' dir='ltr'><strong>quae</strong></span> <span class='ocrx_word' id='word_1_436' title='bbox 2790 2862 2925 2916; x_wconf 88' lang='lat' dir='ltr'><strong>duos</strong></span> <span class='ocrx_word' id='word_1_437' title='bbox 2968 2871 3172 2915; x_wconf 89' lang='lat' dir='ltr'><strong>tantum</strong></span> <span class='ocrx_word' id='word_1_438' title='bbox 3221 2872 3452 2917; x_wconf 87' lang='lat' dir='ltr'><strong>turtures</strong></span> <span class='ocrx_word' id='word_1_439' title='bbox 3491 2863 3572 2914; x_wconf 68' lang='lat' dir='ltr'><strong>vel</strong></span> <span class='ocrx_word' id='word_1_440' title='bbox 3600 2863 3724 2916; x_wconf 90' lang='lat' dir='ltr'><strong>duos</strong></span> 
     </span>
    </p>
   </div>
   <div class='ocr_carea' id='block_1_59' title="bbox 2169 2950 3720 3022">
    <p class='ocr_par' dir='ltr' id='par_1_59' title="bbox 2169 2950 3720 3022">
     <span class='ocr_line' id='line_1_59' title="bbox 2169 2950 3720 3022; baseline 0.002 -19"><span class='ocrx_word' id='word_1_441' title='bbox 2169 2950 2339 3018; x_wconf 90' lang='lat' dir='ltr'><strong>pullos</strong></span> <span class='ocrx_word' id='word_1_442' title='bbox 2366 2952 2627 3006; x_wconf 67' lang='lat' dir='ltr'><strong>columba:</strong></span> <span class='ocrx_word' id='word_1_443' title='bbox 2657 2952 2867 3005; x_wconf 88' lang='lat' dir='ltr'><strong>obtulit.</strong></span> <span class='ocrx_word' id='word_1_444' title='bbox 2899 2956 2943 3004; x_wconf 87' lang='grc' dir='ltr'>υ</span> <span class='ocrx_word' id='word_1_445' title='bbox 2967 2952 3291 3007; x_wconf 87' lang='lat' dir='ltr'><strong>admirabilis</strong></span> <span class='ocrx_word' id='word_1_446' title='bbox 3323 2968 3418 3022; x_wconf 90' lang='lat' dir='ltr'><strong>per</strong></span> <span class='ocrx_word' id='word_1_447' title='bbox 3442 2955 3617 3008; x_wconf 87' lang='lat' dir='ltr'><strong>omnia</strong></span> <span class='ocrx_word' id='word_1_448' title='bbox 3646 2956 3720 3007; x_wconf 88' lang='lat' dir='ltr'><strong>di-</strong></span> 
     </span>
    </p>
   </div>
   <div class='ocr_carea' id='block_1_60' title="bbox 2168 3041 3721 3111">
    <p class='ocr_par' dir='ltr' id='par_1_60' title="bbox 2168 3041 3721 3111">
     <span class='ocr_line' id='line_1_60' title="bbox 2168 3041 3721 3111; baseline 0.003 -19"><span class='ocrx_word' id='word_1_449' title='bbox 2168 3042 2302 3093; x_wconf 59' lang='lat' dir='ltr'><strong>vinae</strong></span> <span class='ocrx_word' id='word_1_450' title='bbox 2357 3041 2685 3110; x_wconf 85' lang='lat' dir='ltr'><strong>dispensatio</strong></span> <span class='ocrx_word' id='word_1_451' title='bbox 2740 3042 3097 3111; x_wconf 81' lang='lat' dir='ltr'><strong>dignationis!</strong></span> <span class='ocrx_word' id='word_1_452' title='bbox 3145 3044 3189 3099; x_wconf 86' lang='lat'>0</span> <span class='ocrx_word' id='word_1_453' title='bbox 3231 3045 3435 3099; x_wconf 88' lang='lat' dir='ltr'><strong>cunctis</strong></span> <span class='ocrx_word' id='word_1_454' title='bbox 3477 3044 3721 3098; x_wconf 85' lang='lat' dir='ltr'><strong>imitanda</strong></span> 
     </span>
    </p>
   </div>
   <div class='ocr_carea' id='block_1_61' title="bbox 503 3114 2066 3210">
    <p class='ocr_par' dir='ltr' id='par_1_61' title="bbox 503 3142 2062 3210">
     <span class='ocr_line' id='line_1_61' title="bbox 503 3142 2062 3210; baseline 0.007 -20"><span class='ocrx_word' id='word_1_455' title='bbox 503 3151 632 3205; x_wconf 87' lang='lat' dir='ltr'><strong>tem,</strong></span> <span class='ocrx_word' id='word_1_456' title='bbox 672 3150 765 3194; x_wconf 90' lang='lat' dir='ltr'><strong>aut</strong></span> <span class='ocrx_word' id='word_1_457' title='bbox 790 3142 999 3197; x_wconf 91' lang='lat' dir='ltr'><strong>mundis</strong></span> <span class='ocrx_word' id='word_1_458' title='bbox 1031 3153 1505 3210; x_wconf 89' lang='lat' dir='ltr'><strong>commutarentur,</strong></span> <span class='ocrx_word' id='word_1_459' title='bbox 1549 3155 1640 3200; x_wconf 85' lang='lat' dir='ltr'><strong>aut</strong></span> <span class='ocrx_word' id='word_1_460' title='bbox 1666 3148 1799 3201; x_wconf 78' lang='lat' dir='ltr'><strong>intra</strong></span> <span class='ocrx_word' id='word_1_461' title='bbox 1826 3163 2062 3202; x_wconf 90' lang='lat' dir='ltr'><strong>mensem</strong></span> 
     </span>
    </p>
   </div>
   <div class='ocr_carea' id='block_1_62' title="bbox 2168 3114 3720 3210">
    <p class='ocr_par' dir='ltr' id='par_1_62' title="bbox 2172 3130 3720 3203">
     <span class='ocr_line' id='line_1_62' title="bbox 2172 3130 3720 3203; baseline 0.001 -21"><span class='ocrx_word' id='word_1_462' title='bbox 2172 3130 2412 3184; x_wconf 71' lang='lat' dir='ltr'><strong>lidvlibus</strong></span> <span class='ocrx_word' id='word_1_463' title='bbox 2450 3132 2720 3186; x_wconf 89' lang='lat' dir='ltr'><strong>humilitas</strong></span> <span class='ocrx_word' id='word_1_464' title='bbox 2758 3132 2828 3203; x_wconf 91' lang='lat' dir='ltr'><strong>pii</strong></span> <span class='ocrx_word' id='word_1_465' title='bbox 2878 3131 3201 3186; x_wconf 87' lang='lat' dir='ltr'><strong>Salvatoris!</strong></span> <span class='ocrx_word' id='word_1_466' title='bbox 3231 3130 3275 3186; x_wconf 92' lang='grc' dir='ltr'>Ο</span> <span class='ocrx_word' id='word_1_467' title='bbox 3305 3134 3720 3202; x_wconf 73' lang='lat' dir='ltr'><strong>amplectendam</strong></span> 
     </span>
    </p>
   </div>
   <div class='ocr_carea' id='block_1_63' title="bbox 500 3229 2063 3309">
    <p class='ocr_par' dir='ltr' id='par_1_63' title="bbox 500 3229 2063 3309">
     <span class='ocr_line' id='line_1_63' title="bbox 500 3229 2063 3309; baseline 0.006 -27"><span class='ocrx_word' id='word_1_468' title='bbox 500 3229 733 3300; x_wconf 77' lang='lat' dir='ltr'><strong>quinque</strong></span> <span class='ocrx_word' id='word_1_469' title='bbox 760 3232 902 3286; x_wconf 86' lang='lat' dir='ltr'><strong>siclis</strong></span> <span class='ocrx_word' id='word_1_470' title='bbox 928 3234 1135 3301; x_wconf 87' lang='lat' dir='ltr'><strong>argenti</strong></span> <span class='ocrx_word' id='word_1_471' title='bbox 1165 3235 1572 3301; x_wconf 89' lang='lat' dir='ltr'><strong>redimerentur,</strong></span> <span class='ocrx_word' id='word_1_472' title='bbox 1604 3247 1697 3291; x_wconf 90' lang='lat' dir='ltr'><strong>aut</strong></span> <span class='ocrx_word' id='word_1_473' title='bbox 1720 3244 1869 3309; x_wconf 75' lang='lat' dir='ltr'><strong>certe</strong></span> <span class='ocrx_word' id='word_1_474' title='bbox 1896 3239 2063 3292; x_wconf 86' lang='lat' dir='ltr'><strong>inter-</strong></span> 
     </span>
    </p>
   </div>
   <div class='ocr_carea' id='block_1_64' title="bbox 501 3319 2065 3395">
    <p class='ocr_par' dir='ltr' id='par_1_64' title="bbox 501 3319 2065 3395">
     <span class='ocr_line' id='line_1_64' title="bbox 501 3319 2065 3395; baseline 0.007 -24"><span class='ocrx_word' id='word_1_475' title='bbox 501 3319 785 3377; x_wconf 81' lang='lat' dir='ltr'><strong>ﬁcerentur</strong></span> <span class='ocrx_word' id='word_1_476' title='bbox 802 3321 996 3389; x_wconf 75' lang='lat' dir='ltr'><strong>(Exod.</strong></span> <span class='ocrx_word' id='word_1_477' title='bbox 1018 3327 1152 3387; x_wconf 86' lang='lat' dir='ltr'><strong>xm).</strong></span> <span class='ocrx_word' id='word_1_478' title='bbox 1179 3323 1245 3378; x_wconf 84' lang='lat' dir='ltr'><strong>Et</strong></span> <span class='ocrx_word' id='word_1_479' title='bbox 1271 3324 1374 3379; x_wconf 90' lang='lat' dir='ltr'><strong>hoc</strong></span> <span class='ocrx_word' id='word_1_480' title='bbox 1394 3337 1475 3378; x_wconf 89' lang='lat' dir='ltr'><strong>est</strong></span> <span class='ocrx_word' id='word_1_481' title='bbox 1496 3327 1647 3393; x_wconf 80' lang='lat' dir='ltr'><strong>juxta</strong></span> <span class='ocrx_word' id='word_1_482' title='bbox 1676 3328 1902 3381; x_wconf 89' lang='lat' dir='ltr'><strong>litteram</strong></span> <span class='ocrx_word' id='word_1_483' title='bbox 1924 3328 2065 3395; x_wconf 87' lang='lat' dir='ltr'><strong>quod</strong></span> 
     </span>
    </p>
   </div>
   <div class='ocr_carea' id='block_1_65' title="bbox 497 3410 2064 3489">
    <p class='ocr_par' dir='ltr' id='par_1_65' title="bbox 497 3410 2064 3489">
     <span class='ocr_line' id='line_1_65' title="bbox 497 3410 2064 3489; baseline 0.003 -24"><span class='ocrx_word' id='word_1_484' title='bbox 497 3410 709 3476; x_wconf 84' lang='lat' dir='ltr'><strong>dicitur,</strong></span> <span class='ocrx_word' id='word_1_485' title='bbox 758 3412 877 3482; x_wconf 82' lang='lat' dir='ltr'><strong>quia</strong></span> <span class='ocrx_word' id='word_1_486' title='bbox 926 3428 1075 3467; x_wconf 88' lang='lat' dir='ltr'><strong>omne</strong></span> <span class='ocrx_word' id='word_1_487' title='bbox 1116 3417 1452 3489; x_wconf 71' lang='lat' dir='ltr'><strong>masculinum</strong></span> <span class='ocrx_word' id='word_1_488' title='bbox 1497 3416 1800 3486; x_wconf 73' lang='lat' dir='ltr'><strong>adaperiens</strong></span> <span class='ocrx_word' id='word_1_489' title='bbox 1846 3418 2064 3487; x_wconf 83' lang='lat' dir='ltr'><strong>vulvam,</strong></span> 
     </span>
    </p>
   </div>
   <div class='ocr_carea' id='block_1_66' title="bbox 496 3501 2065 3564">
    <p class='ocr_par' dir='ltr' id='par_1_66' title="bbox 496 3501 2065 3564">
     <span class='ocr_line' id='line_1_66' title="bbox 496 3501 2065 3564; baseline 0.005 -9"><span class='ocrx_word' id='word_1_490' title='bbox 496 3510 730 3555; x_wconf 75' lang='lat' dir='ltr'><strong>sanctum</strong></span> <span class='ocrx_word' id='word_1_491' title='bbox 761 3501 980 3557; x_wconf 86' lang='lat' dir='ltr'><strong>Domino</strong></span> <span class='ocrx_word' id='word_1_492' title='bbox 1001 3504 1279 3559; x_wconf 85' lang='lat' dir='ltr'><strong>vocabitur.</strong></span> <span class='ocrx_word' id='word_1_493' title='bbox 1303 3506 1471 3560; x_wconf 82' lang='lat' dir='ltr'><strong>Omne</strong></span> <span class='ocrx_word' id='word_1_494' title='bbox 1496 3508 1642 3563; x_wconf 90' lang='lat' dir='ltr'><strong>scilic</strong></span> <span class='ocrx_word' id='word_1_495' title='bbox 1677 3509 2065 3564; x_wconf 90' lang='lat' dir='ltr'><strong>tmaseulinum</strong></span> 
     </span>
    </p>
   </div>
   <div class='ocr_carea' id='block_1_67' title="bbox 499 3592 2067 3668">
    <p class='ocr_par' dir='ltr' id='par_1_67' title="bbox 499 3592 2067 3668">
     <span class='ocr_line' id='line_1_67' title="bbox 499 3592 2067 3668; baseline 0.006 -22"><span class='ocrx_word' id='word_1_496' title='bbox 499 3601 606 3646; x_wconf 80' lang='lat' dir='ltr'><strong>tam</strong></span> <span class='ocrx_word' id='word_1_497' title='bbox 638 3592 704 3647; x_wconf 90' lang='lat' dir='ltr'><strong>de</strong></span> <span class='ocrx_word' id='word_1_498' title='bbox 732 3593 1034 3649; x_wconf 78' lang='lat' dir='ltr'><strong>hominibus</strong></span> <span class='ocrx_word' id='word_1_499' title='bbox 1080 3607 1239 3663; x_wconf 86' lang='lat' dir='ltr'><strong>quam</strong></span> <span class='ocrx_word' id='word_1_500' title='bbox 1280 3597 1347 3650; x_wconf 88' lang='lat' dir='ltr'><strong>de</strong></span> <span class='ocrx_word' id='word_1_501' title='bbox 1399 3598 1699 3667; x_wconf 87' lang='lat' dir='ltr'><strong>pecoribus,</strong></span> <span class='ocrx_word' id='word_1_502' title='bbox 1752 3600 2067 3668; x_wconf 88' lang='lat' dir='ltr'><strong>adaperiens</strong></span> 
     </span>
    </p>
   </div>
   <div class='ocr_carea' id='block_1_68' title="bbox 500 3684 2062 3756">
    <p class='ocr_par' dir='ltr' id='par_1_68' title="bbox 500 3684 2062 3756">
     <span class='ocr_line' id='line_1_68' title="bbox 500 3684 2062 3756; baseline 0.007 -22"><span class='ocrx_word' id='word_1_503' title='bbox 500 3684 733 3748; x_wconf 86' lang='lat' dir='ltr'><strong>vulvam,</strong></span> <span class='ocrx_word' id='word_1_504' title='bbox 764 3695 996 3738; x_wconf 78' lang='lat' dir='ltr'><strong>sanctum</strong></span> <span class='ocrx_word' id='word_1_505' title='bbox 1022 3684 1243 3741; x_wconf 84' lang='lat' dir='ltr'><strong>Domino</strong></span> <span class='ocrx_word' id='word_1_506' title='bbox 1273 3688 1554 3756; x_wconf 81' lang='lat' dir='ltr'><strong>vocabitur,</strong></span> <span class='ocrx_word' id='word_1_507' title='bbox 1585 3690 1632 3744; x_wconf 89' lang='lat' dir='ltr'><strong>id</strong></span> <span class='ocrx_word' id='word_1_508' title='bbox 1655 3700 1754 3754; x_wconf 91' lang='lat' dir='ltr'><strong>est,</strong></span> <span class='ocrx_word' id='word_1_509' title='bbox 1784 3692 1834 3745; x_wconf 90' lang='lat' dir='ltr'><strong>in</strong></span> <span class='ocrx_word' id='word_1_510' title='bbox 1859 3690 2062 3745; x_wconf 88' lang='lat' dir='ltr'><strong>Domini</strong></span> 
     </span>
    </p>
   </div>
   <div class='ocr_carea' id='block_1_69' title="bbox 498 3773 2064 3852">
    <p class='ocr_par' dir='ltr' id='par_1_69' title="bbox 498 3773 2064 3852">
     <span class='ocr_line' id='line_1_69' title="bbox 498 3773 2064 3852; baseline 0.007 -24"><span class='ocrx_word' id='word_1_511' title='bbox 498 3773 767 3828; x_wconf 89' lang='lat' dir='ltr'><strong>oblatione</strong></span> <span class='ocrx_word' id='word_1_512' title='bbox 790 3776 1172 3832; x_wconf 79' lang='lat' dir='ltr'><strong>sanctiﬁcatur.</strong></span> <span class='ocrx_word' id='word_1_513' title='bbox 1199 3778 1291 3834; x_wconf 90' lang='lat' dir='ltr'><strong>llis</strong></span> <span class='ocrx_word' id='word_1_514' title='bbox 1320 3790 1499 3834; x_wconf 87' lang='lat' dir='ltr'><strong>autem</strong></span> <span class='ocrx_word' id='word_1_515' title='bbox 1524 3783 1805 3852; x_wconf 78' lang='lat' dir='ltr'><strong>praeceptis</strong></span> <span class='ocrx_word' id='word_1_516' title='bbox 1828 3799 1923 3838; x_wconf 92' lang='lat' dir='ltr'><strong>nos</strong></span> <span class='ocrx_word' id='word_1_517' title='bbox 1951 3800 2064 3839; x_wconf 90' lang='lat' dir='ltr'><strong>mo-</strong></span> 
     </span>
    </p>
   </div>
   <div class='ocr_carea' id='block_1_70' title="bbox 498 3863 2064 3940">
    <p class='ocr_par' dir='ltr' id='par_1_70' title="bbox 498 3863 2064 3940">
     <span class='ocr_line' id='line_1_70' title="bbox 498 3863 2064 3940; baseline 0.007 -23"><span class='ocrx_word' id='word_1_518' title='bbox 498 3863 683 3925; x_wconf 82' lang='lat' dir='ltr'><strong>raliter</strong></span> <span class='ocrx_word' id='word_1_519' title='bbox 709 3864 1021 3921; x_wconf 91' lang='lat' dir='ltr'><strong>instruimur</strong></span> <span class='ocrx_word' id='word_1_520' title='bbox 1052 3877 1109 3923; x_wconf 92' lang='lat' dir='ltr'><strong>ut</strong></span> <span class='ocrx_word' id='word_1_521' title='bbox 1137 3871 1311 3924; x_wconf 87' lang='lat' dir='ltr'><strong>omnia</strong></span> <span class='ocrx_word' id='word_1_522' title='bbox 1353 3872 1705 3940; x_wconf 85' lang='lat' dir='ltr'><strong>primogenita</strong></span> <span class='ocrx_word' id='word_1_523' title='bbox 1737 3884 1919 3928; x_wconf 88' lang='lat' dir='ltr'><strong>nostra</strong></span> <span class='ocrx_word' id='word_1_524' title='bbox 1951 3889 2064 3927; x_wconf 89' lang='lat' dir='ltr'><strong>ma-</strong></span> 
     </span>
    </p>
   </div>
   <div class='ocr_carea' id='block_1_71' title="bbox 497 3953 2063 4032">
    <p class='ocr_par' dir='ltr' id='par_1_71' title="bbox 497 3953 2063 4032">
     <span class='ocr_line' id='line_1_71' title="bbox 497 3953 2063 4032; baseline 0.006 -23"><span class='ocrx_word' id='word_1_525' title='bbox 497 3953 698 4009; x_wconf 85' lang='lat' dir='ltr'><strong>sculina</strong></span> <span class='ocrx_word' id='word_1_526' title='bbox 729 3956 801 4026; x_wconf 91' lang='lat' dir='ltr'><strong>(id</strong></span> <span class='ocrx_word' id='word_1_527' title='bbox 832 3967 929 4019; x_wconf 84' lang='lat' dir='ltr'><strong>est,</strong></span> <span class='ocrx_word' id='word_1_528' title='bbox 966 3960 1281 4029; x_wconf 87' lang='lat' dir='ltr'><strong>principium</strong></span> <span class='ocrx_word' id='word_1_529' title='bbox 1313 3962 1572 4015; x_wconf 89' lang='lat' dir='ltr'><strong>bonorum</strong></span> <span class='ocrx_word' id='word_1_530' title='bbox 1600 3976 1845 4032; x_wconf 90' lang='lat' dir='ltr'><strong>operum,</strong></span> <span class='ocrx_word' id='word_1_531' title='bbox 1874 3972 1927 4018; x_wconf 90' lang='lat' dir='ltr'><strong>et</strong></span> <span class='ocrx_word' id='word_1_532' title='bbox 1955 3964 2063 4017; x_wconf 80' lang='lat' dir='ltr'><strong>for-</strong></span> 
     </span>
    </p>
   </div>
   <div class='ocr_carea' id='block_1_72' title="bbox 499 4043 2063 4118">
    <p class='ocr_par' dir='ltr' id='par_1_72' title="bbox 499 4043 2063 4118">
     <span class='ocr_line' id='line_1_72' title="bbox 499 4043 2063 4118; baseline 0.007 -22"><span class='ocrx_word' id='word_1_533' title='bbox 499 4043 569 4096; x_wconf 91' lang='lat' dir='ltr'><strong>tia</strong></span> <span class='ocrx_word' id='word_1_534' title='bbox 597 4059 820 4112; x_wconf 80' lang='lat' dir='ltr'><strong>qmeque</strong></span> <span class='ocrx_word' id='word_1_535' title='bbox 852 4048 1099 4102; x_wconf 83' lang='lat' dir='ltr'><strong>\irtutum</strong></span> <span class='ocrx_word' id='word_1_536' title='bbox 1119 4093 1134 4112; x_wconf 81' lang='grc'>,</span> <span class='ocrx_word' id='word_1_537' title='bbox 1167 4065 1285 4118; x_wconf 73' lang='lat' dir='ltr'><strong>qua:</strong></span> <span class='ocrx_word' id='word_1_538' title='bbox 1316 4051 1466 4118; x_wconf 87' lang='lat' dir='ltr'><strong>quasi</strong></span> <span class='ocrx_word' id='word_1_539' title='bbox 1496 4052 1673 4106; x_wconf 84' lang='lat' dir='ltr'><strong>cordis</strong></span> <span class='ocrx_word' id='word_1_540' title='bbox 1702 4051 1891 4107; x_wconf 72' lang='lat' dir='ltr'><strong>all‘ectu</strong></span> <span class='ocrx_word' id='word_1_541' title='bbox 1934 4070 2063 4108; x_wconf 87' lang='lat' dir='ltr'><strong>eon-</strong></span> 
     </span>
    </p>
   </div>
   <div class='ocr_carea' id='block_1_73' title="bbox 496 4135 2066 4210">
    <p class='ocr_par' dir='ltr' id='par_1_73' title="bbox 496 4135 2066 4210">
     <span class='ocr_line' id='line_1_73' title="bbox 496 4135 2066 4210; baseline 0.004 -20"><span class='ocrx_word' id='word_1_542' title='bbox 496 4135 770 4204; x_wconf 75' lang='lat' dir='ltr'><strong>cipimus),</strong></span> <span class='ocrx_word' id='word_1_543' title='bbox 799 4137 913 4206; x_wconf 89' lang='lat' dir='ltr'><strong>ipso</strong></span> <span class='ocrx_word' id='word_1_544' title='bbox 941 4139 1131 4194; x_wconf 82' lang='lat' dir='ltr'><strong>all‘ectu</strong></span> <span class='ocrx_word' id='word_1_545' title='bbox 1156 4139 1381 4195; x_wconf 90' lang='lat' dir='ltr'><strong>Domino</strong></span> <span class='ocrx_word' id='word_1_546' title='bbox 1403 4142 1688 4196; x_wconf 87' lang='lat' dir='ltr'><strong>oll&#39;er.unus</strong></span> <span class='ocrx_word' id='word_1_547' title='bbox 1713 4160 1724 4193; x_wconf 87' lang='lat'><strong><em>:</em></strong></span> <span class='ocrx_word' id='word_1_548' title='bbox 1754 4142 1804 4196; x_wconf 92' lang='lat' dir='ltr'><strong>id</strong></span> <span class='ocrx_word' id='word_1_549' title='bbox 1834 4152 1937 4210; x_wconf 91' lang='lat' dir='ltr'><strong>est,</strong></span> <span class='ocrx_word' id='word_1_550' title='bbox 1962 4159 2066 4197; x_wconf 89' lang='lat' dir='ltr'><strong>non</strong></span> 
     </span>
    </p>
   </div>
   <div class='ocr_carea' id='block_1_74' title="bbox 499 4228 2067 4302">
    <p class='ocr_par' dir='ltr' id='par_1_74' title="bbox 499 4228 2067 4302">
     <span class='ocr_line' id='line_1_74' title="bbox 499 4228 2067 4302; baseline 0.004 -21"><span class='ocrx_word' id='word_1_551' title='bbox 499 4228 696 4283; x_wconf 85' lang='lat' dir='ltr'><strong>nostris</strong></span> <span class='ocrx_word' id='word_1_552' title='bbox 736 4228 957 4293; x_wconf 90' lang='lat' dir='ltr'><strong>meritis,</strong></span> <span class='ocrx_word' id='word_1_553' title='bbox 1006 4230 1098 4284; x_wconf 90' lang='lat' dir='ltr'><strong>sed</strong></span> <span class='ocrx_word' id='word_1_554' title='bbox 1146 4230 1336 4285; x_wconf 78' lang='lat' dir='ltr'><strong>divinae</strong></span> <span class='ocrx_word' id='word_1_555' title='bbox 1365 4234 1545 4299; x_wconf 71' lang='lat' dir='ltr'><strong>gratim</strong></span> <span class='ocrx_word' id='word_1_556' title='bbox 1576 4242 1629 4287; x_wconf 89' lang='lat' dir='ltr'><strong>et</strong></span> <span class='ocrx_word' id='word_1_557' title='bbox 1674 4234 1812 4287; x_wconf 88' lang='lat' dir='ltr'><strong>laudi</strong></span> <span class='ocrx_word' id='word_1_558' title='bbox 1842 4234 2067 4302; x_wconf 83' lang='lat' dir='ltr'><strong>depute-</strong></span> 
     </span>
    </p>
   </div>
   <div class='ocr_carea' id='block_1_75' title="bbox 500 4314 2065 4389">
    <p class='ocr_par' dir='ltr' id='par_1_75' title="bbox 500 4314 2065 4389">
     <span class='ocr_line' id='line_1_75' title="bbox 500 4314 2065 4389; baseline 0.004 -16"><span class='ocrx_word' id='word_1_559' title='bbox 500 4336 636 4384; x_wconf 88' lang='lat' dir='ltr'><strong>mus,</strong></span> <span class='ocrx_word' id='word_1_560' title='bbox 669 4314 905 4375; x_wconf 86' lang='lat' dir='ltr'><strong>dicentes</strong></span> <span class='ocrx_word' id='word_1_561' title='bbox 954 4337 1074 4375; x_wconf 91' lang='lat' dir='ltr'><strong>cum</strong></span> <span class='ocrx_word' id='word_1_562' title='bbox 1119 4322 1395 4378; x_wconf 82' lang='lat' dir='ltr'><strong>Psalmista</strong></span> <span class='ocrx_word' id='word_1_563' title='bbox 1430 4344 1443 4378; x_wconf 85' lang='lat'><strong>;</strong></span> <span class='ocrx_word' id='word_1_564' title='bbox 1476 4323 1597 4379; x_wconf 85' lang='lat' dir='ltr'><strong>Non</strong></span> <span class='ocrx_word' id='word_1_565' title='bbox 1626 4325 1790 4388; x_wconf 78' lang='lat' dir='ltr'><strong>nobis,</strong></span> <span class='ocrx_word' id='word_1_566' title='bbox 1825 4325 2065 4389; x_wconf 85' lang='lat' dir='ltr'><strong>Domine,</strong></span> 
     </span>
    </p>
   </div>
   <div class='ocr_carea' id='block_1_76' title="bbox 498 4413 2066 4486">
    <p class='ocr_par' dir='ltr' id='par_1_76' title="bbox 498 4413 2066 4486">
     <span class='ocr_line' id='line_1_76' title="bbox 498 4413 2066 4486; baseline 0.003 -21"><span class='ocrx_word' id='word_1_567' title='bbox 498 4413 784 4478; x_wconf 74' lang='lat' dir='ltr'><strong>nonnobis,</strong></span> <span class='ocrx_word' id='word_1_568' title='bbox 810 4416 898 4467; x_wconf 78' lang='lat' dir='ltr'><strong>scd</strong></span> <span class='ocrx_word' id='word_1_569' title='bbox 929 4415 1123 4467; x_wconf 85' lang='lat' dir='ltr'><strong>nomini</strong></span> <span class='ocrx_word' id='word_1_570' title='bbox 1156 4423 1239 4469; x_wconf 87' lang='lat' dir='ltr'><strong>tuo</strong></span> <span class='ocrx_word' id='word_1_571' title='bbox 1266 4416 1329 4467; x_wconf 84' lang='lat' dir='ltr'><strong>do</strong></span> <span class='ocrx_word' id='word_1_572' title='bbox 1358 4418 1574 4486; x_wconf 81' lang='lat' dir='ltr'><strong>gloriam</strong></span> <span class='ocrx_word' id='word_1_573' title='bbox 1607 4416 1720 4484; x_wconf 79' lang='lat' dir='ltr'><strong>(Ps.</strong></span> <span class='ocrx_word' id='word_1_574' title='bbox 1754 4433 1827 4483; x_wconf 77' lang='lat' dir='ltr'><strong>XI,</strong></span> <span class='ocrx_word' id='word_1_575' title='bbox 1855 4418 1942 4483; x_wconf 80' lang='lat'><strong>5);</strong></span> <span class='ocrx_word' id='word_1_576' title='bbox 1972 4418 2066 4469; x_wconf 85' lang='lat' dir='ltr'><strong>im-</strong></span> 
     </span>
    </p>
   </div>
   <div class='ocr_carea' id='block_1_77' title="bbox 498 4504 2143 4589">
    <p class='ocr_par' dir='ltr' id='par_1_77' title="bbox 498 4504 2143 4589">
     <span class='ocr_line' id='line_1_77' title="bbox 498 4504 2143 4589; baseline 0 -29"><span class='ocrx_word' id='word_1_577' title='bbox 498 4504 689 4560; x_wconf 84' lang='lat' dir='ltr'><strong>munda</strong></span> <span class='ocrx_word' id='word_1_578' title='bbox 728 4518 864 4558; x_wconf 75' lang='lat' dir='ltr'><strong>vero</strong></span> <span class='ocrx_word' id='word_1_579' title='bbox 903 4505 1171 4568; x_wconf 83' lang='lat' dir='ltr'><strong>animalia,</strong></span> <span class='ocrx_word' id='word_1_580' title='bbox 1224 4505 1362 4558; x_wconf 80' lang='lat' dir='ltr'><strong>lluxa</strong></span> <span class='ocrx_word' id='word_1_581' title='bbox 1408 4508 1654 4562; x_wconf 74' lang='lat' dir='ltr'><strong>videlicet</strong></span> <span class='ocrx_word' id='word_1_582' title='bbox 1699 4516 1754 4562; x_wconf 88' lang='lat' dir='ltr'><strong>ct</strong></span> <span class='ocrx_word' id='word_1_583' title='bbox 1804 4508 2061 4562; x_wconf 88' lang='lat' dir='ltr'><strong>dissoluta</strong></span> <span class='ocrx_word' id='word_1_584' title='bbox 2095 4531 2143 4589; x_wconf 72' lang='grc' dir='ltr'><strong>Ι)</strong></span> 
     </span>
    </p>
   </div>
   <div class='ocr_carea' id='block_1_78' title="bbox 496 4597 2059 4667">
    <p class='ocr_par' dir='ltr' id='par_1_78' title="bbox 496 4597 2059 4667">
     <span class='ocr_line' id='line_1_78' title="bbox 496 4597 2059 4667; baseline 0.003 -20"><span class='ocrx_word' id='word_1_585' title='bbox 496 4607 719 4662; x_wconf 70' lang='lat' dir='ltr'><strong>qumque</strong></span> <span class='ocrx_word' id='word_1_586' title='bbox 740 4610 801 4649; x_wconf 91' lang='lat' dir='ltr'><strong>ac</strong></span> <span class='ocrx_word' id='word_1_587' title='bbox 825 4597 963 4648; x_wconf 85' lang='lat' dir='ltr'><strong>male</strong></span> <span class='ocrx_word' id='word_1_588' title='bbox 984 4605 1150 4663; x_wconf 87' lang='lat' dir='ltr'><strong>gesta,</strong></span> <span class='ocrx_word' id='word_1_589' title='bbox 1178 4612 1296 4650; x_wconf 89' lang='lat' dir='ltr'><strong>cum</strong></span> <span class='ocrx_word' id='word_1_590' title='bbox 1329 4597 1609 4651; x_wconf 85' lang='lat' dir='ltr'><strong>immundis</strong></span> <span class='ocrx_word' id='word_1_591' title='bbox 1631 4598 1946 4667; x_wconf 86' lang='lat' dir='ltr'><strong>deputemus</strong></span> <span class='ocrx_word' id='word_1_592' title='bbox 1966 4598 2059 4651; x_wconf 84' lang='lat' dir='ltr'><strong>de-</strong></span> 
     </span>
    </p>
   </div>
   <div class='ocr_carea' id='block_1_79' title="bbox 495 4686 2060 4758">
    <p class='ocr_par' dir='ltr' id='par_1_79' title="bbox 495 4686 2060 4758">
     <span class='ocr_line' id='line_1_79' title="bbox 495 4686 2060 4758; baseline 0.001 -17"><span class='ocrx_word' id='word_1_593' title='bbox 495 4686 743 4741; x_wconf 87' lang='lat' dir='ltr'><strong>clinando</strong></span> <span class='ocrx_word' id='word_1_594' title='bbox 774 4702 801 4738; x_wconf 90' lang='lat' dir='ltr'><strong>a</strong></span> <span class='ocrx_word' id='word_1_595' title='bbox 833 4687 971 4742; x_wconf 89' lang='lat' dir='ltr'><strong>malo</strong></span> <span class='ocrx_word' id='word_1_596' title='bbox 1001 4698 1054 4742; x_wconf 90' lang='lat' dir='ltr'><strong>et</strong></span> <span class='ocrx_word' id='word_1_597' title='bbox 1083 4688 1326 4743; x_wconf 87' lang='lat' dir='ltr'><strong>laciendo</strong></span> <span class='ocrx_word' id='word_1_598' title='bbox 1355 4688 1574 4751; x_wconf 90' lang='lat' dir='ltr'><strong>bonum,</strong></span> <span class='ocrx_word' id='word_1_599' title='bbox 1607 4697 1661 4743; x_wconf 93' lang='lat' dir='ltr'><strong>et</strong></span> <span class='ocrx_word' id='word_1_600' title='bbox 1688 4690 1762 4746; x_wconf 91' lang='lat' dir='ltr'><strong>sic</strong></span> <span class='ocrx_word' id='word_1_601' title='bbox 1788 4690 1920 4745; x_wconf 87' lang='lat' dir='ltr'><strong>asini</strong></span> <span class='ocrx_word' id='word_1_602' title='bbox 1953 4690 2060 4758; x_wconf 86' lang='lat' dir='ltr'><strong>pri-</strong></span> 
     </span>
    </p>
   </div>
   <div class='ocr_carea' id='block_1_80' title="bbox 496 4761 2057 4848">
    <p class='ocr_par' dir='ltr' id='par_1_80' title="bbox 496 4761 2057 4848">
     <span class='ocr_line' id='line_1_80' title="bbox 496 4761 2057 4848; baseline 0.002 -17"><span class='ocrx_word' id='word_1_603' title='bbox 496 4776 823 4843; x_wconf 82' lang='lat' dir='ltr'><strong>mogenitum</strong></span> <span class='ocrx_word' id='word_1_604' title='bbox 865 4792 964 4830; x_wconf 84' lang='lat' dir='ltr'><strong>ove</strong></span> <span class='ocrx_word' id='word_1_605' title='bbox 1009 4788 1292 4845; x_wconf 84' lang='lat' dir='ltr'><strong>mutemus,</strong></span> <span class='ocrx_word' id='word_1_606' title='bbox 1326 4788 1383 4833; x_wconf 89' lang='lat' dir='ltr'><strong>ut</strong></span> <span class='ocrx_word' id='word_1_607' title='bbox 1428 4781 1512 4833; x_wconf 86' lang='lat' dir='ltr'><strong>ubi</strong></span> <span class='ocrx_word' id='word_1_608' title='bbox 1544 4761 1699 4848; x_wconf 37' lang='lat' dir='ltr'><strong>prius.</strong></span> <span class='ocrx_word' id='word_1_609' title='bbox 1716 4771 1811 4834; x_wconf 72' lang='lat' dir='ltr'><strong>luit</strong></span> <span class='ocrx_word' id='word_1_610' title='bbox 1836 4782 2057 4835; x_wconf 84' lang='lat' dir='ltr'><strong>stultitia</strong></span> 
     </span>
    </p>
   </div>
   <div class='ocr_carea' id='block_1_81' title="bbox 496 4868 2059 4937">
    <p class='ocr_par' dir='ltr' id='par_1_81' title="bbox 496 4868 2059 4937">
     <span class='ocr_line' id='line_1_81' title="bbox 496 4868 2059 4937; baseline 0.004 -16"><span class='ocrx_word' id='word_1_611' title='bbox 496 4877 550 4921; x_wconf 90' lang='lat' dir='ltr'><strong>et</strong></span> <span class='ocrx_word' id='word_1_612' title='bbox 589 4868 941 4929; x_wconf 88' lang='lat' dir='ltr'><strong>immunditia,</strong></span> <span class='ocrx_word' id='word_1_613' title='bbox 972 4872 1321 4926; x_wconf 86' lang='lat' dir='ltr'><strong>substituatur</strong></span> <span class='ocrx_word' id='word_1_614' title='bbox 1366 4874 1583 4927; x_wconf 89' lang='lat' dir='ltr'><strong>castitas</strong></span> <span class='ocrx_word' id='word_1_615' title='bbox 1628 4882 1682 4927; x_wconf 89' lang='lat' dir='ltr'><strong>et</strong></span> <span class='ocrx_word' id='word_1_616' title='bbox 1722 4873 2059 4937; x_wconf 79' lang='lat' dir='ltr'><strong>innocentia;</strong></span> 
     </span>
    </p>
   </div>
   <div class='ocr_carea' id='block_1_82' title="bbox 498 4958 2060 5033">
    <p class='ocr_par' dir='ltr' id='par_1_82' title="bbox 498 4958 2060 5033">
     <span class='ocr_line' id='line_1_82' title="bbox 498 4958 2060 5033; baseline 0.003 -21"><span class='ocrx_word' id='word_1_617' title='bbox 498 4969 589 5012; x_wconf 92' lang='lat' dir='ltr'><strong>aut</strong></span> <span class='ocrx_word' id='word_1_618' title='bbox 634 4958 953 5013; x_wconf 85' lang='lat' dir='ltr'><strong>redimamus</strong></span> <span class='ocrx_word' id='word_1_619' title='bbox 999 4962 1231 5030; x_wconf 88' lang='lat' dir='ltr'><strong>quinque</strong></span> <span class='ocrx_word' id='word_1_620' title='bbox 1278 4965 1419 5019; x_wconf 84' lang='lat' dir='ltr'><strong>siclis</strong></span> <span class='ocrx_word' id='word_1_621' title='bbox 1480 4965 1721 5032; x_wconf 86' lang='lat' dir='ltr'><strong>argenti,</strong></span> <span class='ocrx_word' id='word_1_622' title='bbox 1774 4963 2060 5033; x_wconf 83' lang='lat' dir='ltr'><strong>perfectam</strong></span> 
     </span>
    </p>
   </div>
   <div class='ocr_carea' id='block_1_83' title="bbox 498 5050 2063 5125">
    <p class='ocr_par' dir='ltr' id='par_1_83' title="bbox 498 5050 2063 5125">
     <span class='ocr_line' id='line_1_83' title="bbox 498 5050 2063 5125; baseline 0.004 -24"><span class='ocrx_word' id='word_1_623' title='bbox 498 5058 715 5115; x_wconf 86' lang='lat' dir='ltr'><strong>agentes</strong></span> <span class='ocrx_word' id='word_1_624' title='bbox 760 5050 1124 5120; x_wconf 75' lang='lat' dir='ltr'><strong>pmnitentiam</strong></span> <span class='ocrx_word' id='word_1_625' title='bbox 1173 5068 1268 5121; x_wconf 92' lang='lat' dir='ltr'><strong>pro</strong></span> <span class='ocrx_word' id='word_1_626' title='bbox 1297 5055 1515 5120; x_wconf 87' lang='lat' dir='ltr'><strong>singulis</strong></span> <span class='ocrx_word' id='word_1_627' title='bbox 1546 5055 1782 5125; x_wconf 85' lang='lat' dir='ltr'><strong>peccatis</strong></span> <span class='ocrx_word' id='word_1_628' title='bbox 1822 5068 1939 5123; x_wconf 71' lang='lat' dir='ltr'><strong>qure</strong></span> <span class='ocrx_word' id='word_1_629' title='bbox 1968 5070 2063 5124; x_wconf 89' lang='lat' dir='ltr'><strong>per</strong></span> 
     </span>
    </p>
   </div>
   <div class='ocr_carea' id='block_1_84' title="bbox 499 5137 2061 5210">
    <p class='ocr_par' dir='ltr' id='par_1_84' title="bbox 499 5137 2061 5210">
     <span class='ocr_line' id='line_1_84' title="bbox 499 5137 2061 5210; baseline 0.005 -21"><span class='ocrx_word' id='word_1_630' title='bbox 499 5137 731 5206; x_wconf 91' lang='lat' dir='ltr'><strong>quinque</strong></span> <span class='ocrx_word' id='word_1_631' title='bbox 774 5142 1014 5210; x_wconf 89' lang='lat' dir='ltr'><strong>corporis</strong></span> <span class='ocrx_word' id='word_1_632' title='bbox 1052 5157 1240 5196; x_wconf 84' lang='lat' dir='ltr'><strong>sensus</strong></span> <span class='ocrx_word' id='word_1_633' title='bbox 1270 5146 1659 5210; x_wconf 64' lang='lat' dir='ltr'><strong>contraximus;</strong></span> <span class='ocrx_word' id='word_1_634' title='bbox 1692 5154 1785 5199; x_wconf 88' lang='lat' dir='ltr'><strong>aut</strong></span> <span class='ocrx_word' id='word_1_635' title='bbox 1812 5147 1853 5200; x_wconf 92' lang='lat' dir='ltr'><strong>si</strong></span> <span class='ocrx_word' id='word_1_636' title='bbox 1884 5147 2061 5200; x_wconf 88' lang='lat' dir='ltr'><strong>statim</strong></span> 
     </span>
    </p>
   </div>
   <div class='ocr_carea' id='block_1_85' title="bbox 501 5230 2062 5303">
    <p class='ocr_par' dir='ltr' id='par_1_85' title="bbox 501 5230 2062 5303">
     <span class='ocr_line' id='line_1_85' title="bbox 501 5230 2062 5303; baseline 0.005 -20"><span class='ocrx_word' id='word_1_637' title='bbox 501 5230 765 5285; x_wconf 88' lang='lat' dir='ltr'><strong>redimere</strong></span> <span class='ocrx_word' id='word_1_638' title='bbox 795 5247 898 5285; x_wconf 92' lang='lat' dir='ltr'><strong>non</strong></span> <span class='ocrx_word' id='word_1_639' title='bbox 924 5248 1221 5301; x_wconf 86' lang='lat' dir='ltr'><strong>possumus,</strong></span> <span class='ocrx_word' id='word_1_640' title='bbox 1251 5234 1645 5301; x_wconf 81' lang='lat' dir='ltr'><strong>interﬁciamus,</strong></span> <span class='ocrx_word' id='word_1_641' title='bbox 1671 5238 1721 5291; x_wconf 93' lang='lat' dir='ltr'><strong>id</strong></span> <span class='ocrx_word' id='word_1_642' title='bbox 1744 5247 1845 5303; x_wconf 86' lang='lat' dir='ltr'><strong>est,</strong></span> <span class='ocrx_word' id='word_1_643' title='bbox 1870 5238 1915 5292; x_wconf 89' lang='lat' dir='ltr'><strong>si</strong></span> <span class='ocrx_word' id='word_1_644' title='bbox 1940 5252 2062 5291; x_wconf 84' lang='lat' dir='ltr'><strong>mox</strong></span> 
     </span>
    </p>
   </div>
   <div class='ocr_carea' id='block_1_86' title="bbox 498 5321 2062 5394">
    <p class='ocr_par' dir='ltr' id='par_1_86' title="bbox 498 5321 2062 5394">
     <span class='ocr_line' id='line_1_86' title="bbox 498 5321 2062 5394; baseline 0.004 -19"><span class='ocrx_word' id='word_1_645' title='bbox 498 5321 733 5389; x_wconf 64' lang='lat' dir='ltr'><strong>perlecta</strong></span> <span class='ocrx_word' id='word_1_646' title='bbox 781 5323 931 5389; x_wconf 81' lang='lat' dir='ltr'><strong>sequi</strong></span> <span class='ocrx_word' id='word_1_647' title='bbox 976 5339 1080 5377; x_wconf 91' lang='lat' dir='ltr'><strong>non</strong></span> <span class='ocrx_word' id='word_1_648' title='bbox 1129 5340 1431 5394; x_wconf 86' lang='lat' dir='ltr'><strong>possumus,</strong></span> <span class='ocrx_word' id='word_1_649' title='bbox 1457 5328 1683 5394; x_wconf 84' lang='lat' dir='ltr'><strong>pessima</strong></span> <span class='ocrx_word' id='word_1_650' title='bbox 1716 5338 1891 5383; x_wconf 92' lang='lat' dir='ltr'><strong>tamen</strong></span> <span class='ocrx_word' id='word_1_651' title='bbox 1928 5330 2062 5382; x_wconf 82' lang='lat' dir='ltr'><strong>vite-</strong></span> 
     </span>
    </p>
   </div>
   <div class='ocr_carea' id='block_1_87' title="bbox 500 5412 2061 5489">
    <p class='ocr_par' dir='ltr' id='par_1_87' title="bbox 500 5412 2061 5489">
     <span class='ocr_line' id='line_1_87' title="bbox 500 5412 2061 5489; baseline 0.005 -22"><span class='ocrx_word' id='word_1_652' title='bbox 500 5428 637 5468; x_wconf 87' lang='lat' dir='ltr'><strong>mus.</strong></span> <span class='ocrx_word' id='word_1_653' title='bbox 671 5412 828 5469; x_wconf 86' lang='lat' dir='ltr'><strong>Verbi</strong></span> <span class='ocrx_word' id='word_1_654' title='bbox 855 5415 1045 5481; x_wconf 86' lang='lat' dir='ltr'><strong>gratia,</strong></span> <span class='ocrx_word' id='word_1_655' title='bbox 1073 5416 1335 5486; x_wconf 84' lang='lat' dir='ltr'><strong>superbus</strong></span> <span class='ocrx_word' id='word_1_656' title='bbox 1362 5426 1455 5471; x_wconf 88' lang='lat' dir='ltr'><strong>aut</strong></span> <span class='ocrx_word' id='word_1_657' title='bbox 1480 5432 1701 5483; x_wconf 88' lang='lat' dir='ltr'><strong>avarus,</strong></span> <span class='ocrx_word' id='word_1_658' title='bbox 1733 5422 1949 5489; x_wconf 81' lang='lat' dir='ltr'><strong>gulosus</strong></span> <span class='ocrx_word' id='word_1_659' title='bbox 1980 5424 2061 5475; x_wconf 83' lang='lat' dir='ltr'><strong>vel</strong></span> 
     </span>
    </p>
   </div>
   <div class='ocr_carea' id='block_1_88' title="bbox 502 5508 2063 5579">
    <p class='ocr_par' dir='ltr' id='par_1_88' title="bbox 502 5508 2063 5579">
     <span class='ocr_line' id='line_1_88' title="bbox 502 5508 2063 5579; baseline 0.003 -20"><span class='ocrx_word' id='word_1_660' title='bbox 502 5508 799 5562; x_wconf 85' lang='lat' dir='ltr'><strong>luxuriosus</strong></span> <span class='ocrx_word' id='word_1_661' title='bbox 826 5508 1037 5576; x_wconf 89' lang='lat' dir='ltr'><strong>aliquis,</strong></span> <span class='ocrx_word' id='word_1_662' title='bbox 1068 5510 1110 5562; x_wconf 92' lang='lat' dir='ltr'><strong>si</strong></span> <span class='ocrx_word' id='word_1_663' title='bbox 1142 5525 1246 5563; x_wconf 92' lang='lat' dir='ltr'><strong>non</strong></span> <span class='ocrx_word' id='word_1_664' title='bbox 1273 5520 1453 5579; x_wconf 89' lang='lat' dir='ltr'><strong>posset</strong></span> <span class='ocrx_word' id='word_1_665' title='bbox 1482 5511 1727 5578; x_wconf 70' lang='lat' dir='ltr'><strong>perfectae</strong></span> <span class='ocrx_word' id='word_1_666' title='bbox 1754 5514 2063 5567; x_wconf 88' lang='lat' dir='ltr'><strong>humilitatis</strong></span> 
     </span>
    </p>
   </div>
   <div class='ocr_carea' id='block_1_89' title="bbox 502 5592 2064 5668">
    <p class='ocr_par' dir='ltr' id='par_1_89' title="bbox 502 5592 2064 5668">
     <span class='ocr_line' id='line_1_89' title="bbox 502 5592 2064 5668; baseline 0.006 -21"><span class='ocrx_word' id='word_1_667' title='bbox 502 5599 772 5666; x_wconf 74' lang='lat' dir='ltr'><strong>virtutem,</strong></span> <span class='ocrx_word' id='word_1_668' title='bbox 804 5600 918 5654; x_wconf 89' lang='lat' dir='ltr'><strong>sive</strong></span> <span class='ocrx_word' id='word_1_669' title='bbox 957 5599 1235 5668; x_wconf 86' lang='lat' dir='ltr'><strong>largitatis,</strong></span> <span class='ocrx_word' id='word_1_670' title='bbox 1268 5592 1621 5662; x_wconf 59' lang='lat' dir='ltr'><strong>abstinentia,</strong></span> <span class='ocrx_word' id='word_1_671' title='bbox 1653 5612 1741 5655; x_wconf 90' lang='lat' dir='ltr'><strong>aut</strong></span> <span class='ocrx_word' id='word_1_672' title='bbox 1786 5605 2064 5657; x_wconf 83' lang='lat' dir='ltr'><strong>continen-</strong></span> 
     </span>
    </p>
   </div>
   <div class='ocr_carea' id='block_1_90' title="bbox 500 5690 2061 5759">
    <p class='ocr_par' dir='ltr' id='par_1_90' title="bbox 500 5690 2061 5759">
     <span class='ocr_line' id='line_1_90' title="bbox 500 5690 2061 5759; baseline 0.004 -20"><span class='ocrx_word' id='word_1_673' title='bbox 500 5690 609 5753; x_wconf 68' lang='lat' dir='ltr'><strong>tim,</strong></span> <span class='ocrx_word' id='word_1_674' title='bbox 660 5705 784 5744; x_wconf 81' lang='lat' dir='ltr'><strong>mox</strong></span> <span class='ocrx_word' id='word_1_675' title='bbox 829 5692 1044 5755; x_wconf 90' lang='lat' dir='ltr'><strong>habere,</strong></span> <span class='ocrx_word' id='word_1_676' title='bbox 1076 5690 1261 5743; x_wconf 87' lang='lat' dir='ltr'><strong>saltem</strong></span> <span class='ocrx_word' id='word_1_677' title='bbox 1299 5694 1492 5744; x_wconf 85' lang='lat' dir='ltr'><strong>malum</strong></span> <span class='ocrx_word' id='word_1_678' title='bbox 1526 5692 1777 5746; x_wconf 82' lang='lat' dir='ltr'><strong>radicitus</strong></span> <span class='ocrx_word' id='word_1_679' title='bbox 1804 5693 2061 5759; x_wconf 89' lang='lat' dir='ltr'><strong>evellens,</strong></span> 
     </span>
    </p>
   </div>
   <div class='ocr_carea' id='block_1_91' title="bbox 502 5782 2061 5853">
    <p class='ocr_par' dir='ltr' id='par_1_91' title="bbox 502 5782 2061 5853">
     <span class='ocr_line' id='line_1_91' title="bbox 502 5782 2061 5853; baseline 0.003 -18"><span class='ocrx_word' id='word_1_680' title='bbox 502 5782 803 5851; x_wconf 85' lang='lat' dir='ltr'><strong>superbiam</strong></span> <span class='ocrx_word' id='word_1_681' title='bbox 848 5790 1006 5853; x_wconf 89' lang='lat' dir='ltr'><strong>atque</strong></span> <span class='ocrx_word' id='word_1_682' title='bbox 1034 5782 1328 5850; x_wconf 81' lang='lat' dir='ltr'><strong>avaritiam,</strong></span> <span class='ocrx_word' id='word_1_683' title='bbox 1360 5785 1535 5853; x_wconf 87' lang='lat' dir='ltr'><strong>gulam</strong></span> <span class='ocrx_word' id='word_1_684' title='bbox 1566 5794 1621 5839; x_wconf 85' lang='lat' dir='ltr'><strong>et</strong></span> <span class='ocrx_word' id='word_1_685' title='bbox 1664 5784 1923 5840; x_wconf 80' lang='lat' dir='ltr'><strong>luxuriam</strong></span> <span class='ocrx_word' id='word_1_686' title='bbox 1949 5793 2061 5841; x_wconf 82' lang='lat' dir='ltr'><strong>stu-</strong></span> 
     </span>
    </p>
   </div>
   <div class='ocr_carea' id='block_1_92' title="bbox 2174 3220 3714 3293">
    <p class='ocr_par' dir='ltr' id='par_1_92' title="bbox 2174 3220 3714 3293">
     <span class='ocr_line' id='line_1_92' title="bbox 2174 3220 3714 3293; baseline 0.004 -24"><span class='ocrx_word' id='word_1_687' title='bbox 2174 3220 2415 3274; x_wconf 81' lang='lat' dir='ltr'><strong>lt.elibus</strong></span> <span class='ocrx_word' id='word_1_688' title='bbox 2453 3222 2642 3275; x_wconf 89' lang='lat' dir='ltr'><strong>animis</strong></span> <span class='ocrx_word' id='word_1_689' title='bbox 2672 3224 2973 3291; x_wconf 84' lang='lat' dir='ltr'><strong>exemplum</strong></span> <span class='ocrx_word' id='word_1_690' title='bbox 3016 3240 3322 3293; x_wconf 63' lang='lat' dir='ltr'><strong>spontanee</strong></span> <span class='ocrx_word' id='word_1_691' title='bbox 3368 3227 3714 3290; x_wconf 75' lang='lat' dir='ltr'><strong>paupertatis!</strong></span> 
     </span>
    </p>
   </div>
   <div class='ocr_carea' id='block_1_93' title="bbox 2168 3309 3723 3380">
    <p class='ocr_par' dir='ltr' id='par_1_93' title="bbox 2168 3309 3723 3380">
     <span class='ocr_line' id='line_1_93' title="bbox 2168 3309 3723 3380; baseline 0.004 -19"><span class='ocrx_word' id='word_1_692' title='bbox 2168 3309 2434 3377; x_wconf 88' lang='lat' dir='ltr'><strong>Benignus</strong></span> <span class='ocrx_word' id='word_1_693' title='bbox 2458 3310 2615 3372; x_wconf 90' lang='lat' dir='ltr'><strong>Deus,</strong></span> <span class='ocrx_word' id='word_1_694' title='bbox 2642 3322 2695 3365; x_wconf 91' lang='lat' dir='ltr'><strong>et</strong></span> <span class='ocrx_word' id='word_1_695' title='bbox 2721 3312 2976 3367; x_wconf 88' lang='lat' dir='ltr'><strong>Dominus</strong></span> <span class='ocrx_word' id='word_1_696' title='bbox 3003 3315 3263 3380; x_wconf 86' lang='lat' dir='ltr'><strong>omnium,</strong></span> <span class='ocrx_word' id='word_1_697' title='bbox 3294 3315 3441 3369; x_wconf 87' lang='lat' dir='ltr'><strong>dives</strong></span> <span class='ocrx_word' id='word_1_698' title='bbox 3470 3318 3520 3369; x_wconf 92' lang='lat' dir='ltr'><strong>in</strong></span> <span class='ocrx_word' id='word_1_699' title='bbox 3549 3331 3723 3369; x_wconf 87' lang='lat' dir='ltr'><strong>omnes</strong></span> 
     </span>
    </p>
   </div>
   <div class='ocr_carea' id='block_1_94' title="bbox 2165 3400 3724 3471">
    <p class='ocr_par' dir='ltr' id='par_1_94' title="bbox 2165 3400 3724 3471">
     <span class='ocr_line' id='line_1_94' title="bbox 2165 3400 3724 3471; baseline 0.005 -19"><span class='ocrx_word' id='word_1_700' title='bbox 2165 3400 2254 3468; x_wconf 87' lang='lat' dir='ltr'><strong>qui</strong></span> <span class='ocrx_word' id='word_1_701' title='bbox 2304 3404 2554 3458; x_wconf 84' lang='lat' dir='ltr'><strong>invocant</strong></span> <span class='ocrx_word' id='word_1_702' title='bbox 2602 3403 2766 3468; x_wconf 83' lang='lat' dir='ltr'><strong>illum,</strong></span> <span class='ocrx_word' id='word_1_703' title='bbox 2813 3403 2903 3471; x_wconf 90' lang='lat' dir='ltr'><strong>qui</strong></span> <span class='ocrx_word' id='word_1_704' title='bbox 2950 3404 3040 3457; x_wconf 89' lang='lat' dir='ltr'><strong>dat</strong></span> <span class='ocrx_word' id='word_1_705' title='bbox 3086 3405 3331 3460; x_wconf 90' lang='lat' dir='ltr'><strong>omnibus</strong></span> <span class='ocrx_word' id='word_1_706' title='bbox 3373 3405 3652 3463; x_wconf 78' lang='lat' dir='ltr'><strong>aﬂluenter</strong></span> <span class='ocrx_word' id='word_1_707' title='bbox 3675 3417 3724 3461; x_wconf 89' lang='lat' dir='ltr'><strong>et</strong></span> 
     </span>
    </p>
   </div>
   <div class='ocr_carea' id='block_1_95' title="bbox 2170 3496 3721 3568">
    <p class='ocr_par' dir='ltr' id='par_1_95' title="bbox 2170 3496 3721 3568">
     <span class='ocr_line' id='line_1_95' title="bbox 2170 3496 3721 3568; baseline -0.003 -15"><span class='ocrx_word' id='word_1_708' title='bbox 2170 3517 2275 3554; x_wconf 91' lang='lat' dir='ltr'><strong>non</strong></span> <span class='ocrx_word' id='word_1_709' title='bbox 2309 3500 2655 3568; x_wconf 86' lang='lat' dir='ltr'><strong>improperat,</strong></span> <span class='ocrx_word' id='word_1_710' title='bbox 2682 3498 2768 3566; x_wconf 93' lang='lat' dir='ltr'><strong>qui</strong></span> <span class='ocrx_word' id='word_1_711' title='bbox 2793 3498 2843 3551; x_wconf 93' lang='lat' dir='ltr'><strong>in</strong></span> <span class='ocrx_word' id='word_1_712' title='bbox 2871 3496 2992 3551; x_wconf 90' lang='lat' dir='ltr'><strong>altis</strong></span> <span class='ocrx_word' id='word_1_713' title='bbox 3024 3496 3226 3551; x_wconf 86' lang='lat' dir='ltr'><strong>habitat</strong></span> <span class='ocrx_word' id='word_1_714' title='bbox 3248 3508 3302 3551; x_wconf 91' lang='lat' dir='ltr'><strong>et</strong></span> <span class='ocrx_word' id='word_1_715' title='bbox 3322 3498 3534 3551; x_wconf 68' lang='lat' dir='ltr'><strong>humilia</strong></span> <span class='ocrx_word' id='word_1_716' title='bbox 3566 3501 3721 3567; x_wconf 86' lang='lat' dir='ltr'><strong>respi-</strong></span> 
     </span>
    </p>
   </div>
   <div class='ocr_carea' id='block_1_96' title="bbox 2168 3588 3721 3659">
    <p class='ocr_par' dir='ltr' id='par_1_96' title="bbox 2168 3588 3721 3659">
     <span class='ocr_line' id='line_1_96' title="bbox 2168 3588 3721 3659; baseline -0.003 -13"><span class='ocrx_word' id='word_1_717' title='bbox 2168 3593 2242 3646; x_wconf 89' lang='lat' dir='ltr'><strong>cit</strong></span> <span class='ocrx_word' id='word_1_718' title='bbox 2269 3592 2321 3645; x_wconf 90' lang='lat' dir='ltr'><strong>in</strong></span> <span class='ocrx_word' id='word_1_719' title='bbox 2352 3590 2486 3645; x_wconf 63' lang='lat' dir='ltr'><strong>caelo</strong></span> <span class='ocrx_word' id='word_1_720' title='bbox 2516 3599 2569 3643; x_wconf 88' lang='lat' dir='ltr'><strong>et</strong></span> <span class='ocrx_word' id='word_1_721' title='bbox 2615 3589 2667 3643; x_wconf 92' lang='lat' dir='ltr'><strong>in</strong></span> <span class='ocrx_word' id='word_1_722' title='bbox 2698 3596 2857 3653; x_wconf 90' lang='lat' dir='ltr'><strong>terra,</strong></span> <span class='ocrx_word' id='word_1_723' title='bbox 2890 3603 3093 3659; x_wconf 82' lang='lat' dir='ltr'><strong>pauper</strong></span> <span class='ocrx_word' id='word_1_724' title='bbox 3122 3597 3173 3643; x_wconf 83' lang='lat' dir='ltr'><strong>et</strong></span> <span class='ocrx_word' id='word_1_725' title='bbox 3204 3588 3417 3644; x_wconf 81' lang='lat' dir='ltr'><strong>humilis</strong></span> <span class='ocrx_word' id='word_1_726' title='bbox 3447 3603 3543 3658; x_wconf 89' lang='lat' dir='ltr'><strong>pro</strong></span> <span class='ocrx_word' id='word_1_727' title='bbox 3579 3588 3721 3642; x_wconf 83' lang='lat' dir='ltr'><strong>nobis</strong></span> 
     </span>
    </p>
   </div>
   <div class='ocr_carea' id='block_1_97' title="bbox 2166 3664 3721 3751">
    <p class='ocr_par' dir='ltr' id='par_1_97' title="bbox 2166 3664 3721 3751">
     <span class='ocr_line' id='line_1_97' title="bbox 2166 3664 3721 3751; baseline 0.001 -18"><span class='ocrx_word' id='word_1_728' title='bbox 2166 3680 2277 3735; x_wconf 75' lang='lat' dir='ltr'><strong>ﬁeri</strong></span> <span class='ocrx_word' id='word_1_729' title='bbox 2304 3681 2552 3751; x_wconf 87' lang='lat' dir='ltr'><strong>dignatus</strong></span> <span class='ocrx_word' id='word_1_730' title='bbox 2575 3688 2676 3744; x_wconf 89' lang='lat' dir='ltr'><strong>est,</strong></span> <span class='ocrx_word' id='word_1_731' title='bbox 2700 3664 2883 3734; x_wconf 27' lang='lat' dir='ltr'><strong>ut‘nos</strong></span> <span class='ocrx_word' id='word_1_732' title='bbox 2905 3694 2999 3734; x_wconf 91' lang='lat' dir='ltr'><strong>sua</strong></span> <span class='ocrx_word' id='word_1_733' title='bbox 3026 3689 3339 3749; x_wconf 87' lang='lat' dir='ltr'><strong>paupertate</strong></span> <span class='ocrx_word' id='word_1_734' title='bbox 3358 3691 3415 3735; x_wconf 88' lang='lat' dir='ltr'><strong>et</strong></span> <span class='ocrx_word' id='word_1_735' title='bbox 3433 3681 3721 3736; x_wconf 69' lang='lat' dir='ltr'><strong>humilitate</strong></span> 
     </span>
    </p>
   </div>
   <div class='ocr_carea' id='block_1_98' title="bbox 2165 3771 3719 3840">
    <p class='ocr_par' dir='ltr' id='par_1_98' title="bbox 2165 3771 3719 3840">
     <span class='ocr_line' id='line_1_98' title="bbox 2165 3771 3719 3840; baseline -0.001 -13"><span class='ocrx_word' id='word_1_736' title='bbox 2165 3773 2406 3829; x_wconf 82' lang='lat' dir='ltr'><strong>excelsos</strong></span> <span class='ocrx_word' id='word_1_737' title='bbox 2454 3772 2655 3825; x_wconf 81' lang='lat' dir='ltr'><strong>faceret</strong></span> <span class='ocrx_word' id='word_1_738' title='bbox 2701 3786 2764 3824; x_wconf 92' lang='lat' dir='ltr'><strong>ac</strong></span> <span class='ocrx_word' id='word_1_739' title='bbox 2813 3771 3005 3825; x_wconf 89' lang='lat' dir='ltr'><strong>divites</strong></span> <span class='ocrx_word' id='word_1_740' title='bbox 3038 3791 3049 3823; x_wconf 85' lang='grc'>;</span> <span class='ocrx_word' id='word_1_741' title='bbox 3083 3772 3170 3826; x_wconf 91' lang='lat' dir='ltr'><strong>hic</strong></span> <span class='ocrx_word' id='word_1_742' title='bbox 3223 3772 3435 3840; x_wconf 88' lang='lat' dir='ltr'><strong>quidem</strong></span> <span class='ocrx_word' id='word_1_743' title='bbox 3462 3784 3516 3827; x_wconf 90' lang='lat' dir='ltr'><strong>et</strong></span> <span class='ocrx_word' id='word_1_744' title='bbox 3544 3773 3598 3827; x_wconf 91' lang='lat' dir='ltr'><strong>in</strong></span> <span class='ocrx_word' id='word_1_745' title='bbox 3628 3774 3719 3826; x_wconf 88' lang='lat' dir='ltr'><strong>lide</strong></span> 
     </span>
    </p>
   </div>
   <div class='ocr_carea' id='block_1_99' title="bbox 2165 3860 3715 3933">
    <p class='ocr_par' dir='ltr' id='par_1_99' title="bbox 2165 3860 3715 3933">
     <span class='ocr_line' id='line_1_99' title="bbox 2165 3860 3715 3933; baseline -0.002 -15"><span class='ocrx_word' id='word_1_746' title='bbox 2165 3864 2478 3933; x_wconf 82' lang='lat' dir='ltr'><strong>spiritalium</strong></span> <span class='ocrx_word' id='word_1_747' title='bbox 2526 3860 2824 3914; x_wconf 88' lang='lat' dir='ltr'><strong>divitiarum</strong></span> <span class='ocrx_word' id='word_1_748' title='bbox 2854 3860 2939 3931; x_wconf 89' lang='lat' dir='ltr'><strong>(id</strong></span> <span class='ocrx_word' id='word_1_749' title='bbox 2969 3869 3070 3922; x_wconf 89' lang='lat' dir='ltr'><strong>est,</strong></span> <span class='ocrx_word' id='word_1_750' title='bbox 3106 3870 3409 3916; x_wconf 88' lang='lat' dir='ltr'><strong>sanctarqu</strong></span> <span class='ocrx_word' id='word_1_751' title='bbox 3440 3863 3715 3929; x_wconf 84' lang='lat' dir='ltr'><strong>virtutum)</strong></span> 
     </span>
    </p>
   </div>
   <div class='ocr_carea' id='block_1_100' title="bbox 2167 3952 3717 4022">
    <p class='ocr_par' dir='ltr' id='par_1_100' title="bbox 2167 3952 3717 4022">
     <span class='ocr_line' id='line_1_100' title="bbox 2167 3952 3717 4022; baseline -0.001 -13"><span class='ocrx_word' id='word_1_752' title='bbox 2167 3956 2428 4018; x_wconf 81' lang='lat' dir='ltr'><strong>libertate,</strong></span> <span class='ocrx_word' id='word_1_753' title='bbox 2461 3954 2512 4007; x_wconf 92' lang='lat' dir='ltr'><strong>in</strong></span> <span class='ocrx_word' id='word_1_754' title='bbox 2540 3952 2716 4007; x_wconf 79' lang='lat' dir='ltr'><strong>futuro</strong></span> <span class='ocrx_word' id='word_1_755' title='bbox 2746 3962 2921 4007; x_wconf 88' lang='lat' dir='ltr'><strong>autem</strong></span> <span class='ocrx_word' id='word_1_756' title='bbox 2953 3952 3188 4007; x_wconf 80' lang='lat' dir='ltr'><strong>lueredes</strong></span> <span class='ocrx_word' id='word_1_757' title='bbox 3212 3954 3358 4021; x_wconf 80' lang='lat' dir='ltr'><strong>regni</strong></span> <span class='ocrx_word' id='word_1_758' title='bbox 3383 3954 3517 4021; x_wconf 87' lang='lat' dir='ltr'><strong>quod</strong></span> <span class='ocrx_word' id='word_1_759' title='bbox 3545 3970 3717 4022; x_wconf 78' lang='lat' dir='ltr'><strong>repro-</strong></span> 
     </span>
    </p>
   </div>
   <div class='ocr_carea' id='block_1_101' title="bbox 2166 4044 3717 4113">
    <p class='ocr_par' dir='ltr' id='par_1_101' title="bbox 2166 4044 3717 4113">
     <span class='ocr_line' id='line_1_101' title="bbox 2166 4044 3717 4113; baseline 0.001 -12"><span class='ocrx_word' id='word_1_760' title='bbox 2166 4046 2311 4101; x_wconf 89' lang='lat' dir='ltr'><strong>misit</strong></span> <span class='ocrx_word' id='word_1_761' title='bbox 2336 4045 2676 4113; x_wconf 85' lang='lat' dir='ltr'><strong>diligentibus</strong></span> <span class='ocrx_word' id='word_1_762' title='bbox 2703 4048 2795 4101; x_wconf 87' lang='lat' dir='ltr'><strong>se!</strong></span> <span class='ocrx_word' id='word_1_763' title='bbox 2828 4044 2932 4100; x_wconf 90' lang='lat' dir='ltr'><strong>Sed</strong></span> <span class='ocrx_word' id='word_1_764' title='bbox 2967 4054 3022 4099; x_wconf 90' lang='lat' dir='ltr'><strong>ct</strong></span> <span class='ocrx_word' id='word_1_765' title='bbox 3064 4046 3116 4100; x_wconf 92' lang='lat' dir='ltr'><strong>in</strong></span> <span class='ocrx_word' id='word_1_766' title='bbox 3146 4047 3345 4100; x_wconf 65' lang='lat' dir='ltr'><strong>eisdem</strong></span> <span class='ocrx_word' id='word_1_767' title='bbox 3374 4046 3717 4103; x_wconf 86' lang='lat' dir='ltr'><strong>oblationibus</strong></span> 
     </span>
    </p>
   </div>
   <div class='ocr_carea' id='block_1_102' title="bbox 2166 4137 3716 4208">
    <p class='ocr_par' dir='ltr' id='par_1_102' title="bbox 2166 4137 3716 4208">
     <span class='ocr_line' id='line_1_102' title="bbox 2166 4137 3716 4208; baseline -0.002 -14"><span class='ocrx_word' id='word_1_768' title='bbox 2166 4147 2247 4194; x_wconf 85' lang='lat' dir='ltr'><strong>est</strong></span> <span class='ocrx_word' id='word_1_769' title='bbox 2271 4139 2443 4192; x_wconf 89' lang='lat' dir='ltr'><strong>adhuc</strong></span> <span class='ocrx_word' id='word_1_770' title='bbox 2471 4138 2609 4192; x_wconf 89' lang='lat' dir='ltr'><strong>aliud</strong></span> <span class='ocrx_word' id='word_1_771' title='bbox 2656 4137 2800 4206; x_wconf 92' lang='lat' dir='ltr'><strong>quod</strong></span> <span class='ocrx_word' id='word_1_772' title='bbox 2825 4137 3051 4192; x_wconf 85' lang='lat' dir='ltr'><strong>sollicite</strong></span> <span class='ocrx_word' id='word_1_773' title='bbox 3079 4149 3477 4207; x_wconf 88' lang='lat' dir='ltr'><strong>perscrutemur</strong></span> <span class='ocrx_word' id='word_1_774' title='bbox 3504 4157 3519 4192; x_wconf 90' lang='lat'><strong>:</strong></span> <span class='ocrx_word' id='word_1_775' title='bbox 3548 4142 3716 4208; x_wconf 83' lang='lat' dir='ltr'><strong>Agnus</strong></span> 
     </span>
    </p>
   </div>
   <div class='ocr_carea' id='block_1_103' title="bbox 2166 4225 3716 4299">
    <p class='ocr_par' dir='ltr' id='par_1_103' title="bbox 2166 4225 3716 4299">
     <span class='ocr_line' id='line_1_103' title="bbox 2166 4225 3716 4299; baseline 0.002 -18"><span class='ocrx_word' id='word_1_776' title='bbox 2166 4241 2396 4295; x_wconf 87' lang='lat' dir='ltr'><strong>namque</strong></span> <span class='ocrx_word' id='word_1_777' title='bbox 2426 4227 2806 4292; x_wconf 90' lang='lat' dir='ltr'><strong>innocentiam,</strong></span> <span class='ocrx_word' id='word_1_778' title='bbox 2836 4225 3083 4281; x_wconf 82' lang='lat' dir='ltr'><strong>columba</strong></span> <span class='ocrx_word' id='word_1_779' title='bbox 3112 4228 3523 4299; x_wconf 85' lang='lat' dir='ltr'><strong>simplicitatem,</strong></span> <span class='ocrx_word' id='word_1_780' title='bbox 3556 4240 3716 4287; x_wconf 90' lang='lat' dir='ltr'><strong>turtur</strong></span> 
     </span>
    </p>
   </div>
   <div class='ocr_carea' id='block_1_104' title="bbox 2165 4316 3715 4388">
    <p class='ocr_par' dir='ltr' id='par_1_104' title="bbox 2165 4316 3715 4388">
     <span class='ocr_line' id='line_1_104' title="bbox 2165 4316 3715 4388; baseline 0.002 -17"><span class='ocrx_word' id='word_1_781' title='bbox 2165 4317 2425 4385; x_wconf 81' lang='lat' dir='ltr'><strong>signiﬁcat</strong></span> <span class='ocrx_word' id='word_1_782' title='bbox 2450 4318 2783 4381; x_wconf 87' lang='lat' dir='ltr'><strong>castitatem;</strong></span> <span class='ocrx_word' id='word_1_783' title='bbox 2817 4316 3000 4369; x_wconf 88' lang='lat' dir='ltr'><strong>harum</strong></span> <span class='ocrx_word' id='word_1_784' title='bbox 3027 4331 3239 4386; x_wconf 87' lang='lat' dir='ltr'><strong>quoque</strong></span> <span class='ocrx_word' id='word_1_785' title='bbox 3284 4320 3456 4373; x_wconf 85' lang='lat' dir='ltr'><strong>avium</strong></span> <span class='ocrx_word' id='word_1_786' title='bbox 3502 4329 3715 4388; x_wconf 86' lang='lat' dir='ltr'><strong>utraque</strong></span> 
     </span>
    </p>
   </div>
   <div class='ocr_carea' id='block_1_105' title="bbox 2167 4406 3716 4479">
    <p class='ocr_par' dir='ltr' id='par_1_105' title="bbox 2167 4406 3716 4479">
     <span class='ocr_line' id='line_1_105' title="bbox 2167 4406 3716 4479; baseline 0.001 -17"><span class='ocrx_word' id='word_1_787' title='bbox 2167 4424 2262 4478; x_wconf 90' lang='lat' dir='ltr'><strong>pro</strong></span> <span class='ocrx_word' id='word_1_788' title='bbox 2294 4417 2454 4463; x_wconf 90' lang='lat' dir='ltr'><strong>cantu</strong></span> <span class='ocrx_word' id='word_1_789' title='bbox 2500 4406 2659 4461; x_wconf 89' lang='lat' dir='ltr'><strong>habet</strong></span> <span class='ocrx_word' id='word_1_790' title='bbox 2686 4406 2961 4473; x_wconf 88' lang='lat' dir='ltr'><strong>gemitum,</strong></span> <span class='ocrx_word' id='word_1_791' title='bbox 2991 4406 3130 4461; x_wconf 89' lang='lat' dir='ltr'><strong>unde</strong></span> <span class='ocrx_word' id='word_1_792' title='bbox 3162 4424 3264 4463; x_wconf 92' lang='lat' dir='ltr'><strong>non</strong></span> <span class='ocrx_word' id='word_1_793' title='bbox 3314 4410 3606 4479; x_wconf 88' lang='lat' dir='ltr'><strong>incongrue</strong></span> <span class='ocrx_word' id='word_1_794' title='bbox 3647 4411 3716 4464; x_wconf 81' lang='lat' dir='ltr'><strong>la-</strong></span> 
     </span>
    </p>
   </div>
   <div class='ocr_carea' id='block_1_106' title="bbox 2166 4498 3710 4571">
    <p class='ocr_par' dir='ltr' id='par_1_106' title="bbox 2166 4498 3710 4571">
     <span class='ocr_line' id='line_1_106' title="bbox 2166 4498 3710 4571; baseline -0.001 -17"><span class='ocrx_word' id='word_1_795' title='bbox 2166 4516 2375 4571; x_wconf 89' lang='lat' dir='ltr'><strong>crymas</strong></span> <span class='ocrx_word' id='word_1_796' title='bbox 2399 4500 2676 4567; x_wconf 78' lang='lat' dir='ltr'><strong>designant</strong></span> <span class='ocrx_word' id='word_1_797' title='bbox 2701 4498 2995 4553; x_wconf 89' lang='lat' dir='ltr'><strong>humilium.</strong></span> <span class='ocrx_word' id='word_1_798' title='bbox 3023 4498 3076 4551; x_wconf 88' lang='lat' dir='ltr'><strong>Si</strong></span> <span class='ocrx_word' id='word_1_799' title='bbox 3106 4500 3223 4567; x_wconf 90' lang='lat' dir='ltr'><strong>quis</strong></span> <span class='ocrx_word' id='word_1_800' title='bbox 3248 4501 3406 4567; x_wconf 88' lang='lat' dir='ltr'><strong>igitur</strong></span> <span class='ocrx_word' id='word_1_801' title='bbox 3434 4513 3664 4556; x_wconf 85' lang='lat' dir='ltr'><strong>nostrum</strong></span> <span class='ocrx_word' id='word_1_802' title='bbox 3684 4516 3710 4553; x_wconf 90' lang='lat' dir='ltr'><strong>a</strong></span> 
     </span>
    </p>
   </div>
   <div class='ocr_carea' id='block_1_107' title="bbox 2167 4589 3712 4658">
    <p class='ocr_par' dir='ltr' id='par_1_107' title="bbox 2167 4589 3712 4658">
     <span class='ocr_line' id='line_1_107' title="bbox 2167 4589 3712 4658; baseline 0.002 -16"><span class='ocrx_word' id='word_1_803' title='bbox 2167 4592 2354 4645; x_wconf 81' lang='lat' dir='ltr'><strong>timore</strong></span> <span class='ocrx_word' id='word_1_804' title='bbox 2390 4589 2597 4643; x_wconf 90' lang='lat' dir='ltr'><strong>Domini</strong></span> <span class='ocrx_word' id='word_1_805' title='bbox 2628 4591 2882 4658; x_wconf 91' lang='lat' dir='ltr'><strong>concipit,</strong></span> <span class='ocrx_word' id='word_1_806' title='bbox 2914 4592 3025 4646; x_wconf 90' lang='lat' dir='ltr'><strong>sive</strong></span> <span class='ocrx_word' id='word_1_807' title='bbox 3052 4591 3208 4657; x_wconf 83' lang='lat' dir='ltr'><strong>forte,</strong></span> <span class='ocrx_word' id='word_1_808' title='bbox 3237 4592 3350 4648; x_wconf 87' lang='lat' dir='ltr'><strong>sive</strong></span> <span class='ocrx_word' id='word_1_809' title='bbox 3377 4595 3636 4648; x_wconf 74' lang='lat' dir='ltr'><strong>infirmum</strong></span> <span class='ocrx_word' id='word_1_810' title='bbox 3663 4601 3712 4646; x_wconf 91' lang='lat' dir='ltr'><strong>et</strong></span> 
     </span>
    </p>
   </div>
   <div class='ocr_carea' id='block_1_108' title="bbox 2164 4669 3707 4751">
    <p class='ocr_par' dir='ltr' id='par_1_108' title="bbox 2164 4669 3707 4751">
     <span class='ocr_line' id='line_1_108' title="bbox 2164 4669 3707 4751; baseline 0 -16"><span class='ocrx_word' id='word_1_811' title='bbox 2164 4669 2385 4736; x_wconf 82' lang='lat' dir='ltr'><strong>necdum</strong></span> <span class='ocrx_word' id='word_1_812' title='bbox 2434 4682 2726 4750; x_wconf 83' lang='lat' dir='ltr'><strong>perfectum</strong></span> <span class='ocrx_word' id='word_1_813' title='bbox 2774 4682 2986 4736; x_wconf 85' lang='lat' dir='ltr'><strong>virtutis</strong></span> <span class='ocrx_word' id='word_1_814' title='bbox 3039 4696 3192 4751; x_wconf 91' lang='lat' dir='ltr'><strong>opus,</strong></span> <span class='ocrx_word' id='word_1_815' title='bbox 3249 4684 3399 4751; x_wconf 89' lang='lat' dir='ltr'><strong>quasi</strong></span> <span class='ocrx_word' id='word_1_816' title='bbox 3447 4682 3608 4736; x_wconf 77' lang='lat' dir='ltr'><strong>tilium</strong></span> <span class='ocrx_word' id='word_1_817' title='bbox 3634 4683 3707 4736; x_wconf 82' lang='lat' dir='ltr'><strong>vel</strong></span> 
     </span>
    </p>
   </div>
   <div class='ocr_carea' id='block_1_109' title="bbox 2164 4776 3709 4847">
    <p class='ocr_par' dir='ltr' id='par_1_109' title="bbox 2164 4776 3709 4847">
     <span class='ocr_line' id='line_1_109' title="bbox 2164 4776 3709 4847; baseline 0.001 -20"><span class='ocrx_word' id='word_1_818' title='bbox 2164 4776 2323 4831; x_wconf 83' lang='lat' dir='ltr'><strong>tiliam</strong></span> <span class='ocrx_word' id='word_1_819' title='bbox 2369 4776 2627 4847; x_wconf 87' lang='lat' dir='ltr'><strong>parturit;</strong></span> <span class='ocrx_word' id='word_1_820' title='bbox 2660 4784 2716 4829; x_wconf 91' lang='lat' dir='ltr'><strong>ut</strong></span> <span class='ocrx_word' id='word_1_821' title='bbox 2745 4785 2920 4829; x_wconf 88' lang='lat' dir='ltr'><strong>autem</strong></span> <span class='ocrx_word' id='word_1_822' title='bbox 2948 4776 3172 4830; x_wconf 88' lang='lat' dir='ltr'><strong>Domino</strong></span> <span class='ocrx_word' id='word_1_823' title='bbox 3199 4776 3499 4830; x_wconf 85' lang='lat' dir='ltr'><strong>consecrari</strong></span> <span class='ocrx_word' id='word_1_824' title='bbox 3528 4776 3709 4840; x_wconf 83' lang='lat' dir='ltr'><strong>valeat,</strong></span> 
     </span>
    </p>
   </div>
   <div class='ocr_carea' id='block_1_110' title="bbox 2163 4865 3712 4937">
    <p class='ocr_par' dir='ltr' id='par_1_110' title="bbox 2163 4865 3712 4937">
     <span class='ocr_line' id='line_1_110' title="bbox 2163 4865 3712 4937; baseline -0.002 -16"><span class='ocrx_word' id='word_1_825' title='bbox 2163 4880 2355 4933; x_wconf 85' lang='lat' dir='ltr'><strong>agnum</strong></span> <span class='ocrx_word' id='word_1_826' title='bbox 2388 4865 2702 4919; x_wconf 65' lang='lat' dir='ltr'><strong>innocentiae</strong></span> <span class='ocrx_word' id='word_1_827' title='bbox 2741 4876 2796 4919; x_wconf 92' lang='lat' dir='ltr'><strong>et</strong></span> <span class='ocrx_word' id='word_1_828' title='bbox 2824 4866 3120 4920; x_wconf 89' lang='lat' dir='ltr'><strong>columbam</strong></span> <span class='ocrx_word' id='word_1_829' title='bbox 3148 4866 3523 4937; x_wconf 86' lang='lat' dir='ltr'><strong>simplicitatis,</strong></span> <span class='ocrx_word' id='word_1_830' title='bbox 3556 4876 3712 4921; x_wconf 81' lang='lat' dir='ltr'><strong>turtu-</strong></span> 
     </span>
    </p>
   </div>
   <div class='ocr_carea' id='block_1_111' title="bbox 2164 4956 3710 5028">
    <p class='ocr_par' dir='ltr' id='par_1_111' title="bbox 2164 4956 3710 5028">
     <span class='ocr_line' id='line_1_111' title="bbox 2164 4956 3710 5028; baseline 0.001 -19"><span class='ocrx_word' id='word_1_831' title='bbox 2164 4971 2273 5011; x_wconf 91' lang='lat' dir='ltr'><strong>rem</strong></span> <span class='ocrx_word' id='word_1_832' title='bbox 2304 4969 2519 5025; x_wconf 90' lang='lat' dir='ltr'><strong>quoque</strong></span> <span class='ocrx_word' id='word_1_833' title='bbox 2556 4956 2813 5009; x_wconf 90' lang='lat' dir='ltr'><strong>castitatis</strong></span> <span class='ocrx_word' id='word_1_834' title='bbox 2843 4956 2914 5010; x_wconf 89' lang='lat' dir='ltr'><strong>illi</strong></span> <span class='ocrx_word' id='word_1_835' title='bbox 2948 4971 3167 5012; x_wconf 84' lang='lat' dir='ltr'><strong>necesse</strong></span> <span class='ocrx_word' id='word_1_836' title='bbox 3208 4966 3291 5012; x_wconf 88' lang='lat' dir='ltr'><strong>est</strong></span> <span class='ocrx_word' id='word_1_837' title='bbox 3335 4957 3546 5021; x_wconf 82' lang='lat' dir='ltr'><strong>oﬂ&#39;erat,</strong></span> <span class='ocrx_word' id='word_1_838' title='bbox 3598 4958 3710 5028; x_wconf 85' lang='lat' dir='ltr'><strong>quia</strong></span> 
     </span>
    </p>
   </div>
   <div class='ocr_carea' id='block_1_112' title="bbox 2164 5046 3709 5117">
    <p class='ocr_par' dir='ltr' id='par_1_112' title="bbox 2164 5046 3709 5117">
     <span class='ocr_line' id='line_1_112' title="bbox 2164 5046 3709 5117; baseline 0.004 -17"><span class='ocrx_word' id='word_1_839' title='bbox 2164 5047 2418 5102; x_wconf 89' lang='lat' dir='ltr'><strong>innocens</strong></span> <span class='ocrx_word' id='word_1_840' title='bbox 2445 5056 2499 5100; x_wconf 89' lang='lat' dir='ltr'><strong>et</strong></span> <span class='ocrx_word' id='word_1_841' title='bbox 2524 5046 2752 5115; x_wconf 79' lang='lat' dir='ltr'><strong>simplex</strong></span> <span class='ocrx_word' id='word_1_842' title='bbox 2779 5056 2940 5117; x_wconf 86' lang='lat' dir='ltr'><strong>atque</strong></span> <span class='ocrx_word' id='word_1_843' title='bbox 2974 5058 3118 5102; x_wconf 90' lang='lat' dir='ltr'><strong>casta</strong></span> <span class='ocrx_word' id='word_1_844' title='bbox 3143 5048 3412 5117; x_wconf 86' lang='lat' dir='ltr'><strong>justorum</strong></span> <span class='ocrx_word' id='word_1_845' title='bbox 3441 5064 3709 5105; x_wconf 53' lang='lat' dir='ltr'><strong>conversa.</strong></span> 
     </span>
    </p>
   </div>
   <div class='ocr_carea' id='block_1_113' title="bbox 2166 5138 3707 5207">
    <p class='ocr_par' dir='ltr' id='par_1_113' title="bbox 2166 5138 3707 5207">
     <span class='ocr_line' id='line_1_113' title="bbox 2166 5138 3707 5207; baseline 0.004 -16"><span class='ocrx_word' id='word_1_846' title='bbox 2166 5140 2236 5193; x_wconf 91' lang='lat' dir='ltr'><strong>tio</strong></span> <span class='ocrx_word' id='word_1_847' title='bbox 2283 5138 2637 5207; x_wconf 83' lang='lat' dir='ltr'><strong>gratissimum</strong></span> <span class='ocrx_word' id='word_1_848' title='bbox 2680 5148 2763 5192; x_wconf 91' lang='lat' dir='ltr'><strong>est</strong></span> <span class='ocrx_word' id='word_1_849' title='bbox 2807 5140 3125 5193; x_wconf 77' lang='lat' dir='ltr'><strong>sacriﬁcium</strong></span> <span class='ocrx_word' id='word_1_850' title='bbox 3174 5139 3301 5194; x_wconf 92' lang='lat' dir='ltr'><strong>Deo.</strong></span> <span class='ocrx_word' id='word_1_851' title='bbox 3348 5141 3403 5193; x_wconf 82' lang='lat' dir='ltr'><strong>Si</strong></span> <span class='ocrx_word' id='word_1_852' title='bbox 3450 5142 3707 5197; x_wconf 81' lang='lat' dir='ltr'><strong>vero&#39;tam</strong></span> 
     </span>
    </p>
   </div>
   <div class='ocr_carea' id='block_1_114' title="bbox 2164 5233 3706 5304">
    <p class='ocr_par' dir='ltr' id='par_1_114' title="bbox 2164 5233 3706 5304">
     <span class='ocr_line' id='line_1_114' title="bbox 2164 5233 3706 5304; baseline 0.004 -19"><span class='ocrx_word' id='word_1_853' title='bbox 2164 5248 2365 5302; x_wconf 80' lang='lat' dir='ltr'><strong>pauper</strong></span> <span class='ocrx_word' id='word_1_854' title='bbox 2389 5236 2507 5301; x_wconf 92' lang='lat' dir='ltr'><strong>quis</strong></span> <span class='ocrx_word' id='word_1_855' title='bbox 2551 5233 2705 5287; x_wconf 83' lang='lat' dir='ltr'><strong>fuerit</strong></span> <span class='ocrx_word' id='word_1_856' title='bbox 2735 5243 2792 5288; x_wconf 90' lang='lat' dir='ltr'><strong>ut</strong></span> <span class='ocrx_word' id='word_1_857' title='bbox 2837 5249 3017 5289; x_wconf 84' lang='lat' dir='ltr'><strong>veram</strong></span> <span class='ocrx_word' id='word_1_858' title='bbox 3065 5235 3445 5300; x_wconf 90' lang='lat' dir='ltr'><strong>innocentiam,</strong></span> <span class='ocrx_word' id='word_1_859' title='bbox 3491 5252 3589 5304; x_wconf 89' lang='lat' dir='ltr'><strong>qua</strong></span> <span class='ocrx_word' id='word_1_860' title='bbox 3620 5252 3706 5291; x_wconf 85' lang='lat' dir='ltr'><strong>nec</strong></span> 
     </span>
    </p>
   </div>
   <div class='ocr_carea' id='block_1_115' title="bbox 2164 5325 3709 5397">
    <p class='ocr_par' dir='ltr' id='par_1_115' title="bbox 2164 5325 3709 5397">
     <span class='ocr_line' id='line_1_115' title="bbox 2164 5325 3709 5397; baseline 0.002 -20"><span class='ocrx_word' id='word_1_861' title='bbox 2164 5325 2260 5377; x_wconf 89' lang='lat' dir='ltr'><strong>sibi</strong></span> <span class='ocrx_word' id='word_1_862' title='bbox 2306 5340 2403 5379; x_wconf 89' lang='lat' dir='ltr'><strong>nec</strong></span> <span class='ocrx_word' id='word_1_863' title='bbox 2456 5325 2709 5391; x_wconf 84' lang='lat' dir='ltr'><strong>proximis</strong></span> <span class='ocrx_word' id='word_1_864' title='bbox 2764 5326 3026 5387; x_wconf 88' lang='lat' dir='ltr'><strong>nocuerit,</strong></span> <span class='ocrx_word' id='word_1_865' title='bbox 3076 5341 3196 5381; x_wconf 90' lang='lat' dir='ltr'><strong>cum</strong></span> <span class='ocrx_word' id='word_1_866' title='bbox 3236 5325 3578 5393; x_wconf 84' lang='lat' dir='ltr'><strong>simplicitate</strong></span> <span class='ocrx_word' id='word_1_867' title='bbox 3604 5327 3709 5397; x_wconf 89' lang='lat' dir='ltr'><strong>puri</strong></span> 
     </span>
    </p>
   </div>
   <div class='ocr_carea' id='block_1_116' title="bbox 2164 5416 3706 5486">
    <p class='ocr_par' dir='ltr' id='par_1_116' title="bbox 2164 5416 3706 5486">
     <span class='ocr_line' id='line_1_116' title="bbox 2164 5416 3706 5486; baseline -0.002 -13"><span class='ocrx_word' id='word_1_868' title='bbox 2164 5418 2340 5473; x_wconf 88' lang='lat' dir='ltr'><strong>cordis</strong></span> <span class='ocrx_word' id='word_1_869' title='bbox 2380 5416 2701 5470; x_wconf 86' lang='lat' dir='ltr'><strong>cteastitatc</strong></span> <span class='ocrx_word' id='word_1_870' title='bbox 2752 5416 2943 5471; x_wconf 88' lang='lat' dir='ltr'><strong>mentis</strong></span> <span class='ocrx_word' id='word_1_871' title='bbox 2979 5425 3034 5471; x_wconf 92' lang='lat' dir='ltr'><strong>et</strong></span> <span class='ocrx_word' id='word_1_872' title='bbox 3085 5417 3325 5486; x_wconf 89' lang='lat' dir='ltr'><strong>corporis</strong></span> <span class='ocrx_word' id='word_1_873' title='bbox 3377 5418 3572 5473; x_wconf 82' lang='lat' dir='ltr'><strong>ollerre</strong></span> <span class='ocrx_word' id='word_1_874' title='bbox 3621 5431 3706 5470; x_wconf 83' lang='lat' dir='ltr'><strong>ne-</strong></span> 
     </span>
    </p>
   </div>
   <div class='ocr_carea' id='block_1_117' title="bbox 2164 5506 3709 5579">
    <p class='ocr_par' dir='ltr' id='par_1_117' title="bbox 2164 5506 3709 5579">
     <span class='ocr_line' id='line_1_117' title="bbox 2164 5506 3709 5579; baseline -0.001 -16"><span class='ocrx_word' id='word_1_875' title='bbox 2164 5510 2409 5577; x_wconf 84' lang='lat' dir='ltr'><strong>quiverit,</strong></span> <span class='ocrx_word' id='word_1_876' title='bbox 2461 5506 2593 5563; x_wconf 92' lang='lat' dir='ltr'><strong>duos</strong></span> <span class='ocrx_word' id='word_1_877' title='bbox 2640 5508 2825 5561; x_wconf 88' lang='lat' dir='ltr'><strong>saltem</strong></span> <span class='ocrx_word' id='word_1_878' title='bbox 2858 5516 3108 5572; x_wconf 91' lang='lat' dir='ltr'><strong>turtures,</strong></span> <span class='ocrx_word' id='word_1_879' title='bbox 3141 5507 3223 5561; x_wconf 86' lang='lat' dir='ltr'><strong>vel</strong></span> <span class='ocrx_word' id='word_1_880' title='bbox 3251 5508 3386 5563; x_wconf 90' lang='lat' dir='ltr'><strong>duos</strong></span> <span class='ocrx_word' id='word_1_881' title='bbox 3439 5512 3709 5579; x_wconf 90' lang='lat' dir='ltr'><strong>pullosco-</strong></span> 
     </span>
    </p>
   </div>
   <div class='ocr_carea' id='block_1_118' title="bbox 2164 5598 3710 5669">
    <p class='ocr_par' dir='ltr' id='par_1_118' title="bbox 2164 5598 3710 5669">
     <span class='ocr_line' id='line_1_118' title="bbox 2164 5598 3710 5669; baseline 0 -16"><span class='ocrx_word' id='word_1_882' title='bbox 2164 5601 2373 5663; x_wconf 74' lang='lat' dir='ltr'><strong>lambm,</strong></span> <span class='ocrx_word' id='word_1_883' title='bbox 2404 5598 2452 5651; x_wconf 92' lang='lat' dir='ltr'><strong>id</strong></span> <span class='ocrx_word' id='word_1_884' title='bbox 2488 5608 2588 5665; x_wconf 86' lang='lat' dir='ltr'><strong>cst,</strong></span> <span class='ocrx_word' id='word_1_885' title='bbox 2630 5600 2764 5653; x_wconf 90' lang='lat' dir='ltr'><strong>duos</strong></span> <span class='ocrx_word' id='word_1_886' title='bbox 2798 5599 3219 5667; x_wconf 85' lang='lat' dir='ltr'><strong>compunetionis</strong></span> <span class='ocrx_word' id='word_1_887' title='bbox 3260 5613 3457 5667; x_wconf 86' lang='lat' dir='ltr'><strong>genera</strong></span> <span class='ocrx_word' id='word_1_888' title='bbox 3488 5598 3710 5669; x_wconf 84' lang='lat' dir='ltr'><strong>(timoris</strong></span> 
     </span>
    </p>
   </div>
   <div class='ocr_carea' id='block_1_119' title="bbox 2164 5688 3711 5758">
    <p class='ocr_par' dir='ltr' id='par_1_119' title="bbox 2164 5688 3711 5758">
     <span class='ocr_line' id='line_1_119' title="bbox 2164 5688 3711 5758; baseline -0.002 -13"><span class='ocrx_word' id='word_1_889' title='bbox 2164 5692 2363 5745; x_wconf 89' lang='lat' dir='ltr'><strong>scilicet</strong></span> <span class='ocrx_word' id='word_1_890' title='bbox 2391 5701 2444 5744; x_wconf 86' lang='lat' dir='ltr'><strong>et</strong></span> <span class='ocrx_word' id='word_1_891' title='bbox 2483 5690 2697 5758; x_wconf 89' lang='lat' dir='ltr'><strong>amoris)</strong></span> <span class='ocrx_word' id='word_1_892' title='bbox 2728 5689 2931 5743; x_wconf 78' lang='lat' dir='ltr'><strong>ollerat.</strong></span> <span class='ocrx_word' id='word_1_893' title='bbox 2966 5688 3133 5742; x_wconf 90' lang='lat' dir='ltr'><strong>Unum</strong></span> <span class='ocrx_word' id='word_1_894' title='bbox 3186 5691 3453 5755; x_wconf 84' lang='lat' dir='ltr'><strong>videlicet,</strong></span> <span class='ocrx_word' id='word_1_895' title='bbox 3499 5692 3599 5746; x_wconf 91' lang='lat' dir='ltr'><strong>hoc</strong></span> <span class='ocrx_word' id='word_1_896' title='bbox 3638 5698 3711 5744; x_wconf 87' lang='lat' dir='ltr'><strong>est</strong></span> 
     </span>
    </p>
   </div>
   <div class='ocr_carea' id='block_1_120' title="bbox 2165 5781 3707 5854">
    <p class='ocr_par' dir='ltr' id='par_1_120' title="bbox 2165 5781 3707 5854">
     <span class='ocr_line' id='line_1_120' title="bbox 2165 5781 3707 5854; baseline 0 -17"><span class='ocrx_word' id='word_1_897' title='bbox 2165 5784 2411 5841; x_wconf 86' lang='lat' dir='ltr'><strong>timorem</strong></span> <span class='ocrx_word' id='word_1_898' title='bbox 2441 5797 2536 5853; x_wconf 89' lang='lat' dir='ltr'><strong>pro</strong></span> <span class='ocrx_word' id='word_1_899' title='bbox 2564 5793 2805 5851; x_wconf 85' lang='lat' dir='ltr'><strong>peccato,</strong></span> <span class='ocrx_word' id='word_1_900' title='bbox 2840 5798 2935 5851; x_wconf 91' lang='lat' dir='ltr'><strong>pro</strong></span> <span class='ocrx_word' id='word_1_901' title='bbox 2961 5796 3069 5851; x_wconf 86' lang='lat' dir='ltr'><strong>quo</strong></span> <span class='ocrx_word' id='word_1_902' title='bbox 3099 5782 3244 5838; x_wconf 89' lang='lat' dir='ltr'><strong>timet</strong></span> <span class='ocrx_word' id='word_1_903' title='bbox 3272 5793 3326 5839; x_wconf 89' lang='lat' dir='ltr'><strong>et</strong></span> <span class='ocrx_word' id='word_1_904' title='bbox 3360 5786 3528 5854; x_wconf 88' lang='lat' dir='ltr'><strong>gemit</strong></span> <span class='ocrx_word' id='word_1_905' title='bbox 3563 5798 3628 5840; x_wconf 85' lang='lat' dir='ltr'><strong>ne</strong></span> <span class='ocrx_word' id='word_1_906' title='bbox 3651 5781 3707 5837; x_wconf 86' lang='lat' dir='ltr'><strong>ad</strong></span> 
     </span>
    </p>
   </div>
  </div>
