3886 6226
189 384 273 441 Gul
1642 397 1965 455 IIOMILIAS.

3275 422 3376 477 602

187 498 346 549 tartari
372 499 628 566 supplicia
658 504 1012 571 pertrabalur.
1046 505 1234 563 Postea
1263 522 1390 566 vero
1413 511 1636 568 alterum
1663 516 1715 569 in
1749 516 1794 572 Α
1821 511 2075 601 corporis?
2097 516 2193 566 ’πεί
2230 517 2454 571 “mare
2491 528 2646 582 ιυκηιν
2679 523 2920 580 eumdem
2949 527 3126 584 505"!"
3151 534 3240 601 (Ιυῖ
3267 535 3376 590 δαί·

188 588 549 653 holocaustum,
591 591 646 645 id
688 602 788 658 est,
840 611 1070 651 amorem
1120 614 1214 668 pro
1261 602 1490 658 caelestis
1535 607 1720 674 patria;

189 677 444 740 desiderio,
494 695 616 733 cum
657 682 769 751 jam
809 687 1017 738 veniam
1061 703 1382 756 prmsumens
1424 709 1530 748 non
1558 697 1722 762 gemit

195 781 274 832 pro
299 767 571 836 supplicio,
602 771 696 825 sed
719 773 842 842 quia
863 776 1039 829 taniliu
1064 791 1094 829 a
1114 777 1414 835 desiderato
1435 781 1526 838 Dei
1555 799 1720 854 regno

195 856 422 910 differtur.
460 857 525 910 Et
552 876 666 913 ecce
691 863 840 916 homo
868 875 977 917 erat
1005 867 1058 919 in
1097 865 1398 932 Jerusalem,
1428 875 1508 926 cui
1536 892 1718 930 nomen

195 950 396 1013 Simeon,
437 963 484 1007 et
535 955 633 1008 iste
667 958 817 1011 [tanto
854 961 1024 1030 justus
1061 973 1109 1016 et
1137 965 1402 1019 timoratus
1427 979 1722 1038 exspectans

194 1044 555 1096 consolationem
591 1045 760 1101 Israel
781 1047 928 1120 (Luc.
960 1055 1036 1120 ιι).
1073 1053 1288 1123 Dignum
1319 1073 1412 1123 pro
1441 1069 1587 1114 certo
1608 1071 1724 1117 erat

197 1143 246 1186 ut
268 1133 379 1200 quia
423 1134 676 1192 Dominus
719 1137 872 1195 Jesus
919 1156 1015 1210 pro
1056 1145 1200 1197 omni
1236 1146 1438 1210 ordine,
1467 1160 1627 1205 astate
1671 1162 1728 1206 et

197 1239 308 1276 sexu
333 1224 636 1279 redimendo
660 1241 895 1295 venerat,
912 1235 977 1284 ah
998 1236 1140 1287 omni
1163 1237 1320 1290 etiam
1344 1240 1548 1304 ordine,
1565 1251 1725 1299 natale

199 1321 244 1364 et
290 1326 407 1366 sexu
457 1316 816 1372 testimonium
864 1323 1129 1392 acciperet
1174 1343 1188 1387 :_
1238 1341 1560 1397 quapropter
1601 1348 1720 1388 cum

201 1403 323 1469 prius
350 1404 411 1456 ab
455 1407 659 1473 angelis
704 1409 984 1476 prasdictus
1017 1424 1156 1469 esset
1184 1425 1236 1471 et
1263 1420 1550 1488 prophetis,
1585 1439 1726 1479 nunc

202 1506 387 1558 qunque
417 1493 664 1547 adventui
711 1498 827 1564 ejus
854 1502 1077 1556 mirabili
1107 1505 1342 1560 omnium
1380 1509 1594 1565 devotio
1621 1513 1722 1566 mi-

204 1583 282 1634 rab
303 1584 408 1635 liter
435 1586 738 1643 famulatur.
775 1589 968 1645 Contra
1001 1597 1239 1650 naturam
1270 1599 1416 1668 virgo
1443 1602 1602 1657 Maria
1636 1619 1725 1671 pa-

203 1673 276 1733 tit,
321 1673 574 1728 Elizabeth
622 1680 820 1734 sterilis
868 1678 1032 1739 ﬁliuni
1078 1698 1314 1754 generat,
1341 1694 1727 1762 prophetatque

1820 613 1936 650 vum
1972 599 2126 667 {ai-iet
2155 617 2240 656 me
2277 613 2329 656 et
2364 607 2602 676 populum
2629 625 2774 663 suum
2802 630 2832 666 a
2857 619 3075 682 peccatis
3101 599 3294 688 eorum,
3325 633 3380 679 et

1819 700 1980 755 grave
2009 691 2192 744 mortis
2220 701 2460 749 conteret
2488 697 2800 756 dominium.
2851 701 2998 766 Quod
3049 709 3282 768 salutare
3323 715 3377 768 in

1823 777 1925 832 huc
1953 780 2125 847 primo
2167 783 2391 838 adventu
2419 791 2614 855 paras:i
2662 790 2764 846 lide
2792 807 2853 847 ac
2878 795 3159 853 dilectione
3187 801 3372 857 viden-

1821 865 1968 932 dum,
1996 880 2116 924 ante
2143 875 2323 940 faciem
2352 878 2574 931 omnium
2601 883 2923 952 populorum,
2950 887 3248 958 quicunque
3281 909 3374 948 vo-

1822 956 2016 1012 lueriut
2046 963 2266 1017 credere
2307 965 2360 1018 in
2388 967 2554 1022 illum.
2583 969 2638 1026 In
2667 974 2900 1029 secundo
2944 991 3117 1032 autem
3147 981 3377 1038 adventu

1824 1051 2016 1114 parasti
2046 1050 2186 1106 hunc
2216 1053 2382 1120 ipsum
2427 1056 2605 1112 Iesum
2636 1070 2757 1116 ante
2785 1062 2973 1118 faciem
3004 1069 3235 1122 omnium
3277 1087 3375 1139 po-

1824 1137 2064 1205 pulorum
2109 1149 2162 1194 et
2202 1143 2528 1200 credentium
2565 1158 2619 1202 et
2662 1151 3074 1222 incredulorum,
3105 1168 3159 1213 ut
3203 1163 3379 1215 videat

1824 1243 1943 1283 eum
1975 1233 2146 1286 omnis
2167 1235 2348 1290 oculus
2370 1235 2612 1293 Judicem
2631 1241 2851 1309 justum,
2877 1255 2932 1301 et
2963 1249 3147 1303 reddat
3171 1253 3379 1307 unicui-

1825 1329 1927 1384 que
1948 1320 2233 1374 secundum
2275 1339 2435 1392 opera
2462 1340 2666 1382 eorum.
2707 1313 2900 1385 Lunien
2929 1335 2996 1387 ad
3023 1339 3378 1394 reuelationem

1821 1409 2063 1474 gentium,
2108 1419 2291 1465 eorum
2331 1413 2421 1480 qui
2468 1415 2721 1472 sedebant
2766 1421 2816 1474 in
2857 1424 3089 1478 tenebris
3108 1435 3162 1480 et
3192 1430 3375 1483 umbra

1823 1497 2028 1561 mortis,
2062 1507 2169 1553 tam
2214 1517 2277 1555 ex
2320 1505 2564 1569 gentibus
2611 1523 2769 1576 quam
2811 1528 2878 1566 ex
2920 1513 3130 1580 Judazis,
3178 1527 3233 1572 ut
3281 1536 3380 1590 per

1825 1584 1982 1639 tidem
2011 1587 2366 1645 illuntinentur
2405 1593 2687 1653 credentes
2715 1601 2765 1653 in
2805 1617 2946 1657 eum.
2977 1607 3076 1659 Sed
3106 1608 3227 1676 quia
3254 1584 3378 1663 ante

1826 1674 2108 1732 adventum
2149 1681 2312 1748 ipsius
2337 1683 2726 1751 quodammodo
2770 1701 2921 1746 notus
2964 1712 3081 1750 esse
3107 1674 3379 1754 videbatur

203 1763 404 1818 Joannes
423 1775 473 1818 et
491 1770 723 1821 exsultat
747 1772 918 1828 adhuc
938 1773 990 1828 in
1011 1785 1160 1831 utero
1180 1780 1422 1846 clausus;
1444 1783 1724 1843 Zacharias
1824 1767 1878 1866 δῖ’
1905 1765 2088 1868 J3me.“
2113 1769 2380 1880 θοηιίᾞην
2397 1785 2464 1880 ,εί
2491 1776 2645 1831 ίδιδίθ
2673 1793 2790 1880 es?“
2821 1783 2909 1880 in}
2932 1788 3169 1880 Ἷιξθῆἀθηξ
3199 1792 3379 1872 οοεηῐ·
3413 1798 3415 1800 ’

204 1857 417 1880 ρΑΑΛ-Ᾱ--
447 1866 593 1880 ..ΑΙΑ-
628 1861 733 1880 ΑΞ.--
775 1863 834 1880 ,ι-
878 1879 881 1880 ,
1028 1874 1038 1880 ι
1204 1873 1232 1880 κ.
1501 1877 1511 1880 -
1755 1868 1796 1880 -ι
1827 1863 1981 1880 ..Α-ι...
2016 1873 2155 1880 -.----
2190 1876 2275 1880 _.__
2428 1879 2433 1880 ,

195 1839 420 1909 sacerdos
445 1866 594 1925 pater
623 1861 739 1927 ejus
765 1863 891 1917 olim
914 1874 1138 1934 ,mutus,
1165 1873 1325 1925 etiam
1352 1888 1468 1927 cum
1500 1877 1721 1946 loquelae

1827 1856 1985 1910 tionis
2012 1858 2157 1926 ejus;
2190 1862 2443 1918 profunda
2471 1880 2597 1920 vero
2633 1870 2841 1938 caecitas
2879 1875 3199 1933 inﬁdelitatis
3227 1867 3378 1935 texe-

205 1946 460 2012 prophetia:
511 1951 734 2016 gratiam
784 1956 1003 2023 accipit;
1048 1961 1187 2029 magi
1241 1976 1557 2021 veueranter
1603 1985 1722 2023 eum

202 2036 412 2100 adorant,
437 2037 584 2091 Anna
623 2041 779 2096 vidua
803 2046 1106 2111 conlitetur,
1138 2061 1190 2104 et
1221 2051 1360 2108 inter
1387 2071 1480 2116 eos
1511 2059 1607 2112 iste
1634 2075 1721 2112 se-

204 2143 290 2181 nes
316 2127 537 2193 Simeon,
563 2135 870 2202 evangelico
911 2139 1214 2195 testimonio
1233 2144 1404 2212 justus
1431 2158 1478 2198 et
1516 2149 1723 2203 timara-

203 2229 268 2272 tns
295 2223 387 2288 (est
408 2225 544 2276 enEm
573 2223 734 2279 timor
763 2242 942 2283 comes
963 2231 1177 2295 justitire
1205 2250 1322 2302 qua:
1354 2237 1494 2290 illam
1526 2243 1724 2304 Optime

205 2312 328 2363 novit
348 2316 572 2383 servare)
599 2331 845 2385 maguum
867 2325 1065 2390 prarbet
1088 2329 1440 2383 testimonium
1465 2335 1623 2384 nativ’i
1652 2336 1721 2388 nti

205 2400 476 2470 Dominum;
496 2408 584 2474 qui
610 2421 923 2464 excreverat
950 2414 1000 2466 in
1030 2423 1232 2471 tantum
1252 2420 1468 2487 justitia:
1491 2429 1722 2492 culum-ri,

204 2500 251 2542 ut
274 2507 366 2544 non
391 2492 492 2560 jam
521 2496 859 2554 solummodo
887 2517 1058 2566 suam,
1100 2508 1192 2558 sed
1223 2510 1379 2561 etiam
1431 2515 1591 2566 totius
1629 2533 1722 2583 po-

201 2579 292 2647 puli
326 2580 519 2638 lsraelis
545 2599 812 2653 quaereret
851 2592 1095 2656 salutem,
1128 2606 1183 2651 et
1219 2600 1475 2655 advi-ntus
1527 2605 1718 2660 Christi

200 2682 501 2739 exspectaret
541 2679 984 2747 consolationem,
1018 2702 1316 2744 memorans
1355 2694 1481 2746 illud
1528 2695 1717 2752 lsaize:

202 2758 344 2813 Dicite
361 2767 722 2831 pusillanimes.
749 2775 1108 2840 confer-mmini
1137 2792 1184 2832 et
1210 2783 1311 2836 noli
1336 2803 1363 2837 e
1390 2788 1580 2850 timere,
1609 2809 1722 2844 ec-e

204 2850 418 2906 Dominus
443 2865 608 2909 noster
631 2864 645 2925 (
657 2857 786 2912 1εαί.
817 2867 1015 2932 xxxv);
1047 2867 1312 2938 itemque:
1339 2875 1723 2938 Consolamini?

199 2942 303 2992 dicit
345 2941 579 3000 Dominus
626 2959 801 3004 noster
827 2952 979 3022 (Isai.
1013 2962 1122 3027 xc).
1165 2960 1234 3013 Et
1267 2964 1488 3033 Spiritus
1515 2982 1720 3029 sanctus

199 3036 362 3084 eratin
386 3054 459 3088 eo.
493 3037 677 3108 Digne,
703 3042 878 3109 justus
906 3059 1021 3102 erat
1048 3061 1102 3104 et
1124 3055 1418 3127 timoratus,
1448 3064 1497 3114 in
1531 3066 1720 3120 talibus

203 3122 396 3186 nataque
433 3139 642 3180 sanctus
687 3136 971 3198 requiescit
1023 3139 1248 3206 Spiritus
1291 3149 1428 3202 sicut
1480 3153 1716 3210 dicitur:

201 3210 342 3278 δίψη
365 3231 500 3282 quem
528 3224 805 3290 requiescet
833 3225 1056 3296 Spiritus
1083 3252 1220 3290 meus
1248 3231 1346 3292 nisi
1383 3259 1532 3309 super
1558 3247 1721 3302 Immi-

198 3302 280 3352 lent
305 3312 347 3354 et
379 3307 591 3372 quietum
621 3323 670 3364 et
716 3323 1005 3374 trementem
1037 3329 1186 3378 verba
1215 3344 1324 3382 mea
1356 3331 1510 3397 (lsai.
1545 3342 1724 3404 mw)?

198 3387 254 3442 Et
278 3401 556 3463 responsum
597 3417 861 3473 acceperat
887 3425 916 3460 a
948 3411 1143 3478 Spiritu
1169 3429 1346 3473 sancto
1374 3439 1476 3476 non
1504 3429 1726 3484 visurum

195 3497 242 3534 se
278 3499 489 3550 morum,
547 3493 648 3545 nisi
697 3499 838 3556 prius
887 3500 1074 3556 videret
1123 3506 1378 3563 Christum
1424 3513 1721 3575 Dominum.

197 3572 602 3646 Quandoquidem
633 3583 820 3642 beatus
869 3606 1030 3646 senex
1060 3596 1175 3662 iste,
1209 3600 1406 3669 Spiritu
1438 3605 1527 3659 Dei
1555 3611 1642 3677 qui
1671 3572 1721 3666 in

196 3679 251 3717 eo
291 3678 396 3720 erat
439 3673 732 3742 revelante,
764 3694 1082 3748 cognoverat
1122 3689 1230 3756 jam
1283 3702 1488 3764 tempus
1528 3700 1724 3754 instare

195 3771 286 3824 quo
326 3757 559 3816 Christus
606 3765 882 3826 adveniret
913 3774 964 3828 in
1005 3792 1185 3844 carne,
1215 3784 1424 3839 assidua
1477 3793 1724 3856 poscebat

195 3865 347 3917 prece,
390 3868 453 3906 ne
489 3856 608 3922 ejus
657 3862 832 3916 anima
881 3878 1033 3922 antea
1080 3872 1376 3930 solveretur
1421 3894 1449 3931 a
1499 3897 1724 3951 corpore

195 3945 426 4011 (quannis
467 3959 597 4003 atas
626 3955 808 4008 senilis
836 3972 952 4010 eam
997 3974 1210 4028 cogeret
1229 3967 1339 4033 jam
1367 3971 1533 4042 exire}
1563 3991 1722 4043 quam

197 4032 238 4084 id
264 4037 389 4099 quod
432 4053 642 4094 sunnno
687 4043 1019 4101 desiderabat
1059 4032 1250 4108 affectu
1295 4068 1470 4124 posset
1514 4032 1719 4120 ’videro.

179 4121 326 4177 Unde
363 4136 414 4180 et
439 4129 724 4186 intrinseca
749 4135 983 4198 ejusdem
1031 4139 1255 4209 Spiritus
1296 4121 1571 4208 locutione
1618 4159 1723 4212 tafe

200 4215 363 4268 meruit
402 4216 452 4270 in
484 4233 663 4277 mente
707 4224 948 4295 accipere
979 4245 1309 4302 responsum,
1341 4255 1444 4296 non
1489 4260 1548 4298 se
1579 4249 1724 4314 prius

200 4309 655 4366 mortem-visurum
685 4330 844 4382 quam
874 4320 1073 4376 videret
1097 4323 1382 4383 Christum.
1415 4331 1484 4386 Et
1512 4309 1644 4391 venit
1669 4343 1722 4394 in

199 4393 368 4460 Spiritu
391 4399 443 4450 in
488 4411 748 4469 tampnnt.
782 4406 896 4461 Non
937 4412 1136 4480 absque
1183 4423 1407 4488 corpore
1458 4433 1723 4493 putandus

199 4493 269 4537 est
288 4489 501 4552 venisse,
533 4496 626 4545 sed
673 4497 816 4562 quod
860 4500 1006 4567 dicit,
1053 4505 1105 4558 in
1144 4507 1364 4579 Spiritu,
1394 4489 1720 4576 admonitum
1760 4550 1801 4606 ι)

201 4579 560 4649 etinspiratum
608 4601 640 4638 a
683 4599 870 4645 sancto
914 4594 1111 4663 Spiritu
1150 4605 1357 4660 venisse
1386 4607 1438 4662 in
1468 4615 1722 4682 templum

203 4669 386 4726 indicat.
421 4673 483 4728 Et
529 4691 644 4730 cum
693 4680 986 4736 induerent
1024 4705 1231 4753 puerum
1275 4695 1451 4752 Jesum
1492 4669 1726 4770 parentes

203 4760 361 4827 ήκω
387 4765 605 4832 facerent
634 4770 909 4824 secundum
935 4783 1346 4839 consuetudi-em
1375 4760 1502 4857 legis
1521 4809 1612 4859 pro
1645 4813 1726 4860 eo,

205 4848 457 4910 ollereutes
481 4859 814 4928 sacriﬁcium,
848 4863 959 4932 ipse
984 4883 1165 4934 senex,
1200 4876 1356 4930 veluti
1384 4892 1645 4946 jamtolus
1675 4887 1727 4944 in

206 4944 449 5011 pristinum
482 4951 777 5018 iuventutis
821 4959 1003 5016 liorem
1041 4982 1341 5038 renovatus,
1372 4976 1590 5032 exiliens
1620 4995 1727 5047 pra:

205 5039 389 5104 gaudio,
419 5048 611 5115 derepit
642 5065 756 5103 eum
785 5054 836 5104 in
859 5053 1024 5118 ulnas.
1059 5059 1108 5113 id
1137 5073 1236 5124 est,
1269 5068 1318 5119 in
1347 5068 1559 5124 brachia
1609 5088 1723 5137 sua,

204 5129 498 5187 etbeuediiit
529 5135 821 5203 Dominum,
863 5156 912 5197 el
952 5148 1084 5201 dixit
1112 5167 1131 5206 :
1163 5153 1315 5210 Nunc
1360 5160 1591 5230 dimittis,
1624 5166 1729 5220 Do-

206 5219 346 5282 mine,
369 5237 559 5278 servum
591 5237 732 5282 tuum
774 5235 1044 5290 secundum
1089 5242 1288 5299 verbum
1331 5261 1469 5304 tuum
1508 5255 1557 5306 in
1583 5273 1726 5324 pace.

209 5305 287 5324 ν,
358 5321 367 5324 -

209 5305 452 5366 \‘identem
482 5331 566 5368 me
596 5335 782 5387 pacem
809 5337 924 5388 qua:
950 5328 1183 5389 cmlestia
1214 5340 1452 5406 paciﬁcat
1480 5355 1534 5398 et
1565 5305 1730 5404 terre-

210 5412 282 5460 na,
301 5399 511 5458 dimittis
538 5421 567 5459 a
601 5410 824 5466 vinculis
849 5421 1086 5484 corporis
1112 5425 1164 5478 in
1193 5443 1318 5493 pace
1349 5439 1401 5483 et
1422 5439 1604 5504 requie
1625 5443 1729 5511 spi-

210 5493 341 5551 ritus.
369 5502 422 5544 ut
461 5493 571 5561 jam
624 5517 744 5554 caro
774 5518 878 5557 non
923 5516 1257 5582 concupiscat
1295 5521 1533 5580 adversus
1579 5493 1730 5595 apii-i-

212 5587 300 5632 nnu
322 5583 451 5648 (Gal.
475 5587 549 5651 v),
582 5604 680 5644 nec
699 5591 918 5660 spiritus
943 5599 1190 5661 adversus
1219 5623 1450 5679 carnem,
1475 5631 1572 5673 nec
1598 5623 1730 5677 ullas

214 5667 346 5768 hpjus
377 5674 490 5727 riae
527 5683 885 5750 corruptibilis
919 5704 1121 5760 corpus
1170 5701 1399 5765 patiatur
1436 5667 1725 5768 molestias.

215 5751 305 5810 Nec
321 5758 423 5827 jam
452 5773 633 5821 metuo
663 5779 905 5839 mortem,
935 5781 1050 5846 quia
1080 5785 1302 5846 viderqu
1326 5797 1458 5848 oculi
1485 5800 1658 5855 cordis
1679 5811 1732 5857 et

1827 1954 1908 1996 rat
1937 1946 2096 2000 corda
2127 1953 2477 2018 credentium,
2515 1955 2615 2010 hoc
2656 1959 2830 2014 lumen
2858 1962 3050 2016 dicitur
3077 1968 3281 2022 venisse
3309 1971 3374 2024 ad

1825 2036 2200 2092 revelationem
2228 2056 2430 2108 earum,
2463 2055 2539 2110 ut,
2556 2049 2762 2102 sublato
2788 2051 3093 2119 ignorantia“:
3121 2058 3374 2136 etinlidef

1825 2123 1838 2175 l
1864 2127 1986 2184 tatis
2013 2127 2294 2192 velamine,
2325 2137 2630 2204 apertisque
2658 2141 2826 2195 oculis
2855 2145 3068 2212 mentis,
3101 2146 3266 2203 lucem
3295 2131 3374 2202 vi-

1825 2213 1986 2268 deant
2024 2232 2286 2285 maguam.
2331 2219 2578 2277 Paratutu
2609 2242 2822 2297 quoque
2857 2241 2938 2284 est
2981 2235 3080 2289 hoc
3109 2236 3280 2290 lumen
3310 2239 3376 2291 ad

1824 2308 2038 2375 gloriam
2087 2312 2240 2380 plebis
2291 2311 2492 2381 Israel,
2536 2319 2657 2386 quia
2700 2323 3035 2381 credentibus
3076 2343 3141 2381 ex
3186 2328 3379 2385 Judzeis

1824 2398 2074 2464 Spiritalis
2102 2401 2266 2468 gloria
2296 2412 2398 2470 est,
2426 2408 2565 2472 quod
2598 2409 2702 2462 illis
2747 2420 2947 2466 tantum
2985 2415 3079 2468 fuit
3129 2434 3375 2486 praenun-

1825 2489 1982 2541 tiatus
2010 2498 2064 2542 et
2101 2506 2166 2544 ex
2189 2507 2372 2546 eorum
2402 2495 2563 2564 stirpe
2594 2498 2923 2568 incarnatus,
2950 2508 3088 2572 quod
3120 2507 3256 2561 inter
3282 2524 3378 2563 eos

1821 2576 2022 2642 docuit,
2051 2581 2190 2646 quod
2218 2597 2310 2637 cos
2335 2587 2444 2638 suis
2484 2587 2751 2644 miraculis
2784 2594 3109 2661 glorilicavit.
3142 2596 3253 2649 Non
3283 2614 3376 2651 att-

1823 2673 1924 2712 tezn
1971 2665 2065 2717 abs
2108 2682 2167 2719 re
2209 2681 2290 2722 est
2330 2673 2472 2737 quod
2507 2677 2884 2733 revelationem
2916 2685 3171 2751 gentium,
3201 2686 3378 2752 gloria:

1821 2749 2025 2805 Israelis
2055 2758 2359 2824 praeposuit,
2402 2763 2494 2814 sed
2539 2765 2660 2830 quia
2694 2769 2836 2832 prius
2879 2749 3062 2835 gentes
3087 2774 3378 2830 credituras

1820 2858 1976 2910 quam
2005 2845 2217 2918 Judzeos
2257 2851 2515 2918 praevidit.
2552 2853 2617 2907 Ut
2643 2857 2783 2910 enim
2819 2867 3042 2914 testatur
3071 2865 3378 2931 Apostolus,

1818 2952 1930 2989 cum
1955 2938 2213 3005 plenitudo
2265 2943 2486 3010 gentium
2539 2946 2822 3012 intraverit,
2860 2958 2975 3001 tunc
3017 2951 3182 3004 omnis
3211 2952 3377 3009 Israel

1820 3028 1989 3080 salvus
2018 3030 2104 3096 ﬁet
2131 3030 2303 3097 (Rom.
2338 3040 2443 3100 χι).
2479 3035 2600 3089 Hzec
2636 3038 2807 3105 vobis,
2857 3039 3062 3102 fratres,
3112 3040 3378 3097 sufﬁciant

1821 3115 2054 3170 breviter
2083 3120 2220 3172 dicta
2251 3121 2318 3174 de
2343 3121 2569 3178 lectione
2594 3131 2926 3195 evangelica;
2955 3132 3076 3198 quia
3104 3147 3228 3186 vero
3250 3149 3379 3206 con-

1752 3210 1796 3273 ρ
1827 3206 2051 3258 suetudo
2075 3217 2157 3259 est
2184 3208 2542 3265 ecclesastica
2575 3223 2630 3265 ut
2658 3215 2870 3270 haedie
2906 3228 3173 3283 gestantes
3213 3222 3379 3274 maui-

1823 3295 1922 3347 ltus
1954 3295 2171 3356 lumina,
2201 3300 2474 3351 missarum
2522 3302 2777 3358 solemnia
2827 3306 3175 3374 celebremus,
3207 3311 3381 3365 brevi-

1825 3391 1906 3436 ter
1951 3399 2166 3452 quoque
2212 3387 2492 3442 dicendum
2541 3405 2658 3459 qua:
2710 3394 2816 3448 sint
2841 3395 2992 3464 hujus
3020 3399 3094 3450 rei
3139 3403 3376 3457 exordia.

1823 3470 1952 3522 Cum
1998 3472 2218 3529 Romani
2269 3477 2428 3532 totius
2475 3482 2651 3538 tumuli
2702 3486 2995 3552 potirentur
3039 3487 3297 3554 dominio,
3347 3507 3376 3544 a

1822 3559 2064 3624 subjecto
2109 3563 2208 3615 sibi
2249 3567 2378 3620 orbe
2425 3570 2689 3635 tripertito
2738 3590 2830 3640 per
2884 3577 2982 3628 tria
3019 3578 3376 3648 quinquennia

1823 3650 2135 3704 solutionem
2165 3667 2356 3707 census
2387 3657 2688 3712 indixerunt
2724 3661 2860 3726 ﬁeri,
2892 3675 2946 3718 et
2987 3668 3087 3720 hoc
3113 3670 3290 3733 modo,
3322 3681 3379 3724 ut

1822 3752 2006 3789 aurum
2028 3754 2154 3803 uno,
2179 3751 2454 3810 argentum
2483 3746 2671 3814 altero,
2697 3765 2769 3803 {es
2793 3767 2916 3805 vero
2945 3757 3379 3826 tertiOpersolve-

1822 3836 1968 3880 retur
2004 3830 2386 3897 quinquennio.
2438 3835 2854 3907 Unumquodque
2883 3853 3055 3896 autem
3083 3848 3379 3914 quinquen-

1824 3917 1966 3970 nium
1998 3920 2288 3974 vocabatur
2318 3923 2560 3990 lustrum,
2605 3944 2670 3982 eo
2699 3932 2840 3998 quod
2872 3935 2985 4002 ipso
3011 3938 3222 4004 expleto
3250 3955 3379 3994 cen-

1822 4021 1991 4074 suque
2023 4009 2216 4073 soluto,
2251 4011 2302 4065 in
2334 4030 2490 4069 unum
2516 4021 2866 4076 conveniente
2893 4027 3086 4093 pupulo
3115 4028 3377 4098 Romano,

1822 4100 2140 4154 sacriﬁcium
2189 4105 2568 4173 celebraretur,
2603 4123 2656 4166 et
2685 4129 2803 4168 cum
2834 4121 2998 4172 cereis
3026 4136 3088 4171 ac
3121 4122 3374 4190 lampadi-

1823 4187 1918 4239 bus
1949 4188 2072 4242 urbs
2102 4188 2266 4243 lioma
2295 4192 2609 4250 lustraretur
2655 4201 2722 4254 ob
2762 4203 3013 4258 honorem
3046 4207 3375 4266 inl'ernalium

1825 4279 2066 4342 deorum,
2099 4291 2153 4334 et
2206 4287 2468 4354 praecipue
2511 4287 2723 4358 Februi,
2771 4295 2820 4348 id
2865 4305 2966 4361 est,
2999 4299 3256 4367 Plutonis,
3288 4307 3376 4373 qui

1823 4370 2063 4424 dominus
2093 4372 2280 4428 inferni
2313 4376 2606 4446 dicebatur,
2638 4398 2667 4436 a
2695 4401 2799 4454 quo
2828 4396 2882 4440 et
2927 4392 3120 4446 mensis
3149 4393 3380 4449 Februa-

1824 4461 1930 4513 rius
1955 4464 2271 4517 vocabulum
2295 4469 2534 4535 sortitur,
2560 4474 2710 4541 cujus
2740 4487 2889 4546 parte
2917 4492 3172 4543 extrema,
3199 4485 3248 4536 id
3274 4496 3373 4548 est,

1829 4550 1879 4601 in
1909 4549 2156 4605 Kalendis
2187 4554 2286 4610 hoc
2327 4560 2599 4624 agebatur.
2631 4562 2753 4618 Ideo
2792 4581 2917 4620 vero
2955 4577 3078 4624 tunc
3107 4572 3380 4630 infernali-

1828 4638 1924 4692 bus
1955 4637 2056 4692 diis
2080 4641 2467 4710 sacriﬁcabant,
2498 4649 2639 4715 quia,
2665 4665 2848 4705 eorum
2870 4658 3116 4722 praesidio
3138 4664 3379 4722 nationes

1827 4729 1971 4782 orbis
1998 4744 2057 4783 se
2107 4733 2414 4800 subjugasse
2445 4739 2714 4818 putabant.
2762 4743 2910 4797 Nunc.
2938 4747 3096 4814 igitur
3122 4767 3268 4807 vana:
3292 4769 3380 4807 su-

1827 4819 2153 4886 perstitionis
2183 4839 2416 4878 errorem
2467 4830 2685 4894 pulchre
2730 4832 3025 4894 Christiana
3068 4843 3278 4900 devotio
3311 4846 3376 4899 ad

1825 4923 2004 4962 veram
2029 4914 2293 4965 convertit
2320 4911 2438 4968 ﬁdei
2476 4919 2805 4990 religionem,
2837 4942 2955 4981 cum
2978 4930 3087 4998 jam
3125 4947 3231 4986 non
3259 4944 3379 5002 post

1826 4999 2245 5067 quinquennium
2276 5020 2390 5066 ucc,
2419 5018 2476 5060 ut
2505 5009 2653 5073 olim,
2687 5013 2824 5069 circa
2867 5017 3022 5072 linem
3051 5021 3246 5078 mensis
3278 5025 3381 5079 Fe-

1828 5091 2046 5157 bruarii,
2078 5109 2176 5146 una
2210 5095 2462 5152 lustratur
2490 5101 2677 5158 civitas
2708 5107 2871 5160 Roma
2900 5111 2967 5163 ob
2995 5111 3250 5171 honorem
3283 5117 3380 5172 Fe-

1827 5178 1963 5243 brui,
1996 5183 2082 5256 qui
2130 5181 2262 5236 falso
2317 5185 2702 5257 lustrationum,
2752 5196 2801 5247 id
2849 5207 2947 5263 est,
2989 5206 3376 5273 purgationum,

1829 5277 2014 5336 potens
2047 5272 2329 5337 putabatur
2355 5285 2408 5329 et
2449 5280 2578 5334 deus
2610 5282 2953 5352 infernorum,
2979 5302 3033 5345 et
3061 5295 3128 5346 ob
3152 5297 3381 5374 dignita-

1831 5368 1934 5413 tem
1964 5361 2077 5427 ejus
2124 5381 2239 5429 quae
2265 5369 2371 5434 jam
2402 5373 2624 5425 cessavit
2668 5379 2861 5432 terreni
2895 5379 3245 5438 Romanorum
3279 5389 3374 5440 im-

1831 5451 1978 5517 perii,
2011 5454 2102 5506 sed
2152 5473 2246 5522 per
2273 5461 2505 5527 singulos
2533 5478 2701 5520 annos
2728 5469 2867 5523 circa
2899 5473 3098 5526 initium
3145 5477 3378 5542 ejusdem

1830 5540 2045 5605 mensis,
2071 5545 2310 5600 universa
2343 5548 2431 5600 Dei
2459 5551 2658 5617 civitas,
2684 5569 2887 5626 sancta,
2915 5563 3173 5630 videlicet,
3200 5566 3382 5623 Eccle-

1830 5630 1927 5694 sia,
1969 5632 2284 5696 illustratur;
2319 5637 2437 5692 lidei
2471 5641 2666 5706 lumen,
2700 5651 2839 5716 quod
2893 5649 3113 5709 ﬁliorum
3165 5676 3379 5718 suorum

1831 5720 1992 5789 fulget
2018 5725 2066 5776 in
2103 5728 2366 5791 cordibus,
2406 5729 2685 5800 designans
2715 5754 2986 5796 crreorum
3019 5745 3211 5803 lumine
3239 5754 3376 5820 quod

1833 5816 2140 5868 coz'umdcm
2171 5830 2203 5884 g
2237 5826 2405 5875 statur
2431 5827 2670 5882 manibus
2693 5829 2761 5881 oh
2789 5832 3042 5890 honorem
3066 5839 3266 5895 Domini
3289 5859 3369 5894 ut»
