3886 6226
457 339 607 418 eis

1637 336 1693 393 s.
1735 338 1933 392 sucu
1972 318 2241 392 uovuiu.
2284 337 2489 394 El’lsc.

3586 340 3699 399 ϐω

497 453 593 504 stri
620 448 745 505 Jesu
772 450 983 511 Christi,
1006 449 1095 520 qui
1123 460 1206 505 est
1234 467 1366 505 unus
1396 462 1448 505 et
1472 466 1628 507 verus
1664 452 1801 505 Deus
1846 450 1966 504 coeli
1991 456 2045 502 et
2073 452 2119 507 Α
2161 446 2407 500 Dominus
2436 448 2852 517 propinationem
2870 465 2960 514 per
2988 450 3219 516 ﬁdem'in
3257 454 3494 522 sanguine
3526 456 3704 523 ipsius

502 550 657 593 teme
682 548 735 593 et
763 538 968 601 inferni,
991 539 1186 607 quique
1204 555 1361 593 verus
1384 540 1542 593 homo
1564 556 1658 608 pro
1679 538 1832 592 nobis
1856 538 2041 603 factus,

504 629 754 681 hodierna
800 628 885 681 die
923 628 1117 695 templo
1164 630 1489 696 praesentari,
1519 638 1575 683 et
1599 644 1720 684 cum
1747 639 1885 683 esset
1930 628 2045 682 sine

499 720 657 773 sorde
696 714 917 786 peccati,
946 718 1167 786 legalem
1208 720 1570 786 purgationem
1609 734 1727 773 cum
1759 719 2042 772 hostiarum

501 808 858 863 oblationibus
886 821 983 875 pro
1025 823 1083 861 se
1129 806 1261 873 fieri,
1302 809 1575 876 sanctique
1618 808 1759 861 senis
1786 806 2047 861 Simeonis

501 899 741 952 manibus
769 898 986 966 suscipi,
1022 907 1180 964 atque
1207 899 1274 952 ab
1296 914 1361 952 eo
1389 909 1442 953 et
1474 914 1505 952 a
1539 900 1689 953 beata
1714 899 1863 953 Anna
1889 908 2047 953 ezete-

432 1048 437 1051 η
503 987 679 1054 risque
720 986 892 1053 justis,
939 984 1027 1051 qui
1079 986 1193 1053 ejus
1237 988 1616 1053 exspectabant
1662 988 1943 1042 adventum
1988 1001 2048 1041 se

502 1076 667 1129 voluit
693 1074 950 1129 Cullmel'i.
981 1075 1086 1129 Nos
1111 1089 1259 1143 ergo,
1297 1076 1610 1140 charissimi,
1660 1075 1817 1130 hodie
1854 1076 2049 1129 solem-

504 1164 641 1216 niter
666 1163 962 1217 recolentes
981 1163 1135 1229 hujus
1154 1162 1232 1217 rei
1254 1164 1586 1226 memoriam,
1608 1171 1665 1217 et
1684 1178 1805 1217 cum
1826 1162 2048 1216 Domina

506 1263 682 1306 nostra
709 1254 935 1320 gloriosa
973 1253 1228 1321 genitrice
1268 1255 1383 1322 ejus
1427 1254 1588 1307 Maria
1635 1268 1755 1307 eum
1798 1252 2046 1316 oblaturi,

503 1342 583 1394 vel
615 1342 917 1395 cum.beato
942 1342 1190 1396 Simeone
1218 1345 1387 1410 ipsum
1412 1342 1704 1409 suscepturi
1734 1356 1855 1395 cum
1881 1341 2051 1395 cereis

500 1440 557 1485 et
598 1432 803 1501 hymnis
858 1432 1085 1499 puritate
1133 1432 1332 1484 mentis
1380 1440 1541 1498 atque
1580 1431 1766 1483 lucidis
1802 1431 2052 1497 operibus

499 1522 780 1589 splendidi.
811 1524 861 1575 in
904 1530 1190 1590 conspectu
1235 1520 1350 1588 ejus
1375 1528 1547 1586 astare
1573 1520 1826 1575 debemus
1853 1520 2049 1586 devoti,

498 1611 684 1665 sedulo
725 1611 1061 1665 recordantes
1088 1600 1393 1678 dignitatem
1424 1610 1574 1669 nobis
1614 1610 1918 1680 repromissi
1954 1625 2051 1679 pe-

498 1703 679 1758 tennis
721 1708 775 1754 et
821 1696 986 1754 felicis
1036 1701 1261 1769 imperii,
1310 1701 1563 1766 cmlestis,
1608 1701 1833 1761 scilicet.
1878 1702 2049 1768 regni,

499 1794 641 1864 quod
668 1804 788 1847 tunc
814 1807 997 1848 omnes
1016 1791 1172 1848 electi
1190 1800 1315 1846 sunt
1334 1793 1623 1860 accepturi,
1643 1791 1875 1859 quando.
1897 1790 2046 1859 juxta

501 1882 805 1950 parabolam
836 1879 1125 1949 Evangelii,
1156 1895 1278 1933 cum
1316 1880 1573 1941 bonorum
1603 1894 1821 1946 operum
1851 1878 2050 1948 lampa-

500 1973 654 2027 dibus
696 1978 1038 2026 occurrentes
1084 1968 1291 2037 Sponso
1341 1968 1620 2021 immortali
1650 1968 1859 2036 (Matth.
1896 1970 2046 2037 xxv),

501 2063 596 2130 ipsi
624 2076 816 2131 sponsa
847 2059 961 2129 ejus
987 2059 1155 2114 effecti
1175 2101 1190 2124 ,
1217 2058 1628 2113 amantissimum
1658 2059 1943 2113 thalamum
1970 2061 2051 2113 in-
2092 2125 2109 2139 .

502 2152 747 2213 trahunt;
776 2149 844 2203 ad
888 2163 1042 2218 quem
1073 2164 1169 2203 nos
1215 2147 1553 2203 introducere
1599 2163 1779 2203 secum
1808 2149 2053 2216 dignetur

502 2241 642 2293 idem
672 2234 925 2307 benignus
955 2238 1093 2291 Deus
1130 2247 1186 2291 et
1212 2237 1463 2292 Dominus
1502 2248 1682 2293 noster
1724 2236 1876 2293 .lesus
1901 2237 2053 2293 Chri—

501 2339 639 2396 stus,
666 2329 756 2398 qui
783 2344 902 2382 cum
936 2327 1089 2381 Patre
1117 2337 1171 2380 et
1198 2328 1395 2396 Spiritu
1425 2321 1611 2382 sancto
1640 2329 1768 2382 vivit
1788 2337 1841 2383 et
1868 2339 2057 2399 regnat

504 2432 600 2486 per
628 2417 806 2472 omnia
830 2416 1019 2474 sacqu
1047 2414 1381 2469 stnculorum.
1407 2412 1618 2469 Amen.‘

1072 2502 1345 2557 HOMIUA
1390 2502 1478 2557 ΙΙΙ.

1020 2608 1074 2646 tn
1118 2608 1531 2656 QUADBAGBSIIA.

990 2680 1068 2735 De
1103 2682 1282 2751 iejunii
1319 2682 1573 2735 laudibus.

575 2772 783 2839 Quanta
811 2770 881 2824 sit
907 2783 1033 2838 erga
1082 2784 1196 2833 nos,
1256 2768 1446 2823 fratres
1486 2771 1833 2837 dilectissimi,
1864 2771 2056 2827 divina

510 2860 723 2931 pietatis
752 2860 1048 2922 miseratio,
1080 2866 1135 2911 et
1158 2872 1314 2925 quam
1344 2858 1720 2926 multiplicibus
1765 2861 1934 2913 modis
1959 2875 2057 2913 no-

506 2961 629 3007 stra:
657 2950 943 3020 prospiciat
961 2947 1118 3002 saluti
1142 2949 1376 3002 clemens
1404 2948 1520 3016 ejus
1546 2948 1805 3016 dignatio,
1834 2963 1933 3003 nec
1954 2948 2056 3003 ulla

506 3050 679 3109 potest
702 3038 1002 3108 prospicere
1030 3036 1205 3092 cordis
1228 3038 1441 3091 humani
1483 3037 1756 3105 cogitatio,
1806 3051 1904 3093 nec
1952 3038 2050 3092 ali-

506 3132 700 3201 quibus
726 3128 873 3182 ell‘ari
904 3129 1081 3185 verbis
1108 3128 1217 3182 oris
1243 3128 1407 3182 nostri
1435 3127 1577 3181 valet
1612 3135 1860 3203 assertio.
1894 3126 2055 3182 Vitia-

509 3231 562 3274 ta
593 3220 734 3275 enim
756 3219 985 3289 denique
1016 3220 1065 3272 in
1098 3219 1279 3286 primis
1297 3218 1406 3272 suis
1429 3218 1733 3286 parentibus
1764 3224 1876 3271 tota
1899 3218 2060 3286 stirps

507 3302 716 3380 generis
745 3310 977 3371 humani,
1007 3317 1061 3361 et
1086 3307 1420 3375 sempiterna:
1444 3307 1616 3361 solum
1663 3307 1893 3363 obnoxia
1914 3307 2061 3359 dam-

506 3401 727 3463 nationi,
761 3400 904 3453 nulla
936 3412 1002 3450 ex
1034 3410 1091 3452 se
1128 3404 1337 3464 poterat
1366 3396 1561 3450 habere
1604 3397 1741 3450 vites
1770 3396 1909 3452 hanc
1936 3412 2053 3450 eva‘

507 3490 688 3556 dendi,
713 3503 852 3557 quae,
882 3488 1088 3551 relicto,
1116 3488 1220 3540 imo
1240 3496 1570 3556 contempto,
1600 3498 1816 3542 auctore
1836 3488 1972 3548 vitae,
2002 3502 2062 3542 se

508 3589 698 3649 sponte
725 3578 1118 3647 manipaverat
1144 3579 1331 3631 mortis
1385 3576 1609 3630 auctori.
1642 3574 1705 3628 Et
1732 3576 1876 3644 ideo,
1917 3576 2062 3645 justo

510 3670 602 3723 Dei
619 3669 838 3737 judicio,
864 3670 981 3739 quia
995 3668 1163 3738 justus
1197 3665 1440 3720 Dominus
1469 3666 1607 3720 Deus
1658 3677 1827 3721 noster
1872 3678 1918 3720 et
1960 3683 2063 3721 non

510 3770 583 3811 est
622 3757 861 3826 iniquitas
901 3756 954 3809 in
982 3770 1047 3808 eo
1094 3754 1265 3825 (Psal.
1309 3755 1386 3820 ι),
1438 3762 1635 3807 aeterna
1664 3753 1808 3821 juste
1856 3755 2062 3824 perpeti

511 3845 767 3914 supplicia
793 3856 1103 3911 cogeremur
1121 3857 1307 3896 oumes
1328 3841 1423 3909 qui
1447 3842 1497 3894 in
1520 3841 1686 3895 Adam
1706 3844 2060 3910 peccavimus,

510 3944 563 3986 et
592 3934 643 3985 in
692 3932 807 4001 ipso
833 3932 929 4001 ipsi
952 3945 1166 4000 quoque
1212 3931 1538 3998 originaliter
1565 3930 1697 4000 lapsi
1724 3946 1923 3993 sumus,
1964 3933 2062 3985 nisi

512 4021 768 4075 Dominus
819 4029 1004 4074 noster
1074 4020 1519 4089 quemadmodum
1580 4020 2064 4090 incomparabiliter

504 4109 694 4177 justus,
722 4111 800 4163 sic
824 4108 1158 4164 ineﬂ'abiliter
1184 4117 1240 4162 et
1268 4124 1385 4178 p.us
1413 4119 1458 4162 ι.
1486 4108 1617 4163 Cum
1642 4110 1820 4179 itaque
1842 4111 1892 4163 in
1910 4110 2062 4164 fovea

506 4199 817 4266 perditionis
840 4199 1094 4268 prostrati
1144 4199 1470 4266 jaceremus,
1503 4208 1558 4252 et
1586 4214 1683 4253 suo
1737 4201 1928 4254 merito
1970 4215 2063 4268 pe-

502 4289 762 4341 reundum
810 4297 952 4342 esset
999 4289 1244 4342 omnibus
1272 4328 1287 4353 ,
1341 4289 1517 4342 divina
1545 4304 1651 4342 non
1699 4290 1819 4343 tulit
1856 4291 2064 4345 bonitas

2147 538 2214 588 ad
2246 539 2580 590 ostensionem
2596 539 2813 606 justitiw
2839 554 2945 591 sua:
2971 549 3177 606 propter
3204 541 3539 595 remissionem
3561 559 3706 611 prte-

2148 627 2426 678 cedentium
2448 626 2742 679 delictorum
2771 626 2946 692 (Rom.
2980 630 3081 695 tu).
3108 629 3267 695 Ergo,
3285 628 3471 684 fratres
3488 631 3709 685 charis-

2146 714 2290 776 simi,
2320 713 2439 781 quia
2468 722 2609 766 tanta
2636 716 2818 780 gratiae
2835 714 2927 769 Dei
2947 731 3162 770 munera
3193 717 3356 784 gratis
3374 719 3709 787 accepimus,

2148 802 2382 867 dignum,
2416 802 2522 854 imo
2548 802 2705 855 valde
2730 804 3079 858 necessarium
3107 812 3191 859 est
3218 805 3373 861 nobis
3423 822 3486 861 ne
3522 808 3579 862 ei
3631 809 3714 860 in-

2148 890 2281 957 g‘rati
2311 888 2494 951 simus,
2526 894 2581 940 et
2610 903 2677 942 ne
2703 890 2953 944 collatam
2985 892 3138 945 nobis
3159 893 3383 959 gratiam
3429 894 3478 947 in
3517 895 3714 962 aliquo

2149 980 2494 1046 negligemus.
2549 979 2699 1034 Unde
2739 988 2796 1033 et
2822 995 2920 1035 nos
2956 982 3205 1035 admonet
3230 982 3369 1036 idem
3415 984 3716 1052 Apostolus

2148 1069 2334 1123 dicens
2362 1087 2375 1120 ε
2424 1068 2710 1122 Hortamur
2732 1085 2821 1123 eos
2842 1085 2905 1123 ne
2925 1071 2981 1122 in
3008 1086 3217 1123 vacuum
3243 1071 3462 1141 graium
3502 1072 3608 1125 Dei
3629 1089 3715 1125 re-

2149 1158 2350 1227 cipiatis
2371 1157 2424 1219 (Ι
2432 1156 2458 1209 1
2481 1157 2600 1211 Cor.
2629 1158 2735 1225 vr).
2763 1157 2966 1224 Quibus
2994 1158 3228 1226 monitis,
3250 1160 3316 1213 ad
3342 1176 3555 1214 omnem
3616 1161 3714 1214 Dei

2152 1247 2517 1300 mandatorum
2546 1248 2904 1302 obedientiam
2945 1264 3320 1318 provocamur,
3364 1260 3423 1304 ut
3469 1252 3596 1320 quia
3645 1250 3716 1303 de

2151 1353 2323 1393 massa
2354 1341 2556 1407 peccati
2585 1342 2850 1409 segregati
2875 1350 2931 1396 et
2958 1357 3055 1409 per
3093 1340 3249 1397 fidem
3281 1344 3452 1397 vocati
3499 1356 3714 1403 sumus,

2152 1428 2626 1491 remissionemque
2673 1435 3013 1495 peccatorum
3064 1429 3117 1482 in
3155 1429 3418 1497 baptismo
3460 1427 3715 1496 percepi-

2153 1532 2288 1577 mus.
2321 1517 2474 1581 digna
2504 1516 2622 1570 ﬁdei
2645 1531 2805 1586 opera
2822 1517 3093 1582 faciamus,
3117 1534 3184 1572 ne
3213 1518 3340 1572 fides
3370 1534 3463 1587 per
3483 1518 3715 1587 gratiam

2157 1606 2250 1661 Dei
2279 1607 2434 1661 nobis
2462 1607 2738 1669 attributa,
2759 1607 2804 1660 si
2831 1606 2991 1661 fuerit
3016 1607 3131 1661 sine
3166 1607 3437 1677 operibus,
3467 1622 3577 1683 non
3630 1621 3717 1660 so-

2156 1694 2263 1749 lum
2292 1695 2483 1757 otiosa,
2513 1694 2783 1754 sedetiam
2807 1703 3015 1749 mortua
3040 1694 3324 1763 judicetur,
3373 1710 3438 1749 ac
3466 1710 3561 1763 per
3608 1694 3717 1748 hoe

2082 1770 2125 1828 Β
2151 1784 2376 1852 gratiam
2407 1783 2500 1837 Dei
2528 1783 2579 1837 in
2606 1799 2851 1848 vacuum,
2879 1783 2934 1838 id
2964 1794 3069 1851 est,
3120 1785 3397 1849 inutiliter,
3442 1785 3719 1854 rerepigse

2148 1873 2441 1927 videamur.
2466 1871 2719 1926 Dominus
2743 1888 2973 1944 namque
2999 1873 3152 1929 Jesus
3174 1876 3389 1930 mittens
3434 1877 3649 1944 apostol
3688 1890 3718 1929 s

2150 1962 2203 2016 in
2233 1950 2538 2017 universum
2570 1964 2824 2017 mundum
2853 1965 3146 2032 praedicare
3168 1965 3526 2031 Evangelium,
3578 1980 3718 2033 pra:-

2149 2051 2293 2119 cepit
2318 2051 2395 2106 eis
2413 2051 2597 2105 dicens
2628 2071 2639 2104 :
2669 2050 2765 2115 Ite,
2792 2053 2965 2107 docete
2984 2070 3156 2107 omnes
3184 2064 3373 2123 gentes,
3396 2054 3574 2118 tidem,
3608 2056 3715 2108 sei-

2152 2142 2293 2199 licet.
2321 2153 2517 2195 sancta:
2544 2141 2835 2203 Trinitatis.
2855 2143 3169 2211 baptisantes
3194 2145 3245 2197 in
3270 2145 3473 2197 nonsine
3513 2143 3715 2205 Patris,

2152 2241 2201 2284 et
2232 2230 2373 2292 Filii,
2397 2240 2444 2282 et
2475 2231 2696 2299 Spiritus
2733 2234 2895 2285 sancti
2924 2248 2943 2296 ;
2972 2240 3027 2286 et
3064 2232 3296 2287 addidit:
3349 2233 3600 2287 Dorentes
3629 2250 3719 2287 eos

2152 2334 2354 2372 servare
2398 2319 2570 2372 omnia
2623 2336 2929 2388 quacunque
2991 2322 3230 2374 mandavi
3275 2321 3414 2375 vobis
3466 2322 3714 2391 (Matth.

2154 2421 2359 2482 sum).
2382 2412 2451 2489 lu
2481 2413 2671 2481 quibus
2699 2413 2873 2468 verbis
2899 2422 3083 2482 aperte
3106 2414 3391 2470 ediscimus
3445 2415 3572 2483 quia
3623 2415 3716 2483 qui

2154 2504 2307 2556 fidem
2340 2503 2643 2571 recipimus,
2674 2512 3015 2573 nostramque
3042 2504 3117 2559 illi
3165 2506 3427 2575 baptismo
3473 2518 3717 2575 spopon-

2152 2590 2323 2645 dimns
2352 2591 2677 2655 servitutem,
2705 2592 2949 2647 omnibus
2977 2594 3239 2648 mandatis
3286 2593 3404 2662 ejus
3454 2604 3514 2648 ut
3568 2594 3711 2648 obe-

2151 2680 2265 2733 dire
2291 2679 2592 2741 studeamus
2621 2695 2837 2735 necesse
2880 2688 2983 2745 est,
3015 2690 3073 2735 ut
3115 2682 3237 2736 dum
3268 2698 3329 2738 ea
3365 2697 3487 2752 qua:
3534 2683 3703 2750 jussit

2155 2769 2395 2829 facimus,
2429 2770 2493 2821 ad
2518 2769 2775 2824 bonorum
2795 2786 3015 2840 operum
3050 2772 3291 2840 praemia,
3320 2788 3437 2842 quze
3466 2774 3627 2826 nobis
3657 2772 3717 2823 li-

2154 2857 2286 2910 delis
2331 2864 2386 2910 et
2413 2857 2502 2925 qui
2543 2872 2648 2910 non
2679 2859 2933 2912 mentitur
2961 2859 3215 2914 Dominus
3244 2861 3561 2928 repromisit,
3595 2860 3712 2928 ipso

2156 2946 2463 3011 auxiliante,
2490 2947 2769 3015 pervenire
2793 2964 3123 3011 mereamur.,
3154 2951 3211 3005 In
3257 2965 3503 3005 sermone
3531 2960 3712 3003 autem

2156 3035 2413 3103 Apostoli,
2444 3051 2601 3104 quem
2625 3036 2677 3090 in
2699 3037 2927 3092 medium
2950 3038 3282 3103 deduximus,
3310 3038 3419 3109 quo
3451 3058 3549 3096 nos
3590 3041 3713 3094 hor-

2158 3135 2300 3179 tatur
2324 3140 2389 3179 ne
2418 3125 2469 3178 in
2500 3140 2721 3179 vacuum
2751 3128 2973 3200 gratiam
3004 3127 3094 3183 Dei
3122 3130 3458 3197 recipiamus,
3487 3131 3713 3198 gratiam

2159 3218 2249 3271 Dei
2280 3233 2385 3271 non
2412 3216 2582 3271 solum
2599 3217 2894 3285 intelligere
2922 3219 3197 3287 debemus,
3227 3220 3382 3275 fidem
3407 3234 3571 3289 qam
3599 3222 3710 3290 pri—

2156 3322 2301 3361 tuum
2329 3306 2382 3360 in
2411 3316 2749 3362 sacramento
2788 3306 3037 3376 baptismi
3080 3308 3433 3379 percepimus,
3472 3309 3573 3363 sed
3598 3323 3712 3364 om-

2158 3396 2240 3450 nia
2271 3404 2388 3463 quae
2416 3397 2569 3451 nobis
2594 3411 2623 3449 a
2656 3397 2764 3452 Deo
2784 3397 3051 3452 donantur
3074 3398 3232 3461 bona,
3263 3398 3376 3454 sive
3418 3398 3529 3453 sint
3554 3401 3709 3469 spiri-

2161 3485 2339 3550 tualia,
2367 3485 2478 3540 sive
2502 3488 2613 3540 sint
2639 3501 2700 3541 ea
2727 3501 2843 3555 quae
2870 3488 3062 3543 Paulus
3113 3492 3385 3558 apostolus
3419 3489 3553 3546 dicit
3595 3506 3711 3545 esse

2160 3576 2354 3643 fructus
2395 3575 2640 3644 Spiritus,
2672 3584 2730 3630 ut
2773 3582 2855 3631 est
2880 3578 3128 3643 cher-itas,
3173 3578 3437 3647 gaudium,
3463 3594 3589 3647 pax,
3620 3597 3710 3648 pa-

2160 3664 2360 3725 tientia,
2385 3664 2770 3732 longanimitas,
2818 3664 3039 3731 bonitas,
3081 3666 3389 3735 benignitas,
3437 3677 3494 3722 et
3521 3677 3707 3723 ezrtera

2161 3753 2301 3823 (Gal.
2332 3758 2420 3822 v);
2449 3755 2560 3807 sive
2586 3754 2693 3809 sint
2720 3755 3038 3823 corporalia,
3066 3757 3118 3811 in
3137 3758 3327 3825 quibus
3352 3766 3434 3813 est
3472 3761 3709 3828 corporis

2159 3847 2378 3907 sanitas,
2414 3844 2618 3913 frugum
2650 3844 2885 3912 ubertas,
2914 3848 3053 3901 aeris
3090 3848 3370 3917 serenitas,
3411 3858 3705 3919 temporum

2160 3950 2261 4002 pax
2292 3931 2732 4001 ettranquillitas,
2760 3940 2817 3988 et
2836 3934 2917 3988 bis
2942 3934 3133 3990 similia
3160 3935 3277 4005 ejus
3304 3938 3443 3992 dona
3494 3938 3563 3993 de
3592 3939 3706 4007 qui-

2161 4024 2259 4077 hus
2288 4022 2355 4075 ab
2382 4020 2637 4091 Apostolo
2664 4023 3006 4078 cohortamur
3030 4040 3097 4081 ne
3126 4041 3191 4080 ea
3220 4028 3448 4082 inaniter
3485 4030 3707 4099 recipia-

2162 4127 2298 4165 nms.
2328 4110 2455 4179 Ejus
2482 4126 2693 4180 quoque
2716 4111 2932 4175 talenta,
2986 4127 3108 4181 quae
3136 4115 3421 4182 unicuique
3469 4128 3706 4173 nostrum

2161 4202 2448 4255 secundum
2475 4194 2739 4270 propriam
2760 4201 2906 4256 dedit
2929 4202 3179 4258 virtutem
3222 4202 3429 4273 (Matth.
3466 4208 3614 4274 xxv),
3645 4224 3707 4261 ne

2161 4294 2276 4346 sine
2306 4294 2453 4348 lucro
2497 4293 2756 4347 bonorum
2806 4308 3029 4364 operum
3060 4296 3401 4359 retineamus,
3436 4288 3553 4361 sed,
3585 4298 3707 4352 dum

504 4394 654 4430 suum
688 4378 1141 4433 irremediabiliter
1151 4380 1334 4448 perire
1356 4398 1508 4450 opus,
1532 4382 1623 4436 sed
1672 4383 1828 4451 elegit
1854 4398 1920 4437 ex
1943 4378 2060 4456 ipsa
2086 4417 2137 4477 ο
2164 4394 2371 4457 tempus
2394 4395 2497 4453 est,
2528 4386 2833 4453 negotiandi
2865 4388 2915 4441 in
2943 4388 3253 4443 exercendis
3289 4388 3448 4444 lucris
3477 4390 3704 4474 Domini-

508 4468 820 4534 perditionis
846 4485 1019 4522 massa
1048 4484 1183 4537 quos
1206 4470 1230 4508 δ
1274 4473 1437 4540 gratis
1480 4474 1727 4537 salvaret,
1760 4484 1813 4528 et
1840 4490 1933 4528 sua
1972 4491 2059 4530 so-

504 4557 767 4613 lummodo
812 4560 1123 4626 justilicaret
1178 4563 1364 4629 gratia.
1409 4563 1560 4627 Quod
1614 4579 1733 4617 cum
1780 4565 2061 4620 transactis

503 4658 645 4700 retro
695 4650 899 4703 saeculis
947 4649 1289 4704 multifariam
1340 4653 1655 4705 contulisset
1698 4654 1936 4722 patribus
1966 4669 2060 4708 no-

502 4738 646 4803 stris,
670 4736 825 4804 hujus
855 4746 1033 4798 tamen~
1077 4739 1417 4807 perfectionis
1450 4758 1710 4795 summam
1743 4744 1839 4796 hac
1893 4745 2059 4797 novis.

501 4828 629 4879 sima
652 4826 824 4880 szeculi
850 4834 1008 4881 artato
1035 4829 1280 4896 dignatus
1308 4840 1390 4885 est
1416 4834 1660 4887 conferre
1691 4833 1841 4887 nobis
1871 4835 1921 4887 in
1944 4836 2058 4888 uui-

502 4917 679 4979 genito
706 4915 927 4970 Domino
956 4926 1137 4971 nostro
1158 4917 1280 4973 Jesu
1309 4921 1543 4984 Christo,
1569 4924 1717 4992 quia,
1750 4931 1806 4975 ut
1836 4932 2059 4978 testatur

502 5006 685 5083 beatus
719 4995 903 5060 Petrus
932 5008 1221 5074 apostolus,
1257 5009 1379 5064 Non
1407 5022 1481 5065 est
1507 5016 1559 5064 in
1599 5014 1702 5066 alio
1727 5014 1896 5083 aliqua
1918 5016 2054 5068 solus

501 5080 658 5162 neque
691 5094 828 5145 aliud
859 5112 1037 5149 nomen
1070 5097 1160 5149 sub
1209 5101 1331 5151 cado
1360 5102 1533 5153 datum
1568 5112 1645 5155 est
1680 5080 1961 5157 hminibus
2000 5107 2053 5158 in

500 5203 596 5254 quo
619 5194 848 5253 oporteat
888 5203 978 5238 nos
1026 5188 1191 5242 salvos
1239 5190 1355 5257 ﬁeri
1381 5192 1513 5258 (Act.
1564 5197 1659 5257 iv).
1693 5194 1827 5247 Hinc
1845 5194 1971 5246 dicit
2001 5204 2056 5249 et

498 5274 837 5341 eoapostolus
856 5274 969 5341 ejus
997 5275 1190 5331 Paulus
1220 5296 1232 5329 :
1263 5277 1448 5331 Omtes
1476 5292 1804 5346 peccaverunt
1832 5292 1879 5334 et
1910 5292 2056 5353 egent

498 5365 660 5432 gloria
690 5364 916 5428 Domini,
935 5367 1163 5435 justi/ica
1188 5371 1206 5421 i
1225 5372 1383 5439 gratis
1410 5387 1502 5439 per
1522 5376 1741 5441 gratiam
1761 5376 1941 5443 ipsius,
1964 5393 2053 5443 per

498 5456 890 5523 redemptionem
920 5473 1029 5521 qutv
1055 5468 1129 5509 est
1154 5460 1205 5510 in
1236 5462 1433 5515 Chris'o
1457 5463 1601 5530 Jesu,
1620 5481 1765 5535 quem
1789 5466 2049 5535 proposuit

568 5616 589 5641 α
634 5607 727 5659 llic
756 5608 905 5662 deest
947 5610 1212 5683 quidpiam
1240 5614 1395 5680 quale
1424 5616 1489 5669 sit
1513 5615 1657 5677 illud,
1684 5615 1939 5683 fortassis,
1955 5616 2049 5669 ad-

496 5687 636 5732 t'entu
658 5693 749 5730 suo
778 5694 865 5730 nos
894 5682 1197 5748 redemisset,
1220 5685 1302 5737 vel
1332 5684 1435 5759 tale
1472 5686 1691 5754 aliquid.

2162 4492 2255 4540 (τις,
2282 4480 2333 4531 in
2361 4479 2441 4531 his
2468 4491 2585 4545 quae
2627 4479 2894 4546 accepisse
2922 4478 3315 4547 perpendimur,
3366 4466 3702 4551 occupentur,

2162 4581 2229 4619 ne
2256 4583 2373 4621 cum
2404 4566 2611 4621 venerit
2637 4568 2895 4622 rationem
2928 4582 3047 4620 cum
3076 4569 3243 4623 servis
3271 4569 3541 4638 positurus
3563 4579 3616 4624 et
3648 4570 3702 4622 li-

2158 4654 2303 4710 deles
2332 4656 2691 4724 negotiatores
2718 4665 3170 4721 remuneraturus,
3195 4660 3239 4712 si
3292 4660 3559 4713 invenerit
3610 4675 3701 4714 nos

2157 4746 2335 4811 gratiae
2361 4760 2467 4799 sua:
2495 4745 2716 4813 talenta,
2736 4746 2877 4813 Quod
2899 4748 3056 4814 absit,
3080 4748 3344 4816 recepisse
3380 4749 3433 4802 in
3460 4765 3699 4816 vacuum,

2151 4839 2269 4903 jure
2295 4838 2573 4891 damnatos
2593 4837 2838 4907 projiciat
2864 4838 2915 4891 in
2941 4840 3185 4894 tenebras
3211 4840 3562 4896 infernorum.
3603 4842 3700 4898 Sed

2155 4927 2329 4992 potius
2356 4925 2479 4979 totis
2495 4926 2803 4980 studeamus
2846 4928 3068 4991 viribus,
3095 4936 3161 4983 ut'
3200 4933 3563 5000 unusquisque
3613 4947 3699 4987 uo-

2153 5025 2316 5068 5trum
2339 5030 2435 5084 pro
2456 5023 2739 5083 apportata
2781 5016 2930 5073 lucro
2972 5019 3155 5072 audire
3177 5031 3443 5074 mereatur
3472 5039 3487 5074 :
3542 5020 3695 5092 Euge,

2152 5121 2290 5157 serve
2316 5108 2441 5158 bone
2466 5116 2514 5157 et
2539 5105 2707 5174 ﬁdelis
2725 5146 2741 5169 ,
2787 5108 2907 5176 quia
2952 5125 3103 5177 super
3129 5126 3294 5175 pauca
3347 5112 3492 5176 fuisti
3516 5114 3698 5179 ﬁdelis,

2152 5209 2304 5260 supra
2332 5195 2491 5247 multa
2535 5205 2582 5246 te
2614 5195 2945 5261 constituam,
2971 5198 3108 5252 intra
3137 5197 3187 5249 in
3224 5198 3465 5267 gaudium
3496 5198 3697 5256 Domini

2153 5282 2224 5334 tui
2254 5281 2474 5353 (Ibid.);
2500 5284 2587 5337 ubi
2620 5298 2717 5337 nos
2737 5299 2917 5339 secum
2940 5287 3171 5354 gaudere
3195 5287 3453 5342 concedat
3479 5289 3596 5358 ipse
3615 5290 3697 5344 he-

2151 5375 2339 5439 nignus
2364 5374 2615 5429 Dominus
2637 5382 2691 5429 et
2721 5374 2858 5429 Deus
2888 5385 3093 5432 noster.

2216 5461 2365 5516 Nunc
2390 5479 2535 5532 ergo,
2565 5463 2775 5531 fratres,
2794 5465 2917 5533 quia
2936 5478 3122 5521 sacros
3145 5462 3256 5519 dies
3275 5464 3602 5534 jejuniorum
3621 5477 3693 5520 oe

2205 5612 2255 5736 Ξ,
2286 5614 2402 5694 1ςείἶ
2434 5630 2531 5695 mi:
2566 5616 2734 5671 Gratis
2762 5616 3035 5670 venundati
3061 5614 3183 5671 estis
3211 5624 3259 5669 et
3286 5616 3472 5687 absque
3497 5625 3695 5687 argento

2239 5702 2477 5736 υητικυιι.

2151 5702 2477 5740 reumtrntmt.
