3848 6344
168 495 421 557 leuamus,
450 497 588 547 scire
607 490 811 545 debetis
834 492 1083 560 quoniam
1110 493 1252 548 sicut
1306 507 1521 563 corpori
1566 496 1683 548 vul-
1714 503 1758 558 Α
1785 498 1914 552 dicit
1956 497 2096 551 enim
2149 496 2421 566 Scriptura
2475 497 2597 566 quia
2651 499 2769 568 [ceit
2821 497 3063 553 Dominus
3105 499 3230 553 Adit
3277 509 3328 555 el

167 594 328 639 uento
355 583 757 644 malicamenta,
785 584 886 646 sic,
906 593 962 635 et
1009 583 1175 636 multo
1221 584 1470 651 amplius,
1499 585 1687 638 anima:

166 691 476 749 peccatorum
506 678 809 732 vulneribus
836 678 1082 731 sauciata:
1108 678 1364 731 medicina
1392 680 1687 732 necessaria

164 775 272 822 sunt
291 765 526 832 jejunia;
582 763 916 832 maximeque
943 766 1064 832 quia
1095 765 1294 831 primos
1321 775 1566 833 parentes
1592 782 1687 819 no-

164 862 302 916 suos.
324 859 540 919 propter
559 851 756 918 gulam,
788 865 818 902 a
845 853 1070 918 paradisi
1092 852 1296 920 gaudiis
1316 854 1565 920 expulsos
1593 869 1688 906 no-

165 940 312 993 vimus
335 936 484 1009 (Cen.
525 941 624 1005 tu),
658 941 1044 1007 procurandum
1089 941 1241 996 nobis
1285 950 1389 1008 est,
1439 944 1482 996 si
1512 943 1576 996 ad
1625 958 1687 997 ea

163 1028 333 1084 reverti
351 1028 609 1095 cupimus.
643 1034 699 1080 ut
726 1042 820 1096 per
847 1027 1215 1081 abstinentiam
1247 1031 1384 1082 viam
1415 1031 1568 1084 nobis
1599 1031 1689 1084 illo

163 1115 398 1172 redemidi
431 1129 802 1182 praeparemus.
827 1115 959 1180 Quid
983 1125 1156 1170 autem
1179 1117 1306 1180 sint,
1336 1127 1390 1171 et
1435 1130 1686 1182 quantum

160 1219 292 1259 sacra
315 1206 518 1272 prosint
543 1204 764 1270 jejunio,
790 1205 963 1259 audiat
990 1205 1040 1258 in
1073 1206 1215 1258 brevi
1233 1207 1465 1260 Charitas
1494 1219 1685 1260 vestra.

158 1290 344 1360 Jejunia
363 1302 487 1347 sunt
513 1294 694 1361 gratia:
739 1291 831 1346 Dei
886 1293 1192 1359 primordia,
1237 1295 1687 1348 reconciliationis

156 1378 414 1446 sactilcia,
432 1379 614 1435 salutis
633 1379 886 1440 remedia,
909 1379 1165 1435 castitatis
1186 1381 1543 1434 fundamenta.
1568 1381 1688 1436 Hmc

158 1469 304 1522 vitam
327 1469 600 1521 imitantur
641 1469 956 1536 angelicam.
1012 1468 1096 1525 his
1141 1471 1440 1526 excitantur
1485 1482 1688 1524 mentes

159 1555 390 1620 ﬁdelium,
419 1557 500 1611 his
528 1556 838 1612 rellciuntur
861 1557 1069 1618 animae,
1116 1573 1210 1627 per
1253 1559 1362 1616 tunc
1390 1560 1687 1615 moriuntur

158 1646 327 1714 culpa.
357 1646 604 1720 delentur
632 1645 849 1710 delicta.
879 1647 960 1701 his
987 1647 1238 1715 gradibus
1288 1651 1592 1717 pervenitur
1619 1649 1685 1703 ad

156 1737 396 1803 celestis,
441 1737 522 1794 bis
567 1737 729 1793 armis
779 1738 1089 1790 dimicamus
1125 1746 1309 1791 contra
1337 1738 1601 1794 diabolum
1630 1748 1686 1794 et

1597 379 1936 446 ηοιιιιιΑεζ

3223 385 3326 446 606

1790 586 1936 638 uxori
1963 586 2072 653 eius
2113 587 2305 638 tunicas
2335 586 2587 652 pellireas,
2618 599 2662 639 et
2708 586 2868 639 induit
2906 603 2991 640 eos
3038 586 3190 657 (Cen.
3223 597 3322 656 In).

1790 671 1924 725 Ecce
1947 673 2211 739 quomodo
2253 674 2372 739 gula
2420 674 2594 736 vestit,
2625 681 2679 727 et
2707 674 2973 742 quomodo
3021 676 3158 729 nuda
3188 693 3200 727 :
3233 693 3329 728 au-

1790 760 1892 813 lert
1919 771 2226 814 ornamenta
2249 761 2522 824 virtutum,
2554 763 2712 815 vestit
2738 763 3019 828 ignominia
3038 764 3283 816 vitiorum
3309 781 3323 827 ;

1788 848 1885 902 sibi
1909 848 2240 901 obedientvm
2269 863 2298 900 a
2345 849 2479 902 facie
2526 849 2617 902 Dei
2667 851 2964 918 abscondit,
2993 862 3066 916 et,
3094 863 3151 904 ut
3198 845 3321 906 neu

1789 934 1912 988 l’urti
1946 937 2237 999 conscium,
2268 937 2334 990 ad
2379 937 2609 991 latebras
2637 940 2819 1003 mittit,
2851 941 3074 1006 paradisi
3106 941 3325 995 felicita-

1790 1035 1893 1076 tem
1934 1026 2149 1084 claudit,
2201 1038 2255 1079 et
2298 1027 2534 1080 omnium
2581 1028 2826 1080 vitiorum
2852 1028 3068 1094 januam
3124 1030 3322 1097 pandit.

1789 1111 2071 1180 Sequentis
2098 1113 2256 1165 etiam
2286 1115 2381 1166 aevi
2406 1122 2603 1182 patres,
2630 1116 2674 1168 si
2719 1116 3043 1180 consideres,
3098 1134 3191 1187 per
3234 1133 3327 1186 gu-

1789 1200 1892 1253 lam
1921 1200 2172 1254 cecidi~se
2198 1210 2251 1254 et
2279 1216 2374 1269 per
2392 1203 2763 1257 abstinentiam
2784 1205 2992 1258 stetisse
3013 1221 3321 1273 cognosces.

1788 1290 2017 1343 Sanctus
2037 1289 2147 1342 Noe
2176 1290 2250 1342 vir
2272 1290 2498 1354 sobrius,
2527 1292 2726 1346 mundo
2756 1303 3027 1361 pereunte,
3061 1296 3196 1348 inter
3225 1312 3327 1350 un-

1786 1380 1881 1432 das
1902 1381 2080 1432 diluvii
2110 1393 2368 1439 servatus.
2395 1383 2485 1449 qui
2514 1383 2563 1434 in
2585 1383 2721 1436 Area
2745 1398 2801 1436 se
2823 1399 3075 1453 suosque,
3101 1403 3198 1441 nec
3217 1404 3323 1442 non

1785 1478 1837 1520 et
1850 1484 2032 1522 omnes
2047 1469 2260 1534 bestias,
2280 1485 2490 1537 pecora,
2508 1480 2562 1523 et
2591 1472 2729 1538 ipsas
2755 1472 2999 1529 volucres
3026 1483 3323 1544 temperan-

1785 1565 1864 1610 tes
1881 1557 2099 1610 Domino
2119 1559 2450 1624 pmcipienle
2465 1559 2592 1611 aluit
2608 1559 2758 1626 (Cen.
2776 1562 2891 1630 vn),
2908 1565 3240 1631 posttnodum
3253 1568 3327 1617 vi-

1784 1647 1835 1700 ni
1857 1647 2045 1716 poculo
2060 1647 2473 1717 intemperanter
2490 1659 2705 1716 sumpto
2729 1651 3105 1708 dehonestatus
3140 1665 3238 1719 est,
3269 1665 3325 1710 et

1785 1754 1816 1793 a
1852 1739 1958 1793 tilio
1988 1755 2087 1794 suo
2123 1739 2287 1792 Cbam
2314 1739 2541 1793 lud.brio
2565 1749 2647 1794 est
2673 1741 2884 1797 habitus
2914 1742 3062 1812 (Gen.
3090 1748 3185 1814 ix).
3225 1745 3326 1801 Lot

156 1826 394 1878 vincimus
417 1825 660 1893 exemplo
689 1824 894 1878 Domini
917 1827 1085 1880 nostri
1106 1824 1228 1882 .lesu
1253 1827 1448 1881 Christi
1477 1829 1566 1896 qui
1589 1844 1683 1897 per
1712 1817 1756 1875 Β
1785 1835 2029 1898 nepotem
2072 1828 2312 1890 Abrahae,
2335 1841 2490 1896 quem
2519 1843 2620 1883 nec
2640 1829 2963 1885 Sodomitiea
2993 1834 3196 1889 scelera
3227 1851 3326 1890 nec

152 1915 392 1984 jejunium
423 1924 659 1968 nostrum
689 1915 958 1983 prmliatur
1008 1923 1193 1971 contra
1223 1915 1524 1980 diabolum;
1576 1932 1681 1972 non

158 2006 288 2073 quod
319 2005 405 2060 ille
433 2013 524 2058 aut
548 2003 752 2075 jejunio
777 2013 870 2062 aut
917 2004 1020 2060 isto
1048 2014 1229 2072 egeret
1252 2005 1564 2070 certamine,
1590 2007 1682 2060 sed

160 2106 210 2149 ut
237 2097 452 2164 primum
477 2110 576 2151 nos
599 2095 816 2148 doceret
844 2094 1131 2155 debellare,
1164 2104 1217 2148 et
1243 2104 1423 2163 postea
1461 2096 1684 2149 donaret

155 2190 368 2243 vincere.
399 2191 675 2241 Certamen
695 2186 863 2255 igitur
887 2187 1122 2254 magistri
1171 2201 1234 2240 ac
1275 2187 1479 2242 Domini
1519 2190 1682 2243 nostri

155 2268 503 2342 agnoscamus,
525 2285 581 2330 et
607 2275 686 2333 sic
722 2284 870 2329 certe
895 2275 1177 2332 discamus.
1234 2275 1510 2331 Continuis
1547 2291 1682 2344 qua-

151 2363 375 2430 draginla
404 2363 588 2420 diebus
614 2379 678 2418 ac
719 2362 966 2418 noctibus
1003 2363 1262 2432 jejunavit
1292 2379 1308 2416 :
1334 2373 1509 2432 postea
1559 2380 1685 2419 vero

152 2453 314 2504 erudit
334 2452 539 2521 (Matth.
575 2469 676 2515 ινις
703 2453 847 2520 quod
872 2454 1055 2507 videns
1086 2463 1318 2507 tentatur
1342 2469 1405 2507 ex
1437 2455 1681 2522 pharetra

151 2541 348 2594 malitiae
366 2557 473 2596 suae
493 2541 683 2594 direxit
711 2542 783 2596 illi
800 2542 1024 2611 primum
1046 2543 1299 2611 spiculum
1315 2542 1466 2610 gulae.
1487 2543 1683 2610 Quare,

151 2630 326 2698 inquit,
353 2634 553 2686 esuris?
590 2633 634 2684 si
667 2630 832 2685 Filius
861 2631 952 2686 Dii
979 2650 1054 2698 es,
1074 2635 1154 2686 die
1182 2644 1234 2686 ut
1259 2635 1452 2698 lujides
1480 2637 1564 2688 isti
1593 2652 1681 2703 pa-

152 2721 400 2788 nes'ﬁant.
431 2721 495 2774 Et
517 2721 645 2789 quid
674 2721 738 2774 ad
785 2722 884 2775 ista
925 2721 1178 2778 Dominus
1221 2724 1394 2777 lecit?
1432 2726 1683 2796 Clypeutu

148 2809 319 2878 Μαυῆ
347 2811 642 2880 ρηειειιάἰθ,
667 2821 721 2865 et
763 2812 982 2880 ignitum
1015 2812 1181 2866 hostis
1203 2813 1438 2879 jaculum
1490 2816 1540 2868 in
1573 2819 1686 2883 ipso

151 2902 390 2956 exstinxit
412 2912 570 2972 atque
599 2904 879 2972 confregit,
904 2905 1087 2959 dicens
1118 2925 1129 2957 :
1158 2904 1279 2960 Non
1329 2910 1380 2961 iit
1408 2911 1516 2964 solo
1556 2925 1686 2974 pune

151 2992 260 3044 risit
283 2993 445 3058 homo,
471 2996 560 3046 sed
588 2996 644 3046 in
667 2997 803 3048 omni
832 2997 979 3051 uerbo
1032 2998 1166 3066 quod
1218 2999 1443 3063 procedit
1489 3016 1554 3051 ex
1601 3015 1687 3052 ore

153 3080 240 3132 Dei
254 3099 271 3141 ;
296 3096 356 3135 ac
380 3083 422 3134 si
447 3081 651 3136 diceret
683 3100 695 3134 :
719 3083 1088 3150 Temporaletn
1119 3086 1359 3152 corporis
1380 3086 1571 3139 suades
1595 3103 1683 3140 su-

151 3185 286 3226 turre
310 3173 496 3238 cibum,
526 3182 584 3229 ut
610 3184 868 3232 mlernum
893 3183 950 3229 et
996 3175 1208 3230 vitalem
1258 3177 1445 3230 animae
1476 3177 1683 3232 auferas

149 3263 368 3329 victum;
397 3256 516 3320 cum
556 3265 718 3319 homo
765 3280 830 3319 ex
879 3265 1055 3318 anima
1111 3277 1321 3322 constet
1343 3276 1398 3320 et
1437 3282 1682 3336 corpore,

150 3351 286 3418 prius
309 3353 475 3406 anima
503 3353 666 3413 debet
690 3353 839 3410 reﬁci
868 3355 959 3408 Dei
991 3355 1175 3418 verbo,
1205 3366 1257 3408 et
1280 3368 1460 3423 postea
1491 3373 1683 3424 corpus

152 3454 282 3505 pane
310 3448 534 3497 terreno.
569 3445 680 3496 lloc
713 3443 931 3497 intentis
958 3444 1172 3498 auribus
1209 3445 1389 3498 audiat
1427 3447 1514 3510 qui
1561 3461 1683 3498 vere

144 3529 318 3584 vivere
343 3531 547 3594 audeat,
573 3531 666 3598 qui
694 3545 820 3585 vere
867 3532 1045 3586 vivere
1084 3531 1379 3595 desiderat;
1408 3532 1548 3588 hunc
1591 3548 1684 3601 pa-

148 3632 262 3672 nem
288 3619 582 3678 avidissime
605 3617 897 3688 perquirat,
931 3620 1022 3676 illo
1051 3623 1281 3677 animam
1330 3633 1510 3690 pascat
1559 3626 1682 3674 dum

144 3723 265 3761 caro
291 3707 510 3776 jejunat.
536 3709 889 3777 Perspitimus
908 3708 1304 3768 evidentissime
1325 3711 1465 3779 quod
1494 3710 1683 3778 laqueo

145 3799 275 3862 gula:
300 3799 457 3852 etiam
483 3799 759 3854 Dominum
787 3799 1015 3856 voluerit
1044 3799 1286 3858 diabolus
1313 3815 1522 3868 capere,
1553 3817 1684 3867 quo-

148 3887 284 3939 niam
313 3902 378 3941 eo
405 3897 623 3943 noverat
650 3903 709 3943 se
739 3890 967 3957 primunt
1007 3887 1173 3945 Adam
1219 3889 1494 3951 invasisse,
1528 3901 1579 3941 et
1609 3893 1684 3943 sic

148 3991 243 4045 per
269 3993 415 4033 esum
442 3980 583 4048 pomi
636 3980 785 4033 vetiti
839 3980 1231 4045 strangulasse;
1287 3979 1380 4032 sed
1424 3978 1685 4032 secundus

149 4064 336 4138 Adam,
357 4065 690 4131 abstinendo,
721 4067 859 4119 illius
885 4065 1058 4134 laquei
1107 4065 1312 4121 vincula
1343 4066 1601 4129 dissolvit,
1633 4078 1686 4121 et

147 4168 244 4209 nos
267 4169 452 4211 omnes
491 4155 738 4220 absolvit,
789 4165 947 4224 atque
975 4170 1066 4223 per
1096 4154 1483 4218 abstinentiam,
1527 4157 1686 4224 ipsius

148 4245 296 4299 dolos
321 4260 418 4304 nos
441 4261 596 4318 posse
641 4247 857 4302 vincere
895 4245 1127 4298 edocuit.
1173 4243 1279 4302 Nec
1320 4260 1453 4298 nova
1481 4247 1562 4298 li-x
1607 4254 1688 4300 est

148 4335 491 4400 abstinentia),
521 4336 632 4390 hate
659 4335 853 4402 quippe
880 4335 1003 4386 data
1035 4344 1115 4388 est
1170 4335 1365 4391 homini
1415 4336 1589 4402 posito
1634 4338 1683 4388 in

145 4428 402 4495 paradiso,
433 4443 546 4482 cum
576 4428 628 4482 ei
657 4428 1031 4497 praeciperetur
1055 4441 1083 4477 a
1113 4425 1333 4478 Domino
1365 4443 1376 4476 :
1429 4424 1504 4478 De
1550 4428 1685 4495 ligno

144 4517 365 4574 scientia
383 4516 495 4569 boni
514 4530 561 4569 et
590 4518 717 4573 mali
765 4532 827 4566 ne
854 4515 1087 4567 comedas
1111 4530 1128 4576 ;
1179 4531 1468 4582 quacunque
1497 4517 1577 4567 die
1605 4533 1688 4568 co-

146 4605 360 4660 mederis
385 4620 445 4664 ea;
479 4621 559 4670 eo,
593 4615 757 4658 morte
799 4606 1051 4659 morieris.
1087 4602 1141 4655 In
1170 4604 1326 4670 hujus
1357 4605 1513 4672 igitur
1542 4621 1688 4660 man-

147 4693 252 4748 dati
290 4693 522 4762 jussione
570 4703 624 4748 et
673 4693 913 4760 ejusdem
945 4695 1362 4762 transgressione
1411 4710 1688 4762 possumus

146 4783 280 4837 scire
306 4792 553 4852 quantum
568 4786 634 4838 sit
648 4785 844 4840 bonum
863 4785 1159 4838 observatin
1178 4782 1382 4851 jejunii,
1407 4794 1462 4838 et
1482 4794 1685 4848 contra,

147 4873 366 4927 violatio
391 4874 501 4940 ejus
521 4881 777 4943 quantum
800 4873 868 4927 sit
897 4875 1114 4926 malum.
1139 4873 1380 4938 Quandiu
1410 4877 1688 4931 interdicto

147 4963 400 5018 abstinuit
424 4965 539 5020 cibo
569 4966 756 5027 Adam,
783 4962 1025 5031 neclegis
1050 4964 1147 5022 luit
1171 4966 1559 5033 pnnvaricatio,
1590 4980 1688 5018 nec

148 5052 478 5116 inﬁrmitatis,
525 5070 641 5126 qua:
693 5066 846 5110 antea
877 5068 980 5108 non
1031 5062 1150 5108 erat
1179 5094 1194 5116 ,
1248 5054 1483 5121 cogn'tio
1511 5094 1526 5119 ,
1590 5068 1689 5108 nec

145 5143 323 5220 culpa,
356 5160 448 5198 nec
475 5144 737 5208 illecebra,
772 5159 870 5198 nec
901 5144 1069 5208 labor,
1093 5160 1190 5198 nec
1213 5145 1390 5204 timor.
1415 5159 1510 5198 nec
1526 5160 1688 5210 mors,

150 5250 248 5290 nec
276 5245 480 5290 terrena
527 5235 822 5300 meditatio,
876 5251 994 5304 qua:
1047 5237 1288 5303 protinus
1324 5243 1691 5291 successerunt

147 5323 351 5386 onia.
379 5335 642 5394 postquam
671 5325 1006 5379 manducavit
1031 5325 1100 5379 de
1147 5327 1338 5379 arbore
1387 5327 1687 5378 interdicta.

149 5415 280 5470 Nam
311 5429 434 5471 mox
459 5433 487 5471 a
517 5417 745 5487 paradisi
778 5417 1103 5472 beatitudine
1124 5416 1347 5484 ejectus,
1377 5424 1429 5468 et
1473 5417 1525 5470 in
1556 5417 1690 5471 hanc

146 5497 307 5580 quam
337 5510 555 5576 patimur
580 5508 848 5564 miseriam
880 5515 962 5560 est
990 5506 1275 5575 projectus,
1333 5505 1439 5558 vita
1491 5507 1687 5574 spolia-

148 5604 259 5662 tus,
287 5595 603 5652 mortalitate
625 5597 869 5654 vestitus.
901 5593 1050 5652 Unde
1076 5605 1132 5651 et
1157 5599 1340 5664 apt‘um
1363 5595 1461 5649 sibi
1485 5595 1692 5662 accepit

147 5683 511 5754 indumentum
581 5703 644 5744 ea
698 5685 927 5759 pellibus
974 5694 1304 5746 mortuorum
1351 5685 1687 5751 animalium;

1778 1917 1889 1984 ipsa
1923 1917 2159 1970 vicerunt
2187 1916 2449 1981 incendia,
2477 1916 2602 1970 vicit
2625 1919 2764 1984 gula,
2793 1927 2846 1972 et
2866 1922 3129 1989 captivum
3161 1939 3328 1993 usque

1779 2004 1846 2056 ad
1872 2004 2056 2057 incesti
2091 2006 2349 2070 pertraxit
2395 2005 2637 2072 contagia
2663 2004 2814 2073 (Cen.
2865 2012 2993 2076 xix).
3035 2008 3324 2065 Considera

1780 2095 2012 2164 loysem
2037 2112 2102 2149 xl.
2142 2097 2328 2151 diebus
2355 2096 2706 2164 jejunantem,
2759 2108 2813 2152 et
2843 2101 2914 2153 ita
2954 2116 3070 2154 cum
3103 2101 3324 2157 Domino

1782 2186 2081 2253 loqua'ntetn
2127 2196 2182 2238 ut
2230 2187 2364 2254 loqui
2417 2189 2544 2239 solt
2595 2189 2747 2240 homo
2794 2192 2862 2241 ad
2907 2192 3125 2244 anticum
3175 2209 3323 2245 suum

1783 2273 1975 2344 (Eiod.
2031 2290 2171 2337 xxiv,
2201 2275 2406 2341 xxxiv).
2437 2277 2543 2327 Atti
2563 2279 2662 2328 nde
2693 2276 2980 2342 Danielem,
3031 2281 3118 2347 qui
3169 2282 3323 2333 trium

1783 2365 2234 2420 hebdomadarum
2286 2364 2541 2432 jejunium
2585 2368 2935 2427 continuavit,
2983 2378 3037 2422 et
3089 2371 3324 2436 angelica

1782 2457 2042 2524 colloquia
2072 2458 2361 2525 promeruit
2385 2456 2544 2525 (Dan.
2569 2457 2655 2523 x);
2679 2459 2829 2528 cujus
2855 2460 3015 2512 etiam
3052 2459 3324 2514 abstinen-

1783 2546 1854 2597 tia
1885 2545 2122 2599 leonibus
2153 2546 2338 2598 indixit
2357 2547 2559 2615 jejunia
2591 2545 2751 2614 (Dan.
2774 2551 2868 2615 vt).
2909 2545 3045 2600 Eli'xs
3067 2549 3324 2617 propheta

1789 2632 1842 2685 in
1891 2631 2196 2686 fortitudine
2225 2635 2379 2687 unius
2420 2636 2570 2702 panis
2602 2635 2902 2699 subcinerii,
2952 2651 3069 2690 Cum
3108 2638 3321 2691 modico

1781 2737 1931 2786 aquae
1961 2722 2152 2789 poculo
2181 2722 2466 2775 ambulavit
2497 2739 2560 2775 xI.
2590 2724 2774 2778 diebus
2824 2734 2878 2776 et
2928 2727 3165 2780 noctibus
3201 2726 3322 2795 (111

1786 2809 1914 2879 Reg.
1947 2813 2086 2878 xix);
2119 2826 2276 2879 quem
2304 2812 2353 2862 in
2409 2820 2606 2866 tan:utn
2634 2812 2945 2865 abstinentia
2977 2818 3232 2876 provexit,
3267 2827 3325 2869 ut

1781 2915 1940 2956 curru
1970 2901 2122 2968 igneo
2151 2901 2203 2953 in
2233 2902 2422 2954 caelum
2453 2911 2728 2969 raperetur
2769 2900 2875 2970 (IV
2911 2899 3034 2972 Reg.
3095 2907 3173 2972 ιι).
3231 2907 3323 2959 Vi-

1783 2993 1999 3044 deamus
2043 2989 2298 3043 Joannem
2330 2990 2636 3058 ltaptistatn,
2660 2993 2808 3058 cujus
2829 3003 2942 3046 erat
2966 3008 3084 3047 esca
3112 2995 3329 3049 locusta

1785 3088 1841 3132 et
1866 3079 1970 3131 mel
2014 3080 2254 3132 silvestre
2290 3079 2475 3146 (Mure.
2509 3086 2566 3146 ι).
2593 3079 2711 3147 Ipse
2748 3097 2963 3149 quoque
2995 3083 3197 3137 Domini
3232 3087 3325 3137 Dei

1787 3172 1949 3225 Filius
1974 3173 2110 3227 Deus
2134 3181 2312 3226 noster
2349 3173 2500 3227 .lesns
2525 3171 2786 3234 Christus,
2821 3174 2937 3226 vide
2977 3177 3242 3240 quomodo
3274 3186 3326 3229 te

1779 3277 1878 3316 suo
1906 3262 2106 3329 jejunio
2131 3260 2372 3315 docuerit
2396 3260 2654 3327 jejunare,
2683 3269 2736 3314 et
2763 3263 3045 3316 sacraverit
3068 3263 3168 3315 hoc
3196 3273 3326 3317 tem-

1784 3367 1882 3421 pus
1912 3349 2367 3419 quadragesimale
2416 3349 2757 3416 (Molliunt).
2809 3349 2958 3403 Sicut
3008 3359 3328 3404 tentatoretn

1781 3440 2066 3507 superavit,
2099 3440 2176 3493 sic
2218 3447 2271 3494 te
2325 3453 2576 3506 superare
2632 3438 2833 3493 docuit.
2879 3437 3124 3503 Quamvis
3172 3441 3330 3505 igitur

1784 3539 1888 3580 tam
1921 3543 2119 3596 magum
2150 3528 2355 3582 virtutis
2383 3527 2449 3579 sit
2473 3526 2756 3595 jejunium,
2788 3543 2890 3579 non
2923 3537 3094 3580 tamen
3131 3530 3327 3595 putetis
3411 3551 3418 3558 ·

1785 3618 1905 3670 iflud
1933 3618 2081 3671 vobis
2109 3630 2261 3683 posse
2282 3613 2524 3668 suﬂicere
2549 3615 2740 3676 solum,
2768 3617 2864 3668 nisi
2895 3617 3112 3668 duarum
3143 3631 3326 3670 emen-

1782 3707 1936 3759 detur
1961 3705 2264 3757 testimonio
2294 3718 2490 3768 rerum,
2513 3705 2841 3769 assiduitate,
2869 3704 3088 3765 scilicet,
3131 3709 3331 3758 oratio.

1786 3811 1928 3856 num,
1961 3803 2014 3846 et
2068 3794 2309 3860 largitate
2355 3793 2846 3862 cleemosynarum;
2890 3792 2969 3846 his
3011 3793 3150 3845 enim
3181 3779 3331 3846 certe

1785 3887 1879 3939 alis
1902 3885 2203 3938 sublevatur
2231 3883 2295 3935 ad
2324 3886 2535 3937 cm'um.
2564 3882 2636 3934 De
2665 3882 2904 3934 oratione
2919 3880 3165 3936 admonet
3186 3882 3328 3947 Apo-

1784 3976 1950 4028 stolus
1973 3993 1982 4024 :
2009 3973 2202 4032 Estote,
2229 3974 2416 4039 inquit,
2449 3972 2740 4044 prudentes,
2768 3981 2814 4024 et
2842 3971 3040 4040 vigilate
3062 3973 3110 4023 in
3139 3974 3328 4026 oratio-

1786 4066 1929 4120 nibus
1961 4066 2007 4134 (Ι
2032 4066 2085 4117 Ι).
2108 4074 2170 4115 tr.
2201 4065 2290 4130 iv).
2327 4063 2388 4114 Et
2415 4062 2666 4115 Dominus
2689 4065 2753 4116 ad
2769 4063 3049 4128 discipulos
3076 4081 3086 4113 :
3116 4049 3328 4127 Vigilate

1785 4165 1832 4206 et
1861 4164 2001 4205 orate
2028 4162 2082 4206 ut
2111 4168 2210 4204 non
2232 4153 2429 4203 intretis
2444 4153 2495 4203 in
2513 4149 2994 4212 tentationethuc.
3021 4165 3109 4209 XI;
3138 4148 3325 4205 Nouit.

1787 4260 1938 4306 xxvn;
1971 4241 2138 4296 Marc.
2171 4251 2303 4307 xlv).
2335 4240 2407 4294 De
2434 4241 2771 4308 eleemosyna
2801 4242 2920 4294 audi
2950 4241 3172 4309 qualiter
3207 4240 3328 4292 huic

1786 4332 2138 4400 conjuugatur
2167 4333 2363 4393 oratio,
2387 4331 2546 4383 etiam
2600 4331 2710 4398 ipsa
2761 4332 2965 4385 dicente
3010 4331 3276 4397 Scriptura
3311 4347 3324 4382 :

1789 4424 2092 4480 Abscondite
2117 4425 2483 4488 eleemosynam
2509 4421 2562 4473 in
2583 4421 2698 4471 sinu
2723 4422 2959 4489 pauperis
2985 4429 3029 4471 et
3058 4423 3167 4485 ipsa
3212 4436 3330 4472 oro-

1789 4514 1858 4566 bit
1884 4528 1975 4578 pro
2004 4510 2136 4563 vobis
2167 4510 2234 4560 ad
2261 4511 2528 4563 Dominum
2559 4509 2743 4577 (Eccli.
2773 4509 2903 4578 xix).
2935 4508 2998 4560 Et
3029 4525 3128 4560 non
3159 4509 3329 4562 solum

1785 4617 1882 4671 pro
1911 4601 2142 4668 pet-catis
2170 4607 2302 4659 orat,
2328 4599 2421 4651 sed
2450 4601 2608 4650 etiam
2642 4607 2854 4665 peccata
2885 4597 3045 4659 delet,
3088 4599 3163 4651 sic
3190 4598 3328 4650 enim

1784 4694 2036 4758 scriptum
2067 4699 2148 4743 est
2178 4709 2190 4742 :
2224 4692 2366 4743 Sicut
2400 4705 2529 4757 aqua
2573 4690 2846 4756 exstinguit
2889 4691 3072 4757 ignem,
3103 4691 3176 4740 ita
3202 4691 3330 4740 elec-

1786 4799 1994 4849 mosyna
2023 4782 2297 4850 exstinguit
2318 4790 2569 4845 peccatum
2589 4776 2772 4844 (hct-li.
2793 4778 2889 4845 In).
2917 4778 3177 4830 Habentes
3203 4787 3330 4840 ergo

1787 4886 1815 4924 a
1846 4869 2025 4923 mundi
2054 4871 2272 4922 exordio
2312 4867 2582 4934 proposita
2613 4865 2764 4920 nobis
2795 4866 2892 4918 ista
2928 4874 2981 4920 et
3011 4866 3131 4917 talia
3178 4864 3330 4916 innu-

1786 4973 1928 5012 mera
1953 4969 2249 5010 sanctarum
2282 4957 2530 5010 virtutum
2553 4954 2819 5022 exempla,
2848 4955 2927 5007 his
2946 4966 3154 5020 semper
3177 4966 3331 5004 exer-

1785 5048 1965 5106 cendis
1990 5063 2205 5116 operam
2233 5043 2450 5104 demus;
2481 5045 2707 5096 maxime
2727 5043 2826 5096 isto
2845 5051 3097 5109 tempore,
3117 5039 3329 5108 jejuniis

1786 5151 1840 5194 et
1861 5139 2189 5195 orationibus
2219 5144 2377 5202 atque
2393 5134 2750 5202 eleemosynis
2767 5145 3030 5194 vacemus,
3048 5140 3324 5196 quatenus,

1786 5246 1880 5300 per
1908 5230 2018 5286 lucc
2047 5244 2074 5280 a
2099 5235 2434 5296 peccatorum
2484 5223 2740 5292 puriﬁcati
2783 5222 3043 5283 sordibus,
3089 5226 3327 5271 sanctum

1787 5322 1986 5375 Pascha
2015 5318 2216 5371 Domini
2263 5332 2380 5370 cum
2424 5315 2723 5369 sinceritate
2761 5314 2952 5367 mentis
3001 5319 3055 5364 et
3094 5307 3330 5373 corporis

1787 5415 1944 5479 digne
1966 5411 2238 5466 celebrare
2268 5422 2580 5463 mereamur,
2617 5411 2898 5473 prmstante
2946 5403 3058 5469 ipso
3104 5398 3332 5463 benigno

1790 5504 2011 5558 Domino
2042 5510 2221 5555 nostro
2241 5499 2401 5555 Jesul
2430 5497 2855 5563 hristo,quicum
2887 5491 3039 5547 Patre
3061 5497 3113 5545 et
3132 5489 3332 5555 Spiritu

1788 5601 1972 5649 sancto
2001 5591 2127 5648 vivit
2151 5598 2206 5646 et
2234 5595 2414 5657 regnat
2440 5587 2488 5642 in
2510 5587 2700 5640 saecula
2717 5583 3047 5639 saeculorum.
3071 5584 3258 5636 Amen.
