3886 6226
1617 350 1672 401 s.
1716 341 1909 397 sucu
1950 335 2248 413 novum-
2269 332 2472 387 EPlSC.
3563 305 3676 359 cas

2038 454 2084 510 Α
2111 443 2427 512 evangelista
2459 459 2470 493 :
2504 438 2570 492 Et
2594 453 2733 492 caena
2762 437 2921 504 facta,
2957 448 3067 485 cum
3094 430 3324 484 diabolus
3339 430 3454 498 jam
3475 423 3672 478 misis-

2111 540 2186 585 set
2218 535 2272 584 iu
2313 546 2400 584 cor
2431 539 2488 582 ut
2516 517 2878 580 traderet‘eum
2909 517 3074 574 ludas
3104 518 3328 573 Simonis
3359 516 3633 570 Scariotet
3659 547 3677 571 ,

2110 624 2271 675 sciens
2287 622 2404 691 quia
2431 619 2600 672 omnia
2624 615 2762 668 dedit
2786 612 2942 665 Pater
2964 612 3016 664 in
3049 625 3249 672 manus,
3276 617 3324 660 et
3345 607 3465 675 quia
3491 619 3529 653 α
3559 599 3677 652 Deo

2109 712 2262 764 exit-it
2305 720 2354 764 et
2398 712 2464 761 ad
2492 725 2604 762 eum
2648 708 2804 760 vadit.
2855 704 3126 770 Paulisper
3164 700 3511 754 considerare
3547 693 3691 745 libet

2113 803 2264 856 istius
2299 803 2551 854 transitus
2579 807 2773 866 quanta
2800 797 2870 850 sit
2894 793 3237 855 excellentia;
3267 804 3384 843 cum
3413 785 3685 842 dixisset,

2116 889 2184 944 Ut
2209 899 2432 943 transeat
2456 904 2521 942 ea:
2561 889 2652 941 hoc
2689 886 2911 946 mundo,
2946 881 3148 935 addidit
3173 894 3302 948 quo,
3331 875 3570 935 scilicet,
3612 870 3686 920 ad

2121 977 2342 1041 Pati-em,
2369 978 2477 1042 cui,
2498 975 2764 1040 videlicet,
2783 980 3076 1027 coatternus
3096 968 3276 1020 existit
3302 964 3488 1026 Filius,
3516 958 3692 1013 unius

2115 1081 2234 1122 cum
2286 1080 2352 1119 eo
2397 1063 2706 1128 divinitatis,
2757 1059 2972 1128 :rqnaiis
3021 1055 3198 1127 gloriae
3239 1065 3293 1108 et
3349 1047 3690 1119 majestatis.

2115 1154 2248 1207 Cum
2273 1163 2446 1206 tamen
2477 1151 2576 1205 iste
2603 1150 2854 1203 transitus
2879 1157 3161 1214 assumpta:
3187 1144 3256 1198 sit
3280 1138 3646 1197 humanitatis
3671 1172 3689 1197 ,

2120 1241 2244 1295 item
2271 1240 2529 1294 subini'ert
2559 1257 2573 1294 :
2607 1239 2785 1292 Sciens
2811 1238 2929 1306 quia
2962 1237 3131 1291 omnia
3159 1234 3292 1288 dedit
3331 1234 3378 1285 ei
3406 1231 3581 1284 Pater
3627 1229 3689 1281 in

2120 1346 2319 1393 manus,
2350 1341 2396 1382 et
2415 1331 2535 1399 quia
2554 1345 2588 1380 a
2606 1327 2714 1380 Deo
2732 1327 2881 1380 exivit
2903 1334 2948 1378 et
2970 1327 3036 1377 ad
3051 1341 3162 1377 eum
3182 1324 3318 1378 vadit
3343 1320 3695 1393 (laenam).

470 371 569 424 607

1041 464 1314 522 liOilllJA
1355 462 1442 514 IV.

1004 608 1054 646 IN
1090 605 1242 645 οωκλ
1283 602 1473 640 DOMINI.

481 711 556 765 De
583 725 640 762 eo
673 705 804 777 quod
840 702 1070 777 Christus
1093 700 1227 777 lavit
1263 691 1825 777 pedespzipostolorum,
1863 694 1912 739 et
1953 685 2014 738 de

851 769 1189 841 paenitentiam
1211 765 1636 818 reconciliatione.

550 887 706 941 Novit
737 890 907 936 vestra
935 877 1176 939 dilectio,
1204 875 1324 941 quia
1359 868 1745 925 sacratissimus
1771 864 2017 930 omnique

482 974 838 1030 desiderabilis
879 969 1118 1023 Ecclesia:
1153 979 1318 1036 comm
1349 961 1628 1014 Dominica:
1664 957 1796 1021 dies,
1841 954 2016 1008 annua

485 1066 620 1118 serie
637 1061 884 1122 terni-oris
901 1057 1164 1111 recolitur.
1183 1052 1342 1117 Cujus
1364 1049 1578 1102 mirilica
1592 1056 1939 1101 sacramenta.
1963 1051 2022 1096 ut

488 1164 664 1208 nostra
716 1151 871 1217 digne
924 1153 1081 1214 queat
1126 1142 1376 1209 fragilitas
1421 1139 1709 1201 celebrare,
1750 1143 1911 1202 atque
1952 1134 2020 1188 de

488 1243 701 1304 eisdem,
729 1239 854 1293 licet
883 1236 1124 1296 tenuiter,
1172 1231 1359 1285 saltem
1398 1229 1596 1281 utiliter
1623 1224 2022 1294 aiiquid'expli;

487 1346 643 1390 care,
693 1329 950 1382 charitate
992 1333 1195 1385 vestra,
1248 1335 1405 1387 quam
1451 1319 1642 1372 scimus
1680 1318 1874 1371 nostris
1917 1331 2022 1369 non

488 1420 672 1472 deesse
707 1416 932 1484 Optatis,
979 1428 1007 1465 a
1032 1412 1207 1464 Verbo
1236 1410 1300 1462 de
1325 1409 1472 1474 cujus
1497 1407 1741 1473 operibus
1767 1414 1821 1458 et
1849 1407 2022 1460 verbis

489 1493 822 1564 salutaribus,
839 1503 903 1554 ad
918 1500 1228 1568 profectum,
1251 1498 1461 1549 verbum
1487 1495 1625 1562 loqui
1645 1495 2020 1555 desideramus.

491 1595 638 1647 nobis
681 1588 1062 1658 implorandum
1103 1594 1184 1638 est
1215 1600 1385 1653 posse.
1426 1583 1593 1650 Ergo,
1637 1593 1694 1636 ut
1737 1583 1890 1648 hujus
1922 1584 2026 1636 diei

491 1683 736 1736 inisteria
787 1679 1085 1747 perspicere
1127 1677 1485 1742 aliquatenus,
1531 1683 1584 1728 et
1633 1675 1879 1727 nonnulla
1934 1690 2027 1742 pro

2123 1418 2330 1484 Omnia,
2363 1418 2561 1485 inquit,
2605 1425 2661 1470 et
2685 1417 2824 1470 bona
2867 1423 2922 1469 et
2951 1415 3120 1477 maia;
3151 1417 3288 1467 bona
3318 1413 3372 1466 in
3398 1411 3700 1473 edoctum,

2124 1507 2259 1561 mala
2289 1521 2340 1558 nt
2372 1520 2542 1560 usum.
2573 1503 2722 1558 Unde
2749 1503 3030 1571 Apostolus
3061 1520 3074 1555 ;
3107 1499 3277 1564 Nihil,
3304 1498 3491 1564 inquit.
3529 1495 3703 1548 dimi—

2127 1598 2192 1648 sit
2235 1611 2335 1647 nou
2376 1593 2718 1663 subjectumei
2761 1591 2943 1652 (Hebr.
2985 1592 3064 1652 It).
3113 1589 3245 1643 Hinc
3287 1597 3343 1642 et
3396 1586 3699 1640 Psalmista

2129 1688 2283 1753 longe
2320 1693 2444 1739 ante
2490 1683 2760 1752 pratcinuit
2802 1681 3026 1736 dicens:
3061 1681 3245 1732 Omnia
3280 1677 3546 1748 subjecisti
3594 1677 3697 1727 sub

493 1772 706 1823 modulo
744 1781 923 1822 nostro
967 1767 1234 1820 valeamus
1272 1765 1417 1818 ellari
1451 1764 1739 1831 condigne,
1782 1778 2026 1831 rogemus

2151 1776 2330 1829 tedibus
2359 1776 2471 1844 ejus
2504 1773 2656 1840 (Psal
2684 1773 2815 1838 vui).
2853 1773 3093 1838 interque
3120 1770 3296 1823 omnia
3321 1810 3338 1833 ,
3382 1769 3562 1836 ipsum
3618 1764 3700 1818 illi

493 1860 752 1925 supplices
798 1859 1030 1910 dicentes
1084 1869 1202 1906 ctun
1254 1852 1523 1906 Psaltnista
1575 1869 1587 1903 :
1641 1851 1740 1904 Cor
1785 1851 2029 1903 mundum

495 1963 609 1998 crea
629 1949 681 1997 in
707 1962 808 2005 me,
863 1943 997 1994 Deus
1032 1942 1199 2009 (l’sal.
1230 1945 1280 2007 ι)
1308 1958 1323 2004 ;
1362 1942 1592 2006 itemque
1625 1957 1635 1990 :
1675 1939 1942 2006 liepleatur
1974 1955 2032 1991 os

495 2053 658 2087 meum
708 2035 875 2096 lattdc,
924 2042 976 2082 ut
1000 2041 1190 2082 cautem
1237 2031 1450 2098 gloriam
1491 2042 1624 2080 luant
1673 2027 1840 2088 (Psal.
1886 2027 2028 2092 LXX).

500 2127 735 2178 liecitata
781 2122 934 2175 modo
979 2120 1128 2172 nobis
1165 2128 1246 2171 est
1280 2117 1576 2182 evangeliea
1621 2116 1807 2177 lectio,
1848 2117 1898 2167 in
1929 2129 2032 2184 qua

498 2212 901 2266 commendatur
932 2209 1048 2260 iidei
1077 2215 1271 2258 nostrm
1306 2205 1571 2259 excellens
1595 2219 1753 2272 super
1785 2205 1958 2258 oninia
1982 2211 2038 2256 et

499 2304 670 2355 sciens
696 2301 892 2361 omnia,
919 2312 1041 2350 vera
1070 2296 1158 2347 lilii
1192 2296 1279 2348 Dei
1309 2295 1553 2348 divinitas
1574 2302 1628 2346 et
1653 2301 1917 2360 assumpta
1944 2307 2037 2360 pro

501 2392 652 2444 nobis
679 2404 740 2442 ac
768 2389 833 2441 de
863 2387 1013 2440 nobis
1044 2401 1168 2439 vera
1208 2385 1382 2438 carnis
1410 2384 1724 2447 humanitas,
1767 2391 1820 2435 et
1839 2398 2039 2449 magna:

501 2494 656 2546 quam
700 2478 752 2530 in
802 2477 975 2544 seipse
1027 2475 1180 2528 nobis
1223 2472 1525 2526 imitandam
1566 2473 1836 2540 proposuit
1871 2473 2040 2526 humi-

505 2569 662 2622 litatis
686 2567 907 2620 utilitas.
934 2563 1345 2618 Commendatur
1373 2562 1588 2627 insuper
1626 2562 1868 2614 omnibus
1912 2560 1994 2612 illa
2023 2601 2038 2625 ,

504 2673 608 2724 qua
640 2671 734 2708 nos
760 2635 974 2706 nimium
1009 2652 1210 2714 dilexit,
1240 2652 1477 2717 gratuita:
1501 2651 1750 2703 bonitatis
1771 2649 2000 2702 charitas
2024 2688 2039 2714 ,

505 2763 610 2815 qua
637 2747 723 2799 ille
750 2746 838 2811 qui
863 2753 1034 2797 morte
1061 2741 1194 2794 ﬁniri
1220 2777 1234 2802 ,
1265 2749 1318 2792 et
1346 2742 1508 2794 nostri
1535 2741 1866 2794 dilectionem
1894 2739 2043 2793 ﬁnire

507 2837 710 2898 nescit,
745 2835 799 2886 in
838 2835 1008 2902 linem,
1048 2831 1149 2883 hoc
1184 2836 1265 2882 est
1290 2844 1455 2895 usque
1489 2830 1538 2881 in
1570 2837 1791 2881 mortem
1824 2871 1838 2892 ,
1869 2831 2045 2902 dilexit

510 2942 617 2977 nos.
645 2924 727 2976 Ait
749 2901 923 2986 itaque
943 2918 1172 2972 Joannes
1193 2917 1508 2984 evangelista
1533 2932 1546 2968 :
1573 2919 1701 2970 Ante
1719 2920 1848 2970 diem
1869 2901 2049 2987 festum

514 3015 755 3075 Pascha,
782 3012 940 3063 sciens
959 3007 1130 3071 Iesus,
1152 3007 1270 3075 quia
1293 3007 1424 3058 venit
1449 3007 1555 3069 eius
1583 3007 1707 3058 liora
1741 3017 1795 3058 ut
1827 3016 2048 3059 transvat

511 3122 572 3158 ea;
596 3106 684 3154 hoc
706 3102 890 3153 mundo
912 3098 977 3150 ad
1000 3098 1219 3159 Patrem,
1252 3112 1362 3147 cum
1383 3095 1638 3147 dilexisset
1666 3111 1781 3148 suos
1799 3098 1878 3162 qui
1903 3106 2049 3147 erant
2076 3091 2116 3143 σῖ

515 3199 566 3248 in
588 3199 791 3254 mundo,
834 3192 885 3242 in
915 3191 1064 3258 ﬁnem
1091 3189 1270 3240 dilexit
1294 3204 1400 3239 eos.
1435 3187 1644 3238 Pascha:
1675 3201 1862 3238 nomen
1883 3228 1895 3248 ,
1928 3201 2046 3239 cum

516 3301 584 3340 ex
615 3282 776 3337 veteri
825 3279 1151 3332 institutione
1181 3277 1298 3328 ideo
1327 3277 1394 3327 sit
1422 3276 1615 3328 dictum
1638 3317 1651 3337 ,
1681 3275 1822 3340 quod
1860 3279 1908 3326 in
1948 3289 2045 3338 eo,

515 3381 635 3442 post
660 3372 776 3440 agni
801 3369 1144 3427 occisionem,
1175 3365 1397 3432 populus
1423 3365 1730 3417 israeliticus
1755 3367 1819 3418 ab
1847 3365 1966 3431 2E;
1986 3381 2042 3433 p-

520 3466 590 3516 tia
651 3460 902 3514 servitute
940 3457 1210 3519 liberatus,
1252 3452 1317 3505 ad
1375 3461 1564 3504 terram
1613 3451 1735 3504 olun
1780 3454 2052 3520 promissae

522 3549 838 3604 bmreditatis
862 3556 915 3599 et
943 3545 1086 3611 pacis
1108 3542 1392 3604 transierit,
1416 3542 1538 3607 quia
1574 3540 1771 3594 Pascha
1806 3542 2054 3596 transitus

522 3641 746 3701 dicitur,
779 3638 879 3690 hoc
909 3643 1014 3686 tam
1044 3633 1261 3701 mysﬁce
1294 3633 1517 3696 signavit
1543 3633 1860 3699 evangelista
1899 3649 2054 3701 quam

524 3730 746 3781 solerter
771 3725 1066 3792 exprimere
1101 3720 1336 3774 studuit:
1371 3719 1548 3772 Sciens
1589 3721 1740 3773 Iesus
1778 3723 1897 3788 quia
1926 3723 2058 3774 venit

526 3818 634 3884 ejus
655 3818 778 3868 liora
804 3823 856 3864 ut
879 3820 1098 3864 transeat
1128 3825 1190 3861 ea:
1232 3811 1323 3862 ltoc
1354 3809 1538 3860 mundo
1580 3810 1646 3860 ad
1690 3809 1914 3876 Patrem,
1939 3813 2058 3874 hac,

527 3905 748 3967 εεὶιίυιιῑ,
778 3903 856 3954 his
883 3901 1052 3952 verbis
1093 3900 1331 3960 innuens,
1362 3900 1500 3964 quod
1532 3899 1653 3950 illud
1685 3897 1881 3953 Pascha
1931 3902 2063 3968 ligu-

530 3993 750 4046 rativutn
781 3991 832 4041 in
858 4004 964 4055 quo
1003 4001 1167 4053 agnus
1208 3986 1293 4039 ille
1324 3987 1503 4052 legalis
1531 3988 1643 4040 sine
1687 3988 1885 4040 macula
1909 3990 2064 4056 jube-

531 4084 684 4133 batur
713 4076 992 4140 itnmoiari,
1028 4077 1248 4141 ejusque
1273 4076 1524 4141 sanguine
1560 4085 1736 4142 postes
1761 4085 1814 4130 et
1840 4078 2064 4143 superli-

533 4171 751 4225 niiuaria
805 4168 1078 4219 domorum
1130 4167 1366 4232 signari,
1423 4176 1479 4218 ut
1528 4165 1617 4217 lilii
1674 4167 1831 4220 Israel
1875 4169 1952 4220 sic
2002 4170 2068 4223 ab

535 4259 942 4312 cxterminatore
970 4256 1176 4308 liberari
1201 4265 1432 4322 possent,
1463 4271 1640 4307 verum
1662 4259 2070 4325 pneiiguraverit

538 4348 738 4399 Pascha
767 4342 871 4411 quo
903 4353 1078 4398 noster
1101 4348 1294 4410 Agnus,
1319 4346 1388 4396 im
1403 4363 1423 4394 'i
1451 4347 1628 4411 Agnus
1655 4345 1769 4408 Dii,
1801 4345 2069 4413 Christus,

2129 1864 2344 1918 tradidit
2390 1861 2716 1926 traditorem,
2768 1868 2823 1912 et
2860 1875 2954 1914 eos
2994 1855 3496 1926 quibustradendus
3548 1863 3706 1918 erat,

2129 1968 2183 2014 et
2213 1966 2438 2012 mortem
2467 1970 2628 2025 quam
2649 1969 2899 2022 passurus
2927 1960 3062 2007 erat.
3090 1951 3274 2005 Sciens
3299 1951 3456 2016 igitur
3479 1962 3553 2003 se
3575 1961 3708 2000 om-

2130 2046 2214 2098 nia
2245 2045 2295 2098 in
2325 2051 2588 2112 potestate
2613 2044 2812 2096 habere
2833 2080 2849 2104 ,
2878 2040 3051 2094 sciens
3075 2038 3196 2105 quia
3225 2051 3257 2090 a
3287 2035 3396 2090 Deo
3429 2035 3568 2089 exiit
3602 2048 3708 2102 per

2130 2131 2480 2184 humilitatem
2525 2129 2925 2192 incarnationis,
2955 2137 3009 2179 et
3035 2127 3103 2179 ad
3130 2141 3251 2180 eum
3279 2125 3424 2178 vadit
3454 2138 3555 2192 per
3586 2122 3707 2175 vic-

2135 2221 2322 2272 loriam
2367 2218 2791 2281 resurrectionis,
2821 2219 2981 2284 surgit
3006 2232 3036 2267 a
3082 2231 3246 2278 caena,
3282 2222 3331 2267 et
3372 2213 3514 2278 ponit
3546 2212 3711 2263 uesti-

2133 2317 2300 2361 menta
2337 2323 2433 2360 sua
2461 2350 2473 2369 ,
2502 2315 2551 2358 et
2594 2322 2707 2358 cum
2742 2305 3017 2371 accepisset
3059 2304 3268 2355 linteum
3292 2300 3569 2368 prazciuxit
3601 2314 3705 2358 νς

2136 2397 2314 2449 deinde
2341 2397 2477 2448 ntisit
2513 2410 2698 2464 aquam
2732 2394 2784 2446 in
2823 2390 3003 2461 pelvim
3046 2399 3093 2444 et
3135 2389 3280 2456 coepit
3319 2387 3490 2441 lamtre
3537 2386 3705 2454 pedes

2137 2484 2498 2552 discipularum
2527 2491 2572 2534 et
2619 2491 2878 2548 extergere
2915 2480 3069 2532 linteo
3109 2493 3205 2546 qua
3229 2486 3337 2528 erat
3362 2476 3703 2541 praecinctus.

2139 2571 2280 2634 Haec,
2312 2572 2434 2625 licet
2461 2586 2488 2624 a
2522 2571 2745 2624 Domino
2773 2576 2918 2636 gesta
2945 2574 3068 2622 sunt
3112 2575 3232 2620 actu
3262 2580 3558 2634 corporeo,
3589 2567 3710 2634 spi-

2142 2660 2278 2712 ritali
2314 2669 2487 2712 tamen
2510 2675 2582 2713 εει
2597 2658 2792 2711 utanda
2811 2665 2936 2711 sunt
2959 2657 3249 2710 intellectu.
3283 2658 3324 2707 Α
3347 2671 3490 2708 εωηα
3516 2655 3710 2725 itaque

2141 2751 2382 2811 surrexit,
2424 2749 2544 2816 quia
2568 2763 2598 2800 a
2625 2757 2830 2802 secreta
2854 2757 2911 2802 et
2934 2745 3183 2800 ineii'abiii
3209 2745 3390 2814 quiete
3415 2744 3594 2798 Patris
3635 2745 3707 2797 ad

2145 2854 2241 2892 nos
2276 2840 2448 2902 venit;
2498 2838 2810 2891 vestimenta
2860 2838 3077 2904 posuit,
3110 2837 3160 2889 id
3199 2845 3302 2898 est,
3348 2819 3706 2903 semctipsum

2146 2926 2451 2990 exinauivit,
2483 2939 2590 2979 non
2621 2926 2688 2977 ita
2727 2932 2788 2978 ut
2813 2924 3104 2993 deponeret
3133 2923 3274 2992 quod
3313 2923 3573 2988 habebat,
3604 2922 3707 2976 sed

2149 3025 2206 3068 ut
2233 3017 2498 3084 acciperet
2523 3016 2664 3084 quod
2695 3030 2799 3067 non
2827 3015 3087 3078 habebat;
3117 3013 3280 3066 linteo
3310 3027 3370 3068 se
3397 3011 3706 3081 praecinxit,

2149 3105 2270 3157 dum
2301 3105 2366 3157 ad
2391 3103 2734 3172 perferendos
2754 3102 3089 3156 mortalitatis
3110 3110 3304 3155 nostra:
3337 3101 3551 3156 labores
3582 3099 3702 3153 for-

2153 3207 2288 3244 mam
2316 3192 2455 3245 servi
2486 3190 2688 3253 induit;
2719 3204 2908 3258 aquam
2941 3189 2993 3241 in
3020 3188 3209 3256 peivim
3242 3187 3421 3252 misit,
3450 3196 3505 3240 et
3539 3185 3712 3254 pedes

2153 3279 2528 3346 discipulorum
2574 3278 2720 3340 lavit,
2753 3263 2880 3342 quia
2903 3291 3039 3345 aqua
3088 3291 3245 3344 quam
3275 3290 3392 3329 cum
3421 3275 3709 3342 sanguine,

2153 3366 2219 3418 de
2270 3367 2434 3420 latere
2484 3381 2602 3428 suo,
2643 3367 2707 3419 ‘in
2759 3381 2917 3420 cruce
2947 3364 3217 3433 pendens,
3267 3368 3316 3417 in
3346 3374 3545 3418 terram
3579 3362 3712 3416 fudit

2156 3457 2331 3525 (Joan.
2375 3458 2519 3525 xui),
2554 3458 2604 3510 in
2641 3471 2700 3511 se
2747 3457 3073 3511 credentium
3114 3456 3496 3526 immunditiam
3529 3454 3708 3508 diluit.

2157 3547 2352 3599 Eodem
2401 3561 2613 3618 quoque
2659 3546 2824 3600 linteo
2873 3546 3039 3613 pedes
3077 3558 3261 3598 eorum
3299 3543 3542 3607 extersit,
3588 3544 3712 3612 quia

2157 3635 2395 3702 corporis
2415 3623 2503 3686 sui
2545 3650 2640 3709 pro
2665 3635 2790 3700 ipsis
2834 3635 2885 3686 in
2915 3644 3140 3687 mortem
3183 3631 3356 3685 traditi
3395 3640 3453 3687 et
3480 3635 3716 3684 resusci-

2162 3724 2257 3775 tati
2294 3723 2600 3776 indumento
2630 3763 2644 3784 ,
2677 3739 2781 3776 non
2827 3722 2996 3775 solum
3025 3729 3232 3774 terrena
3264 3721 3315 3773 in
3345 3721 3421 3773 eis
3464 3718 3714 3784 contagia

2165 3813 2426 3880 purgavit,
2455 3811 2548 3865 sed
2585 3813 2745 3866 etiam
2788 3804 2839 3865 in
2865 3798 3158 3866 se‘ﬁdelem
3198 3810 3459 3864 solidavit.
3495 3810 3564 3862 Et
3600 3809 3717 3879 qni-

2165 3901 2283 3953 dem
2308 3902 2372 3954 ad
2399 3902 2698 3968 exemplum
2727 3901 3035 3954 humilitatis
3058 3901 3159 3953 hoc
3178 3899 3430 3953 Dominus
3456 3899 3718 3954 hodierna

2164 3989 2247 4041 die
2291 3988 2639 4056 corporaliter
2683 3989 2828 4054 egit,
2859 3987 2950 4040 sed
2993 3986 3229 4054 quotidie
3283 3985 3409 4039 illud
3465 3985 3518 4039 in
3567 3987 3718 4041 nobis

2165 4090 2321 4142 agere
2372 4091 2462 4129 sua
2515 4076 2679 4142 gratia
2721 4076 3062 4143 spiritualiter
3101 4090 3207 4128 non
3259 4073 3484 4128 desistit.
3547 4072 3720 4128 Pedes

2167 4169 2361 4220 etenim
2410 4167 2561 4221 nobis
2592 4168 2764 4226 lavat,
2795 4182 2934 4227 cum,
2965 4165 3253 4218 secundum
3307 4165 3715 4223 humanitatem,

2168 4272 2263 4324 pro
2293 4257 2520 4322 peccatis
2551 4256 2742 4308 nostris
2770 4253 2978 4308 Patrem
3004 4253 3320 4322 interpellat,
3348 4259 3403 4306 et
3421 4251 3714 4305 secundum

2171 4343 2498 4395 divinitatem
2547 4359 2666 4395 cum
2724 4341 2878 4395 Patre
2929 4341 3112 4395 eadem
3169 4341 3319 4394 nobis
3370 4341 3556 4395 donat.
3616 4341 3720 4394 Nos

539 4436 652 4487 sine
667 4433 867 4486 macula
894 4434 1090 4500 peccati
1111 4441 1417 4499 conceptus,
1444 4443 1595 4486 natus
1623 4443 1675 4486 et
1703 4444 2069 4497 conversatus,
2102 4430 2152 4487 Ι)
2175 4447 2384 4499 quoque
2411 4431 2572 4498 ipsius
2612 4431 2858 4498 exemplo
2907 4439 2962 4483 et
2989 4428 3238 4482 mandato
3283 4428 3598 4483 60111111οηὶιὶ
3624 4469 3640 4489 .
3668 4435 3720 4481 ει

540 4539 636 4594 pro
657 4524 824 4575 salute
867 4531 1045 4574 nostra
1090 4531 1171 4575 est
1227 4522 1554 4583 immolatus,
1603 4532 1655 4575 et
1700 4525 1775 4577 sic
1813 4539 1963 4576 sumn
2016 4537 2078 4579 ac

544 4617 780 4663 nostrum
818 4609 1014 4663 Pascha
1051 4609 1310 4672 sacravit,
1340 4610 1551 4676 quando
1574 4625 1639 4661 ex
1667 4612 1765 4662 hoc
1792 4610 1984 4664 mundo
2015 4611 2080 4662 ad

547 4699 755 4752 Patrem
811 4700 1033 4752 transiit.
1094 4699 1220 4766 Ejus
1271 4700 1523 4765 sanguine
1577 4701 1621 4753 si
1665 4709 1842 4767 postes
1895 4701 2081 4764 nostri,

548 4789 722 4838 anima
751 4826 766 4847 ,
829 4787 1048 4852 scilicet,
1098 4796 1152 4841 et
1195 4802 1402 4854 corpus,
1478 4797 1636 4855 atque
1682 4789 2085 4859 super-liminare

550 4874 760 4940 frontis,
788 4891 880 4930 seu
911 4877 1130 4928 intentio
1163 4885 1354 4930 nostra:
1401 4878 1591 4930 mentis
1617 4917 1630 4937 ,
1661 4879 1863 4931 sincere
1892 4879 2086 4931 fuerint

555 4962 707 5024 illiti,
756 4980 783 5015 a
830 4964 1039 5015 diabolo
1082 4952 1491 5019 extcruiinatore
1546 4967 1774 5032 pessimo
1827 4969 2088 5021 veraciter

555 5053 749 5103 erimus
775 5055 898 5113 tuti;
952 5054 1224 5119 ipsumque
1249 5059 1407 5121 caput
1438 5065 1673 5108 nostrum
1697 5095 1711 5119 ,
1756 5056 1805 5107 in
1833 5056 2090 5108 charitate

559 5141 825 5199 imitando,
859 5139 1052 5192 Pascha
1080 5144 1220 5208 quod
1249 5143 1338 5194 ille
1365 5144 1680 5209 celebravit,
1715 5161 1810 5199 nos
1835 5161 1998 5213 usque
2023 5147 2090 5200 ad

560 5237 780 5281 mortem
810 5230 1105 5294 diligendo,
1143 5240 1195 5282 et
1224 5246 1318 5284 nos
1346 5231 1579 5283 membra
1603 5232 1764 5298 ipsius
1785 5233 2093 5288 litlucialiter

561 5317 968 5380 celebrabimus,
1009 5318 1087 5382 si,
1128 5318 1379 5383 fugientes
1420 5317 1735 5388 Egyptum,
1777 5321 1824 5372 id
1853 5331 1961 5385 est,
1994 5324 2095 5376 hoc

565 5407 892 5458 tenebrosum
935 5414 988 5458 et
1019 5407 1259 5459 instabile
1289 5410 1536 5460 szcculunt
1567 5449 1582 5474 ,
1623 5409 1747 5463 hinc
1785 5411 1847 5461 ad
1878 5413 2095 5465 virtutes

564 5494 957 5547 saluberrimtnu
990 5496 1262 5548 transitum
1295 5498 1544 5551 iaciamus
1570 5538 1584 5559 ,
1616 5510 1709 5561 ut,
1742 5501 1874 5552 eruti
1905 5501 1970 5553 de
2000 5516 2096 5566 po-

568 5588 754 5633 testate
779 5584 1127 5642 tenebrarum,
1154 5585 1293 5648 digni
1322 5585 1606 5638 ei‘liciamur
1631 5588 1694 5639 ad
1725 5589 2094 5655 repromissum

573 5670 723 5726 nobis
756 5669 868 5735 ejus
901 5671 1285 5737 pacatissimum
1326 5680 1541 5741 regimur
1575 5675 1816 5728 transire.
1852 5675 2098 5744 Sequitur

2178 4519 2521 4586 cerporaiiter
2549 4519 2650 4571 hoc
2679 4532 2864 4586 agere,
2916 4525 2971 4569 et
2997 4515 3164 4569 multo
3203 4517 3367 4584 magis
3412 4516 3726 4583 spiritaliter

2179 4613 2430 4665 debemus
2454 4612 2674 4666 invicem
2706 4611 2868 4679 pedes
2917 4612 3109 4675 lavare,
3151 4611 3255 4666 hoc
3278 4620 3381 4676 est,
3409 4611 3725 4666 alterutrum

2184 4708 2394 4766 peccata
2432 4700 2719 4764 dimittere,
2760 4706 2815 4752 et
2843 4714 2937 4768 pro
2955 4701 3154 4754 eisdem
3193 4715 3221 4752 a
3256 4700 3363 4752 Deo
3391 4699 3725 4755 dimittendis

2185 4787 2409 4841 invicem
2439 4803 2681 4852 exiirare,
2730 4787 2864 4839 sicut
2914 4794 2970 4840 et
2994 4786 3279 4857 Apostolus
3305 4785 3560 4840 admonet
3585 4806 3598 4839 :
3629 4788 3728 4842 Do-

2186 4886 2311 4927 naut
2339 4893 2382 4939 s,
2417 4876 2622 4941 inquit,
2652 4876 3014 4944 nobismetipsis
3039 4916 3054 4941 ,
3101 4876 3148 4927 si
3173 4875 3352 4945 aliquis
3372 4878 3620 4929 adversus
3640 4879 3730 4930 ali-

2189 4982 2328 5034 quem
2351 4967 2494 5016 habet
2516 4967 2732 5030 culpant,
2762 4967 2889 5017 sicut
2910 4973 2954 5017 el
2976 4966 3216 5017 Dominus
3240 4967 3444 5018 donauit
3465 4966 3640 5031 nobis,
3667 4969 3684 5020 i
3703 4984 3731 5018 α

2191 5064 2234 5104 et
2258 5071 2348 5105 nos
2372 5053 2579 5105 invicem
2609 5053 2824 5122 (Coloss.
2857 5058 2956 5119 in).
2983 5053 3059 5105 Ad
3088 5055 3228 5119 quod
3249 5054 3549 5121 exemplum
3572 5069 3731 5110 exse-

2194 5141 2479 5207 quendum,
2507 5151 2561 5194 et
2587 5143 2632 5194 si
2651 5156 2721 5194 ex
2746 5141 2922 5194 cordis
2952 5144 3113 5195 nostri
3136 5141 3325 5194 duritia
3353 5143 3531 5208 aliquo
3577 5143 3732 5197 modo

2195 5233 2536 5294 retardantur,
2592 5231 2832 5284 oratione
2883 5231 3150 5286 Dominica
3199 5240 3374 5284 tamen
3432 5234 3734 5287 necessario

2194 5335 2329 5379 com;
2351 5323 2560 5373 e'l.mur
2582 5363 2597 5386 ,
2639 5322 2762 5374 dum
2793 5322 3026 5389 quotidie
3069 5322 3177 5374 Deo
3203 5320 3441 5375 crebrius
3469 5323 3733 5378 dicimus:

2199 5409 2407 5460 Dimitte
2450 5413 2591 5462 nobis
2620 5411 2788 5461 debita
2827 5419 3021 5473 nostra,
3055 5410 3182 5461 sicut
3228 5419 3274 5462 et
3301 5427 3394 5464 nos
3441 5412 3737 5464 dimittitur:

2200 5496 2502 5549 debitoribus
2526 5498 2710 5549 nostris
2751 5495 2960 5564 (Matth.
2993 5498 3086 5563 vr).
3121 5494 3188 5548 Et
3214 5505 3274 5550 ut
3303 5498 3406 5552 hoc
3431 5512 3540 5550 non
3581 5497 3736 5559 ﬂete.

2199 5589 2339 5655 quod
2368 5588 2521 5649 absit,
2552 5587 2642 5640 sed
2673 5603 2737 5640 ex
2791 5586 2951 5639 corde
2989 5585 3080 5638 ﬁat
3107 5601 3323 5642 necesse
3359 5597 3462 5652 est,
3495 5588 3612 5656 ipso
3645 5588 3738 5644 Do-

2205 5679 2347 5730 mino
2384 5679 2458 5732 sic
2494 5678 2848 5731 comtninautc
2874 5691 2888 5729 :
2917 5676 2976 5731 Si
3007 5693 3091 5732 tios
3127 5694 3228 5731 non
3267 5679 3562 5734 dimiseritis
3591 5675 3739 5736 lacini-
