3848 6350
162 420 248 474 ων,
1571 408 1886 463 uomunt.

3197 425 3299 476 6l0

159 536 286 601 nibus
304 540 489 600 peccata
503 546 691 588 eorum.
720 545 810 582 nec
843 527 998 581 Pater
1025 533 1183 581 vester
1237 524 1460 578 celestis
1491 521 1660 574 dimit-
1687 523 1733 580 Λ
1761 524 1929 574 omnia
1951 523 2034 593 (ll
2053 523 2168 577 Cor.
2201 527 2275 588 v).
2300 524 2351 577 Si
2383 526 2537 591 igitur
2563 528 2871 596 condignam
2902 531 3011 585 Deo
3051 536 3304 600 ρωειίινη-

162 632 217 673 tet
241 622 362 673 roln's
387 628 580 685 peccata
624 627 807 669 restra.
839 615 1078 688 ltetnque
1102 632 1114 667 ε
1145 614 1234 668 Sic
1256 623 1305 665 et
1339 611 1496 664 Pater
1519 625 1654 661 meus

159 709 342 760 celestis
383 709 528 774 faciet
566 706 701 758 vobis
751 708 795 758 si
839 722 940 758 non
995 703 1286 757 remtseritis
1321 701 1661 769 unusquisque

159 800 286 866 [ηιιή
303 813 384 849 suo
407 798 467 849 de
484 794 720 848 cordibus
741 797 935 848 vestris.
981 791 1050 846 Ut
1078 792 1236 860 igitur
1257 788 1456 842 audivit
1485 795 1658 841 vestra

158 886 358 947 dilectio,
386 885 491 938 btet:
515 885 688 937 omnis
717 882 910 951 pedum
941 881 1072 934 lotio
1093 888 1394 933 nostrorum
1417 887 1663 945 peccato-

159 989 256 1024 l'ttill
274 982 345 1026 est
369 973 629 1039 purgatio;
661 973 799 1026 unde
821 988 924 1025 non
965 972 1252 1037 incongrue
1279 969 1378 1022 hac
1421 969 1530 1031 ipsa
1553 965 1659 1024 die,

157 1064 274 1114 sicut
315 1061 545 1115 Ecclesiar
601 1069 747 1114 tenet
791 1060 1148 1120 consuetudo,
1199 1056 1563 1126 pmnitentinm
1607 1055 1664 1105 llt

157 1151 498 1203 reconciliatio.
549 1149 618 1202 Ut
660 1152 799 1203 enim
826 1160 950 1216 ante
978 1165 1075 1202 nos
1111 1148 1306 1200 dictum
1339 1155 1415 1197 est
1442 1161 1470 1197 a
1495 1142 1664 1194 Patri-

158 1236 257 1297 bus,
293 1253 401 1306 cum
447 1246 588 1290 tanta
633 1245 716 1290 est
772 1239 921 1306 plaga
973 1237 1172 1306 peccati
1228 1245 1386 1300 atque
1438 1233 1663 1299 impetus

156 1325 317 1386 morbi,
348 1335 400 1376 ut
429 1326 810 1380 medicamenta
839 1327 1080 1393 corporis
1113 1333 1167 1377 et
1193 1321 1464 1388 sanguinis
1491 1320 1664 1373 Domi-

157 1411 202 1461 ni
241 1411 502 1464 diﬂerenda
555 1414 660 1467 sint
687 1454 701 1476 ,
758 1413 1076 1467 auctoritate
1123 1412 1369 1465 antistitis
1408 1410 1564 1461 debet
1607 1421 1667 1460 se

153 1498 348 1566 quisque
374 1503 437 1550 ab
481 1502 668 1555 altario
706 1506 982 1555 retuov‘ere
1010 1502 1075 1554 ad
1115 1501 1369 1569 agendam
1408 1498 1668 1566 paeniten-

155 1590 302 1652 tiam,
352 1603 401 1641 et
443 1591 625 1644 eadetu
674 1593 992 1645 auctoritate
1041 1589 1392 1656 reconciliari.
1449 1587 1666 1640 Lectum

153 1677 325 1744 quippe
352 1679 502 1731 modo
547 1687 626 1732 est
664 1697 676 1730 :
709 1682 805 1742 Qui
848 1682 1121 1732 mandarat
1174 1690 1224 1732 et
1273 1678 1396 1730 bibit
1437 1674 1662 1742 indigne,

147 1766 364 1831 judicium
382 1768 472 1820 sibi
500 1769 772 1822 manduca!
791 1780 838 1821 et
868 1767 988 1822 bibit
1037 1786 1135 1822 non
1165 1770 1456 1838 dijudicans
1483 1779 1666 1830 corpus

164 1853 343 1909 Domini
389 1859 433 1926 (I
489 1859 604 1912 Cor.
651 1867 746 1915 XI).
799 1860 912 1914 Hoc
963 1869 1044 1914 est
1103 1875 1220 1912 cum
1271 1858 1481 1922 indigne
1535 1852 1662 1907 illud
1695 1840 1741 1898 Β

152 1944 366 2011 accipere
387 1987 401 2010 ,
430 1947 514 2013 qui
555 1949 779 2015 accipiat
807 1965 872 2002 eo
903 1958 1140 2018 tempore
1181 1964 1282 2018 quo
1309 1948 1469 2002 debet
1499 1946 1663 2011 tinni-

153 2036 343 2086 tentiam
377 2050 544 2103 agere.
582 2037 752 2091 .Unde
778 2039 904 2090 mihi
945 2041 1009 2091 ad
1055 2054 1165 2102 vos,
1208 2054 1240 2092 ο
1268 2039 1477 2099 fratres,
1527 2053 1665 2090 nunc

151 2121 398 2176 habendus
443 2135 521 2176 est
566 2141 778 2186 sermo,
817 2142 971 2192 quos'
1001 2134 1168 2180 mater
1205 2135 1384 2180 sancta
1437 2141 1666 2194 praesens

151 2207 362 2264 Ecclesia
392 2223 568 2266 nostro
597 2216 774 2266 oﬂicio
803 2216 961 2268 hodie
985 2216 1285 2268 reconciliat
1307 2217 1434 2268 Deo.
1466 2216 1543 2268 Ad
1572 2231 1665 2269 vos

149 2300 291 2366 igitur
317 2310 504 2363 nostra,
535 2304 639 2355 imo
664 2304 746 2355 dot
769 2306 898 2358 toris
954 2306 1186 2371 gentium
1238 2305 1407 2367 Pauli,
1439 2320 1534 2374 per
1562 2321 1661 2358 nos

147 2386 238 2438 ista
266 2388 316 2440 lit
340 2389 652 2454 exhortatio,
683 2402 741 2444 ut
774 2403 1027 2459 agnoscat
1053 2393 1409 2461 unusquisque
1432 2403 1664 2447 vestrum

145 2491 206 2529 ex
227 2479 491 2546 semetipso
518 2482 562 2533 si
603 2483 976 2536 reconcilietur
1018 2484 1098 2536 vel
1145 2499 1250 2537 non
1298 2487 1667 2540 reconcilietur

149 2564 516 2634 Deo,.quamvis
545 2572 880 2626 reconciliari
928 2572 1044 2642 ejus
1097 2575 1342 2629 Ecclesiae
1383 2587 1566 2630 nostro
1597 2578 1667 2630 vi-

145 2653 313 2708 deatur
339 2659 623 2711 ministerio
653 2698 669 2721 ,
697 2668 751 2712 et
781 2661 916 2713 sciat
954 2676 1048 2730 per
1072 2678 1226 2730 quem
1270 2664 1357 2715 fiat
1378 2704 1392 2726 ,
1437 2664 1519 2716 vel
1541 2665 1665 2731 quid

145 2745 208 2797 sit
229 2745 324 2812 ipsa
374 2749 755 2802 reconciliatio.
806 2749 1060 2818 Loquitur
1089 2754 1275 2807 beatus
1299 2754 1583 2821 Apostolus
1613 2754 1662 2807 in

145 2831 354 2902 Epistols
380 2838 442 2889 ad
456 2838 756 2893 Corinthios
778 2842 1099 2909 specialiter,
1127 2845 1267 2896 omni
1286 2852 1460 2896 autem
1486 2843 1664 2897 Eccle-

142 2922 226 2975 sia!
251 2927 591 2991 generaliter:
627 2930 686 2980 Si
727 2947 828 2999 qua
875 2932 925 2982 in
968 2931 1167 2984 Christo
1218 2943 1345 2984 novt:
1397 2943 1663 2997 creatura,

144 3021 294 3064 cetera
319 3016 637 3115 genuerunt,
661 3034 774 3070 ecce
806 3020 940 3087 facta
961 3027 1074 3070 sunt
1103 3035 1230 3073 nora
1253 3021 1440 3072 omnia.
1477 3017 1665 3072 Omnia

143 3111 296 3155 autem
323 3104 390 3156 'ea:
418 3104 518 3159 Dco
546 3108 630 3170 qui
660 3108 998 3160 reconciliavit
1035 3125 1124 3160 nos
1151 3108 1245 3161 sibi
1273 3126 1361 3176 per
1387 3108 1659 3170 Christum,

143 3203 185 3244 et
230 3194 357 3246 dedit
383 3198 520 3248 nobis
549 3201 842 3265 mys’erium
884 3201 1305 3252 reconciliatiOuis
1357 3200 1404 3267 (Ι
1437 3199 1553 3252 Cor.
1581 3202 1654 3266 ν).

145 3281 423 3349 Diligenter,
450 3301 644 3353 quaeso,
685 3287 938 3340 attendite
972 3303 1088 3355 qua:
1117 3287 1179 3341 sit
1212 3290 1308 3341 ista
1341 3304 1473 3342 nota
1517 3302 1664 3342 crea-

143 3377 250 3421 tura
270 3411 285 3430 ,
313 3380 362 3424 et
409 3373 502 3439 ipsi
531 3373 740 3428 studete
767 3391 903 3429 nova
933 3390 1052 3431 esse
1079 3387 1322 3431 treatura
1345 3418 1360 3440 ,
1405 3379 1526 3446 quia
1559 3393 1662 3431 non

143 3469 334 3525 vetera,
368 3465 592 3529 quandiu
624 3474 838 3519 manent
862 3474 1063 3531 vetera,
1085 3469 1176 3521 sed
1204 3483 1338 3521 nova
1364 3469 1669 3522 rec0nciliat

138 3550 231 3604 siti
261 3551 387 3604 Deus
409 3551 561 3607 Pater
582 3569 679 3622 per
705 3555 985 3608 Dominum
1018 3568 1254 3612 nostrum
1286 3557 1461 3610 Jesum
1490 3559 1666 3611 Chris-

141 3646 263 3703 tum,
295 3650 345 3694 et
371 3656 460 3709 per
485 3657 578 3696 eos
615 3644 807 3709 quibus
834 3645 978 3697 dedit
1006 3646 1452 3700 reconciliationis
1482 3648 1663 3701 minis-

140 3730 338 3782 terium.
365 3729 549 3785 Vetera
578 3741 755 3786 autem
784 3742 906 3787 sunt
934 3745 1173 3801 peccata,
1216 3737 1279 3787 ad
1302 3747 1536 3789 veterem
1566 3737 1664 3790 ho-

140 3816 322 3870 minem
347 3818 653 3885 pertinentia
675 3860 690 3885 ,
732 3835 848 3888 qtttn
888 3831 1011 3876 sunt
1039 3823 1339 3886 infidelitas,
1382 3824 1664 3891 iniustitia,

140 3905 497 3974 iuobedientia,
528 3911 955 3978 concupiscentia
995 3913 1156 3978 mala,
1187 3914 1428 3979 avaritia,
1461 3914 1666 3983 rapina,

139 3993 472 4058 adulterium,
520 3998 881 4064 homicidium,
940 4000 1156 4063 furtum,
1200 4000 1387 4056 falsum
1433 4003 1669 4056 testimo-

140 4081 296 4146 nium,
324 4093 376 4136 et
414 4099 528 4151 qua:
553 4087 690 4139 idem
723 4089 1008 4156 Apostolus
1036 4091 1102 4142 ad
1130 4088 1343 4143 Galatas
1371 4102 1663 4156 enumerat,

139 4167 350 4222 dicens:
381 4171 660 4242 Manifesta
702 4186 821 4226 sunt
867 4192 1021 4242 opera
1069 4179 1278 4242 carnis,
1328 4179 1465 4232 idem
1514 4196 1667 4246 opera

141 4259 342 4323 peccati,
390 4277 500 4330 quia
533 4273 673 4328 sunt,
721 4265 1014 4333 fornicatio,
1063 4255 1403 4331 immunditia,
1435 4268 1661 4332 luxttria,

139 4343 374 4398 ido'ornm
395 4351 620 4412 servitus,
651 4353 924 4420 veneﬁcia,
953 4354 1252 4420 inimicitire,
1283 4357 1630 4410 contentiones
1649 4397 1664 4421 ,

141 4437 487 4503 mutationes,
517 4442 627 4501 inc,
655 4443 804 4503 rixa,
847 4443 1200 4498 dis-ensiones.
1232 4455 1403 4510 sectte,
1431 4447 1664 4512 invidiae,

141 4522 423 4590 homicidia,
462 4527 760 4591 ebrietates,
791 4533 1198 4596 comessationes,
1231 4542 1278 4585 et
1329 4534 1408 4586 liis
1454 4536 1666 4602 similia,

139 4625 245 4676 quc
265 4613 477 4678 prcdiro
501 4614 638 4668 nobis
665 4618 796 4670 sicut
831 4621 1053 4684 prtediti
1072 4657 1086 4681 ,
1118 4624 1357 4690 quoniam
1405 4625 1490 4694 qui
1544 4626 1668 4678 talia

141 4709 308 4766 agunt,
329 4718 534 4773 regnum
569 4703 663 4758 Dei
691 4723 794 4760 non
839 4721 1205 4778 consequentur
1233 4712 1518 4783 (Galat.v).
1573 4715 1670 4782 Qui

140 4803 260 4858 ergo
285 4805 351 4846 ex
383 4793 530 4848 vobis
550 4795 742 4850 talibus
765 4805 819 4850 et
847 4798 927 4851 his
947 4800 1205 4853 similibus
1243 4801 1467 4856 involuti
1497 4805 1670 4858 scele-

140 4879 278 4936 ribus
295 4882 501 4950 ~futtrint
520 4922 537 4948 ,
567 4895 622 4940 et
664 4901 759 4956 per
784 4886 1168 4944 confessionem
1194 4906 1258 4946 ac
1305 4896 1669 4960 ptnniteutiam

142 4984 460 5041 nequaquam
497 4975 814 5043 condignam
865 4980 1279 5036 satisfactionem
1306 4985 1551 5052 egerint,
1580 4988 1673 5042 sed

143 5060 309 5114 adhuc
351 5062 402 5116 in
448 5063 544 5118 hac
573 5073 836 5120 vetustate
877 5070 1164 5136 perdurant
1197 5113 1212 5135 ,
1245 5089 1348 5127 non
1376 5090 1434 5128 se
1461 5092 1490 5129 a
1522 5079 1674 5134 nobis

144 5152 459 5208 reconciliari
486 5169 642 5223 posse
661 5157 994 5221 existiment,
1027 5160 1124 5214 nisi
1153 5164 1297 5230 prius
1321 5177 1551 5220 veterem
1580 5168 1675 5223 bo-

143 5242 329 5298 minem
356 5259 474 5300 cum
503 5247 706 5302 actibus
724 5247 833 5302 suis
852 5264 993 5303 nunc
1012 5255 1332 5309 enumeratis
1359 5257 1674 5326 exspolient,

143 5345 194 5388 et
213 5351 404 5391 novum
432 5339 666 5403 induant,
692 5347 748 5394 et
775 5341 870 5410 ipsi
899 5342 950 5395 in
979 5342 1164 5396 eodem
1189 5361 1329 5400 novo
1359 5348 1590 5411 homine,
1623 5350 1673 5404 id

143 5433 240 5492 est,
269 5427 319 5480 in
339 5425 564 5492 Christo,
593 5443 730 5482 nova
759 5437 1024 5495 creatura,
1057 5432 1104 5484 id
1127 5441 1228 5500 est,
1260 5439 1383 5490 novi
1411 5438 1672 5504 homines,

143 5530 236 5583 per
255 5514 611 5584 penitentiam
641 5517 806 5582 fiant,
835 5519 970 5572 sicut
995 5521 1188 5575 dudum
1219 5537 1313 5591 per
1359 5526 1675 5595 baptismum

143 5600 260 5660 facti
303 5603 528 5665 fmrant,
584 5617 641 5660 ut
670 5606 772 5660 hoc
815 5607 1050 5674 Apostoli
1099 5610 1292 5666 dictum
1342 5613 1441 5668 illis
1486 5619 1675 5673 merito

141 5693 410 5748 Conveniat
445 5713 456 5746 :
496 5693 678 5748 Vetera
707 5696 1048 5763 transierunt,
1093 5714 1204 5753 ecce
1241 5705 1379 5771 facta
1408 5713 1525 5758 sunt
1547 5723 1673 5762 nova

871 5825 918 5856 χχ

1762 612 1884 662 tiam
1912 611 2174 666 obtulistis
2194 614 2258 667 de
2289 617 2583 682 prteteritis,
2614 626 2667 669 et
2693 618 2770 670 sic
2810 619 2919 672 btec
2948 622 3134 674 eadem
3163 624 3293 676 ulte.

1763 702 1867 755 rius
1895 701 2172 756 admittere
2199 720 2303 756 non
2335 706 2508 769 vultis,
2540 708 2630 759 sed
2663 723 2781 759 cum
2811 709 2900 761 Dei
2927 711 3097 773 gratia
3126 722 3179 764 et
3204 712 3302 764 ad-

1755 789 1993 856 jutorio,
2039 791 2091 844 in
2120 793 2262 844 omni
2315 793 2573 859 bonitate,
2621 805 2675 848 et
2722 797 2939 861 justitta,
2980 811 3031 851 et
3062 801 3303 865 veritate,

1761 895 2095 948 perseverare
2107 879 2435 947 desideratis,
2451 895 2574 938 tunc
2594 887 2728 939 scire
2753 889 2968 953 potestis
2987 890 3129 956 quia,
3147 892 3302 942 noxia

1761 975 2021 1022 vetustate
2047 969 2189 1021 exuti
2216 1009 2230 1034 ,
2261 987 2393 1023 nova
2442 983 2683 1027 creatura
2737 973 2856 1027 facti
2885 976 3010 1028 estis
3030 1017 3045 1040 ,
3087 985 3139 1030 et
3183 993 3305 1029 vere

1763 1056 1872 1109 Deo
1900 1058 2303 1118 reconciliamini
2344 1075 2435 1126 per
2470 1062 2766 1122 Christum,
2798 1072 2853 1116 et
2879 1080 2973 1130 per
3001 1079 3096 1116 nos
3116 1065 3305 1130 quibus

1762 1143 1904 1196 dedit
1947 1146 2286 1200 ministerium
2304 1150 2784 1212 reconciliationis;
2819 1160 2876 1204 et
2902 1153 2970 1204 ita
2999 1156 3304 1217 gaudentes,

1764 1230 2071 1297 Apostolum
2125 1235 2189 1288 ad
2235 1250 2331 1289 vos
2360 1246 2414 1288 et
2457 1238 2521 1290 de
2552 1239 2698 1290 vobis
2737 1239 2998 1294 dicentem
3035 1241 3301 1293 audietis:

1767 1318 1891 1372 Hinc
1917 1322 2117 1389 quidem
2163 1324 2352 1388 fuistis,
2378 1326 2467 1377 sed
2490 1323 2646 1402 abluti
2683 1328 2802 1379 estis
2827 1370 2840 1388 ,
2886 1329 2974 1380 sed
3000 1332 3192 1388 sancti}.
3205 1330 3305 1380 cati

1765 1410 1919 1471 estis;
1955 1410 2225 1477 justificuti
2265 1414 2385 1466 eatis
2424 1414 2475 1464 in
2511 1417 2712 1465 nomine
2760 1413 2962 1466 Domini
3004 1418 3158 1467 nostri
3186 1416 3306 1467 Jcsu

1768 1498 1970 1560 Christi,
2000 1510 2046 1550 et
2083 1502 2132 1551 in
2176 1500 2367 1568 Sp'ritu
2408 1502 2502 1555 Dei
2521 1505 2676 1556 nostri
2707 1503 2786 1566 (Ιέ
2811 1522 2886 1556 or.
2912 1511 3005 1557 κν.
3033 1503 3088 1556 Si
3111 1514 3306 1566 autem,

1767 1597 1825 1638 ut
1847 1587 2088 1647 diximus,
2119 1589 2273 1644 aliter
2298 1601 2398 1650 est,
2429 1606 2583 1643 nemo
2622 1602 2850 1645 vestrum
2881 1608 2936 1644 se
2958 1593 3121 1654 fallat,
3153 1607 3308 1645 nemo

1767 1690 1825 1728 se
1846 1675 2079 1737 seducat,
2136 1691 2290 1728 nemo
2337 1677 2750 1741 circumveniat;
2801 1696 2904 1732 non
2952 1679 3088 1732 enim
3139 1687 3308 1747 potest

1769 1766 1925 1830 Deus,
1972 1768 2107 1820 sicut
2162 1769 2353 1829 homo,
2393 1768 2509 1822 ullis
2559 1769 2728 1834 decipi
2781 1769 3166 1829 frautlulentiis,
3201 1768 3307 1821 cla-

1766 1864 1945 1908 mante
1990 1856 2231 1908 omnibus
2261 1857 2512 1924 Apostolo
2548 1877 2556 1908 :
2603 1856 2775 1910 Nolite
2802 1875 3003 1919 errare,
3042 1857 3175 1909 Deus
3209 1874 3305 1909 non

1767 1943 2004 1995 irridetur
2057 1942 2251 2011 (Colat.
2301 1949 2391 2008 vt).
2424 1948 2520 2009 Qui
2570 1949 2706 1999 enim
2738 1947 3004 2014 peccando
3041 1947 3204 1999 factus
3230 1955 3309 1996 cst

1765 2033 1813 2085 ei
1845 2032 2114 2094 inimicus,
2155 2034 2252 2086 nisi
2280 2035 2682 2094 satisfaciendo,
2726 2052 2830 2088 non
2881 2044 3053 2102 potest
3081 2036 3288 2089 reconci

1768 2120 1880 2173 liari
1905 2130 1962 2174 ut
1990 2121 2081 2172 flat
2100 2122 2319 2174 amicus.
2347 2122 2728 2175 Reconciliatio
2749 2137 2974 2182 namque
2997 2138 3178 2174 eorum
3206 2132 3306 2185 est,

1764 2210 1853 2276 qui
1907 2219 2059 2262 antea
2111 2209 2593 2289 iuituici.fuerunt;
2643 2219 2696 2263 et
2736 2211 3079 2263 conciliantur
3133 2211 3306 2269 amici,

1765 2298 2175 2352 reconciliantur
2238 2300 2454 2364 inimici.
2524 2299 2578 2353 lu
2646 2301 3074 2354 reconciliatione
3128 2311 3305 2352 autem

1764 2396 1934 2440 vestra
1962 2427 1980 2451 ,
2021 2388 2184 2440 nolite
2213 2403 2309 2440 nos
2331 2390 2611 2456 episcopos
2639 2390 2919 2442 attendere
2949 2399 3004 2440 ut
3043 2397 3307 2450 auctores,

1763 2477 1856 2532 sed
1886 2486 1943 2531 ut
1971 2479 2269 2540 ministros;
2321 2493 2439 2530 nam
2478 2480 2593 2546 quis
2638 2480 2708 2531 sit
2751 2489 2970 2542 auctor,
3015 2480 3311 2531 manifestat

1767 2569 1919 2621 nobis
1963 2567 2097 2622 idem
2149 2570 2389 2634 egregius
2439 2570 2671 2633 gentium
2723 2569 2946 2630 doctor;
2993 2585 3112 2623 cum
3169 2572 3307 2621 enim

1763 2655 2018 2708 ditiaset:
2047 2657 2174 2708 lfcre
2203 2661 2338 2724 furta
2366 2665 2476 2708 sunt
2495 2671 2618 2709 nora
2649 2660 2837 2716 omnia,
2865 2657 3058 2724 addidit
3089 2675 3100 2708 :
3139 2661 3310 2709 omnia

1767 2755 1952 2803 autem,
1978 2745 2026 2796 id
2055 2754 2154 2808 est,
2184 2746 2529 2798 invocationis
2554 2761 2766 2813 genera,
2799 2763 2860 2799 ex
2894 2749 2998 2800 Deo
3026 2749 3107 2817 qui
3134 2765 3309 2800 recon-

1763 2831 1949 2883 ciliavit
1987 2847 2078 2884 nos
2126 2831 2223 2884 sibi
2253 2848 2340 2898 per
2386 2831 2641 2884 Christum
2671 2831 2720 2900 (1
2773 2833 2889 2886 Cor.
2931 2835 3004 2899 ν).
3039 2837 3172 2888 Ecce
3217 2851 3311 2902 per

1763 2934 1918 2986 quem
1950 2919 2004 2970 fit
2033 2920 2388 2973 reconciliatio
2419 2961 2435 2985 ,
2463 2921 2682 2985 scilicet,
2737 2937 2831 2988 per
2879 2921 3166 2988 Christum,
3221 2926 3310 2991 qui

1764 3009 2001 3062 eamdem
2030 3009 2180 3062 nobis
2206 3023 2497 3077 procurans
2521 3024 2614 3078 per
2657 3025 2807 3064 suam
2830 3011 3124 3079 passionem
3153 3014 3312 3064 rediit

1766 3097 1830 3150 ad
1874 3098 2165 3165 praemium.
2210 3099 2315 3152 Sed
2344 3114 2410 3152 ne
2438 3097 2800 3167 imperfectum
2845 3110 3142 3154 remaneret
3169 3103 3307 3170 quod

1691 3167 1739 3228 η
1772 3196 2163 3253 procuraverat,
2210 3197 2264 3240 et
2291 3189 2538 3254 quoniam
2590 3189 2699 3255 ipse
2725 3189 2935 3255 quidem
2981 3191 3305 3257 corporalem

1769 3277 2128 3342 paenitentiam
2176 3276 2244 3326 ab
2281 3276 2358 3327 eis
2387 3277 2742 3330 obseundebat
2789 3278 2980 3344 quibus
3023 3280 3307 3331 secundum

1768 3365 2092 3419 divinitatem
2123 3365 2369 3432 dignatus
2394 3374 2508 3418 erat
2536 3366 2771 3433 polliceri
2806 3383 2818 3416 :
2862 3365 2990 3418 Ecce
3017 3383 3107 3435 ego
3147 3365 3311 3419 vobis-

1767 3475 1879 3511 cum
1918 3475 2028 3512 sunt
2055 3460 2284 3512 omnibus
2323 3460 2494 3512 diebus
2529 3476 2683 3528 usque
2725 3461 2794 3513 ad
2833 3463 3310 3514 consummationem

1767 3551 1936 3602 δωρειιὶ
1982 3548 2171 3617 (Matii.
2207 3549 2420 3617 xxvnt),
2463 3549 2607 3602 dedit
2651 3551 2901 3618 apostolis
2921 3553 3026 3605 suis
3055 3553 3308 3639 nobisque

1715 3672 1721 3679 -
1768 3652 1951 3691 eorum
1997 3638 2389 3690 successoribus
2427 3644 2741 3704 potestatem
2774 3639 2966 3704 ligandi
3014 3648 3172 3708 atque
3197 3638 3307 3692 sol-

1769 3729 1920 3782 veudi
1954 3730 2003 3781 in
2029 3730 2165 3783 caelo
2194 3741 2247 3783 et
2277 3731 2325 3783 in
2356 3739 2524 3793 terra;
2555 3745 2709 3797 quam
2741 3741 3051 3798 potestatem
3075 3733 3309 3788 solvendi

1767 3827 1923 3873 vocat
1940 3818 2223 3888 Apostolus
2243 3820 2796 3873 ministeriumreconcil
2820 3823 3026 3890 otionis(
3039 3821 3090 3873 ll
3110 3822 3310 3890 Cor.v).

1769 3905 1997 3974 Ideoque
2023 3909 2144 3976 quia
2173 3909 2316 3962 vices
2341 3908 2536 3962 Christi
2580 3911 2801 3977 agimus,
2833 3925 2967 3977 quos
2997 3911 3084 3963 ille
3133 3911 3311 3963 invisi-

1769 3996 1945 4049 biliter
1972 3996 2292 4050 absolvendo
2315 3998 2499 4067 dignos
2521 4014 2613 4051 sua
2636 3999 3061 4052 reconciliatione
3085 3999 3306 4063 judicat,

1771 4100 1886 4147 nos,
1930 4086 2204 4139 visibiliter
2247 4087 2656 4150 reconciliando,
2713 4101 2807 4155 per
2857 4086 3086 4140 cilicium
3143 4091 3306 4142 nostri

1771 4176 2040 4227 ministerii
2073 4176 2420 4236 absolvimus;
2454 4191 2546 4229 eos
2589 4192 2715 4229 vero
2743 4177 2831 4246 qui
2873 4177 3081 4231 funibus
3121 4194 3309 4246 pecca-

1772 4274 1943 4318 torum
1973 4280 2186 4320 suorutn
2211 4307 2225 4329 ,
2259 4275 2381 4319 ante
2411 4266 2499 4320 Dei
2526 4276 2888 4335 conspectum,
2921 4267 3091 4321 adhuc
3129 4277 3313 4321 tenen-

1771 4362 1858 4406 tur
1899 4354 2156 4416 adstricti,
2211 4369 2307 4408 nos
2347 4355 2614 4421 quomodo
2661 4356 2934 4407 absolvere
2987 4356 3313 4423 possumus?

1772 4444 1899 4497 Nam
1929 4446 2166 4510 quamvis
2212 4447 2351 4499 Deus
2376 4487 2390 4511 ,
2439 4446 2574 4498 sicut
2601 4446 2728 4499 dicit
2756 4457 2967 4501 sanctus
2998 4448 3103 4501 Leo
3131 4464 3265 4517 papa
3297 4488 3314 4513 ,

1768 4533 1844 4589 sic
1867 4547 1974 4586 sure
2002 4534 2249 4589 bonitatis
2271 4535 2508 4602 przcsidia
2537 4535 2879 4599 ordinaverit,
2910 4544 2968 4590 ut
2996 4537 3314 4604 indulgentia

1770 4621 1932 4687 ipsius
1962 4622 2062 4676 nisi
2092 4622 2562 4690 supplicationibus
2585 4625 2918 4678 sacerdotum
2969 4635 3194 4692 nequeat
3218 4628 3314 4680 ob-

1771 4711 1964 4774 tineri,
2021 4711 2142 4780 quia
2192 4711 2449 4766 Mediator
2497 4713 2587 4768 Dei
2637 4723 2690 4768 et
2738 4715 3006 4769 hominum
3063 4716 3314 4772 Dominus

1769 4801 1920 4855 Jesus
1947 4800 2203 4867 Christus,
2231 4801 2370 4856 hanc
2397 4803 2639 4857 Ecclesiae
2666 4805 2971 4873 praesulibus
2998 4813 3312 4874 potestatem

1774 4890 2068 4978 trtﬂiderit,
2101 4899 2158 4944 ut
2182 4899 2237 4944 et
2271 4891 2640 4946 confitentibus
2675 4893 3084 4949 satisfactionem
3121 4904 3175 4950 et
3205 4911 3314 4964 pcn-

1772 4979 2044 5032 nitentiam
2075 4980 2296 5043 darent,
2330 4991 2382 5033 et
2409 4981 2656 5046 eosdem,
2705 4983 2902 5037 salubri
2957 4985 3314 5039 satisfactione

1773 5078 2062 5137 purgatos,
2117 5071 2180 5123 ad
2234 5070 2660 5124 communionem
2714 5082 3164 5127 sacramentorum
3221 5091 3315 5142 per

1775 5159 2085 5213 medicinam
2123 5160 2567 5216 reconciliationis
2589 5162 2955 5225 admitterent;
2986 5163 3110 5216 huic
3139 5173 3312 5220 tamen

1775 5249 1920 5316 Operi
1951 5248 2332 5302 incessabiliter
2360 5251 2470 5318 ipse
2501 5251 2741 5325 Salvator
2767 5252 3068 5315 intervenit,
3102 5269 3198 5308 nec
3224 5271 3313 5310 un-

1776 5353 1928 5405 quam
1959 5339 2026 5392 ab
2070 5339 2148 5392 his
2195 5340 2344 5394 abest
2381 5356 2497 5407 qu:e
2537 5341 2788 5394 ministris
2832 5343 2940 5395 suis
2981 5346 3311 5412 exsequenda

1776 5431 2056 5485 commisit.
2089 5432 2213 5496 Qum
2239 5447 2266 5483 a
2300 5433 2450 5486 nobis
2480 5432 2615 5484 dicta
2644 5433 2750 5484 sint
2777 5433 2841 5486 ad
2869 5435 3085 5487 cautela:
3130 5444 3313 5488 vestra:

1776 5520 2028 5584 studium,
2057 5537 2160 5575 non
2189 5530 2245 5574 ut
2290 5523 2440 5576 nobis
2464 5522 2759 5588 injiciamtts
2802 5523 3065 5592 laqueum.
3098 5521 3151 5574 Si
3174 5525 3311 5576 enim

1776 5611 2017 5665 intervos
2028 5610 2184 5680 aliqui
2200 5620 2341 5677 sunt,
2359 5612 2495 5679 quod
2519 5612 2671 5675 absit,
2689 5613 2846 5680 quise
2867 5614 2964 5666 huc
2982 5616 3315 5680 usquepoeni-

1777 5703 1993 5758 tentiam
2014 5717 2166 5771 agerc
2188 5702 2546 5758 simulavcriut
2568 5703 2739 5772 potius
2764 5717 2918 5770 quam
2945 5717 3068 5758 vere
3092 5707 3312 5773 egerint,
