3848 6360
504 454 603 516 ιιι
1670 452 1726 503 S.
1767 440 1963 503 ELlCll
2001 449 2034 502 Ν

2138 439 2279 501 1031.
2321 446 2528 503 EPISC.
3599 448 3686 503 sta

502 561 679 615 neque
705 544 819 600 istis
859 545 925 599 de
976 540 1065 598 Del
1117 542 1473 599 misericordia
1513 539 1898 611 desperandum
1927 556 2049 594 esse
2079 548 2123 598 Α
2149 540 2279 592 culis
2300 539 2541 595 charitatl
2570 548 2758 594 vestrm
2784 544 3047 609 porrigam
3100 540 3383 608 cyathum,
3423 547 3477 593 ut
3512 540 3562 595 in
3601 541 3684 597 hac

503 638 732 689 dicimus
757 670 774 699 ,
822 636 865 687 si
911 634 1069 687 holie
1106 634 1264 687 etiam
1294 634 1359 686 ad
1402 632 1571 699 ipsum
1601 631 1789 684 saltem
1840 647 1907 685 ex
1936 638 2051 683 toto

502 727 665 778 conte
685 729 1084 787 convertantur,
1115 721 1254 789 apud
1278 734 1435 788 quem
1465 720 1633 771 nullas
1659 720 1855 785 patitur
1876 731 2053 770 moras

502 823 629 866 vera
667 813 968 876 conversio,
998 811 1210 863 dicente
1227 807 1426 877 Spiritu
1457 806 1547 859 Dei
1570 821 1665 874 per
1694 806 2009 872 Prophetam
2038 822 2048 854 :

502 901 629 955 Cum
651 917 915 955 conseram
938 900 1264 967 ingeinneris,
1306 907 1421 949 tunc
1458 900 1625 951 salvus
1644 899 1742 949 eris
1766 895 1919 965 (λοι-Ἰ.
1952 894 2008 963 ιι)
2031 910 2050 957 ;

500 1001 557 1044 ct
584 992 706 1044 alibi
734 1010 748 1043 :
782 990 878 1043 Dic
906 1000 957 1041 ιιι
990 990 1275 1056 iniquitates
1328 997 1441 1040 atas
1474 989 1613 1054 prior
1659 998 1713 1038 ut
1748 986 2046 1054 justiﬁr'eris

501 1081 653 1148 (lsai.
686 1082 863 1145 xuii);
893 1079 1158 1144 itemque:
1190 1076 1323 1140 Quia
1347 1078 1483 1145 apud
1524 1076 1802 1128 Dominam
1846 1074 2047 1136 miseri-

499 1172 674 1223 mrdia
700 1180 747 1221 et
773 1168 973 1236 cepioxa
993 1167 1126 1233 apud
1146 1181 1258 1219 eum
1288 1166 1558 1231 redemptio
1588 1163 1808 1230 (Psalm.
1841 1163 2041 1214 cxxtxl.

503 1258 737 1325 Denique
758 1256 1028 1323 multiplex
1058 1254 1415 1309 misericordia
1438 1253 1575 1319 ejus,
1602 1254 1665 1303 ad
1688 1251 2043 1316 expiationem

498 1344 822 1407 criminum,
891 1344 1212 1411 multiplices
1268 1340 1469 1395 fructus
1522 1340 1668 1392 nobis
1725 1338 2045 1407 paenitentia:

497 1432 751 1495 contulit;
785 1448 889 1485 non
919 1432 1058 1485 enim
1086 1440 1289 1483 tantum
1334 1429 1554 1499 supplici
1596 1428 1684 1481 illo
1722 1426 2045 1495 paenitentiae

498 1521 711 1573 nomine
735 1520 880 1574 salus
906 1528 1103 1572 mterna
1134 1517 1515 1584 repromittitur
1540 1550 1555 1579 ,
1587 1516 1655 1567 de
1693 1529 1801 1581 quo
1829 1520 2046 1581 aposto-

497 1606 579 1659 lus
603 1605 791 1661 Petrus
821 1626 835 1659 :
870 1606 1183 1660 Paenilemini
1216 1607 1369 1674 igitur
1403 1616 1448 1658 et
1476 1604 1822 1657 convertimini
1862 1612 1916 1655 ut
1953 1602 2040 1656 de-

473 1697 693 1747 leantur
720 1705 923 1764 peccata
952 1707 1113 1748 vestra
1150 1698 1284 1763 (Art.
1310 1697 1386 1757 v);
1432 1702 1486 1745 et
1513 1694 1741 1746 Joannes
1762 1694 1992 1760 Baptista
2024 1708 2040 1745 :

497 1782 848 1836 Ραιιὶιεηιὶωιι
912 1785 1081 1853 agite,
1134 1782 1552 1851 appropinquabit
1620 1783 1753 1834 enim
1832 1797 2042 1850 regnum

2150 638 2295 681 tanta
2315 630 2617 685 celebritate
2642 630 2885 684 festivum
2909 632 3105 684 habere
3126 631 3341 699 possitis
3358 632 3679 685 consortium.

2149 717 2406 787 Cyathum
2454 727 2631 773 autem
2685 723 2945 787 spondeo,
2973 721 3100 790 quia
3153 720 3382 788 phialam
3429 723 3684 790 propinare

2149 818 2389 873 nequeo;
2443 821 2540 875 per
2567 806 2799 875 phialam
2854 808 3051 876 quippe
3094 808 3339 863 doctrina
3381 811 3681 873 exuberans.

2148 903 2243 959 per
2280 894 2528 960 cyathum
2569 910 2695 948 vero
2744 911 2902 964 parva
2940 897 3161 951 scientia
3201 898 3600 952 demonstratur.
3634 899 3682 954 Gl

2146 994 2275 1046 ergo
2304 984 2665 1037 mediocritate
2687 1000 2878 1039 census
2915 986 3019 1039 mei
3048 986 3245 1039 intrare
3274 986 3326 1039 in
3354 989 3681 1041 sanctuarium

2150 1067 2238 1121 Dei
2266 1084 2491 1137 nequeo,
2517 1082 2794 1141 propterea
2820 1074 2991 1128 minus
3011 1076 3229 1138 tacebo;
3261 1089 3445 1130 servus
3476 1092 3679 1145 nataque

2145 1155 2235 1222 qui
2265 1171 2425 1209 unum
2458 1160 2710 1212 talentum
2757 1169 3070 1229 acceperat,
3105 1162 3227 1215 ideo
3253 1163 3548 1228 damnatur,
3576 1166 3681 1231 quia

2146 1245 2275 1299 illud
2304 1250 2366 1300 ad
2398 1251 2720 1319 erogandum
2750 1267 2855 1304 non
2876 1252 3093 1305 dederat
3121 1252 3336 1323 (Matth.
3372 1257 3512 1321 xxv).
3554 1252 3677 1308 Sane

2146 1336 2299 1404 hujus
2375 1339 2663 1393 Dominica:
2735 1355 2901 1394 πωπω
2968 1340 3273 1394 veneranda
3355 1331 3640 1396 sulemlnitas
3665 1377 3682 1407 ,

2144 1437 2360 1493 prapler
2388 1443 2449 1481 ea
2477 1444 2595 1498 qua:
2620 1427 2860 1482 Christus
2902 1430 3167 1497 corporali
3198 1431 3503 1498 pieniteutia
3548 1434 3681 1487 exhi-

2146 1517 2279 1579 buit,
2311 1518 2491 1572 multis
2520 1528 2643 1572 ante
2672 1518 2859 1586 legem,
2891 1520 3069 1574 multis
3094 1521 3193 1574 sub
3226 1520 3347 1588 lege
3373 1520 3569 1574 refulsit
3599 1522 3681 1575 mlo

2144 1606 2474 1659 nisteriorum
2519 1607 2766 1661 oraculis.
2813 1607 2947 1673 Quid
2992 1616 3108 1671 est,
3158 1607 3351 1663 fratres
3398 1609 3518 1670 mei,
3557 1608 3676 1677 quod

2138 1688 2246 1758 jani
2286 1706 2446 1745 senex
2495 1693 2758 1746 Abraham
2784 1732 2800 1757 ,
2845 1695 2934 1761 qui
2988 1703 3141 1762 pater
3182 1696 3449 1756 excelsus,
3473 1695 3682 1749 lsaacll.

2144 1778 2291 1846 lium,
2336 1781 2425 1848 qui
2469 1780 2603 1834 risus
2681 1783 3092 1851 interpretatur,
3148 1785 3333 1852 genuit
3377 1783 3521 1852 (Cen.
3569 1787 3679 1849 xxi),

492 1871 730 1924 calorum
761 1870 965 1939 (Matth.
1016 1887 1093 1932 ιιι,
1150 1872 1272 1923 Luc.
1298 1872 1407 1939 in);
1436 1872 1529 1924 sed
1558 1871 1715 1923 etiam
1741 1871 1799 1923 lit
1824 1871 2038 1923 absolu-
2070 1875 2117 1935 Β
2142 1868 2240 1921 nisi
2266 1869 2409 1935 quia,
2434 1877 2747 1923 senescente
2773 1870 2882 1936 jam
2932 1872 3151 1933 mundo,
3183 1870 3340 1923 Pater
3359 1871 3422 1924 de
3446 1874 3585 1926 edis
3610 1872 3681 1926 Fi-

496 1960 571 2010 tio
600 1968 933 2025 peccatorum
963 1974 1057 2027 per
1099 1958 1371 2013 charitatis
1392 1957 1657 2022 allectum,
1691 1974 1785 2027 per
1810 1959 2040 2012 eleemo-

492 2061 744 2113 synarum
793 2045 1043 2111 fructum,
1083 2062 1178 2114 per
1227 2047 1581 2113 profusionem
1637 2048 1987 2117 lacrymarum
2019 2085 2035 2110 ,

494 2150 589 2203 per
617 2136 1000 2195 conlessiooem
1029 2137 1304 2190 criminum
1323 2177 1339 2202 ,
1369 2152 1465 2205 per
1510 2136 1683 2190 cordis
1706 2146 1760 2189 et
1803 2135 2040 2203 corporis

493 2222 828 2278 al'llictionem
852 2262 868 2289 ,
926 2227 1293 2294 pmcipueque
1321 2241 1415 2294 per
1453 2240 1657 2279 morum
1710 2225 2037 2279 emendatio-

493 2328 634 2377 nem,
662 2316 919 2369 interdum
948 2314 1107 2369 etiam
1138 2332 1232 2383 per
1249 2296 1554 2371 sanctorum
1580 2318 2035 2383 intercessionem,

493 2421 588 2473 per
617 2406 992 2474 indulgentiam
1037 2423 1248 2475 quoque
1288 2424 1350 2463 ac
1379 2409 1741 2463 remissionem
1780 2418 2035 2469 nostram,

491 2507 594 2559 qua
626 2495 969 2571 peccantibus
995 2495 1046 2548 in
1087 2511 1184 2549 nos
1210 2495 1553 2560 dimittimus;
1581 2496 1771 2563 quibus
1796 2496 2039 2550 omnibus

500 2581 668 2635 modis
694 2583 896 2641 aboleri
919 2598 1074 2651 posse
1104 2592 1343 2652 peccata,
1373 2585 1545 2637 divina
1572 2584 1720 2637 testis
1744 2593 1825 2636 est
1861 2584 2039 2650 Scrip-

493 2677 630 2721 tura.
661 2670 791 2721 Cum
820 2684 949 2739 ergo
995 2670 1327 2736 indulgentia:
1372 2670 1545 2723 aditus
1588 2670 1737 2723 nobis
1779 2668 2037 2723 salutares

490 2757 583 2811 Dei
607 2756 770 2809 nostri
800 2758 1031 2827 potentia
1064 2757 1342 2811 inell'abilis
1362 2759 1685 2822 patefecerit,
1709 2759 1827 2825 quis
1856 2760 2034 2817 miser,

488 2845 904 2899 misericordiam
933 2852 985 2897 et
1025 2846 1246 2898 salutem
1276 2846 1578 2899 desiderans
1607 2883 1621 2909 ,
1670 2847 2038 2913 desperatione

495 2932 672 3001 aliqua
702 2934 991 3004 frangatur,
1021 2949 1141 2989 cum
1183 2936 1247 2989 ad
1290 2938 1516 3001 veniam,
1548 2937 1704 2989 etiam
1734 2936 2036 3003 multiplici-

490 3023 586 3076 bus
615 3024 881 3089 remediis,
908 3025 1160 3077 invitetur
1180 3024 1202 3074 ?
1221 3022 1438 3090 Oportet
1468 3026 1645 3091 igitur,
1675 3026 1797 3077 dum
1828 3034 2033 3091 tempus

490 3120 595 3175 est,
625 3125 724 3163 nos
745 3125 840 3179 per
870 3112 984 3165 hac
1009 3119 1063 3164 et
1089 3112 1169 3165 his
1192 3112 1381 3166 similia
1406 3115 1468 3163 ad
1494 3113 1856 3179 penitentiam
1882 3126 1957 3164 ac.
1976 3125 2030 3163 e-

487 3199 615 3251 dere
643 3213 764 3252 cum
797 3202 939 3251 onmi
995 3198 1184 3252 ﬁducia
1208 3240 1224 3264 ,
1265 3210 1320 3252 et
1345 3214 1414 3253 ex
1443 3199 1542 3252 tide
1581 3199 1799 3252 credere
1827 3198 2035 3251 indubi-
2062 3191 2110 3255 C
2139 3196 2249 3251 bac.
2274 3198 2377 3263 ιιι).

488 3296 679 3350 tanter,
710 3288 1015 3354 pmnitentia
1043 3288 1259 3356 istisque
1282 3288 1451 3342 modis
1470 3289 1693 3342 relaxari
1723 3304 1877 3355 posse
1906 3303 2032 3356 pec-

486 3381 621 3434 cata,
651 3373 767 3440 quia
810 3372 948 3425 Deus
982 3389 1080 3426 non
1111 3377 1214 3426 uult
1254 3387 1464 3426 mortem
1502 3377 1805 3441 peccatoris,
1856 3377 1945 3427 sed
1981 3383 2035 3425 ut

487 3471 803 3515 renuertatur
821 3473 871 3515 et
892 3465 1020 3515 vivat
1046 3464 1258 3525 (Eeclt.
1304 3466 1473 3533 ινιιι),
1521 3464 1659 3517 sicut
1680 3465 1792 3531 ipse
1817 3465 1943 3517 dicit
1984 3464 2036 3517 in

486 3552 766 3619 Evangelio
800 3572 811 3605 :
856 3553 997 3607 Venit
1023 3552 1188 3606 Filius
1226 3554 1443 3607 hominis
1486 3570 1708 3620 querere
1742 3564 1792 3607 et
1844 3555 2035 3606 saluum

486 3646 651 3712 facere
668 3643 799 3711 quod
822 3646 1035 3707 perierat
1068 3642 1216 3709 (Luc.
1264 3646 1397 3711 xix).
1424 3642 1480 3696 Si
1518 3644 1659 3696 enim
1689 3643 1775 3696 ille
1812 3642 1901 3708 qui
1954 3651 2035 3695 est

484 3742 749 3785 scrutator
793 3732 1029 3786 cordium
1083 3740 1135 3785 et
1189 3748 1370 3784 renum
1415 3732 1745 3799 prospexerit
1791 3740 2028 3783 nostrum

484 3820 723 3886 spiritum
753 3821 1193 3884 contribulatum,
1240 3830 1448 3885 gratum
1498 3822 1599 3874 sibi
1627 3821 1922 3889 acceptabit
1948 3836 2033 3872 sa-

486 3910 739 3961 crilicium
761 3949 777 3974 ,
832 3911 953 3975 quia
1002 3924 1107 3961 non
1132 3911 1335 3977 spernit
1384 3924 1471 3962 cor
1496 3912 1763 3961 contritum
1793 3920 1841 3961 et
1870 3910 2032 3960 humi.

484 3998 663 4049 (istum
688 3997 857 4062 (Psal.
891 3997 966 4067 ι).
1012 3997 1127 4065 Ipse
1167 3998 1308 4049 enim
1339 4006 1397 4049 ut
1424 4000 1638 4051 doceret
1684 3998 1762 4049 his
1793 3988 1976 4051 iiiediis
2001 4012 2030 4049 a

486 4096 657 4141 morte
680 4088 745 4139 ad
793 4088 954 4140 vitam
982 4088 1132 4142 nobis
1163 4086 1274 4141 fore
1303 4088 1629 4141 redeundum
1655 4128 1671 4150 ,
1709 4097 1832 4140 ante
1875 4102 2024 4140 suam

486 4178 784 4243 passionem
862 4177 1119 4230 Lazarum
1189 4181 1533 4233 suscitaturus
1597 4180 2024 4245 quatriduanum,

487 4266 631 4318 llevit
658 4274 941 4329 mortuum,
971 4267 1228 4331 infremuit
1264 4269 1463 4333 spiritu,
1502 4276 1556 4320 et
1594 4269 1778 4321 volens
1808 4269 2023 4321 turbavit

483 4355 700 4420 seipsum
732 4352 907 4421 (Joan.
971 4355 1065 4421 XI),
1117 4361 1172 4406 ut
1208 4354 1357 4407 nobis
1403 4355 1724 4423 signiﬁcaret
1761 4358 2025 4422 quomodo

486 4444 632 4501 Ilere,
661 4440 881 4494 fremere
942 4451 995 4493 et
1041 4441 1240 4493 turbari
1291 4442 1591 4507 debeamus,
1638 4458 1756 4495 cum
1796 4443 2023 4509 peccatis

485 4530 679 4584 mortui
733 4545 916 4583 eorum
964 4533 1121 4584 nimia
1171 4532 1311 4584 mole
1341 4531 1625 4599 premimur
1652 4569 1667 4591 ,
1708 4532 2021 4584 reviviscere
2057 4508 2104 4565 υ

484 4621 853 4673 desideramus.
913 4620 1175 4686 Benignus
1254 4623 1410 4687 igitur
1464 4622 1599 4673 Deus
1645 4621 1733 4688 qui
1783 4622 1935 4687 jussit
1990 4636 2020 4673 a

484 4707 683 4763 Lazaro
714 4712 971 4763 removeri
1010 4710 1258 4777 lapidem,
1292 4720 1347 4762 et
1373 4712 1447 4763 sic
1485 4712 1693 4763 demum
1723 4710 1863 4763 Patri
1894 4724 2015 4777 gra-

485 4799 584 4851 tias
611 4812 769 4864 agens
797 4814 916 4852 cum
946 4814 1131 4865 magna
1160 4814 1289 4852 voce
1318 4799 1583 4861 clamavit,
1630 4808 1684 4851 et
1712 4800 2015 4862 vivillcavit,

482 4889 572 4956 qui
602 4896 681 4939 est
709 4889 1023 4941 resurrectio
1052 4899 1105 4941 et
1133 4889 1235 4939 vita
1269 4902 1282 4937 :
1315 4902 1343 4938 a
1390 4890 1538 4939 nobis
1585 4902 1797 4953 gravem
1838 4902 2022 4954 pecca-

485 4988 655 5029 torum
688 4976 875 5027 molem
906 4985 1213 5039 removeat,
1253 4990 1453 5040 nosque
1482 4989 1665 5026 omnes
1693 4976 1757 5026 ad
1802 4975 2020 5040 gloriam

486 5082 653 5127 suam,
681 5066 886 5118 occulta
917 5066 1053 5117 intus
1097 5066 1262 5132 gratia
1311 5066 1579 5117 vivilicare
1606 5073 1661 5116 et
1711 5064 2024 5115 resuscitare

486 5154 750 5218 dignetur,
780 5153 866 5218 qui
896 5167 1013 5203 cum
1045 5162 1312 5205 comterno
1344 5154 1493 5206 Patre
1517 5160 1570 5205 et
1616 5152 1815 5220 Spiritu
1841 5160 2030 5205 sancto

486 5242 611 5293 vivit
640 5250 692 5293 et
716 5251 896 5308 regnat
926 5242 976 5294 in
997 5243 1182 5294 sis-cuia
1211 5242 1541 5294 seculorum.
1574 5244 1760 5295 Amen.

1071 5345 1293 5398 HOillLl
1312 5346 1339 5395 Ᾱ
1382 5346 1441 5396 ν.

1022 5429 1069 5467 IN
1107 5432 1257 5467 CtENA
1298 5430 1489 5466 DOIIN.

838 5479 912 5531 De
940 5484 1183 5547 sacriﬁcio
1214 5484 1426 5533 {lbra/ia)
1447 5495 1490 5532 et
1516 5484 1686 5533 Isaar.

559 5571 699 5623 Inter
742 5570 1041 5635 quotidiana
1090 5570 1476 5637 Scripturarnm
1524 5570 1783 5636 stipendia
1839 5572 2027 5637 quibus

490 5667 674 5709 vestra:
700 5667 897 5710 mentes
926 5658 1246 5719 reficiuntur,
1278 5659 1491 5723 fratres,
1516 5658 1813 5711 meditando
1838 5660 1887 5711 in
1914 5661 2027 5726 lege

493 5747 850 5807 mandatorum
867 5749 955 5804 Dei
978 5750 1059 5803 die
1075 5763 1133 5801 ac
1154 5757 1326 5811 nocte,
1346 5764 1501 5803 unum
1527 5764 1589 5803 ex
1612 5747 1896 5814 majoribus
1919 5748 2023 5803 fer-

2137 1958 2264 2011 lium
2306 1972 2459 2009 suum
2493 1957 2542 2010 in
2576 1959 2751 2021 terris,
2782 1973 2879 2027 pro
2908 1960 3273 2028 redemptione
3309 1960 3519 2016 humani
3539 1976 3681 2030 gene-

2136 2043 2206 2095 ris
2250 2045 2393 2097 nasci
2432 2045 2613 2098 voluit.
2650 2044 2915 2098 Abraham
2946 2046 3274 2101 Isaaclilium
3314 2063 3467 2102 suum
3501 2049 3564 2101 ad
3603 2051 3679 2103 hnc

2138 2134 2441 2187 molandum
2506 2136 2611 2188 l‘eo
2683 2135 2875 2189 obtulit
2928 2135 3081 2204 (Gen.
3140 2138 3316 2204 xm),
3384 2151 3679 2208 quapropter

2142 2221 2468 2287 unigenitum
2498 2220 2695 2275 Filium
2710 2237 2864 2276 suum
2884 2237 2980 2290 pro
3003 2223 3155 2276 nobis
3175 2225 3422 2277 omnibus
3450 2225 3670 2288 tradidit;

2142 2319 2196 2365 et
2222 2312 2359 2365 sicut
2402 2312 2546 2367 Isaac
2575 2314 2688 2381 ipse
2714 2314 2811 2367 sibi
2842 2314 2978 2382 ligna
3006 2323 3315 2383 portaverat
3342 2316 3527 2383 quibus
3568 2328 3668 2371 erat

2139 2397 2506 2465 impellendus,
2539 2399 2610 2452 ita
2637 2408 2693 2453 et
2737 2401 2975 2454 Christus
3001 2404 3228 2469 gestavit
3269 2404 3324 2455 in
3374 2404 3597 2458 humeris
3621 2407 3675 2458 ιιι

2138 2497 2297 2552 gnum
2349 2486 2520 2540 crucis
2566 2501 2695 2551 sum,
2751 2486 2806 2561 iri
2843 2502 2951 2556 quo
2990 2498 3107 2543 erat
3155 2490 3553 2558 cruciﬁgendus.
3580 2492 3671 2546 Sed

2138 2578 2263 2631 illud
2306 2580 2447 2646 quod
2475 2578 2752 2647 ﬁguratum
2780 2590 2863 2633 est
2890 2581 2942 2633 in
2970 2580 3113 2643 Isaac
3140 2590 3494 2650 transgestum
3520 2592 3595 2637 est
3618 2584 3673 2635 at

2137 2667 2389 2731 arietem;
2414 2670 2549 2721 cur?
2577 2669 2701 2735 quia
2749 2668 2988 2723 Christus
3032 2669 3144 2738 ipse
3170 2670 3319 2737 Ovis,
3373 2672 3484 2739 ipse
3513 2670 3675 2736 Filios,

2138 2755 2251 2821 ipse
2275 2756 2454 2821 Agnus
2485 2775 2495 2806 :
2530 2756 2693 2809 Filius
2715 2758 2837 2823 quia
2856 2767 3030 2819 natus,
3055 2756 3207 2811 Aries
3231 2760 3355 2825 quia
3376 2759 3673 2812 immolatus.

2137 2841 2241 2895 Sed
2281 2844 2406 2912 quid
2436 2852 2518 2899 est
2543 2844 2685 2912 quod
2729 2846 2780 2897 in
2811 2845 3056 2912 vepribus
3105 2845 3344 2899 Increbat
3393 2847 3525 2899 aries
3567 2846 3674 2899 ille?

2136 2925 2277 2984 Crux
2297 2933 2710 2994 cornua~habet;
2740 2933 2782 2986 si
2804 2934 2944 2986 enim
2986 2934 3093 2985 duo
3124 2934 3258 2999 ligna
3290 2934 3675 3000 compinguntur

2136 3034 2318 3075 secum
2351 3022 2594 3086 invicem,
2625 3031 2681 3075 et
2720 3023 2928 3089 species
2951 3024 3126 3076 crucis
3156 3024 3427 3077 redditur:
3474 3024 3604 3087 unde
3626 3030 3671 3075 et

2138 3110 2390 3177 scriptum
2437 3122 2519 3164 est
2565 3111 2631 3165 de
2676 3126 2781 3166 eo:
2812 3110 3014 3164 Cornua
3059 3114 3113 3165 in
3142 3112 3377 3167 manibus
3417 3112 3671 3181 qualita-

2452 3196 2713 3254 Cornibus
2755 3215 2883 3269 ergo
2930 3202 3136 3257 haerens
3182 3204 3359 3264 aries,
3390 3204 3671 3257 cruciﬁxum

2138 3285 2404 3340 Christum
2434 3288 2761 3353 signiﬁcabat
2784 3324 2799 3353 ,
2841 3304 3030 3357 vepres
3055 3297 3232 3343 autem
3263 3290 3430 3357 spinae
3457 3301 3601 3353 sunt,
3627 3300 3673 3344 et

2134 3379 2298 3444 spina:
2343 3378 2548 3443 iniquos
2593 3379 2888 3444 signiﬁcant
2914 3389 2969 3433 et
2996 3389 3308 3446 peccatores
3333 3382 3420 3447 qui
3469 3394 3671 3448 suspee-

2130 3463 2321 3517 derunt
2352 3464 2628 3517 Dominum
2674 3465 2726 3518 in
2756 3480 2936 3521 cruce.
2973 3466 3123 3531 Quod
3155 3476 3333 3520 autem
3376 3468 3513 3522 aries
3549 3468 3673 3521 oeci-

2132 3570 2225 3607 sus
2252 3562 2351 3616 est,
2382 3565 2437 3608 et
2461 3555 2604 3609 lsaac
2644 3558 2849 3611 occisus
2900 3573 3002 3611 non
3056 3567 3172 3621 est,
3218 3558 3339 3613 ideo
3370 3558 3558 3613 factum
3582 3566 3668 3621 est.

2132 3642 2253 3708 quia
2281 3642 2424 3694 Isaac
2471 3644 2634 3707 ligura
2678 3651 2732 3696 et
2760 3659 2865 3696 non
2888 3646 3081 3699 veritas
3106 3653 3242 3719 erat,
3275 3655 3331 3699 et
3379 3647 3432 3700 in
3460 3662 3523 3699 eo
3549 3645 3669 3700 desi-

2133 3736 2347 3793 gnatum
2381 3737 2463 3781 est
2491 3731 2629 3796 quod
2673 3739 2857 3796 postea
2904 3731 2953 3783 in
2980 3730 3193 3784 Christo
3221 3735 3545 3799 completum
3576 3740 3666 3786 est.

2133 3814 2319 3869 Beatus
2348 3819 2484 3869 enim
2527 3818 2798 3887 presbyter
2842 3817 3199 3889 Hieronymus
3226 3821 3408 3874 scribit
3453 3806 3664 3889 quodibi

2131 3904 2336 3957 oblatus
2364 3915 2445 3957 est
2466 3906 2632 3966 Isaac,
2667 3908 2753 3961 ubi
2786 3920 2971 3975 postea
3007 3911 3292 3964 crucifixus
3318 3920 3402 3964 est
3429 3911 3665 3971 Christu.

2128 3993 2280 4061 cujus
2306 3994 2478 4060 passio
2508 4003 2684 4047 nostra
2731 4005 2812 4049 est
2838 3996 2982 4053 salus
3009 4006 3063 4051 et
3083 3998 3327 4050 liberatio
3359 4014 3375 4051 :
3404 4014 3559 4067 quam
3597 3997 3667 4051 ὅ·

2128 4096 2230 4148 gne
2248 4083 2599 4145 celebrantes,
2631 4085 3002 4153 mysteriorum
3029 4085 3182 4152 hujus
3210 4085 3497 4140 Dotninicm
3522 4097 3667 4139 eis:

2130 4172 2241 4237 ipse
2269 4171 2334 4223 de
2360 4188 2468 4238 quo
2491 4174 2753 4239 loquimur
2778 4190 2875 4227 nos
2917 4190 3146 4241 capaces
3181 4185 3235 4228 et
3264 4185 3537 4231 consertes
3565 4173 3663 4229 οη-

2131 4259 2235 4311 ciat
2258 4257 2415 4311 Jesus
2444 4258 2694 4312 Dominus
2724 4269 2921 4323 noster,
2946 4262 3033 4327 qui
3062 4276 3182 4315 cum
3214 4262 3370 4316 Patre
3399 4271 3457 4316 et
3488 4259 3665 4331 Spirih

2126 4358 2311 4403 sancto
2334 4350 2460 4402 vivit
2490 4354 2543 4403 in
2574 4352 2763 4404 arcula
2791 4354 3125 4407 seculorum.
3160 4355 3353 4411 Amen.

2705 4457 2975 4510 HOMIIJA
3015 4459 3103 4511 VI.

2648 4541 2695 4577 ΙΝ
2750 4542 2905 4579 CtlZNA
2974 4544 3071 4579 ιιιιιι
3082 4544 3169 4581 LVI.

2250 4609 2325 4661 De
2348 4626 2445 4662 non
2470 4613 2895 4677 procrastinme
2917 4614 2969 4665 in
3000 4617 3199 4683 agenda
3226 4618 3540 4682 pauitantia.

2192 4697 2341 4762 Quia,
2372 4698 2559 4751 fratres
2584 4700 2707 4761 mei,
2730 4700 2797 4752 de
2822 4700 2905 4752 his
2924 4701 3069 4764 estis,
3102 4703 3240 4756 sicut
3268 4705 3343 4756 ait
3372 4704 3656 4775 Apostqlas,

2125 4788 2315 4854 quibus
2343 4788 2421 4839 lac
2450 4804 2575 4853 opus
2602 4789 2689 4853 sit,
2722 4806 2822 4841 non
2854 4791 3047 4843 solidus
3074 4792 3212 4844 cibus
3236 4792 3423 4861 (Hebr.
3452 4796 3527 4857 ν).
3554 4790 3665 4848 κω

2128 4874 2325 4926 rustico
2352 4888 2598 4926 sermone
2624 4888 2716 4927 vos
2752 4875 3088 4942 alloquimur,
3142 4884 3202 4929 ut
3226 4878 3269 4929 si
3300 4878 3549 4945 mysteria
3579 4890 3655 4931 ω-

2135 4970 2399 5015 cretorum
2428 4975 2616 5028 capere
2638 4978 2740 5015 non
2763 4966 3002 5030 potestis.
3021 4964 3208 5019 saltem
3234 4967 3319 5021 vel
3345 4964 3657 5024 ιιιἰηίωῶ

2124 5050 2357 5105 cmlestis
2402 5050 2453 5101 in
2502 5052 2698 5104 ventris
2728 5054 2979 5105 memoria
3002 5058 3289 5122 reponatis.
3334 5056 3400 5111 Et
3426 5058 3543 5126 quia
3566 5056 3655 5114 hac

2124 5136 2410 5190 Dominij
2441 5150 2601 5188 sterne
2648 5151 2798 5190 sacra
2844 5138 3099 5194 festivitas
3140 5134 3303 5195 multa
3336 5145 3388 5196 in
3423 5160 3482 5198 se
3506 5142 3654 5198 hbet

2124 5225 2411 5294 mysteria;
2453 5224 2569 5277 ideo
2610 5226 2912 5291 specialiter
2950 5230 2999 5280 in
3030 5244 3091 5281 ea
3125 5232 3522 5297 pmoitentibls.
3544 5242 3657 5286 as-

2126 5312 2326 5378 fugium
2349 5314 2559 5365 unicum
2607 5312 2816 5365 videtur
2844 5327 2963 5367 esse
3006 5313 3071 5366 ad
3110 5315 3414 5370 Dominum.
3464 5314 3525 5371 Et
3556 5328 3653 5371 sse

2123 5402 2296 5457 solum
2325 5403 2529 5470 publice
2556 5402 3056 5469 pmoitentihus,sed
3083 5406 3241 5459 etiam
3266 5388 3659 5463 omnibusad-

2123 5493 2325 5553 stianis,
2372 5492 2493 5555 quia
2530 5491 2655 5542 licet
2701 5506 2797 5543 nos
2834 5492 2886 5544 in
2930 5504 3117 5561 aperto
3145 5510 3175 5547 a
3204 5510 3265 5548 se
3288 5478 3529 5552 Ecclesia
3560 5506 3655 5565 ιι.

2124 5578 2375 5645 abjecerit
2394 5578 2530 5630 sicut
2553 5578 2691 5641 illos,
2716 5587 2891 5633 tamen
2912 5583 3087 5634 omnis
3110 5583 3221 5635 vita
3239 5582 3521 5641 Christiani
3536 5582 3659 5643 *ι

2125 5682 2217 5734 per
2249 5669 2296 5719 in
2330 5668 2636 5733 paenitentia
2666 5678 2718 5720 et
2740 5671 3151 5735 compunctione
3176 5673 3339 5730 debet
3365 5675 3657 5730 cum

2129 5751 2290 5805 Nemo
2318 5753 2456 5805 enim
2502 5754 2736 5805 immunis
2762 5770 2791 5805 α
2820 5755 2990 5819 sorde,
3033 5774 3121 5812 nec
3147 5758 3259 5829 ἰθεῖα
3280 5778 3323 5816 :s
3358 5763 3403 5815 si
3427 5762 3495 5815 sit
3514 5758 3655 5827 ait

3510 6142 3519 6191 λγ
3604 6128 3609 6137 ς
3660 6160 3689 6191 ᾳι

3330 5908 3780 6272 ΩΔ

3810 214 3813 241 l
