3848 6356
143 437 231 495 MS

1553 426 1878 485 ηοκιωε.

3220 420 3331 478 6H

143 554 225 605 diri
249 551 337 603 vita
361 551 466 619 ejus
492 557 639 613 stipa
669 555 857 598 terram
901 542 1086 615 (lous.
1116 544 1274 613 xxv);
1310 558 1498 597 omnes
1524 543 1664 595 enim
1696 550 1733 601 Α
1770 540 1900 592 litati
1928 537 2065 593 scire
2086 538 2426 606 permittitur,
2450 536 2605 604 digne
2627 534 2971 605 pmnituistis.
2998 544 3052 590 et
3072 536 3325 607 deinceps

141 645 499 709 parcumtgt
525 645 671 703 egeat
704 635 878 704 gloria
912 634 1025 693 Dei.
1055 642 1114 686 ut
1140 635 1215 685 ait
1242 632 1552 701 Apostolus,
1568 636 1659 699 ju-

1767 644 1834 681 nc
1858 630 1981 680 talia
2028 630 2205 681 lacere
2247 629 2439 692 velitis,
2473 636 2581 680 tota
2614 626 2809 680 mentis
2848 626 3168 681 contritione
3198 641 3323 695 pro—

139 728 315 793 utﬁt-uti
342 724 492 794 gratis
518 739 607 792 per
651 723 875 791 gratiast
920 723 1084 789 ipsius
1131 719 1307 791 (Rom.
1335 722 1437 787 tn).
1475 720 1667 773 Tribus
1765 718 1993 775 mittitis.
2043 715 2289 769 dexteras
2319 732 2505 769 manus
2533 724 2735 769 vestras
2776 713 2831 767 in
2871 714 3097 768 sublime
3138 724 3329 770 extetic

140 830 337 884 namque
364 814 531 866 modis
556 810 806 879 capitalia
835 810 1056 863 crimina
1100 808 1440 869 damnantur.
1488 817 1543 861 et
1570 808 1663 859 mi-

139 912 243 956 nuta
264 903 445 969 iugiter
494 886 851 953 redimuntur.
904 898 1172 950 Attentius
1201 898 1495 964 cogitemus
1521 893 1663 963 quod

138 996 173 1047 si
196 993 405 1060 quandiu
428 991 655 1043 vivimus
684 1001 807 1041 cum
836 989 988 1040 bonis
1015 988 1267 1054 operibus
1288 986 1511 1053 agimus,
1555 986 1665 1052 ple-

139 1097 239 1134 nam
259 1081 398 1134 nobis
426 1080 773 1133 securitatem
802 1076 871 1131 de
903 1077 993 1130 Dei
1035 1076 1398 1130 misericordia
1439 1076 1661 1144 pollice-

138 1185 254 1222 mur.
282 1168 405 1222 Cum
433 1166 573 1219 enim
602 1180 792 1217 omnes
827 1164 1071 1217 homines
1105 1164 1471 1231 paenitentiam
1503 1164 1664 1216 velint

136 1258 181 1310 in
206 1236 297 1309 line
320 1256 432 1306 vita
471 1266 579 1306 sua:
610 1252 853 1319 accipere
875 1293 889 1313 ,
943 1256 1028 1304 vix
1058 1266 1253 1319 paucos
1279 1251 1521 1303 videmus
1548 1266 1663 1304 eam

134 1345 391 1399 secundum
412 1343 553 1410 quod
580 1343 887 1395 desiderant
916 1341 1156 1410 adipisci.
1188 1341 1378 1403 Quanti
1403 1342 1545 1393 enim
1578 1342 1664 1409 qui

133 1451 183 1488 se
210 1434 270 1487 ad
310 1443 597 1487 extremum
630 1434 753 1485 vitm
791 1446 901 1484 sua:
944 1430 1306 1499 penitentiam
1355 1442 1667 1497 accepturos

134 1522 552 1585 antecedebant,
583 1529 677 1574 aut.
714 1520 888 1573 subita
928 1520 1076 1571 ruina
1120 1520 1359 1587 Oppressi
1401 1529 1545 1582 sunt,
1576 1527 1668 1569 aut

134 1613 249 1663 forte
275 1610 535 1676 nautragiu
581 1608 831 1668 demersi,
861 1615 953 1660 aut
991 1606 1262 1674 sanguinis
1291 1607 1418 1669 ictu.
1451 1606 1533 1659 vel
1578 1607 1665 1659 illa

133 1699 404 1753 inﬁrmitate
433 1714 549 1767 qua:
579 1699 862 1767 apoplexia
909 1698 1103 1751 dicitur
1133 1707 1186 1753 et
1214 1714 1499 1753 nervorum
1527 1714 1657 1752 cnu-

132 1788 317 1851 tractio,
346 1790 414 1839 ita
446 1788 679 1853 percussi
707 1794 850 1848 sunt.
882 1798 938 1839 ut
969 1801 1073 1840 non
1101 1787 1270 1839 solum
1300 1786 1663 1853 paenitentiam

1764 808 1893 871 dite.
1927 818 1983 859 ut
2013 808 2079 858 ab
2106 807 2229 859 hinc
2256 807 2528 861 calesteni
2559 806 3018 860 conversationem
3076 814 3132 859 et
3158 809 3325 861 vitam

1769 899 1877 951 Deo
1904 900 2133 961 dignam.
2159 912 2345 964 gerere
2371 906 2521 951 osten
2544 897 2681 949 latis.
2715 892 2915 949 Omnes
2940 912 3065 949 vero
3094 896 3147 950 in
3175 913 3325 951 com-

1767 1003 1925 1039 mune
1957 988 2118 1040 Deum
2153 986 2391 1051 laudare,
2442 986 2758 1039 benedicere
2788 996 2843 1038 et
2870 981 3195 1055 gloriﬁcare,
3228 987 3325 1041 de-

1766 1078 1972 1139 bemus.
2002 1080 2092 1146 qui
2124 1091 2219 1131 eos
2265 1093 2399 1145 quos
2426 1076 2619 1129 invidia
2645 1077 2843 1130 diaboli
2870 1078 3197 1131 diversorum
3228 1077 3325 1132 τω-

1764 1168 1910 1219 davit
1959 1170 2276 1233 contagione
2322 1167 2594 1227 vitiorum.
2639 1176 2695 1219 et
2733 1168 2884 1233 quasi
2910 1183 3035 1221 suos
3067 1168 3325 1222 hactenus

1766 1257 1971 1320 habuit,
2015 1273 2153 1311 nunc
2201 1257 2311 1323 jam
2366 1272 2459 1324 per
2514 1258 2880 1323 pteuitentiam
2927 1258 3228 1323 inundatos,
3268 1269 3323 1312 et

1768 1350 1899 1399 intra
1928 1349 2099 1399 sinuin
2132 1348 2377 1400 Ecclesia!
2401 1357 2678 1400 revocatos
2708 1349 2946 1401 videmus
2968 1349 3107 1403 illius
3136 1366 3318 1403 revera

1766 1436 1905 1488 dono
1945 1450 2005 1485 ac
2042 1436 2331 1501 spiratione
2356 1436 2445 1503 qui
2479 1437 2579 1487 ruit
2618 1452 2787 1487 omnes
2833 1439 2999 1489 salros
3024 1438 3157 1505 ﬁeri,
3186 1448 3233 1492 et
3257 1440 3323 1489 ad

1766 1524 2072 1590 agnitionem
2104 1522 2324 1573 veritatis
2354 1525 2520 1574 venire
2545 1522 2592 1590 (Ι
2623 1521 2753 1574 Tim.
2787 1526 2865 1589 tt).
2915 1521 3062 1577 Unde
3090 1534 3321 1589 oportet,

1767 1610 1981 1671 fratres.
2018 1621 2073 1663 ut
2102 1611 2269 1677 magis
2306 1612 2576 1677 magisque
2600 1627 2811 1679 semper
2845 1612 3045 1667 Domini
3077 1615 3322 1669 timorem

1764 1716 1872 1767 pne
1917 1701 2085 1754 oculis
2143 1701 2397 1761 habeatis,
2427 1702 2516 1766 qui
2568 1715 2662 1775 vos
2703 1702 2847 1754 velut
2883 1703 2997 1771 pius
3034 1701 3218 1757 Pastor
3256 1706 3321 1757 ad

1768 1804 1958 1856 pascua
1991 1789 2107 1841 vita:
2129 1788 2363 1842 cmlestis
2384 1789 2569 1841 invitat
2589 1796 2644 1841 et
2670 1802 3013 1843 remunerare
3034 1791 3319 1852 desiderat;

130 1888 305 1942 petere.
331 1877 422 1931 sed
452 1878 613 1931 etiam
650 1878 864 1944 signare
891 1892 949 1931 se
979 1885 1069 1930 aut
1098 1876 1395 1929 orationem
1425 1876 1657 1929 Domini~
1697 1874 1739 1932 Β
1770 1892 1862 1943 per
1888 1880 2066 1930 omnia
2112 1879 2186 1930 illi
2216 1879 2413 1946 gratias
2451 1887 2692 1943 agentes,
2722 1888 2776 1930 et
2805 1876 3147 1934 obsecrantes
3172 1892 3228 1934 ut
3254 1881 3323 1933 de

127 1980 229 2016 eam
270 1966 443 2018 dicere
470 1966 692 2018 omnino
724 1980 828 2018 non
873 1964 1135 2033 possent?
1171 1966 1301 2019 Cum
1334 1979 1461 2017 vero
1510 1966 1668 2018 tantis
1768 1968 2048 2035 praeteritis
2072 1967 2211 2021 male
2239 1968 2373 2021 actis
2406 1968 2616 2021 veniam
2644 1967 2791 2020 vobis
2820 1968 3036 2031 tribuat.
3065 1980 3119 2022 et
3141 1971 3208 2023 de
3237 1970 3319 2022 fu-

127 2053 313 2107 casibm
334 2052 584 2122 fragilitas
608 2054 839 2107 humana
860 2054 1155 2121 subiaceat,
1183 2054 1340 2108 nimis
1368 2055 1666 2123 periculosa
1768 2058 1898 2109 turis
1926 2055 2187 2109 cautelam
2215 2054 2477 2109 concedat
2501 2053 2658 2108 Jesus
2685 2056 2929 2110 Christus
2954 2057 3203 2111 Dominus
3226 2075 3324 2112 no-

126 2149 196 2191 est
215 2138 524 2207 desperatio.
555 2150 616 2194 ut
637 2156 744 2195 non
769 2142 820 2193 in
844 2140 1000 2209 longa
1030 2152 1270 2209 tempora
1290 2156 1389 2196 nos
1413 2141 1480 2195 ad
1509 2154 1666 2209 agen-

125 2231 229 2281 dam
258 2230 618 2296 penitentiam
661 2244 1022 2296 reservemus,
1059 2231 1152 2297 qui
1183 2230 1338 2283 unius
1366 2231 1470 2283 diei
1503 2232 1662 2283 vitam

126 2319 169 2371 in
194 2327 445 2387 potestate
472 2319 672 2372 habere
708 2334 815 2372 non
864 2333 1169 2386 possumus.
1201 2317 1267 2371 Et
1295 2320 1413 2373 ideo
1443 2334 1562 2373 cum
1592 2322 1663 2371 ti—

125 2425 255 2463 more
279 2421 331 2463 et
357 2419 585 2464 tremore
609 2409 889 2465 audiamus
929 2410 1208 2464 Dominum
1253 2412 1517 2466 dicentem
1572 2428 1665 2481 per

124 2497 415 2566 prophetam
435 2536 449 2559 .
486 2508 541 2553 et
568 2498 655 2568 pia
672 2507 866 2552 nostra
897 2499 1269 2553 adhortatione
1306 2510 1611 2555 monentem
1649 2521 1662 2555 :

124 2581 236 2640 Noli
275 2586 473 2641 tardare
498 2590 719 2641 conanti
740 2587 809 2640 ad
851 2588 1127 2641 Dominum
1154 2588 1320 2658 (Eccl.
1351 2592 1426 2658 v).
1466 2591 1531 2643 Et
1560 2593 1662 2645 hoc

122 2676 358 2739 oblinere,
387 2678 493 2730 Deo
518 2676 828 2740 auxiliante.
852 2679 1151 2744 possimus;
1175 2678 1369 2744 jugitcr
1392 2680 1662 2747 supplice-

122 2778 243 2826 mus.
302 2772 360 2817 ut
404 2764 555 2818 nobis
599 2764 718 2833 pius
771 2764 1027 2820 Dominus
1072 2752 1329 2835 inspirare
1376 2768 1661 2835 dignetur;

122 2850 280 2904 omnia
321 2852 458 2905 mala
486 2852 742 2907 velociter
772 2852 973 2922 fugere.
1020 2863 1076 2907 et
1124 2869 1187 2908 ea
1226 2871 1344 2922 quae
1372 2855 1510 2909 bona
1537 2866 1660 2910 sunt

123 2937 492 3007 iniatigabiliter
510 2956 784 3005 exercere,
798 2956 883 2995 res
906 2942 1108 2995 alienas
1128 2956 1233 2996 non
1260 2944 1656 3012 concupiscere.

128 3027 357 3094 capitalia
381 3028 601 3082 crimina
625 3044 729 3082 non
758 3030 1058 3094 admittere,
1084 3031 1284 3083 minuta
1309 3042 1521 3099 peccata
1544 3034 1660 3085 sine

123 3110 430 3183 quibusE-se
464 3132 569 3172 non
598 3132 880 3188 possumus
908 3133 1004 3187 per
1029 3119 1401 3189 indulgentiam
1422 3121 1658 3176 inimico-

1765 2154 1894 2204 ster,
1926 2143 2076 2212 cujus
2104 2145 2273 2199 honor
2294 2151 2355 2199 et
2375 2143 2544 2213 gloria
2574 2153 2753 2198 manet
2782 2159 2876 2212 per
2899 2146 3076 2201 omnia
3104 2149 3321 2201 stecula.

1768 2236 1960 2286 Amen.

2314 2341 2591 2395 HOIILIA
2632 2341 2764 2396 \‘Ill.

2232 2444 2283 2483 ΙΙΙ
2323 2446 2409 2483 ΜΒ
2446 2446 2620 2485 οωιηε
2663 2446 2860 2485 υοιιιιι.

1967 2560 2043 2610 Ad
2071 2559 2278 2623 clerum,
2306 2557 2499 2627 plebem
2524 2568 2573 2611 et
2600 2558 2799 2627 publice
2827 2562 3137 2626 pauitantem

1832 2670 1965 2733 Quia
2006 2669 2285 2723 metuenda
2326 2670 2528 2738 pariter
2570 2677 2624 2723 et
2648 2668 2991 2724 desideranda
3034 2670 3319 2729 Dominioc

1762 2772 1924 2810 caena:
1972 2768 2305 2809 sacramenta
2353 2758 2704 2823 celebramus,
2758 2757 2949 2813 fratres
2995 2758 3311 2821 cbarissimi,

1764 2846 1875 2899 hinc
1905 2861 2001 2899 nos
2030 2846 2185 2913 digne
2213 2847 2433 2910 exsequi
2479 2860 2634 2914 posse
2668 2846 2880 2899 minime
2902 2848 3184 2911 credimus,
3215 2849 3319 2902 nisi

1764 2934 1951 2987 vestris
1980 2934 2305 2989 orationibus
2333 2934 2627 2988 fulciamur.
2672 2934 2729 2987 Et
2754 2936 3031 2991 metuenda
3060 2948 3183 2991 sunt
3203 2941 3314 3008 qui-

1760 3024 1901 3085 dem.
1931 3024 2052 3091 quia
2075 3031 2531 3077 sacramentorum
2555 3034 2661 3077 tam
2684 3024 2956 3092 magnilica
2981 3027 3229 3095 mysteria
3249 3027 3317 3081 ab

1761 3113 1987 3180 indignis
2032 3122 2362 3178 tractantur;
2407 3110 2956 3183 desiderandavero,
2983 3115 3105 3182 quia
3137 3115 3186 3166 in
3232 3114 3315 3167 his

122 3222 226 3259 rum
261 3216 314 3260 et
346 3207 738 3278 eieemosynam
784 3223 1077 3277 pauperum
1123 3209 1475 3264 indesinenter
1527 3214 1663 3267 redi-
1694 3204 1742 3266 α
1773 3206 2090 3259 “Iugulum
2139 3214 2331 3258 ποίη
2367 3204 2554 3258 ululis
2596 3219 2870 3273 δμεηιηω
2910 3204 3105 3259 habere
3131 3205 3317 3259 suari-

122 3308 273 3357 mere,
290 3304 346 3348 et
358 3298 644 3349 secundum
660 3297 797 3350 vires
812 3312 900 3350 no~
910 3308 961 3351 tr
974 3314 1038 3364 is,
1049 3298 1281 3366 ieiuniis.
1296 3300 1482 3367 vigiliis
1495 3311 1549 3356 et
1560 3318 1672 3371 ora.

118 3384 460 3439 tionibuscuui
480 3385 714 3454 perfecta
731 3388 988 3442 cbaritate
1003 3387 1455 3458 frequenterinsist
1464 3405 1575 3455 ere,
1592 3392 1670 3444 in-

121 3471 287 3528 ﬁrmos
310 3476 544 3543 visitare,
577 3478 630 3531 in
657 3492 873 3532 carcere
901 3480 1099 3548 positos
1119 3482 1406 3547 requirere.
1437 3468 1671 3551 peregri-

120 3576 209 3615 nos
222 3565 483 3633 excipere.
494 3576 550 3619 et
564 3566 641 3619 eis
657 3566 921 3620 humiliter
935 3566 1092 3634 pedes
1104 3568 1318 3622 abluere
1337 3588 1348 3631 ;
1381 3585 1479 3623 nec
1498 3572 1666 3625 solum

119 3664 211 3704 nos
238 3653 375 3718 ipsos
411 3668 597 3722 pacem
626 3669 747 3707 cum
774 3657 1020 3710 omnibus
1048 3657 1333 3717 custodire.
1366 3656 1457 3710 sed
1505 3660 1663 3711 etiam

130 3738 242 3793 illos
262 3741 353 3808 qui
380 3742 651 3796 discordes
677 3752 802 3820 sunt
828 3743 894 3797 ad
923 3730 1257 3798 concordiam
1284 3759 1557 3800 revocare.
1609 3749 1663 3801 Si

116 3839 207 3879 nos
230 3828 386 3882 tantis
415 3830 666 3898 operibus
697 3828 924 3884 ﬁdeliter
948 3842 1239 3902 occupatos
1266 3832 1383 3887 dies
1415 3840 1663 3890 transitus

118 3916 276 3969 nostri
316 3916 599 3981 invenerit.
652 3919 791 3973 sicut
832 3919 941 3986 jam
986 3920 1117 3985 dixi.
1173 3922 1332 3975 etiam
1361 3923 1404 3976 si
1454 3924 1502 3975 in
1536 3925 1660 3976 liora

114 4007 288 4060 mortis
306 4016 501 4062 nostri:
525 4009 894 4076 penitentiam
917 4010 1258 4079 accipiamus,
1281 4014 1452 4065 securi
1474 4014 1538 4066 de
1562 4013 1661 4066 hac

114 4090 221 4148 luce
246 4095 617 4164 migrabimus;
664 4105 716 4151 et
753 4113 857 4149 non
885 4096 1057 4167 solum
1086 4092 1267 4167 ρώπως
1291 4099 1535 4161 evadere.
1566 4100 1659 4153 sed

108 4184 255 4238 etiam
292 4186 358 4237 ad
407 4194 660 4240 mternam
707 4187 869 4238 vitam
916 4164 1230 4255 poterimus.
1272 4187 1510 4242 donante
1551 4188 1653 4243 Do-

108 4272 261 4336 mino.
294 4271 518 4329 Lliciter
548 4276 849 4343 pervenire.

666 4362 943 4416 IIOIILIA
982 4363 1091 4419 Vl].

105 4455 179 4504 Ad
208 4454 397 4515 publice
424 4456 743 4521 pcenften'es,
766 4465 819 4523 ut
842 4456 973 4508 serio
995 4458 1271 4523 pmniteant
1293 4473 1309 4523 ς
1339 4458 1405 4507 ad
1442 4468 1649 4513 acterna

167 4540 293 4586 sero,
310 4526 372 4576 de
394 4522 601 4575 illorum
626 4521 1035 4576 reconciliatione
1053 4526 1247 4594 gratias
1272 4521 1377 4579 Deo
1399 4538 1577 4594 agant.

167 4633 301 4686 Deus
327 4634 667 4701 omnipotens
690 4632 865 4700 justus
892 4641 946 4687 et
975 4634 1295 4698 misericors.
1325 4636 1414 4704 qui
1446 4636 1644 4690 intesti-

101 4722 271 4775 mabili
299 4723 495 4791 pietate
516 4723 786 4776 hominem
820 4722 1104 4791 perditum,
1132 4726 1412 4792 opprobria
1438 4734 1491 4777 et
1518 4740 1645 4779 con-
1673 4781 1678 4785 ,

102 4808 356 4875 tumelias,
370 4818 445 4875 et,
471 4809 540 4861 ad
566 4808 838 4871 ultimum.
857 4817 1081 4862 mortem
1109 4811 1439 4877 sustinendo.
1469 4812 1639 4866 refor-

98 4899 254 4952 mavit
272 4900 498 4967 vitatque
525 4897 780 4961 restituit,
803 4904 859 4950 et
884 4896 950 4951 ad
972 4897 1094 4951 caeli
1116 4897 1309 4966 palatia
1333 4901 1642 4962 transvexit.

98 4987 183 5039 ille
215 4996 479 5041 scrutator
512 4986 755 5041 cordium
797 4993 851 5037 et
892 4970 1104 5049 renum.
1135 4986 1455 5042 intrinsecus
1484 4990 1643 5039 corda

97 5082 271 5130 nostra
298 5075 534 5144 inspicit,
564 5082 618 5128 et
661 5074 957 5128 divinitatis
984 5089 1093 5128 sua:
1121 5058 1358 5143 potentia
1398 5075 1645 5129 conside-

96 5172 193 5229 rat,
219 5162 263 5217 si
288 5176 386 5231 per
410 5163 643 5215 lamenta
694 5162 1019 5226 poenitentia:
1065 5162 1136 5215 illi
1181 5162 1518 5224 satisfecisti;
1550 5177 1645 5216 nos

94 5262 289 5319 autem,
321 5252 410 5318 qui
436 5249 556 5319 puri
583 5248 829 5303 homines
854 5263 1057 5310 sumus.
1086 5250 1454 5304 tantummodo
1484 5250 1644 5305 facies

93 5344 373 5396 intuemur.
404 5339 558 5396 Unde
584 5339 745 5411 saluti
768 5348 955 5394 vestrae
982 5339 1337 5403 consulentes,
1370 5340 1645 5393 hortamur

94 5441 145 5483 ut
165 5432 207 5484 si
228 5434 349 5499 quis
373 5442 607 5485 vestrum
636 5430 761 5484 ﬁcte
782 5431 1145 5498 penitentiam
1170 5430 1395 5499 accepit.
1420 5440 1511 5483 aut
1533 5446 1644 5499 pa:-

92 5522 257 5573 nitere
281 5516 654 5579 dissimulavit,
684 5516 751 5569 ad
781 5518 1226 5572 reconciliationis
1252 5528 1639 5573 sacramentum

90 5608 385 5661 nullatenus
407 5603 665 5659 accedere
686 5614 991 5673 praesumat.
1013 5608 1106 5662 sed
1128 5610 1296 5677 magis
1321 5609 1507 5663 sordes
1526 5622 1642 5661 see-

88 5695 250 5749 lerum
294 5695 464 5749 diluat
512 5692 749 5748 fontibus
812 5692 1165 5764 lacrymarum
1225 5700 1641 5763 ceterarumque

87 5786 333 5852 operibus
371 5784 645 5841 virtutum.
672 5782 729 5838 Si
756 5798 906 5850 vero,
929 5794 1185 5853 quantum
1207 5785 1448 5851 humana:
1478 5784 1638 5854 fragi-

1769 3292 1928 3359 gium.
1959 3292 2119 3360 Spem
2141 3282 2310 3345 veitice
2338 3301 2585 3361 peccator
2621 3294 2832 3360 accipit.
2856 3293 3129 3361 captivitas
3151 3309 3311 3361 supe-

1769 3391 1881 3437 rata
1908 3382 2131 3447 recedit,
2164 3390 2220 3435 et
2261 3382 2326 3435 de
2366 3382 2637 3435 conversis
2667 3382 3035 3448 peccatoribus
3063 3381 3313 3449 gaudium

1766 3487 1883 3527 esse
1908 3473 1958 3525 in
1981 3474 2118 3526 celo
2143 3486 2321 3525 coram
2347 3471 2546 3538 angelis
2576 3470 2687 3532 Dei.
2710 3470 2954 3525 Veritatis
2976 3485 3160 3525 vocem
3186 3486 3313 3525 can-

1766 3571 1939 3617 tantes
1966 3562 2207 3614 novimus
2228 3559 2377 3628 (Luc.
2400 3567 2509 3626 xv).
2536 3559 2681 3615 Licet
2707 3562 2847 3615 enim
2869 3561 2921 3613 in
2939 3560 3089 3613 nobis
3108 3574 3212 3613 non
3238 3561 3311 3614 ita

1764 3652 2059 3705 exuberans
2084 3649 2380 3703 inveniatur
2403 3649 2664 3712 doctrina,
2701 3660 2757 3702 ut
2780 3649 2969 3704 merito
2992 3649 3309 3716 mquiparari

1762 3742 2029 3794 valeamus
2057 3740 2249 3793 homini
2275 3739 2637 3807 patrifamilias
2658 3741 2741 3808 qui
2763 3741 2956 3807 profert
2980 3740 3042 3791 de
3070 3739 3306 3791 thesauro

1762 3848 1852 3884 suo
1884 3846 2016 3883 noua
2047 3839 2097 3881 et
2140 3838 2331 3881 vetusta
2371 3827 2582 3895 (Matth.
2628 3829 2762 3895 xm),
2810 3841 2965 3891 nova.
2997 3828 3220 3891 scilicet,
3244 3827 3311 3878 de

1760 3923 2018 3972 suavitate
2054 3918 2222 3983 regni,
2266 3924 2467 3970 vetusta
2506 3916 2572 3970 de
2615 3924 2819 3971 terrore
2846 3917 3106 3985 supplicii.
3134 3923 3313 3967 tamen

1759 4009 2280 4078 quantulumcunque
2306 4021 2548 4075 superum
2587 4007 2877 4061 dulcedinis
2905 4008 3174 4069 haustum.
3202 4004 3309 4059 Do-

1759 4102 1902 4154 mino
1930 4100 2237 4166 inspirante.
2262 4104 2534 4165 gustantes
2557 4096 2855 4159 libavimus.
2886 4096 3055 4164 ipsqu
3079 4096 3311 4150 cbarita-

1758 4188 1824 4240 tis
1850 4198 2035 4240 vestra:
2076 4187 2361 4249 mentibus,
2387 4194 2441 4237 et
2486 4194 2734 4253 tanquam
2775 4182 3043 4239 fidissimis
3069 4200 3313 4237 nummu-

1755 4276 1899 4330 lariis
1947 4275 2253 4339 infudimus.
2283 4274 2406 4341 quia
2438 4272 2730 4329 Dominica:
2773 4264 3183 4343 dispensationis
3212 4286 3307 4343 pe-

1755 4368 1960 4419 cuniam
2000 4372 2188 4418 vestra:
2214 4362 2549 4418 mdilicationi
2596 4366 2871 4428 creditam,
2901 4364 3055 4417 dictis
3083 4371 3138 4415 et
3174 4378 3312 4431 ope-

1755 4455 1899 4507 ribus
1942 4468 2193 4509 exercere
2240 4454 2425 4507 valetis
2454 4454 2668 4522 (Matth.
2704 4448 2850 4519 xxv).
2910 4451 3017 4505 Sed
3054 4454 3305 4521 quoniam

1685 4525 2025 4609 Dlegislator
2061 4543 2267 4611 Moyses
2316 4558 2436 4597 eum
2483 4558 2590 4608 quo
2639 4542 2953 4609 loquebatur
3002 4542 3141 4597 Deus
3176 4543 3306 4593 velut

1748 4636 1895 4688 homo
1922 4635 1989 4686 ad
2011 4636 2227 4687 anticum
2257 4651 2401 4685 suum
2431 4632 2622 4703 (Exod.
2654 4635 2841 4703 xxxiii)
2866 4674 2881 4699 ,
2910 4634 3131 4688 consilio
3171 4634 3309 4686 indi-

1746 4727 1856 4792 guit
1874 4722 2020 4776 Jetro
2041 4722 2249 4789 cognati
2278 4722 2395 4783 sui;
2426 4731 2479 4773 et
2505 4719 2667 4776 Paulo
2692 4723 2934 4789 apostolo
2955 4721 3041 4787 qui
3064 4737 3217 4787 usque
3238 4723 3307 4774 ad

1756 4814 1955 4863 tertium
1982 4814 2154 4861 ctutum
2184 4817 2366 4875 raptus
2392 4808 2551 4862 fuisse
2578 4810 2902 4876 dignoscitur
2933 4807 3017 4875 (ΙΙ
3042 4807 3159 4861 Cor.
3187 4812 3306 4873 xu),

1746 4900 1813 4951 ob
1865 4896 2172 4950 humilitatis
2208 4896 2505 4951 custodiam
2527 4938 2541 4960 ,
2584 4898 2734 4948 datus
2762 4905 2836 4947 est
2866 4897 3093 4949 stimulus
3133 4899 3305 4950 carnis

1745 5004 1806 5039 ne
1833 4988 2177 5054 magnitudine
2204 4989 2565 5039 rrve'aziomttn
2592 4986 2968 5050 extolleretur;
3000 5005 3103 5041 non
3127 4990 3219 5041 abs
3244 5004 3304 5041 re

1744 5086 1933 5129 vestra:
1956 5076 2200 5131 cbaritati
2241 5075 2589 5140 suggerimus,
2622 5085 2673 5129 et
2718 5092 2929 5144 semper
2968 5086 3090 5129 ante
3118 5078 3302 5132 oculos

1745 5164 1938 5216 habere
1987 5176 2281 5222 monemus.
2308 5176 2608 5229 quanquam
2651 5164 2915 5216 industria:
2964 5173 3152 5215 vestrae
3191 5180 3297 5218 non

1745 5253 1979 5319 ignotum
1997 5265 2114 5303 esse
2134 5250 2588 5320 credamus,un
2618 5253 2827 5315 quidem
2852 5251 3075 5317 Sapiens
3104 5254 3300 5327 saluta-

1744 5341 1887 5393 ribus
1932 5338 2163 5391 breviter
2192 5340 2405 5393 edocuit
2451 5340 2623 5394 verbis
2655 5358 2667 5389 :
2702 5337 2763 5391 In
2796 5340 3027 5392 omnibus
3065 5340 3297 5407 operibus

1742 5429 1839 5480 tuis
1868 5442 2146 5480 memorare
2174 5430 2446 5481 novissima
2476 5436 2590 5489 tua,
2624 5437 2670 5479 et
2696 5429 2748 5479 in
2778 5438 3021 5481 (sternam
3052 5445 3152 5481 non
3190 5444 3298 5495 pet:-

1743 5520 1877 5571 cabis
1904 5518 2088 5585 (Eccli.
2113 5518 2228 5585 vn).
2274 5516 2397 5569 Duae
2427 5531 2655 5584 namque
2683 5529 2806 5573 sunt
2847 5529 3043 5573 mortes
3072 5519 3123 5570 in
3157 5532 3295 5572 uno-

1742 5623 1952 5677 quoque
1982 5616 2219 5661 nostrum
2250 5623 2264 5658 :
2296 5620 2421 5667 una,
2462 5605 2728 5669 videlicet,
2766 5609 2956 5660 anima:
2982 5621 3074 5673 per
3104 5620 3290 5673 pecca-

1741 5709 1871 5761 tum.
1900 5706 1953 5751 et
1981 5698 2144 5749 altera
2164 5692 2402 5759 corporis
2420 5735 2433 5757 ,
2461 5705 2677 5764 prOptor
2700 5703 2971 5765 peccatum
2995 5694 3059 5745 ad
3083 5709 3299 5760 poenam

1742 5787 1965 5855 peccati.
2013 5782 2156 5836 Mors
2206 5794 2331 5835 vero
2360 5782 2547 5839 animae
2577 5794 2676 5849 est,
2720 5782 2931 5849 quando
2975 5780 3111 5837 Deus
3152 5782 3293 5836 illam
