3848 6334
106 411 207 462 sit
1524 399 1846 458 IIOMILUE.

3211 405 3313 456 ωε

114 537 183 577 in:
203 519 366 584 (toan.
397 523 526 590 ιιι).
563 520 625 573 Ει
651 523 843 574 iterum
880 538 892 572 :
926 521 1051 588 quid
1081 519 1297 589 prodest
1317 519 1452 586 quod
1478 519 1646 571 divitis
1680 526 1722 577 Α
1750 512 1949 582 dilige?
1973 512 2158 568 Omnis
2186 516 2326 569 enim
2354 518 2445 583 qui
2475 517 2753 572 Dominum
2783 519 2975 587 diligit,
3006 535 3103 576 cor
3147 522 3310 577 habet

113 614 237 674 mihi,
269 612 495 676 Domine,
534 611 768 676 Domine,
795 626 843 665 et
873 627 972 664 non
998 613 1163 672 tacitis
1183 627 1298 680 qua
1326 611 1480 664 dico.’
1517 609 1644 675 Qua:

112 710 218 755 sunt
241 703 332 754 ista
352 716 469 768 qua:
494 702 746 754 Dominus
769 698 1067 767 specialiter
1087 714 1146 753 se
1165 699 1364 773 dixisse
1381 698 1647 752 asseruit?

115 787 284 855 Utique
311 790 392 841 illa
420 804 538 855 qua:
567 790 630 840 ad
661 803 845 855 pacem
876 798 928 842 et
955 787 1298 842 concordiam
1340 787 1642 853 pertinent:

115 877 318 944 Diligite,
364 876 550 941 inquit,
600 877 833 929 inimicos
874 885 1086 941 vestros,
1127 876 1408 943 benefacite
1437 875 1516 926 liis
1561 874 1646 942 qui

111 969 299 1017 oderunt
342 983 425 1018 eos
453 968 666 1031 iJlattli.
701 968 785 1033 v);
837 975 895 1020 et
936 967 1064 1020 illud
1109 983 1122 1018 :
1168 965 1352 1018 Pacem
1380 981 1542 1017 meam
1579 965 1645 1015 do

111 1054 247 1110 rubis.
271 1071 388 1120 pace
408 1074 435 1104 ιι
466 1056 696 1122 relinquo
727 1055 865 1108 vobis
903 1055 1082 1122 (Joan.
1111 1055 1253 1119 xiv);
1284 1063 1339 1107 et
1371 1053 1498 1106 illud
1533 1071 1545 1104 :
1581 1052 1645 1106 In

109 1142 191 1192 hoc
210 1157 384 1207 cognos
404 1150 493 1192 ent
519 1158 695 1194 om::es
727 1144 844 1211 quia
874 1143 1117 1208 nteivestis
1147 1141 1406 1209 discipuli,
1446 1143 1491 1194 si
1515 1142 1643 1193 dile-

108 1232 298 1284 ctionem
319 1232 592 1283 habueritis
623 1232 691 1283 ad
719 1232 929 1283 invicem
959 1246 977 1282 :
1007 1245 1113 1284 non
1143 1231 1286 1284 enim
1315 1240 1419 1282 tam
1449 1245 1534 1284 res
1553 1245 1646 1283 no-

106 1329 228 1368 suas
263 1331 412 1384 quam
450 1333 547 1370 nos
598 1321 742 1384 ipsos
788 1317 1056 1371 desiderat
1089 1318 1228 1371 Deus
1271 1335 1284 1368 :
1317 1325 1372 1370 et
1398 1319 1520 1384 quia
1552 1332 1648 1372 nos

106 1404 193 1454 scit
253 1405 462 1455 multum
527 1420 710 1458 amare
779 1418 1039 1458 terrenam
1103 1406 1471 1470 substaniatn,
1530 1405 1649 1460 ideo

107 1491 206 1544 vult
242 1492 337 1546 sibi
384 1493 557 1547 oderri
598 1494 740 1562 quod
774 1510 1032 1561 amamus,
1063 1505 1140 1560 ut,
1182 1496 1472 1550 secundum
1511 1495 1650 1550 illius

107 1590 422 1649 prmccptum,
468 1583 551 1634 ubi
595 1586 925 1648 incesserit
969 1580 1234 1638 thesaurus
1286 1593 1486 1650 noster,
1522 1585 1649 1639 illuc

105 1679 337 1736 sequatur
359 1681 405 1722 et
441 1688 523 1724 cor
555 1682 796 1726 nostrum
826 1672 1038 1741 (Matth.
1070 1673 1162 1740 vr).
1215 1674 1341 1737 Quis
1381 1688 1484 1727 non
1515 1689 1646 1728 con-

106 1762 341 1814 tremiscit
365 1762 505 1813 illam
535 1764 674 1815 beati
704 1751 924 1816 Joannis
943 1762 1284 1826 sententiam,
1307 1764 1422 1828 Qui,
1455 1764 1642 1831 inquit,

1748 616 1980 655 sursum.
2005 602 2073 655 Et
2091 603 2218 670 quid
2240 611 2322 657 est
2352 603 2494 657 Tolle
2515 605 2781 674 grabatum
2802 616 2964 672 tuum,
2997 609 3120 672 nisi,
3144 609 3310 676 Dilige

1749 688 2212 757 proximumHlur
2256 701 2434 746 autem
2465 696 2693 762 proximi
2734 695 2952 751 dilectio
2991 713 3088 767 per
3111 701 3310 767 graba-

1750 785 1860 830 tum
1889 776 2214 846 designetur,
2249 781 2538 849 Apostolus
2584 784 2713 838 dicit
2745 802 2759 837 :
2795 785 3018 840 Invicem
3038 804 3196 848 onesa
3226 805 3312 840 re-

1748 874 1856 918 ιιι-ιι
1883 877 2098 934 portate,
2131 877 2180 919 et
2208 869 2282 920 sic
2326 871 2672 938 adimplebitis
2701 875 2860 944 legem
2876 873 3075 929 Christi
3103 876 3306 945 (Ga'at.

1751 956 1841 1021 vi).
1880 954 2018 1023 Ergo
2045 957 2088 1010 si
2115 967 2415 1026 prteventus
2446 960 2606 1014 fuerit
2650 963 2701 1016 in
2734 964 2918 1031 aliquo
2942 965 3134 1019 fratrer
3163 975 3304 1031 tuus,

1750 1050 2034 1108 portetura
2060 1052 2142 1108 te;
2166 1053 2220 1098 et
2245 1045 2289 1098 si
2321 1056 2374 1099 tu
2398 1056 2703 1114 prtcvcntus
2725 1049 2908 1115 fueris,
2937 1055 3200 1109 sustineat
3231 1063 3306 1109 te.

1751 1129 1817 1183 Ut
1847 1131 1962 1186 hac
1994 1133 2156 1199 igitur
2179 1136 2425 1190 obtinere
2447 1139 2710 1206 possimus
2731 1178 2746 1202 ,
2788 1142 3021 1210 profusis
3053 1145 3307 1214 implore-

1749 1234 1866 1272 mus
1889 1221 2153 1287 precibus,
2179 1232 2238 1277 ut
2257 1225 2492 1279 cbaritas
2510 1227 2602 1280 Dei
2623 1241 2741 1295 qua;
2767 1228 2954 1284 diffusa
2985 1231 3036 1284 in
3059 1233 3311 1288 cordibus

1751 1308 1966 1372 nostris,
1993 1324 2099 1362 non
2119 1324 2187 1364 ex
2216 1311 2391 1378 nobis,
2418 1314 2510 1368 sed
2535 1329 2631 1382 per
2649 1317 2902 1385 Spiritum
2925 1331 3190 1388 sanctum,
3212 1325 3306 1392 qui

1749 1395 1900 1450 datus
1921 1404 2002 1450 est
2018 1398 2188 1461 nobis,
2209 1399 2260 1454 in
2280 1403 2431 1456 nobis
2438 1402 2639 1470 jugiter
2661 1418 2968 1474 permaneat
2983 1410 3156 1466 donec
3176 1429 3309 1468 con-

1751 1487 2081 1555 templationi
2096 1489 2286 1543 divinae
2299 1491 2516 1547 visionis
2530 1495 2724 1550 illmsos
2735 1498 2986 1554 assistere
3005 1499 3183 1556 faciat.
3208 1504 3312 1558 Ro-

1749 1585 1817 1639 go
1845 1589 1938 1628 vos
1954 1584 2011 1627 ut
2031 1575 2335 1644 diligentius
2349 1581 2723 1649 consideretis,
2740 1591 2795 1638 et
2815 1596 3070 1654 quantum
3089 1593 3310 1657 potestis
3331 1581 3346 1592 ’

1750 1665 2121 1730 expavescatis
2152 1665 2232 1719 vel
2253 1668 2506 1733 caveatis,
2540 1683 2606 1723 nc
2630 1670 2783 1725 vobis
2830 1672 2920 1727 ille
2947 1677 3174 1730 crudelis
3205 1678 3307 1732 bu-

1751 1753 1892 1804 mani
1922 1757 2132 1818 generis
2174 1756 2422 1812 inimicus
2446 1761 2516 1812 ita
2549 1760 2830 1830 subripiat,
2853 1765 3122 1830 quomodo
3171 1767 3312 1823 solet

103 1849 290 1912 fratrem
318 1866 460 1902 suum
485 1853 589 1904 odit
611 1890 625 1912 ,
655 1853 911 1904 homicida
947 1862 1020 1904 est
1045 1850 1096 1919 (I
1126 1851 1283 1906 Joan.
1316 1854 1417 1916 Ill).
1455 1854 1517 1905 Et
1540 1854 1636 1905 ile-

1747 1838 1988 1894 iucautos
2017 1851 2072 1895 et
2093 1843 2419 1911 negligentes
2474 1848 2653 1915 iniqua
2694 1850 2989 1906 calliditate
3035 1853 3306 1924 decipere.

105 1951 212 1989 runt
231 1957 241 1988 :
260 1938 354 2002 Qui
376 1940 495 1992 dicit
517 1956 569 1992 at
595 1943 648 1992 in
675 1941 865 1993 lumine
883 1957 1013 2009 esse,
1028 1951 1076 1994 et
1100 1942 1313 2008 fratrem
1333 1959 1479 1996 suum
1500 1943 1643 1995 odit:

100 2028 148 2077 in
176 2026 383 2080 tenebris
409 2039 484 2082 est
509 2045 667 2098 usque
691 2029 877 2092 adhuc,
905 2038 952 2082 et
981 2033 1138 2083 nescit
1163 2047 1260 2098 quo
1279 2041 1380 2093 eat,
1404 2033 1643 2099 quoniam

102 2114 298 2167 tenebris
321 2114 699 2170 obcccaverunt
724 2119 899 2171 oculos
926 2118 1037 2185 ejus
1063 2117 1116 2185 (1
1143 2118 1302 2172 Joan.
1331 2119 1408 2187 ιι).
1445 2118 1512 2173 Ut
1547 2135 1642 2172 au-

103 2209 197 2254 tem
224 2203 332 2256 btec
371 2207 486 2273 qur.
515 2222 673 2274 supra
711 2208 968 2272 diximus,
1018 2210 1224 2277 plenius
1253 2220 1306 2263 et
1344 2212 1642 2263 evidentius

101 2290 294 2358 possitis
311 2305 620 2361 agnoscere,
647 2296 837 2351 scitote
856 2298 1121 2353 veraciter
1137 2297 1261 2366 quia
1283 2299 1458 2353 nullus
1485 2300 1642 2353 homo

100 2385 261 2442 potest
290 2380 378 2432 Dei
417 2381 832 2437 misericordiam
880 2389 1195 2453 promereri,
1233 2389 1323 2456 qui
1368 2389 1642 2442 charitatis

99 2474 344 2533 praecepta
385 2469 696 2535 contemnit,
726 2478 818 2524 aut
848 2471 1078 2529 inimicis
1104 2489 1170 2528 ex
1201 2482 1316 2528 toto
1341 2475 1504 2529 corde
1533 2491 1638 2529 non

100 2550 492 2618 vultmdulgere.
513 2555 594 2607 Ad
621 2557 722 2610 hoc
746 2557 888 2611 enim
917 2559 1300 2629 pertinetquod
1315 2562 1640 2632 paralyticos

99 2634 177 2688 ille
217 2638 302 2704 qui
336 2638 388 2692 in
418 2638 702 2709 Evangelio
730 2655 948 2702 curatus
984 2662 1014 2700 a
1045 2647 1270 2704 Domino
1296 2651 1635 2716 describitur,

101 2722 294 2790 triginta
330 2735 385 2779 et
433 2735 554 2782 octo
581 2729 735 2783 annis
759 2721 991 2799 jacuisse
1033 2735 1083 2788 in
1123 2736 1432 2793 inﬁrmitate
1461 2742 1636 2796 reter-

99 2823 192 2864 tur.
213 2811 321 2867 ι)αο
335 2816 472 2869 enim
494 2819 666 2871 minus
681 2820 866 2875 habuit
887 2836 917 2874 a
940 2823 1284 2892 quadraginta
1304 2841 1317 2889 ;
1343 2827 1636 2896 quadrage-

97 2902 231 2958 nario
249 2905 499 2975 siquidem
533 2925 755 2963 numero
777 2926 962 2966 cursus
984 2913 1099 2966 vita:
1121 2922 1315 2968 nostra:
1341 2924 1396 2969 et
1420 2931 1640 2973 conver-

98 2991 220 3043 satio
241 3002 411 3046 nostra
441 2997 660 3056 mystice
682 2997 1012 3066 designatur;
1039 3012 1093 3054 et
1124 3002 1241 3056 ideo
1271 3015 1396 3059 ante
1417 3007 1634 3073 Pascha,

96 3082 206 3148 quia
231 3095 536 3152 [it-mentem
565 3087 726 3139 vitam
755 3090 1035 3156 signiﬁcat,
1067 3108 1132 3144 χι.
1155 3094 1359 3147 dierum
1375 3095 1635 3164 jejunium

1745 1925 1876 1978 Nam
1909 1926 2174 1995 aliquibus
2215 1931 2525 1997 homicidis,
2575 1938 2880 2003 raptoribus
2925 1947 2980 1992 et
3029 1939 3307 2008 adulteris,

1683 2027 1694 2032 ·
1744 2014 2064 2069 incestuosis
2093 2025 2142 2069 et
2174 2018 2462 2084 sacrilegis,
2496 2036 2687 2074 vanam
2711 2025 3056 2080 securitatem
3092 2030 3306 2098 ingerit,

1744 2110 1800 2153 ut
1825 2117 1944 2156 cum
1965 2105 2188 2158 crimina
2213 2107 2520 2174 quotidiana
2545 2111 2908 2176 committant,
2939 2124 3130 2182 putent
3157 2123 3303 2188 quod

1745 2189 2562 2263 Deus,corruptorumjudicum
2605 2213 2782 2260 more,
2831 2205 3108 2270 pecun’asn
3165 2207 3306 2261 accio

1743 2276 1852 2344 piat
1879 2289 1931 2330 et
1953 2291 2174 2346 peccata
2221 2281 2476 2338 dimittat.
2525 2285 2732 2354 Accipit
2760 2288 2919 2356 plane
2967 2291 3106 2347 Deus
3145 2311 3307 2364 pecu-

1741 2370 1900 2434 niam,
1934 2380 1987 2424 et
2017 2371 2373 2443 cleemosynis
2403 2374 2719 2441 delectatur,
2764 2393 2828 2433 ea
2877 2387 3053 2436 tamen
3100 2386 3308 2440 ratione

1743 2463 1796 2508 ut
1836 2458 2198 2528 unusquisque
2246 2471 2518 2529 peccator,
2548 2457 2761 2531 quando
2801 2465 2957 2521 ollert
2987 2468 3097 2522 Deo
3145 2487 3306 2540 pecu-

1741 2544 1903 2608 niam,
1935 2546 2128 2611 ollerat
2157 2548 2231 2601 illi
2253 2558 2308 2602 et
2336 2551 2568 2604 animam
2593 2567 2760 2606 suam.
2790 2556 3066 2625 Quasnam,
3096 2559 3302 2624 fratres,

1735 2632 1940 2697 justitia
1986 2643 2102 2703 est,
2153 2646 2213 2689 ut
2241 2636 2434 2706 aliquis
2462 2640 2781 2696 criminosus
2825 2645 3102 2712 pecuniam
3151 2664 3301 2702 suam

1743 2737 1837 2789 per
1865 2722 2258 2794 eleemosynam
2304 2726 2412 2780 Dco
2433 2727 2645 2791 oﬂ’erat,
2675 2739 2728 2783 et
2754 2731 2994 2804 animam
3015 2750 3166 2788 suam
3189 2738 3305 2791 dia-

1741 2812 1862 2866 bolo
1890 2828 1987 2883 per
2017 2814 2198 2882 iniqua
2238 2830 2402 2883 Opera
2436 2816 2640 2870 tradatl
2673 2817 2728 2871 ln
2760 2824 2984 2888 pecunia
3016 2824 3296 2892 imaginem

1744 2901 2086 2969 imperatoris
2133 2903 2291 2956 oliert
2338 2903 2470 2970 Deo,
2503 2912 2557 2958 et
2597 2904 2648 2958 in
2677 2905 2854 2974 seipso
2885 2908 3161 2979 imaginem
3208 2913 3302 2968 Dei

1742 2990 1902 3042 tradit
1945 2991 2181 3056 diabolo,
2237 3007 2357 3047 cum
2408 2993 2663 3050 Dominus
2692 2997 2834 3052 dicat
2880 2999 2932 3052 in
2965 2998 3253 3076 Evangelio
3291 3023 3300 3054 :

1745 3080 1961 3134 Reddite
1987 3099 2099 3149 quae
2129 3092 2244 3136 sunt
2290 3083 2511 3139 Ctesttris
2559 3087 2790 3153 Ctesari,
2837 3098 2882 3142 et
2907 3107 3021 3160 qua:
3073 3102 3164 3145 unt
3209 3093 3303 3146 Dei

97 3171 436 3235 “immanius,
466 3182 521 3226 υι
551 3173 773 3239 pascha,
802 3177 945 3244 quod
973 3187 1186 3233 autem“,
1210 3182 1332 3235 νίιω
1355 3155 1637 3252 inguine",
1666 3155 1710 3215 C
1744 3167 1869 3221 Deo.
1902 3169 2182 3234 Quomodo
2232 3173 2282 3225 in
2313 3189 2532 3228 nummo
2561 3176 2842 3244 imaginem
2870 3177 3114 3246 Caesaris,
3145 3185 3221 3238 sic
3248 3185 3300 3237 in

97 3261 260 3326 habet,
273 3277 388 3315 cum
407 3263 594 3329 gaudio
609 3268 817 3320 celebra
826 3283 883 3321 re
901 3270 1180 3336 possimus.
1199 3271 1402 3342 Moyses
1416 3276 1639 3344 quadra-

93 3349 224 3412 ginta
243 3351 421 3405 diebus
444 3353 702 3421 jejunavit
719 3355 911 3422 (Exod.
947 3365 1150 3428 xsxw),
1173 3362 1311 3418 Elias
1339 3381 1468 3420 vero
1489 3365 1634 3434 (Ill,

100 3436 215 3508 Reg.
241 3447 349 3506 xix)
380 3445 624 3497 eumdem
683 3461 961 3500 numerum
1008 3452 1298 3517 jejunando
1327 3456 1633 3523 complevit,

94 3541 138 3602 et
162 3527 404 3586 Dominus
437 3547 500 3586 ac
535 3533 785 3589 Salvator
816 3549 1000 3591 nostcr
1028 3541 1375 3598 nihilominus
1404 3546 1634 3612 quadra—

93 3617 347 3679 genarium
372 3619 635 3686 jejunium
667 3628 1019 3692 consecravit,
1049 3630 1174 3682 etin
1200 3645 1383 3686 eremo
1412 3635 1637 3702 populus

96 3702 396 3762 Israeliticus
443 3713 792 3780 quadraginta
819 3717 970 3769 annis
1000 3727 1083 3771 est
1118 3719 1438 3776 demoratus
1484 3734 1634 3792 post-

93 3808 236 3857 quam
265 3800 452 3851 meruit
471 3800 536 3854 de
574 3800 822 3871 Egyptia
850 3804 1105 3859 servitute
1139 3807 1369 3862 liberari.
1412 3811 1636 3879 Langui-

95 3880 185 3935 dus
213 3884 294 3938 ille
321 3885 387 3940 de
414 3902 518 3954 quo
549 3890 601 3942 in
638 3891 924 3957 Evangelia
948 3892 1192 3959 legimus,
1224 3897 1312 3963 qui
1343 3899 1554 3967 triginta
1584 3909 1638 3954 et

96 3982 209 4026 octo
251 3979 401 4031 annis
432 3979 482 4032 in
514 3980 821 4036 inﬁrmitate
846 3982 1030 4050 jacuit,
1057 3993 1239 4055 typum
1291 3991 1502 4055 generis
1533 3993 1633 4044 hu-

103 4063 232 4113 mani
261 4062 458 4120 habere
506 4068 734 4131 videtur,
758 4070 960 4126 habens
1002 4074 1105 4129 duo
1131 4077 1306 4131 minus
1335 4094 1364 4130 a
1411 4081 1636 4148 quadra-

94 4152 292 4213 genario
331 4170 569 4211 numero.
603 4159 733 4226 Quae
773 4169 898 4215 sunt
949 4161 1048 4216 ista
1076 4165 1204 4231 duo,
1230 4166 1330 4220 nisi
1359 4167 1464 4222 duo
1496 4184 1624 4237 pra:-

96 4249 236 4306 cepta
255 4242 552 4307 cbaritatis,
581 4247 821 4314 dilectio,
861 4249 1134 4318 videlicet,
1163 4255 1280 4320 Dei,
1312 4265 1369 4310 et
1415 4259 1635 4313 dilectio

95 4326 325 4389 proximi,
351 4345 471 4397 qua:
499 4333 605 4385 duo
637 4334 761 4386 talia
788 4347 934 4399 sunt.
983 4349 1041 4392 ut
1075 4341 1194 4395 sine
1246 4342 1377 4411 ipsis
1432 4346 1633 4413 reliqua

1743 3259 1889 3312 vobis
1921 3259 2048 3326 ipsis
2097 3261 2300 3316 reddite
2333 3263 2442 3317 Deo
2472 3265 2753 3332 imaginem
2781 3255 2892 3321 Dei.
2941 3267 3071 3322 Nam
3111 3285 3301 3340 quam-

1740 3349 1863 3403 libet
1905 3350 2076 3418 largas
2117 3353 2484 3423 elecmosynas
2513 3355 2702 3424 aliquis
2733 3358 2951 3424 tribuat,
2982 3360 3026 3414 si
3051 3361 3300 3430 capitalia

1740 3441 1961 3494 crimina
1990 3457 2094 3495 non
2132 3443 2385 3504 declinat.
2419 3447 2581 3499 timeo
2612 3462 2678 3500 ne
2716 3447 2846 3502 falsa
2877 3451 3180 3505 temeritate
3204 3453 3298 3507 de-

1738 3537 1942 3597 ceptus,
1967 3537 2020 3582 et
2049 3530 2326 3598 pecuniam
2371 3532 2558 3598 perdat
2599 3545 2652 3586 et
2694 3543 2971 3602 peccatum
2997 3553 3103 3590 non
3154 3540 3299 3594 redi—

1737 3624 1866 3669 mat.
1898 3615 2050 3668 Aliud
2073 3625 2154 3669 est
2173 3617 2312 3669 enim
2336 3626 2540 3673 mutare
2567 3620 2753 3686 vitam,
2786 3622 2926 3676 aliud
2959 3624 3188 3681 tolerare
3217 3630 3298 3680 vi»

1739 3713 1866 3757 tam.
1896 3704 2102 3760 Mutare
2127 3707 2288 3758 vitam
2329 3716 2412 3760 est
2440 3721 2468 3759 a
2499 3710 2815 3776 capitalibus
2843 3712 3152 3768 criminibus
3175 3716 3296 3771 abs-

1739 3796 1908 3850 tinere
1942 3813 1954 3848 :
1995 3796 2250 3862 tolerare,
2279 3805 2359 3850 est
2406 3800 2604 3852 minuta
2644 3809 2858 3867 peccata
2883 3841 2900 3867 ,
2953 3803 3069 3857 sine
3107 3805 3299 3873 quibus

1737 3898 1856 3937 esse
1901 3900 2004 3937 non
2055 3881 2357 3953 possumus,
2405 3888 2746 3959 cleeinosyna
2795 3892 3103 3958 quotidiana
3151 3895 3295 3950 redi-

1741 3989 1906 4028 mere.
1940 3976 2070 4028 Nam
2100 3977 2189 4043 qui
2238 3976 2589 4031 substantiam
2634 3995 2784 4034 suam
2835 3983 3018 4036 tribuit
3065 3983 3192 4051 Deo,
3243 3997 3298 4042 et

1735 4065 1963 4116 animam
2001 4081 2148 4118 suam
2179 4068 2338 4120 olTert.
2366 4067 2600 4130 inimico,
2636 4062 2982 4137 impletur'in
3037 4089 3104 4128 eo
3152 4075 3297 4142 quod

1734 4155 1987 4222 scriptum
2011 4163 2094 4208 est
2125 4171 2138 4208 :
2174 4155 2275 4218 Qui
2301 4157 2592 4224 baptizatur
2619 4177 2650 4210 α
2673 4170 2872 4214 mortuo
2895 4174 2942 4214 et
2972 4165 3012 4214 it
3042 4180 3152 4218 rum
3173 4173 3292 4219 tan-

1734 4244 1804 4311 git
1833 4245 2110 4307 mortnnm,
2139 4246 2261 4313 quid
2291 4247 2490 4314 praﬁrit
2525 4248 2710 4301 lavatio
2739 4249 3044 4318 ejus(Eccli.
3076 4257 3296 4323 xxxiv)?

1736 4331 1903 4395 Quam
1933 4347 2043 4386 rem
2073 4335 2349 4400 apostolus
2370 4335 2673 4404 exprimens
2703 4339 2777 4391 ait
2809 4357 2821 4390 :
2855 4339 3009 4392 Canis
3065 4359 3290 4396 reversus

96 4413 211 4465 nihil
237 4420 459 4483 possim.
508 4423 650 4475 sane
677 4423 769 4489 qui
806 4423 920 4479 hac
945 4426 1052 4480 duo
1097 4429 1150 4482 in
1177 4431 1369 4497 quibus
1397 4439 1505 4485 ιοιε
1547 4433 1628 4485 [ex
1662 4465 1710 4521 υ
1734 4421 1802 4470 ad
1830 4423 2086 4479 comitum.
2119 4432 2167 4474 et
2195 4439 2284 4521 sus
2305 4425 2772 4521 lota-infolutab-ro
2795 4428 2889 4478 luti
2913 4427 3002 4521 l-II
3031 4427 3308 4521 Prtr._lt).’

95 4501 272 4564 pendet
290 4517 336 4556 ex
364 4503 662 4573 Prophetas,
712 4524 816 4562 non
847 4508 1110 4578 habuerit,
1165 4515 1450 4583 languidus
1481 4533 1631 4584 pana-

91 4585 267 4653 lyticus
290 4593 456 4658 jacet,
485 4597 632 4648 venit
659 4607 837 4651 autem
867 4597 1132 4663 Christus}
1163 4605 1254 4670 qui
1277 4620 1374 4674 per
1403 4607 1630 4673 gratiam

95 4681 249 4730 sancti
281 4679 506 4749 Spiritus
551 4682 794 4736 exhibuit
832 4687 986 4740 nobis
1009 4690 1106 4740 ista
1137 4689 1264 4743 duo.
1317 4692 1551 4761 Denique
1579 4702 1632 4746 et

98 4777 186 4825 pro
235 4768 321 4821 illo
364 4771 454 4838 qui
497 4771 760 4824 inciderat
803 4774 865 4826 in
911 4775 1170 4841 latrones,
1197 4778 1333 4831 duos
1381 4779 1631 4833 denarios

95 4847 257 4915 dedit;
279 4861 334 4906 ct
351 4858 488 4924 apud
511 4857 876 4913 Samaritanos
899 4862 1032 4917 duos
1054 4863 1166 4918 dies
1181 4867 1436 4934 transegit
1451 4867 1626 4937 (Joan.

93 4945 178 5006 tv),
205 4951 260 4995 ut
287 4942 337 4996 in
364 4945 442 4997 eis
460 4947 774 5003 charitatem
805 4949 893 5004 Dei
923 4960 977 5004 et
1006 4956 1233 5022 proximi
1262 4957 1626 5013 conﬁrmaret.

96 5027 436 5101 Etviduailla
481 5035 534 5086 in
577 5045 704 5102 typo
755 5039 1019 5102 Ecclesiae,
1076 5041 1184 5098 duo
1231 5054 1336 5099 tera
1385 5047 1530 5102 misit
1576 5050 1628 5102 in

93 5119 507 5201 ganphylacﬁrnr
539 5122 728 5188 (Marc.
762 5141 861 5189 xu;
910 5127 1034 5181 an.
1087 5131 1220 5200 xxi),
1270 5141 1325 5186 et
1353 5135 1625 5201 Dominus,

94 5204 151 5256 ad
177 5193 582 5273 pradicandum,
614 5210 864 5280 bipertita
899 5193 1366 5275 charitate'binos
1394 5223 1629 5292 discipu-

101 5293 172 5345 los
201 5293 477 5349 destinavit
525 5298 786 5370 (Luca);
840 5303 938 5356 ista
978 5309 1119 5361 enim
1145 5309 1252 5364 duo
1282 5317 1407 5364 ante
1431 5312 1629 5366 adven-

95 5394 194 5436 tum
237 5385 428 5442 Christi
473 5388 760 5444 humanum
787 5382 1202 5460 genus‘habere
1250 5417 1354 5456 non
1409 5404 1626 5456 meruit.

94 5473 219 5536 Quid
241 5483 390 5548 ἐτεο
421 5479 541 5533 huic
585 5483 876 5552 paralytioo
908 5485 1158 5543 Dominus
1199 5491 1410 5557 dixerit,
1445 5493 1629 5546 audia-

94 5561 236 5615 mus":
265 5563 450 5645 Surge,
497 5569 617 5622 tolle
645 5571 932 5639 grabatum.
963 5576 1066 5630 ista
1097 5577 1202 5629 duo
1233 5579 1509 5645 languidus
1540 5581 1628 5635 ille

95 5647 252 5708 nribus
278 5642 522 5711 habebat.
555 5655 694 5724 Quid
719 5660 857 5712 enim
877 5673 957 5716 est
979 5665 1162 5736 Surge,
1196 5642 1626 5732 nisu—Dominum

314 5788 584 5850 PATBOL.
636 5794 1008 5858 LXXXVII.

1734 4508 1881 4572 Quod
1910 4518 1966 4563 et
1995 4510 2107 4576 ipse
2136 4511 2388 4564 Dominus
2417 4513 2467 4564 in
2498 4510 2777 4581 Evangelio
2806 4515 3082 4570 conlirmat
3114 4537 3125 4570 :
3160 4517 3292 4572 Ecce

1729 4613 1879 4649 sanus
1912 4599 2073 4665 factus
2120 4616 2192 4664 es,
2219 4602 2330 4668 jam
2356 4604 2463 4654 noli
2489 4619 2719 4671 peccare,
2763 4623 2826 4658 nc
2848 4610 3064 4660 deterius
3089 4613 3286 4680 aliquid

1731 4687 1818 4738 tibi
1863 4690 2142 4758 contingat.
2197 4691 2342 4754 Quod
2368 4691 2543 4744 denuo
2589 4694 2843 4748 Salomon
2874 4707 3203 4753 contestatur
3231 4713 3285 4756 et

1728 4775 1919 4828 clamat
1953 4793 1965 4829 :
1994 4776 2118 4841 Fili,
2146 4781 2402 4845 peccasti?
2428 4797 2491 4833 ne
2538 4783 2752 4844 adiicias
2801 4785 3001 4848 iterum,
3033 4790 3123 4842 sed
3152 4803 3195 4842 ct
3223 4793 3284 4843 de

1728 4863 1957 4927 pristinis
2001 4866 2271 4927 deprecare
2321 4877 2374 4916 ut
2420 4870 2507 4919 tibi
2554 4872 2878 4925 remittant..r
2927 4876 3109 4943 (Ecrlr.
3137 4881 3271 4947 XIX).

1729 4946 1894 5011 Quam
1942 4965 2052 5003 rem
2103 4966 2210 5005 non
2258 4954 2323 5007 de
2364 4955 2578 5010 minutis
2629 4963 2878 5025 peccatis,
2931 4967 3043 5018 sine
3091 4946 3282 5034 quibus

1728 5053 1845 5092 esse
1895 5056 1998 5094 non
2027 5057 2326 5111 possumus,
2373 5045 2467 5100 sed
2496 5047 2563 5100 de
2611 5051 2922 5116 capitalibus
2969 5055 3278 5115 criminibus

1727 5128 1920 5183 dixisse
1949 5131 2282 5186 manifestum
2311 5143 2410 5189 est.
2443 5136 2555 5189 Duo
2578 5154 2802 5205 namque
2827 5141 3024 5208 judicia
3070 5147 3118 5200 in
3149 5167 3275 5205 san-

1727 5220 1828 5272 ctis
1847 5218 2134 5288 Scripturis
2155 5223 2374 5290 legimus
2404 5245 2415 5276 :
2449 5241 2609 5280 unum
2641 5243 2736 5296 per
2760 5245 2948 5298 aquam
2983 5236 3031 5289 in
3077 5240 3276 5293 diluvio

1725 5307 1876 5376 (Cen.
1909 5309 2001 5377 vn)
2032 5312 2172 5376 quod
2205 5313 2557 5380 prmliguravit
2587 5317 2902 5383 baptismum
2933 5341 3038 5393 quo
3065 5329 3130 5380 ab
3160 5345 3271 5383 om.

1728 5396 1880 5450 nibus
1910 5399 2140 5464 peccatis
2169 5403 2402 5454 mundati
2433 5419 2614 5456 sumus
2638 5405 2689 5473 (Ι
2719 5407 2858 5462 Petr.
2898 5414 2974 5478 ιιι)
3001 5431 3015 5476 ;
3047 5426 3098 5466 ct
3131 5418 3272 5472 aliud

1726 5482 1868 5546 quod
1918 5484 2149 5539 futurum
2183 5497 2262 5540 est
2290 5503 2382 5554 per
2406 5489 2598 5553 ignem,
2653 5496 2864 5560 quando
2911 5499 3086 5553 veniet
3132 5505 3268 5558 Dens

1728 5571 1790 5621 ad
1814 5571 2088 5637 judicium,
2138 5578 2204 5629 de
2252 5591 2356 5642 quo
2399 5575 2644 5632 Psalmita
2696 5583 2804 5634 ait:
2840 5583 2970 5637 Deus
3002 5593 3272 5663 manifeste

1728 5663 1902 5726 venirt,
1951 5664 2081 5716 Dens
2130 5673 2299 5717 noster
2322 5676 2367 5716 et
2395 5681 2493 5719 non
2519 5670 2702 5733 silebit,
2732 5672 2864 5739 ignis
2907 5675 2960 5726 in
2999 5691 3267 5748 conspectu

2775 5814 2852 5871 20
