3886 6226
495 430 499 435 ἡ
547 355 648 409 ets

1733 351 1789 403 s.
1831 314 2024 403 sucu
2065 347 2335 403 novmu.
2377 344 2588 404 EPISC.

3644 350 3741 404 (ὶξο

546 466 654 533 ejus
676 460 888 524 ardebit,
918 468 965 515 et
989 462 1039 512 in
1059 459 1267 513 circuitu
1299 460 1407 528 ejus
1430 464 1697 522 tempestas
1720 456 1883 509 valida
1916 454 2086 524 (Psal.
2121 462 2168 521 Α
2195 455 2403 521 operari
2459 452 2809 525 nequibimus.
2871 452 3018 507 Nunc
3065 454 3131 506 ad
3187 469 3279 507 vos
3328 466 3509 513 sermo
3560 467 3741 510 noster

548 555 721 622 XLVI);
748 562 828 606 rut
872 560 1159 621 tempestas
1204 551 1472 605 examinet
1522 563 1657 617 quos
1703 547 1837 616 ignis
1876 552 2084 600 exuret.

546 644 859 695 blundemus
903 655 999 693 nus
1039 641 1105 692 ab
1152 641 1294 694 omni
1344 640 1741 704 injuinautento
1790 635 1966 689 carnis
2024 647 2088 686 ac

544 730 780 801 spiritus,
810 745 908 783 nec
933 728 999 782 ab
1026 738 1253 805 aeterno,
1279 727 1417 795 quod
1449 725 1604 790 absit,
1625 740 1725 778 nec
1751 735 1817 778 at)
1847 724 1937 777 illo
1965 723 2086 789 igne

545 822 850 876 transitorio
875 835 1192 895 exuramur;
1223 820 1288 872 de
1318 834 1424 885 quo
1453 818 1571 884 igne
1598 812 1779 883 judicii
1804 813 1917 876 Dei,
1946 815 2088 879 Apo-

541 910 711 964 stolus
738 910 811 962 ait
841 927 854 962 :
908 908 1312 977 Uniuscujusque
1340 922 1466 974 opus
1495 907 1644 974 quale
1668 905 1753 966 sit,
1802 903 1935 970 ignis
1963 916 2083 968 pro-

440 978 445 983 i
542 1000 680 1052 babit
709 999 757 1069 (Ι
790 998 908 1053 Cor.
937 999 1040 1062 ιιι),
1080 995 1218 1064 quod
1245 995 1310 1048 de
1339 995 1457 1060 igne
1486 991 1792 1061 purgatorio
1838 1003 1957 1041 eum
2003 987 2084 1039 di-

540 1088 681 1141 xisse
709 1101 813 1141 non
843 1093 924 1141 est
964 1084 1326 1138 dubitandum.
1358 1083 1523 1148 Quem
1552 1082 1722 1149 ignem
1754 1075 2080 1165 aliterjmpii

537 1174 788 1239 sentient,
839 1174 993 1227 aliter
1019 1173 1209 1235 sancti,
1257 1172 1413 1225 aliter
1446 1170 1597 1237 justi.
1628 1166 1777 1235 [mpii
1821 1164 2078 1233 siquidem

537 1261 606 1317 de
634 1262 771 1316 illius
794 1252 931 1327 ignis
958 1262 1196 1315 cruciatu
1223 1258 1289 1313 ad
1320 1266 1599 1328 perpetuas
1620 1258 1815 1324 ignium
1841 1254 2080 1309 flammas

534 1348 907 1413 detrudentur;
938 1350 1105 1403 sancti
1134 1363 1259 1402 vero
1277 1348 1365 1415 qui
1413 1348 1527 1400 sine
1552 1345 1697 1399 omni
1739 1351 2077 1410 peccatorum

534 1439 741 1493 macula
766 1439 819 1492 in
848 1438 1160 1507 corporibus
1186 1439 1295 1493 suis
1319 1445 1616 1505 resurgent,
1635 1436 1757 1503 quia
1787 1451 1938 1503 super
1961 1436 2078 1502 [un-

532 1528 821 1580 dammtttm
864 1528 1005 1595 quod
1053 1527 1291 1581 Christus
1341 1535 1437 1589 est,
1492 1542 1694 1590 aurum,
1721 1534 1982 1593 argentum
2027 1533 2077 1575 et

530 1613 1021 1681 lapideapretiosos,
1054 1614 1103 1666 id
1150 1622 1252 1679 est,
1283 1627 1495 1675 sensum
1528 1610 1644 1665 ﬁdei
1675 1608 1928 1672 lucidum,
1958 1607 2072 1661 elo-

529 1702 709 1769 quium
739 1702 950 1756 salutis
980 1690 1212 1767 clarum,
1241 1710 1295 1756 et
1337 1716 1501 1769 opera
1531 1701 1759 1770 pretiosa
1786 1698 2074 1753 aedificave-

2188 539 2448 607 dirigitur,
2474 554 2608 608 quos
2635 548 2803 592 mater
2833 539 3069 593 Ecclesia
3097 544 3246 609 quasi
3279 557 3384 596 non
3415 557 3542 595 suos
3583 558 3729 597 reco-

2187 642 2446 697 gnoscens
2458 632 2525 684 ob
2539 630 2827 685 foeditatem
2845 630 3101 685 scelerum
3120 641 3415 689 vestrorum
3429 634 3627 688 dudum
3638 649 3668 687 a
3684 650 3739 690 se

2186 718 2413 787 repulit;
2443 721 2599 775 modo
2629 735 2778 784 vero,
2818 721 2940 788 quia
2971 719 3195 775 Domino
3221 738 3315 790 per
3342 724 3536 792 dignos
3564 726 3734 793 paeni.

2160 808 2362 860 tentia:
2390 807 2592 862 fructus
2639 809 2910 877 placuistis
2957 809 3271 865 mundantes
3300 826 3416 875 vos,
3476 823 3735 880 quantum

2186 896 2413 950 humana
2441 898 2695 965 fragilitas
2724 897 3002 967 permittit,
3041 897 3106 950 ab
3155 900 3295 951 omni
3330 900 3736 968 inquinamento

2182 984 2363 1038 carnis
2393 999 2453 1036 ac
2479 985 2717 1052 spiritus,
2751 1001 2847 1053 per
2871 986 3056 1039 crebra
3084 985 3282 1053 jejunia
3314 993 3368 1039 et
3414 988 3736 1044 afﬁictiones

2180 1086 2484 1139 canorum,
2509 1074 2659 1140 quasi
2681 1075 2792 1141 jam
2838 1090 2964 1127 suos
2991 1075 3057 1127 ad
3103 1089 3161 1128 se
3205 1085 3438 1129 revocat.
3471 1077 3737 1135 lmmensa

2179 1174 2406 1227 namque
2435 1161 2526 1213 Dei
2550 1162 2736 1229 pietas,
2761 1154 2931 1214 sin’um
2956 1161 3332 1215 misericordi-.1:
3359 1178 3469 1217 suae
3485 1167 3737 1221 omnibus

2180 1250 2349 1314 aperit
2374 1249 2602 1301 dicendo
2630 1264 2726 1316 per
2754 1250 3107 1317 pr0phe'am:
3142 1249 3269 1303 Max
3322 1261 3376 1303 ut
3421 1254 3737 1322 ingemueris

2177 1337 2347 1390 salvus
2368 1339 2466 1390 eris
2489 1336 2646 1403 (Joel.
2672 1338 2752 1405 tt);
2781 1348 2834 1391 et
2857 1337 3131 1393 Psalmista
3164 1340 3332 1407 inquit
3358 1359 3369 1393 :
3404 1343 3737 1410 Sacriﬁcium

2178 1424 2284 1479 Deo
2309 1428 2513 1491 spiritus
2566 1426 2928 1480 contribulatus
2959 1425 3127 1498 (Psal.
3162 1429 3235 1495 ι).
3292 1430 3397 1484 Vos
3445 1446 3581 1499 ergo
3629 1448 3735 1485 non

2136 1550 2145 1557 ε
2175 1514 2339 1587 corde
2366 1516 2591 1568 redeatis
2621 1517 2671 1568 in
2700 1518 3000 1586 Aigyptum,
3029 1518 3193 1571 semel
3218 1518 3283 1572 de
3306 1515 3441 1573 illius
3467 1522 3736 1576 servitute

2174 1600 2405 1664 liberati,
2431 1604 2575 1671 quia,
2618 1613 2678 1671 ut
2709 1606 2891 1657 beatus
2917 1606 3100 1658 l‘et'rus
3145 1610 3418 1673 apostolus
3473 1611 3572 1674 ait,
3633 1627 3734 1663 non

2174 1692 2576 1760 corruptibilibus
2611 1709 2736 1747 auro
2760 1696 2833 1747 rel
2862 1707 3073 1762 argento
3104 1695 3344 1764 redempti
3364 1700 3483 1749 estis
3511 1699 3579 1751 de
3602 1714 3735 1751 vana

529 1797 671 1853 runt,
720 1796 867 1842 tanta
916 1789 1189 1845 facultate.
1210 1790 1284 1843 illi
1333 1790 1439 1857 igni
1469 1788 1826 1858 praevalebunt
1877 1794 2073 1854 quanta
2108 1788 2152 1845 Β
2176 1789 2340 1832 vestra
2368 1783 2748 1835 conversatione
2775 1792 3002 1851 paterna:
3032 1785 3345 1847 traditionis,
3386 1786 3477 1837 sed
3503 1789 3735 1853 pretium

526 1876 831 1943 integritate
880 1876 999 1932 ﬁdei
1045 1887 1101 1931 et
1126 1877 1443 1933 dilectionis
1484 1875 1679 1931 Christi
1720 1877 1779 1948 in.
1813 1876 1916 1930 hac
1963 1875 2070 1929 vita

526 1964 873 2019 cttstodierint
903 1972 1186 2035 praecepta.
1219 1965 1388 2020 Erunt
1412 1979 1540 2032 ergo
1567 1963 1779 2032 quidem
1803 1962 1932 2031 justi
1971 1962 2068 2015 mi-

526 2052 666 2107 nutis
695 2052 1006 2122 quibusdam
1032 2054 1266 2123 peccatis
1293 2055 1528 2118 obnoxii,
1560 2054 1649 2121 qul
1677 2054 2069 2106 aediticaverunt

528 2157 689 2210 supra
715 2141 1111 2197 fundamentum
1136 2142 1277 2211 quod
1303 2150 1385 2197 est
1404 2141 1663 2205 Christus,
1685 2142 1876 2209 fenum,
1904 2141 2066 2209 ligna,

523 2233 784 2299 stipulam,
813 2245 929 2299 qua:
955 2229 1253 2305 signiﬁcant
1280 2231 1471 2289 levium
1524 2238 1864 2299 peccatorum
1892 2228 2068 2282 diver-

522 2318 752 2383 sitatem,
781 2334 810 2372 a
840 2320 1036 2386 quibus
1067 2334 1171 2373 non
1189 2320 1346 2387 digne
1394 2319 1562 2373 adhuc
1602 2318 1885 2386 expurgati
1916 2318 2064 2372 iuve-

458 2428 461 2431 ·
524 2409 735 2463 nientur
761 2424 880 2462 cum
910 2407 1140 2463 ctelestis
1164 2409 1391 2463 civitatis
1420 2408 1588 2477 gloria
1616 2408 1755 2478 digni
1788 2407 2065 2461 invenien-

520 2507 625 2553 tur.
670 2499 765 2553 lllo
814 2513 1026 2567 quoque
1074 2500 1378 2554 transitorio
1421 2500 1561 2571 igne,
1611 2507 1665 2553 et
1706 2507 1817 2553 toto
1843 2501 2066 2554 extremi

514 2590 699 2656 judicii
725 2590 811 2643 die
838 2588 1123 2658 completo,
1148 2590 1504 2658 unusquisque
1532 2590 1821 2643 secundum
1849 2590 2063 2645 modum
2080 2631 2094 2644 .

520 2678 849 2744 meritorum,
874 2686 967 2732 aut
989 2678 1345 2741 damnabitur,
1384 2686 1475 2731 aut
1501 2680 1862 2733 coronabitur.
1910 2679 2063 2732 lllum

512 2782 645 2835 ergo
667 2768 828 2830 diem,
860 2768 1050 2822 fratres
1069 2767 1395 2833 .charissimi,
1426 2777 1535 2821 tota
1585 2769 1879 2823 intentione
1908 2770 2063 2835 cogi-

519 2870 711 2925 temus,
759 2861 918 2913 vitam
967 2860 1315 2928 corrigamus,
1365 2874 1542 2913 mores
1593 2866 1893 2922 mutemus.)
1923 2859 2063 2912 mala

510 2946 776 3000 tentantia
816 2945 1109 3007 resistendo
1182 2946 1493 3011 vincamus,
1542 2955 1843 3014 perpetrata
1887 2956 2059 3000 autem

509 3032 728 3087 fletibus
753 3033 1051 3102 puniamu‘s.
1090 3033 1383 3088 Adventum
1433 3049 1662 3102 namque
1697 3035 1879 3087 aeterni
1908 3033 2057 3087 Judi-

514 3120 592 3175 cis
639 3128 789 3175 tanto
839 3123 1135 3176 securiores
1180 3124 1499 3192 quandoque
1549 3123 1808 3188 videmus,
1861 3132 2059 3192 quanto

514 3210 679 3277 magis
699 3224 840 3265 nunc
856 3210 1239 3266 districtionem
1261 3213 1399 3266 illius
1426 3212 1660 3267 timendo
1689 3216 2057 3283 praevenimus.

513 3300 649 3365 Quid
669 3300 807 3353 enim
828 3299 1045 3369 prodest
1072 3301 1145 3353 illi
1175 3302 1263 3369 qui
1288 3301 1499 3369 jejunat
1525 3317 1687 3371 super
1711 3312 1927 3371 peccata
1945 3290 2058 3368 sua,

513 3396 569 3443 et
598 3388 787 3441 iterum
814 3388 1095 3443 ambulans
1121 3376 1179 3443 in
1202 3405 1283 3455 ea,
1317 3390 1430 3445 haec
1455 3391 1641 3444 eadem
1662 3390 1859 3446 faciat?
1910 3392 2059 3445 Unde

512 3466 836 3543 magnopere
881 3475 1278 3531 deliberandum
1300 3518 1314 3542 ,
1345 3487 1409 3553 ut
1452 3479 1495 3531 si
1525 3476 1664 3531 bona
1694 3476 1934 3546 quaedam
1964 3478 2064 3530 ali-

513 3556 724 3632 quando
773 3564 1177 3632 inchoavimus,
1228 3567 1383 3633 digna
1428 3569 1823 3635 perseverantia
1877 3568 1931 3621 in
1982 3569 2060 3623 eis

511 3667 937 3720 permaneamus,
960 3654 1170 3719 dicente
1219 3654 1487 3709 Veritate:
1523 3656 1622 3719 Qui
1668 3658 2058 3726 perseveraverit

511 3759 666 3812 usque
692 3740 753 3795 in
772 3745 926 3811 ﬁnem
958 3744 1311 3810 (subauditur,
1366 3747 1421 3799 in
1450 3747 1605 3801 bonis
1634 3747 1929 3816 operibus),
1978 3749 2059 3800 hic

509 3834 677 3885 salvus
710 3834 835 3885 erit.
866 3830 1098 3899 Eatends
1150 3837 1404 3900 praeterea
1450 3836 1587 3889 mala
1635 3836 1806 3903 dignis
1851 3834 2059 3890 ﬁetibus

511 3921 806 3989 puniamus,
838 3928 947 3974 uta
971 3920 1177 3986 futuris,
1208 3922 1322 3990 ipso
1350 3905 1447 3977 nos
1477 3925 1807 3979 custodiente
1833 3926 1923 3994 qui
1950 3941 2057 3980 non

509 4010 780 4080 dormitat,
814 4010 867 4063 in
891 4014 1059 4087 aevum
1091 4025 1392 4079 caveamus,
1430 4028 1537 4081 quo
1581 4022 1704 4068 ante
1754 4014 1877 4082 ejus
1924 4030 2054 4069 con-

507 4108 749 4167 spectum
795 4100 985 4154 sinceri
1032 4110 1085 4155 et
1134 4102 1249 4158 sine
1296 4103 1517 4169 offensa,
1540 4105 1693 4172 juxta
1745 4106 2055 4174 Apostolum
2093 4126 2124 4173 τ

2071 4183 2086 4201 \

508 4189 778 4243 valeamus
799 4204 1075 4259 apparere.
1112 4190 1187 4246 Eo
1231 4194 1475 4260 pertinet
1508 4194 1649 4262 quod
1679 4194 1877 4248 dictum
1928 4202 2007 4249 est
2042 4213 2052 4245 :

511 4275 655 4329 Beati
680 4292 898 4346 quorum
929 4281 1153 4331 remissa:
1180 4290 1292 4333 sunt
1318 4282 1631 4350 iniquitates,
1666 4293 1714 4336 et
1732 4298 1947 4352 quorum
1979 4294 2055 4336 te-

506 4374 585 4415 cta
611 4372 727 4416 sunt
756 4373 959 4429 peccata
985 4364 1155 4433 (Psal.
1190 4367 1355 4431 χχχι).
1399 4367 1466 4421 Et
1492 4368 1687 4424 Paulus
1724 4372 1851 4425 dicit
1882 4370 2052 4426 ﬁdeli-

507 4456 601 4509 bus
634 4472 645 4507 :
681 4454 870 4508 Μοτιαί
892 4451 1031 4509 enim
1057 4459 1198 4519 estis,
1251 4468 1300 4510 et
1322 4460 1421 4511 vita
1450 4472 1612 4513 vestra
1652 4461 1948 4515 abscondita
1977 4472 2051 4517 est

506 4558 617 4593 cum
639 4541 838 4596 Clu-isto
854 4544 907 4596 in
937 4542 1152 4598 Domino
1170 4544 1344 4615 (Rom.
1370 4548 1463 4613 tv).
1488 4548 1732 4601 Viventes
1756 4566 1873 4602 cum
1900 4553 2051 4607 bonis

507 4629 756 4693 operibus
775 4629 838 4683 ‘in
884 4631 1054 4684 activa
1089 4634 1214 4693 vita,
1275 4634 1467 4686 mortui
1516 4644 1669 4688 erant
1710 4647 1945 4704 peccato,
1999 4650 2052 4693 et

506 4718 654 4784 quasi
682 4717 792 4785 jam
821 4720 1033 4789 sepulti,
1062 4730 1273 4776 aeternae
1315 4724 1437 4777 vita:
1468 4728 1941 4795 contemplatione.
1988 4729 2052 4783 Et

506 4810 641 4864 idem
672 4810 919 4879 Magister
938 4808 1167 4880 gentium
1195 4815 1347 4884 jubet
1370 4826 1425 4869 ut
1452 4819 1797 4873 exltibeamus
1837 4837 2052 4890 corpora

506 4908 678 4950 nostra
733 4898 951 4951 hostium
1006 4902 1282 4967 viventem,
1332 4916 1591 4972 sanctam,
1623 4907 1732 4961 Deo
1771 4908 2050 4976 placentem

504 4988 723 5053 (Coloss.
756 4992 855 5057 ιιι).
888 4989 1069 5045 llosﬁa
1098 4993 1294 5062 quippe
1346 4993 1622 5061 occiditur,
1672 5004 1729 5051 ut
1758 4998 2047 5064 olleratur;

506 5079 595 5130 sed
616 5079 787 5131 hostia
809 5080 992 5133 vivens
1036 5092 1117 5135 est
1146 5098 1337 5150 corpus
1378 5099 1474 5151 pro
1512 5086 1734 5140 Domino
1764 5086 2047 5153 afﬂictum;

506 5167 643 5231 quod
666 5166 848 5220 vivens
870 5168 1078 5233 dicitur,
1104 5174 1227 5238 quia
1252 5174 1377 5226 vivit
1396 5174 1445 5226 in
1474 5176 1775 5241 virtutibus,
1794 5189 1847 5231 et
1867 5187 2049 5234 estoc-

500 5254 673 5307 cisum
698 5254 869 5319 vitiis;
902 5255 1071 5309 hostia
1101 5274 1225 5314 vero
1254 5261 1375 5327 quia
1406 5262 1509 5329 jam
1533 5264 1653 5319 huic
1680 5266 1877 5321 mundo
1909 5278 1991 5322 est
2018 5284 2047 5321 a

499 5341 679 5409 pravis
701 5342 906 5396 actibus
936 5354 1199 5399 mortuum
1234 5364 1247 5412 ;
1276 5349 1459 5405 vivens
1479 5368 1688 5421 quoque
1711 5354 1903 5410 dicitur
1926 5360 2048 5427 quia

498 5448 692 5494 cuncta
721 5455 838 5508 qute
860 5444 1109 5510 praevalet
1135 5447 1270 5501 bona
1302 5462 1572 5519 operatur.
1600 5452 1755 5509 Tales
1777 5471 1903 5525 ergo
1924 5459 2046 5510 dum

501 5553 780 5607 possumus
811 5557 914 5597 non
932 5559 1304 5615 praeparemus,
1336 5554 1519 5619 quales
1553 5556 1753 5612 Domini
1784 5558 2048 5626 adjutorio

503 5638 677 5707 ipsms
704 5644 1062 5701 misericordia
1093 5648 1234 5717 digni
1264 5666 1442 5709 sumus
1474 5664 1525 5710 et
1552 5672 1699 5731 nunc
1734 5671 1783 5714 et
1839 5664 2047 5731 quando

2171 1867 2420 1935 sanguine
2447 1869 2594 1938 quasi
2624 1868 2756 1938 Agni
2778 1870 3172 1936 incontaminati
3194 1870 3243 1921 et
3270 1872 3588 1925 immaculati
3611 1872 3733 1927 Iesu

2170 1953 2359 2009 Christi
2382 1955 2437 2025 (Ι
2483 1957 2626 2011 Petr.
2658 1958 2717 2025 ι).
2752 1958 2816 2011 Et
2839 1958 2888 2011 in
2911 1957 3226 2028 Apocalypsi
3255 1960 3487 2016 Joannes
3515 1976 3732 2031 aposto-

2167 2039 2287 2099 lus}
2318 2046 2401 2114 qui
2418 2046 2597 2099 dilexit
2618 2063 2731 2111 nos,
2770 2047 2959 2115 inquit,
2987 2056 3036 2101 et
3077 2050 3177 2101 avi!
3202 2066 3295 2103 nos
3320 2067 3351 2101 a
3374 2054 3602 2117 peccatis
3637 2069 3734 2106 no-

2167 2133 2287 2184 stris
2327 2134 2382 2185 in
2409 2136 2655 2202 sanguine
2675 2150 2765 2187 suo
2795 2136 2973 2203 (Apoc.
3010 2135 3079 2204 t);
3110 2136 3232 2204 quia
3276 2137 3442 2192 factus
3474 2140 3736 2194 sacerdos

2166 2220 2443 2272 secundum
2465 2222 2694 2273 ordinem
2722 2219 3093 2275 Melchisedech
3120 2223 3289 2290 (Psal.
3320 2226 3449 2290 ω),
3485 2240 3582 2293 per
3609 2242 3736 2295 pro.

2150 2307 2338 2374 -prium
2362 2310 2671 2375 sanguinem
2720 2310 2954 2365 introivit
2983 2314 3147 2365 semel
3194 2313 3246 2367 in
3274 2325 3453 2369 sancta
3474 2354 3488 2377 ,
3521 2325 3729 2370 aeterna

2167 2396 2535 2466 redemptione
2580 2400 2812 2452 iuventa.
2866 2400 2971 2453 Cur
3023 2415 3150 2469 ergo
3198 2404 3249 2456 in
3304 2405 3516 2458 sinistra
3575 2415 3733 2474 parte

2166 2483 2419 2540 Ecclesia:
2448 2488 2603 2555 positi
2634 2489 2791 2541 estis?
2816 2488 2929 2542 Non
2974 2491 3089 2543 sine
3129 2506 3285 2547 causa
3316 2508 3439 2547 usus
3469 2493 3733 2549 Ecclesia:

2167 2572 2269 2626 hoc
2312 2573 2565 2639 obtinuit;
2598 2590 2780 2628 verum
2826 2577 2949 2643 quia
2980 2576 3233 2632 Dominus
3260 2580 3312 2632 in
3342 2580 3543 2647 judicio
3589 2598 3731 2645 oues,

2166 2661 2268 2716 hoc
2291 2669 2391 2726 est,
2418 2661 2591 2729 justos
2613 2680 2642 2714 a
2666 2662 2878 2723 dextris,
2905 2662 3079 2717 haedos
3126 2680 3277 2731 vero,
3308 2668 3358 2721 id
3390 2677 3502 2733 est,
3533 2684 3733 2736 pecca-

2167 2756 2311 2803 tores
2339 2764 2368 2801 a
2398 2748 2625 2802 sinistris
2655 2758 2817 2817 ponet
2841 2748 3052 2814 (Hattft.
3106 2751 3228 2822 xxv)
3258 2770 3271 2817 ;
3306 2754 3439 2807 haedi
3460 2755 3609 2808 enim
3658 2758 3731 2809 si-

2165 2835 2418 2905 gniﬁcant
2438 2846 2766 2905 peccatores.
2803 2836 2947 2891 Unde
2968 2846 3022 2891 et
3062 2839 3234 2893 cilicia
3257 2855 3374 2909 qua:
3396 2853 3523 2897 sunt
3569 2844 3729 2897 indu-

2164 2934 2357 2996 menta
2393 2926 2781 2995 pmnitentium,
2808 2942 2839 2980 e
2868 2927 2988 2996 pilis
3015 2928 3286 2985 huulorum
3311 2942 3469 3000 atque
3518 2948 3719 3002 capra-
3806 2946 3815 2959 ‘

2164 3026 2281 3064 rum
2306 3010 2469 3075 ﬁunt;
2502 3012 2685 3065 haedus
2709 3028 2936 3080 namque
2962 3014 3014 3066 in
3047 3014 3162 3081 lege
3185 3032 3281 3084 pro
3307 3029 3529 3085 peccato
3573 3036 3727 3075 sem-

2090 3102 2135 3163 C
2163 3112 2259 3166 per
2283 3099 2497 3173 jubetur
2544 3099 2955 3169 oﬁ‘erri;signat
3001 3111 3178 3157 tamen
3207 3104 3474 3160 Christum
3519 3111 3617 3183 qui
3672 3111 3724 3162 in

2163 3186 2559 3240 similitudinem
2606 3188 2778 3241 carnis
2833 3190 3035 3257 peccati
3085 3202 3328 3248 ostensus
3374 3207 3487 3259 est,
3520 3205 3578 3250 et
3628 3213 3723 3267 pro

2165 3274 2358 3327 nostris
2403 3273 2609 3328 delictis
2663 3275 2873 3330 oblatus
2914 3286 3015 3330 est.
3057 3279 3173 3347 Ipse
3200 3282 3339 3336 enim
3383 3294 3603 3351 peccata
3632 3281 3751 3352 n65~

2164 3371 2275 3417 stra
2306 3365 2538 3431 portavit
2566 3366 2615 3417 iu
2648 3380 2873 3433 corpore
2900 3382 2999 3422 suo
3026 3383 3187 3438 super
3212 3371 3428 3439 lignum.
3458 3374 3724 3439 Quocirca

2161 3453 2206 3507 si
2233 3451 2300 3506 ad
2326 3453 2600 3521 pristinam
2650 3455 2872 3509 actionis
2918 3457 3098 3522 vitam,
3154 3470 3408 3528 quantum
3462 3462 3726 3518 Dominus

2161 3553 2256 3593 vos
2283 3540 2549 3594 custodire
2574 3540 2896 3608 dignabitur,
2923 3544 3096 3599 redire
3137 3561 3243 3600 non
3271 3550 3476 3621 valetis,
3526 3567 3724 3606 manus

2164 3636 2362 3681 vestras
2384 3628 2436 3682 in
2467 3629 2693 3683 sublime
2724 3632 3052 3698 porrigentes
3074 3634 3357 3701 ostendite,
3394 3640 3519 3706 quia
3546 3644 3721 3707 magis

2161 3716 2395 3795 cmlestia
2425 3731 2583 3784 quam
2631 3726 2836 3771 terrena
2866 3720 3098 3787 diligitis,
3132 3731 3186 3776 et
3230 3708 3395 3779 vestra
3438 3728 3549 3795 jam
3594 3746 3722 3783 con—

2160 3786 2375 3857 versatio
2404 3806 2455 3857 in
2488 3806 2628 3858 ctelis
2656 3816 2750 3858 est.
2798 3806 2891 3859 llis
2912 3786 3102 3862 vestr-te
3134 3786 3500 3878 promissionis
3527 3818 3717 3885 signis,

2158 3894 2350 3962 quibus
2375 3896 2541 3962 magis
2573 3896 2794 3948 Domino
2821 3910 2978 3963 quam
3010 3899 3220 3955 diabolo
3248 3905 3450 3958 servire
3483 3909 3718 3974 promit-

2159 3982 2271 4034 titis
2292 3982 2540 4049 gaudium
2571 3983 2725 4037 nobis
2748 3986 3127 4052 permaximum
3156 3992 3439 4056 exbibetis,
3467 3996 3616 4063 quia,
3664 4009 3720 4049 ut

2161 4069 2411 4122 Dominus
2443 4072 2710 4137 patefecit,
2743 4073 2807 4126 de
2838 4089 3095 4131 converso
3136 4091 3419 4146 peccatore
3464 4086 3717 4154 gaudium

2160 4156 2214 4208 ﬁt
2242 4158 2295 4209 in
2324 4159 2446 4211 creto
2461 4175 2632 4215 coram
2659 4164 2847 4231 angelis
2867 4163 2980 4216 Dei.
3007 4165 3156 4233 (Luc.
3180 4168 3289 4235 xv).
3318 4169 3423 4224 Nisi
3451 4174 3595 4227 enim
3611 4174 3720 4228 Do-

2158 4245 2329 4298 minus
2366 4246 2434 4301 de
2480 4250 2826 4304 conversione
2870 4262 3044 4307 vestra
3075 4255 3356 4323 gauderet,
3412 4261 3721 4317 nullatenus

2160 4332 2427 4388 hominem
2454 4338 2721 4404 perditum
2770 4342 2820 4393 in
2853 4342 3007 4396 terris
3034 4356 3313 4412 qumreret,
3346 4358 3400 4402 et
3428 4355 3716 4419 quasitum

2085 4419 2131 4477 D
2158 4431 2327 4473 morte
2344 4436 2438 4475 sua
2472 4424 2769 4479 redimeret.
2788 4425 3045 4497 Prodigus
3072 4433 3266 4486 ctenim
3296 4436 3454 4501 ﬁlias,
3484 4439 3586 4493 hoc
3610 4449 3716 4506 est,

2156 4510 2364 4575 gentilis
2394 4513 2634 4579 populus,
2676 4516 2765 4582 qui
2793 4531 3003 4572 omnem
3035 4522 3384 4578 substantiam
3426 4542 3576 4581 suam
3605 4530 3718 4584 dis-

2154 4598 2426 4665 sipavcrat
2457 4602 2682 4656 vivendo
2732 4604 3018 4671 [uxor-inse,
3044 4624 3165 4664 mox
3188 4620 3246 4664 ut
3273 4614 3341 4668 ad
3384 4612 3595 4670 Patrem
3624 4634 3715 4673 τοι

2153 4685 2263 4751 diit,
2299 4687 2520 4742 dicendo
2551 4708 2562 4741 :
2603 4689 2787 4756 Pater,
2820 4698 3018 4761 peccavi
3046 4698 3099 4750 in
3147 4701 3325 4753 ca’lum
3353 4712 3400 4753 et
3431 4720 3609 4757 coram
3642 4717 3709 4766 te,

2146 4776 2260 4843 jam
2305 4792 2405 4828 non
2457 4794 2567 4830 sunt
2594 4780 2775 4849 dignus
2827 4787 2998 4837 vocari
3023 4787 3161 4855 ﬁlius
3192 4796 3324 4853 tuus,
3359 4793 3443 4860 [ac
3470 4811 3550 4848 me
3575 4798 3714 4849 sicut

2152 4878 2303 4914 unum
2333 4881 2396 4916 ea:
2446 4870 2772 4921 mercenariis
2801 4873 2899 4923 tuis
2925 4871 3131 4943 (Μήτι),
3163 4878 3339 4930 statim
3366 4881 3433 4934 ab
3464 4882 3582 4950 ipso
3614 4886 3713 4940 be-
3776 4896 3782 4913 ’

2153 4954 2416 5020 nigue'est
2443 4968 2737 5027 susceptus,
2782 4978 2845 5015 ac
2874 4980 2969 5031 pro
2998 4966 3199 5024 reditus
3238 4972 3351 5037 ejus
3399 4974 3579 5029 laetitia
3630 4978 3712 5030 vi-
3778 4950 3783 4959 ’

2153 5042 2290 5097 tulus
2312 5046 2517 5101 occisus
2543 5056 2652 5113 est,
2682 5050 2900 5117 ipseque
2921 5054 3056 5108 stola
3088 5058 3253 5124 prima
3283 5069 3335 5113 et
3364 5062 3708 5119 calceamen-

2152 5137 2218 5198 tis
2242 5147 2320 5190 est
2366 5138 2597 5193 indutus.
2640 5140 2811 5195 Patris
2838 5144 2995 5212 hujus
3020 5146 3128 5203 duo
3168 5148 3257 5204 lilii
3306 5151 3515 5219 fratres,
3569 5155 3711 5210 alter

2151 5226 2289 5291 apud
2324 5228 2531 5281 Patrem
2564 5234 2835 5298 remansit,
2861 5234 2995 5289 alter
3020 5252 3144 5292 vero
3174 5241 3424 5310 dissipata
3452 5245 3708 5299 substan-

2153 5314 2221 5365 tia
2273 5315 2500 5369 vivendo
2539 5319 2804 5375 luxuriose
2833 5338 2860 5375 a
2892 5334 3043 5391 patre
3084 5331 3325 5383 recessit.
3367 5331 3524 5386 Pater
3570 5347 3705 5402 ergo

2152 5400 2335 5453 horum
2366 5402 2581 5458 fratrum
2615 5407 2748 5462 Deus
2769 5413 3099 5480 onmipotens
3129 5416 3457 5485 intelligitur,
3484 5419 3575 5487 qui
3609 5400 3708 5475 ha-

2152 5493 2263 5581 buit
2290 5493 2420 5547 duos
2449 5496 2582 5553 ﬁlios
2608 5516 2619 5550 :
2646 5516 2866 5567 quorum
2891 5505 3057 5571 major
3071 5505 3283 5561 Judrcos
3299 5509 3585 5578 signiﬁcat,
3611 5514 3708 5581 qui

2154 5579 2202 5670 in
2228 5581 2428 5635 cultura
2478 5588 2631 5640 unius
2664 5589 2751 5643 Dei
2786 5599 3413 5677 permanseruntumiuor
3440 5614 3594 5665 vero,
3632 5579 3709 5655 tot

2154 5667 2349 5724 dictum
2376 5681 2477 5741 est,
2510 5678 2757 5745 populum
2782 5679 3043 5748 signiﬁcat
3070 5667 3323 5755 gentium,
3354 5689 3463 5757 qui,
3492 5690 3709 5747 relicto
