3886 6226
559 406 669 460 625

1686 396 1742 449 S.
1787 394 1984 448 ECIGI!
2023 390 2295 446 NOVIO“.
2339 388 2547 443 EPISC.

3683 372 3777 429 Gil

558 525 703 579 neat,
732 520 789 568 ut
816 513 894 567 sit;
918 505 1111 566 amissa
1133 507 1347 570 defleat,
1377 518 1441 558 ne
1462 503 1653 557 iterum
1675 501 1845 567 flenda
1870 501 2113 580 commit-
2144 518 2189 575 Α
2216 496 2619 563 dedignaretur;
2675 500 2727 544 et
2760 488 2880 542 ideo
2927 494 3116 541 unctus
3175 484 3334 548 Deus,
3367 482 3490 549 quia
3518 489 3575 535 et
3624 481 3776 534 homo
3874 466 3875 469 ¹

561 616 657 670 tat,
684 611 945 673 quatenus
973 600 1153 655 divino
1202 595 1436 650 munitus
1480 592 1697 653 auxilio,
1732 590 1965 647 facinora
1995 603 2111 658 qua:

558 695 720 763 gessit
752 705 938 748 severa
970 688 1213 756 corporis
1242 684 1528 738 afﬂictione
1578 689 1631 735 et
1658 680 2115 749 eleemosynarum

561 784 797 853 largiﬂna
830 777 1196 847 redemptione
1226 780 1414 843 purget
1460 778 1618 839 atque
1644 776 1939 825 consumat.
1968 765 2117 853 \Sic-

558 888 662 945 que
707 880 996 927 r.-novatus
1034 865 1241 934 irriguis
1271 864 1628 933 lacrymarum
1683 849 1936 921 fontibus,
1968 842 2118 909 \ante

560 974 905 1034 conspectum
938 958 1196 1014 tremendi
1215 954 1414 1011 iudicis
1432 953 1657 1006 mundus
1676 956 1947 1019 appareat,
1963 947 2120 1015 digne

561 1058 627 1112 ab
670 1059 784 1125 ipso
826 1068 924 1123 pro
971 1047 1263 1106 benefactis
1316 1060 1435 1115 quae
1490 1043 1617 1098 fecit
1644 1039 1996 1096 coronandus.
2056 1035 2121 1089 Et

561 1149 686 1217 quia
711 1147 763 1199 in
785 1145 886 1198 hac
905 1142 991 1199 die
1015 1138 1374 1195 sacratissima
1405 1137 1539 1189 ftunt
1566 1132 1791 1203 plurima
1850 1131 1905 1184 in
1936 1136 2143 1183 sancta

561 1237 816 1300 Ecclesia,
850 1247 967 1302 quae
994 1225 1484 1286 necessariodebet
1528 1224 1664 1278 scire
1712 1228 1891 1276 vestra
1938 1218 2119 1272 indus-

563 1328 684 1392 tria,
731 1325 868 1379 sicut
920 1316 1290 1391 prenitentium
1356 1312 1743 1376 reconciliatio,
1800 1309 1938 1376 sacri
2017 1307 2121 1360 o'ei

563 1413 882 1476 benedictio,
940 1407 1110 1465 sancti
1166 1403 1469 1462 chrismatis
1522 1400 1807 1466 confectio,
1887 1396 2118 1449 fraterna

563 1508 756 1577 pedum
822 1502 1042 1561 ablutio,
1110 1495 1450 1565 ecclesiarum
1495 1507 1710 1561 quoque
1758 1499 1811 1543 et
1848 1499 2120 1541 sacrorum

564 1607 809 1651 vasorum
883 1585 1203 1659 puriﬁcatio,
1257 1583 1475 1650 dignum
1525 1577 1894 1648 jndicavimus,
1950 1587 2120 1640 quan-

566 1695 677 1741 tum
704 1682 955 1737 Dominus
1032 1676 1257 1739 dederit,
1358 1672 1471 1723 hcc
1544 1674 1734 1722 vestrae
1806 1662 2120 1717 lraternitati

562 1775 842 1829 disserere.
861 1766 1292 1831 Cltristusitaqtte
1321 1762 1371 1814 in
1396 1761 1491 1814 hac
1504 1759 1585 1813 die
1607 1764 1724 1829 post
1746 1756 1973 1827 typicum
1997 1754 2121 1807 illud

2218 587 2357 666 Deus
2382 583 2552 637 factus
2580 589 2661 636 est
2688 579 2946 635 Christus.
3003 578 3117 631 Non
3171 576 3343 643 potuit
3397 574 3639 642 apertius
3686 574 3781 626 dici

2217 663 2410 729 nomen
2434 672 2627 725 Christi
2649 685 2806 739 quam
2830 676 2887 722 ut
2914 669 3183 722 diceretur
3228 674 3417 717 unctus
3449 664 3607 717 Deus.
3645 661 3781 716 Dixit

2208 774 2394 827 autem
2424 763 2593 826 unxit,
2624 774 2728 813 non
2754 758 2889 812 dixit
2911 766 3154 809 uncturus
3184 764 3280 821 est,
3301 752 3427 821 quia
3448 752 3500 804 in
3524 751 3785 819 praedesti-

2218 854 2432 906 natione
2456 852 2560 921 jam
2583 849 2782 904 factum
2812 854 2927 902 erat
2968 845 3109 913 quod
3138 844 3329 897 beatus
3362 841 3553 895 Petrus
3577 839 3628 893 in
3658 853 3780 909 apo.

2218 942 2479 995 stolorum
2536 939 2753 995 Actibus
2798 936 2979 991 dixit:
3010 933 3160 988 Hunc
3206 933 3383 987 Iesum
3430 948 3465 983 α
3527 930 3783 982 Nasareth

2218 1048 2364 1103 quem
2384 1032 2534 1105 unxit
2561 1028 2699 1082 Deus
2729 1026 2928 1097 Spiritu
2953 1033 3131 1078 sancto
3163 1022 3299 1090 (Art.
3332 1020 3410 1088 ι).
3455 1017 3663 1072 Unctus
3710 1025 3787 1070 est

2219 1121 2525 1195 ergolesus
2554 1128 2611 1172 ut
2640 1118 2841 1171 dictum
2863 1123 2963 1179 eat,
2997 1127 3102 1166 non
3126 1111 3244 1166 oleo
3289 1108 3502 1175 visibili,
3530 1105 3626 1182 sed
3653 1104 3788 1159 dono

2220 1176 2403 1277 gratiis
2428 1205 2572 1274 quod
2604 1201 2799 1259 visibili
2852 1176 3179 1277 signiﬁcatur
3231 1203 3507 1264 unguento
3554 1176 3663 1262 quo
3691 1191 3787 1245 Ba-

2221 1272 2617 1364 ptizatus—ungit
2644 1272 2952 1346 Ecclesiatn.
2986 1286 3096 1342 Nec
3138 1294 3312 1339 tamen
3345 1293 3472 1337 tunc
3499 1289 3691 1336 unctus
3714 1289 3792 1334 est

2222 1385 2427 1453 Spiritu
2453 1390 2663 1444 sancto,
2686 1379 2901 1448 quando
2928 1392 3089 1445 super
3115 1391 3236 1431 eum
3283 1375 3616 1443 baptizatum
3654 1370 3793 1425 velut

2225 1473 2466 1528 columba
2492 1469 2768 1524 descendit
2810 1466 3022 1537 (Matth.
3054 1481 3145 1531 tu;
3185 1464 3352 1516 Marc.
3402 1479 3474 1525 tt;
3527 1459 3655 1513 Luc.
3700 1473 3791 1522 tu;

2223 1566 2380 1616 ,εὀαη.
2412 1563 2450 1630 ι)
2472 1577 2485 1624 ;
2511 1568 2637 1613 tunc
2657 1558 2797 1613 enim
2826 1572 3019 1624 corpus
3046 1569 3218 1617 suum,
3271 1553 3320 1607 il
3350 1561 3465 1615 est,
3497 1547 3794 1603 Ecclesiam

2223 1669 2396 1716 suun,
2427 1648 2766 1719 praetigurare
2782 1645 3029 1713 dignatus
3058 1652 3159 1708 est,
3188 1644 3240 1695 in
3261 1655 3366 1708 qua
3388 1637 3643 1707 baptizati
3664 1649 3795 1705 pra-

2225 1746 2381 1807 cigme
2410 1738 2675 1807 accipiunt
2700 1734 2955 1803 Spiritum
2980 1742 3224 1786 sanctum
3277 1730 3349 1783 ita
3377 1727 3603 1797 mystica
3624 1733 3682 1779 et
3711 1724 3794 1778 in-

567 1864 769 1920 Pasclta
798 1858 1119 1927 completum
1164 1815 1229 1907 ad
1259 1865 1438 1905 verum
1473 1815 1671 1903 Pascha
1701 1815 1978 1911 transiens,
2006 1858 2121 1912 my-
2152 1835 2198 1893 Β
2227 1831 2420 1885 Visibili
2452 1828 2722 1883 ιιηεῐίοιιου
2755 1824 2857 1878 Alii
2886 1832 3064 1877 autem
3113 1835 3267 1890 78895
3294 1821 3384 1889 (ἰοί
3426 1828 3611 1888 typum
3660 1815 3797 1870 ium

2401 1920 2411 1927 .
2560 1926 2563 1927 ,
2650 1924 2659 1927 Α
2797 1921 2799 1925 ι
2911 1914 2925 1927 1
2984 1912 3037 1927 Α·
3092 1911 3103 1923 ι
3140 1912 3173 1927 .-
3222 1918 3475 1927 ,s,,-,.,s
3513 1902 3771 1927 h2-.2-__e

564 1954 785 2012 sterium
821 1947 1059 2018 corporis
1108 1952 1163 2000 et
1189 1942 1462 2011 sanguinis
1492 1941 1573 1994 sui
1602 1939 1829 2009 primum
1870 1934 2125 2005 apostolis

568 2044 803 2108 tradidit,
834 2051 888 2095 et
915 2046 1133 2107 propter
1162 2032 1472 2090 humilitatis
1505 2028 1728 2092 formam
1753 2022 2127 2081 commendan-

566 2138 686 2191 dam
716 2149 782 2190 eo
811 2132 895 2186 die
924 2128 1084 2198 pedes
1113 2136 1301 2179 eorum
1344 2119 1494 2185 lavit,
1516 2125 1571 2171 et
1596 2117 1720 2170 hinc
1747 2122 1829 2169 est
1857 2112 1999 2181 quod
2028 2125 2125 2166 eo-

566 2228 687 2281 dem
717 2224 834 2287 die,
883 2216 1070 2272 altaria
1123 2210 1415 2280 templique
1443 2208 1671 2277 parietes
1718 2213 1773 2260 et
1809 2202 2126 2274 'pavimenta

569 2314 837 2372 lavantur,
870 2314 925 2359 et
961 2317 1085 2357 rasa
1123 2299 1487 2371 pttrilicantur.
1519 2296 1634 2361 Quo
1672 2294 1759 2349 die
1804 2293 1963 2348 etiam
2014 2305 2125 2372 poe-

568 2401 800 2473 nitentes
825 2362 1268 2455 reconciliantur,
1299 2389 1445 2456 quia.
1475 2384 1698 2444 scilicet,
1731 2383 1847 2449 ipsa
1889 2378 1975 2431 die
2024 2362 2127 2445 qua

568 2495 904 2545 sacramenta
930 2482 1173 2553 corporis
1201 2488 1257 2535 et
1300 2477 1573 2545 sanguinis
1594 2473 1675 2527 sui
1723 2471 1978 2525 Dominus
2023 2466 2129 2538 pri-

571 2595 714 2635 tuum
746 2575 975 2633 confecit
1002 2588 1064 2626 ac
1085 2564 1617 2643 discipulis‘tradidit,
1652 2561 1935 2637 oportebat
1983 2566 2037 2611 ut
2063 2555 2129 2610 ad

574 2673 688 2724 haec
710 2661 1072 2736 praesumenda
1102 2657 1422 2728 pmnitentes
1447 2658 1908 2714 restaurarentur;
1930 2662 2014 2712 eo,
2046 2647 2127 2699 vi-

571 2760 786 2824 delicet,
816 2765 1057 2822 tempore
1085 2766 1190 2820 quo
1221 2746 1436 2814 sanguis
1456 2743 1651 2799 Christi
1680 2743 1734 2796 in
1763 2739 2128 2795 remissionem

572 2856 915 2921 peccatorum
945 2844 1092 2897 lusus
1115 2844 1215 2895 est.
1239 2836 1438 2891 Eodem
1468 2834 1695 2900 denique
1724 2829 1811 2883 die
1842 2869 1857 2893 ,
1910 2824 2133 2896 proinde

572 2913 811 2995 sanctum
841 2931 1072 2988 chrisma
1093 2923 1390 2989 conficitur,
1412 2922 1535 2990 quia
1549 2930 1662 2973 αιιιε
1688 2918 1894 2984 biduum
1922 2913 2136 2966 Paschce

573 3029 737 3085 Maria
766 3034 926 3094 caput
953 3018 1162 3074 Domini
1212 3031 1276 3070 ac
1334 3012 1494 3082 pedes
1524 3014 1793 3077 unguento
1841 3002 2136 3075 peifudisse

573 3091 881 3191 perhibetur
902 3108 1095 3181 (Marc.
1123 3104 1253 3176 stv).
1286 3101 1435 3177 unde
1461 3107 1517 3154 et
1567 3096 1820 3152 Dominus
1868 3091 2138 3160 discipulis

2228 1920 2594 1990 pnezulerunt,
2612 1924 2666 1970 et
2688 1914 2964 1983 regnando
2980 1911 3177 1967 Christi
3206 1918 3485 1965 consortes
3504 1902 3632 1961 dicti
3649 1912 3792 1965 sunt,

2228 2012 2347 2067 oleo
2377 2006 2707 2076 corruptibili
2733 2011 2858 2059 sunt
2902 2002 3080 2065 uncti;
3127 2000 3215 2055 hic
3260 2012 3386 2069 vero
3442 1997 3535 2051 Dei
3590 1994 3799 2055 Filius,

2226 2100 2373 2155 salio
2396 2096 2657 2168 superiori
2704 2109 2884 2156 sensu.
2918 2107 2948 2145 a
2980 2091 3091 2146 Deo
3116 2088 3293 2152 Patre,
3326 2087 3445 2143 oleo
3485 2084 3801 2141 exsultatio-

2226 2191 2328 2253 nis,
2356 2191 2457 2243 hoc
2476 2194 2574 2250 est,
2598 2182 3024 2247 resurrectionis,
3057 2177 3386 2234 ascensionis
3410 2216 3425 2242 ,
3476 2174 3800 2229 dominatio-
3874 2200 3875 2227 γ

2228 2280 2435 2345 nisque,
2466 2283 2550 2330 est
2576 2273 2865 2334 delibutus,
2896 2246 3021 2339 quia
3073 2268 3317 2323 Christus
3370 2274 3561 2319 natura
3615 2271 3803 2315 unctus

2229 2328 2597 2436 (Duxi—amr),
2639 2375 2736 2416 nos
2768 2328 2864 2428 per
2902 2328 3149 2425 gratiam.
3184 2354 3347 2408 Nobis
3374 2352 3517 2406 enim
3546 2352 3616 2405 ad
3664 2365 3805 2404 men-

2228 2430 2405 2511 suram
2432 2451 2588 2507 datur
2640 2450 2837 2503 donum
2864 2446 3068 2516 gratiae,
3101 2443 3371 2516 dividente
3417 2442 3536 2509 ipso
3582 2437 3804 2507 singulis
3874 2430 3875 2503 ᾖ

2229 2552 2380 2614 prout
2408 2543 2510 2596 vult
2528 2559 2546 2606 ;
2568 2541 2619 2595 in
2644 2539 2855 2594 Christo
2870 2512 3083 2614 autem,
3117 2542 3172 2587 ιιι
3196 2512 3331 2587 dixit
3362 2529 3681 2601 Apostolus,
3714 2529 3802 2578 hs-
3874 2534 3875 2587 j

2231 2634 2356 2688 bitat
2381 2634 2545 2689 omnis
2566 2631 2700 2701 pleni
2709 2631 2825 2682 tudo
2843 2627 3119 2681 divinitatii
3136 2622 3469 2691 corporaliter
3485 2617 3711 2700 (Cpiass.
3729 2622 3802 2680 tt).

2235 2688 2667 2793 Undepropheta
2702 2738 2714 2774 :
2752 2719 3041 2785 Requiescet
3090 2688 3241 2783 super
3288 2728 3402 2765 eum
3432 2688 3666 2778 Spiritus
3702 2706 3806 2758 Do-

2232 2816 2378 2874 mini,
2412 2812 2639 2880 Spiritus
2667 2809 2936 2877 sapientia:
2962 2812 3011 2858 et
3044 2803 3345 2863 intellectus,
3378 2797 3607 2865 Spiritus
3635 2794 3801 2846 δοκεί-
3874 2840 3875 2853 χ

2235 2904 2290 2956 lii
2309 2912 2356 2955 et
2386 2899 2722 2971 fortitudinis,
2741 2895 2965 2964 Spiritus
2992 2891 3220 2945 scientia
3239 2898 3285 2941 et
3311 2888 3537 2954 pit-tutis,
3559 2894 3609 2937 et
3640 2882 3806 2950 reple-

2237 2992 2305 3044 έιὶι
2333 3006 2445 3042 eum
2466 2988 2693 3057 Spiritus
2718 2985 2915 3037 timoris
2938 2982 3144 3037 Domini
3170 2979 3304 3051 (lsa.
3325 2980 3419 3046 si).
3448 2975 3654 3030 Omnes
3680 2988 3806 3027 vero
3874 2978 3875 3047 ζ

2238 3083 2430 3144 sancti,
2460 3093 2566 3132 non
2597 3074 2981 3147 plenitudinem
3011 3071 3237 3141 Spiritus
3261 3070 3397 3136 ejus,
3429 3066 3524 3121 sed
3546 3065 3611 3118 de
3637 3063 3807 3135 pleni-
3874 3078 3875 3109 ξ

574 3152 1601 3267 δγιὲἔὶᾶἱιὶῑᾳίιιιγρδῐδὶάιιαηι
1635 3186 1841 3241 Pascha
1861 3184 1969 3253 fiet,
1990 3152 2039 3234 et
2068 3180 2131 3249 ᾖ·
2162 3171 2208 3241 C
2241 3174 2412 3225 tudine
2442 3169 2574 3238 ejus,
2604 3175 2861 3235 quantum
2883 3164 2973 3217 ille
3002 3160 3188 3222 donat,
3221 3158 3491 3225 accipiunt
3535 3152 3719 3223 (Joan.
3747 3158 3806 3215 t).
3874 3194 3875 3219 ἲ

2243 3257 2258 3267 -
2655 3254 2666 3264 ι
2728 3266 2731 3267 ν
2785 3252 2797 3262 -
2833 3259 2945 3267 .,,_
2981 3251 3116 3267 In“---
3166 3253 3284 3267 --μ
3315 3244 3497 3267 -..ΔηιΑ
3556 3258 3656 3267 ___
3693 3238 3785 3267 qn;
3874 3230 3875 3251 δ

579 3299 678 3351 lius
728 3292 963 3347 Hominis
1023 3287 1249 3343 tradetur
1302 3292 1357 3336 ut
1424 3280 1753 3349 cruciﬁgatur
1804 3275 1983 3346 (Joun.
2040 3286 2134 3335 xx;

520 3426 525 3430 .
592 3385 779 3440 Matth.
811 3376 1237 3449 xxvr).Chrisma
1268 3366 1445 3440 igitur,
1463 3371 1563 3424 hoc
1577 3378 1679 3432 est,
1697 3359 2137 3420 unctioaChristi

580 3476 792 3533 nomine
842 3447 1067 3537 sumpsit
1122 3463 1457 3529 Vocabulum.
1516 3456 1734 3511 Messias
1772 3464 1999 3519 namque
2039 3447 2141 3501 lle-

582 3567 779 3629 braice,
807 3562 1049 3617 Christus
1076 3555 1283 3620 Gmce,
1311 3563 1501 3607 unctus
1528 3547 1719 3603 dicitur
1750 3544 1955 3598 Latine.
1991 3538 2140 3593 Unde

584 3627 897 3710 Psalmista:
931 3648 1202 3717 Propterea
1231 3682 1247 3709 ,
1296 3641 1506 3708 inquit,
1557 3638 1702 3690 unxit
1744 3644 1791 3687 te
1821 3631 1956 3685 Deus
2006 3627 2142 3680 Deus

584 3762 698 3803 tuus
720 3745 830 3800 oleo
874 3741 1067 3795 latitia:
1092 3751 1198 3805 pra:
1225 3729 1555 3805 participibus
1586 3729 1685 3779 tuis
1725 3722 1944 3792 (l'salm.
1980 3732 2097 3771 κων
2126 3734 2138 3780 ;

588 3835 746 3889 Hebr.
771 3834 832 3902 t).
854 3829 963 3902 Cur
988 3828 1140 3882 unxit
1169 3824 1252 3879 te?
1285 3822 1353 3878 Ut
1376 3820 1623 3886 diligeres
1642 3814 1895 3884 justitiam
1917 3818 1971 3864 et
1998 3807 2143 3863 odis-

585 3939 674 3980 ses
701 3897 1034 3991 iniquitatem
1064 3955 1080 3981 ,
1132 3914 1275 3981 quod
1304 3913 1375 3964 ita
1418 3918 1500 3965 est
1544 3904 1943 3971 intelligendum
1975 3918 1986 3951 :
2015 3897 2059 3951 Ο
2090 3905 2145 3951 ιιι

592 4017 749 4077 Deus,
781 3987 834 4066 id
860 4017 959 4074 est,
987 4004 1105 4069 Fili,
1137 4016 1277 4058 nunc
1298 4009 1351 4055 te
1380 4000 1515 4053 Deus
1546 4005 1684 4059 tuus,
1709 3994 1811 4047 hoc
1839 3999 1942 4055 est,
1964 3987 2143 4050 Pater,

588 4106 673 4163 cui
700 4120 758 4160 es
786 4086 1250 4159 consubstantialis
1272 4100 1328 4147 et
1344 4098 1641 4147 coaeternus
1672 4084 1853 4150 Filius,
1871 4081 2021 4137 unxit
2053 4086 2105 4132 te
2129 4079 2141 4129 !

591 4199 901 4271 Quomodo?
929 4195 1084 4261 Dleo,
1112 4191 1332 4253 scilicet,
1363 4184 1626 4250 invisibili,
1655 4198 1759 4236 non
1780 4178 2002 4234 visibili:
2037 4176 2147 4229 oleo

591 4263 968 4347 ettsultalionis.
992 4285 1158 4344 Idem,
1190 4282 1304 4349 ipso
1328 4278 1526 4345 Spiritu
1550 4281 1734 4328 sancto
1760 4270 1848 4338 qui
1890 4268 1943 4320 in
1971 4263 2149 4332 specie

593 4382 849 4440 columba:
876 4390 1037 4448 super
1065 4374 1212 4428 illum
1242 4368 1509 4439 apparuit,
1530 4379 1637 4433 quo
1662 4363 1823 4417 etiam
1855 4365 2149 4425 conceptus

594 4483 648 4527 et
676 4483 829 4526 natus
859 4478 967 4532 est,
1013 4473 1069 4521 et
1095 4464 1163 4519 de
1190 4476 1297 4532 quo
1340 4458 1406 4513 ad
1451 4455 1737 4526 Baptistam
1784 4452 1981 4506 dictum
2028 4457 2144 4502 est:

597 4562 763 4627 Super
781 4573 925 4628 quem
951 4553 1135 4612 videris
1161 4550 1412 4619 Spiritum
1450 4544 1828 4600 descendentem
1866 4548 1913 4594 et
1934 4555 2146 4592 manen-

600 4662 865 4714 temsuper
892 4644 1151 4711 eum,ipse
1173 4647 1247 4692 est
1290 4638 1373 4705 qui
1406 4635 1625 4703 baptisat
1648 4634 1701 4684 in
1737 4631 1934 4699 Spiritu
1975 4634 2153 4681 sancto

602 4738 759 4804 (loan
814 4740 887 4803 ι);
926 4735 993 4789 de
1013 4746 1138 4802 quo,
1169 4738 1227 4784 ut
1249 4726 1604 4798 przediximus,
1624 4721 1845 4792 mystice
1869 4726 1952 4773 est
1979 4726 2153 4779 natus,

600 4841 655 4883 et
682 4825 970 4881 secundum
992 4822 1329 4877 traditionem
1362 4818 1545 4887 ipsius,
1566 4812 1814 4884 haptizati
1838 4809 2004 4865 renati
2033 4814 2157 4861 sunt

602 4920 655 4972 in
686 4934 792 4986 quo
817 4915 933 4975 solo
955 4912 1299 4981 baptismate,
1332 4909 1473 4978 quod
1499 4908 1549 4960 in
1573 4904 1833 4959 catholica
1857 4899 2157 4956 celebratur

608 5006 867 5068 Ecclesia,
899 5002 956 5054 fit
983 4999 1223 5054 remissio
1252 5005 1604 5066 peccatorum,
1622 5008 1714 5061 per
1734 5006 1854 5045 eum
1878 4989 1961 5058 qui
1983 5001 2160 5056 pecca-

610 5108 711 5145 tum
749 5108 851 5145 non
892 5092 1031 5159 fecit,
1080 5102 1170 5141 nec
1227 5086 1454 5137 iuuentus
1502 5094 1591 5134 est
1632 5080 1778 5131 dolus
1829 5078 1880 5130 in
1924 5093 2010 5130 ore
2048 5076 2159 5143 ejus

610 5183 657 5246 (1
692 5181 832 5235 Petr.
861 5182 939 5244 tt).
972 5176 1134 5231 David
1178 5175 1338 5229 etiam
1373 5172 1549 5226 vultus
1579 5176 1808 5232 nostros,
1842 5167 1961 5221 oleo
2008 5164 2160 5220 exhi-
2190 5172 2191 5175 ‘

614 5268 849 5332 larando,
881 5268 930 5320 id
958 5274 1057 5329 est,
1088 5272 1291 5318 mentes
1331 5270 1560 5325 nostras,
1588 5260 1755 5328 gratia
1784 5257 2010 5327 Sp'ritus
2034 5269 2160 5309 san-

613 5360 685 5413 cti
716 5359 896 5426 (quam
924 5353 1166 5422 designat
1190 5350 1477 5406 materialis
1517 5350 1620 5403 olei
1674 5347 1873 5409 unctio,
1900 5359 2007 5414 qua
2047 5358 2157 5397 cor-

617 5450 868 5519 poraliter
918 5453 1182 5513 unguntur
1229 5442 1431 5511 fideles)
1482 5438 1821 5495 illustrandas
1872 5434 2163 5505 praecinuit.

620 5543 820 5599 Unctus
846 5550 928 5598 est
955 5543 1083 5610 ergo
1106 5540 1259 5593 nobis
1282 5540 1438 5604 Dens,
1471 5548 1524 5592 et
1551 5536 1742 5590 missus
1769 5543 1848 5587 est
1876 5534 2057 5597 nobis;
2117 5540 2170 5585 et

622 5643 738 5712 ipse
764 5641 901 5700 Deus
928 5654 986 5696 ut
1035 5641 1538 5709 ungeretur,homi-
1566 5643 1712 5697 erat;
1743 5633 1835 5689 sed
1889 5634 1958 5686 ita
2014 5632 2173 5685 homo

621 5749 760 5804 erat,
791 5748 851 5799 ut
879 5737 1014 5794 Deus
1039 5748 1200 5795 esset.
1226 5736 1301 5790 Ita
1328 5734 1463 5813 Deus
1494 5745 1627 5802 erat,
1664 5743 1715 5788 ut
1743 5734 1902 5790 homo
1932 5748 2048 5788 esse
2070 5749 2173 5788 non

2242 3257 2557 3326 lpseautem
2579 3254 2690 3321 qui,
2714 3252 2948 3306 existens
2981 3251 3118 3301 lleus
3164 3253 3287 3298 ante
3314 3244 3524 3310 smcula,
3556 3258 3656 3311 per
3693 3238 3810 3308 Spi-

2240 3348 2398 3399 ritum
2428 3350 2669 3398 sanctum
2698 3340 2752 3393 in
2779 3346 2930 3391 utero
2955 3334 3183 3403 Virginis
3208 3335 3368 3388 homo
3412 3339 3713 3400 ooztceptus
3734 3340 3810 3383 est
3874 3348 3875 3403 ἦ

2239 3438 2291 3490 in
2318 3435 2419 3488 line
2443 3431 2776 3494 saecu'orum,
2803 3427 2872 3481 ibi
2902 3425 2969 3479 ab
3020 3425 3209 3480 eodem
3251 3421 3451 3490 Spiritu
3483 3427 3684 3473 unctus
3729 3426 3811 3471 est

2249 3525 2336 3578 ubi
2366 3527 2677 3589 conceptus,
2707 3531 2806 3571 nec
2834 3524 2960 3569 ante
2984 3521 3275 3578 ronceptus
3305 3550 3319 3572 ,
3368 3517 3424 3561 et
3471 3505 3813 3577 postmodum

2246 3620 2434 3667 unctus
2462 3619 2563 3673 est,
2588 3607 2681 3662 sed
2710 3607 2813 3659 hoc
2842 3605 3014 3672 ipsum
3043 3600 3109 3654 de
3129 3599 3329 3667 Spiritu
3356 3605 3547 3650 sancto
3573 3603 3631 3648 et
3654 3609 3814 3649 carne

2246 3703 2475 3771 Virginis
2502 3698 2733 3766 concipi,
2754 3694 2953 3765 Spiritu
2979 3699 3165 3747 sancto
3185 3690 3308 3759 ungi
3341 3688 3456 3743 fuit.
3482 3686 3675 3755 Itaque
3694 3695 3818 3740 sunt

2246 3790 2534 3860 participes
2559 3786 2674 3855 ejus
2705 3784 2794 3837 lilii
2841 3782 3115 3838 hominum
3149 3820 3165 3845 ,
3220 3778 3345 3847 quia
3392 3786 3448 3847 et
3485 3776 3601 3846 ipse
3650 3773 3819 3828 Filius

2245 3880 2473 3936 hominis
2501 3869 2765 3946 Particeps
2793 3872 2967 3927 faetus
2997 3878 3080 3925 est
3121 3865 3463 3921 mortalitazis
3500 3863 3745 3929 illorum,
3766 3869 3823 3914 nt

2248 3974 2447 4028 faceret
2476 3967 2764 4039 participes
2801 3958 3217 4016 immortalitatis
3241 3969 3369 4017 sua),
3401 3968 3562 4023 quam
3595 3952 3819 4006 immor-

2248 4038 2505 4117 talitatem
2529 4053 2737 4123 assequi
2764 4050 3020 4114 valemus,
3044 4047 3090 4102 si
3116 4046 3272 4100 modo
3304 4057 3395 4112 per
3425 4038 3819 4096 confessionem

2247 4151 2433 4217 dignos
2454 4142 2776 4215 pmnitentiie
2804 4139 3009 4193 fructus
3038 4134 3319 4206 espiatiet
3360 4130 3562 4185 meritis
3586 4144 3654 4184 ac
3698 4142 3822 4183 ors-

2249 4238 2478 4291 tionibus
2504 4240 2809 4299 sanctorum
2836 4228 3047 4282 Christo
3074 4220 3405 4279 reconciliati
3434 4256 3449 4280 ,
3507 4226 3681 4288 atque
3725 4230 3823 4286 per

2250 4325 2615 4396 acceptionem
2643 4318 2885 4389 corporis
2934 4323 2987 4369 et
3013 4312 3284 4381 sanguinis
3331 4309 3445 4375 ejus
3472 4307 3523 4360 in
3554 4306 3657 4362 lide
3676 4314 3824 4361 recta

2263 4395 2657 4487 permanentes,
2692 4424 2852 4463 unum
2878 4420 2996 4460 cuni
3020 4404 3109 4458 illo
3139 4402 3263 4455 facti
3296 4413 3497 4461 sumus,
3530 4396 3630 4465 ipsi
3655 4395 3827 4451 incor-

2179 4499 2225 4557 D
2252 4478 2421 4572 porati
2450 4502 2501 4556 in
2524 4513 2631 4569 quo
2653 4496 2897 4565 princeps
2941 4491 3099 4560 hujus
3128 4485 3305 4542 mundi
3339 4493 3394 4540 et
3418 4497 3571 4538 suum
3624 4478 3828 4549 aliquid

2260 4589 2535 4660 requisivit
2563 4594 2617 4641 et
2644 4584 2879 4639 invenire
2900 4596 3007 4636 non
3053 4577 3225 4653 potuit
3278 4574 3457 4645 (Joan.
3490 4572 3645 4641 ιιν),
3694 4583 3830 4641 quo-

2261 4679 2397 4732 niani
2424 4677 2565 4732 solus
2581 4676 2802 4729 estinter
2819 4679 3043 4725 mortuos
3063 4667 3207 4731 liber,
3230 4680 3324 4735 per
3344 4678 3502 4732 quem
3528 4674 3630 4714 nos
3649 4674 3685 4714 ι
3704 4672 3828 4729 pec-

2258 4769 2359 4823 cati
2388 4766 2600 4821 servitio
2629 4762 2800 4819 veraci
2828 4760 2933 4827 jam
2956 4758 3198 4812 libertate
3222 4750 3631 4818 solvimur,quia
3660 4748 3713 4803 ei
3742 4748 3828 4817 qui

2259 4871 2386 4911 vere
2415 4856 2547 4907 liber
2573 4860 2672 4915 est,
2704 4863 2799 4918 per
2840 4846 3081 4916 corporis
3127 4853 3184 4897 et
3211 4840 3481 4908 sanguinis
3522 4840 3643 4906 ejus
3671 4852 3829 4894 acce-

2264 4948 2498 5018 ptionem
2547 4942 2775 4996 unintur.
2824 4937 2974 4993 Sicut
3006 4934 3146 4991 enim
3177 4946 3300 4985 vere
3344 4944 3556 4984 carnem
3585 4922 3833 4998 corporis

2263 5014 2432 5090 nostri
2468 5031 2707 5086 Christus
2734 5026 3040 5094 assumpsit,
3066 5034 3115 5076 et
3147 5034 3269 5075 vere
3316 5020 3477 5074 homo
3504 5016 3597 5084 qui
3618 5030 3689 5071 ex
3719 5014 3833 5070 Ila-

2266 5127 2344 5180 ria
2374 5122 2585 5190 Virgine
2612 5109 2765 5174 natus
2786 5126 2868 5172 est
2899 5114 3053 5167 Jesus
3074 5111 3166 5164 Dei
3195 5111 3354 5164 Filius
3379 5117 3478 5172 est,
3508 5121 3617 5162 non
3639 5120 3831 5176 quem-

2269 5213 2551 5266 admodum
2580 5210 2670 5263 alii
2698 5206 2938 5260 homines
2976 5216 3070 5270 per
3108 5199 3354 5268 gratiam,
3405 5195 3498 5251 sed
3526 5204 3725 5251 natura
3750 5193 3833 5249 Fi-

2270 5304 2373 5376 lius
2392 5316 2458 5355 ex
2488 5295 2781 5354 substantia
2809 5291 2994 5358 Patris,
3028 5292 3098 5345 ita
3139 5304 3261 5343 vera
3288 5297 3370 5342 eat
3406 5301 3545 5349 caro
3572 5295 3631 5342 et
3676 5298 3835 5342 ναις

2270 5402 2350 5447 est
2378 5390 2591 5458 sanguis
2616 5386 2730 5455 ejus
2752 5398 2908 5455 quem
2938 5383 3002 5437 ad
3028 5378 3448 5434 manducandum
3462 5384 3517 5449 et
3536 5375 3837 5447 potarum

2274 5490 2326 5542 in
2353 5482 2603 5555 mysterio
2632 5476 3063 5543 sumimus,sicut
3089 5474 3199 5542 ipse
3232 5480 3455 5528 testatur
3479 5489 3494 5533 ;
3536 5479 3595 5523 et
3624 5468 3837 5539 hosqui

2274 5591 2401 5631 vere
2428 5575 2523 5629 sub
2548 5573 2799 5642 mysterio
2818 5579 3035 5623 carnem
3058 5575 3113 5620 et
3130 5557 3839 5630 sanguinemcorporisoill

2278 5666 2549 5727 sumimus,
2579 5679 2675 5731 per
2702 5676 2765 5723 ea
2813 5654 3125 5711 naturaliter
3175 5664 3339 5705 unum
3378 5664 3498 5704 cum
3540 5650 3637 5705 illo
3664 5644 3839 5705 διεδ

2282 5769 2415 5822 mur,
2445 5754 2495 5807 in
2541 5752 2735 5819 quibus
2767 5754 2945 5801 manet
2973 5751 3094 5814 post
3143 5741 3602 5796 consecrationem
3648 5734 3841 5793 simill-
