3886 6226
120 373 216 430 635

1564 367 1885 425 llOMIlJ/E.

3233 370 3336 427 (in;
3358 438 3359 441 η

120 483 240 537 tudo
268 477 416 551 panis
443 492 498 535 et
527 480 655 545 vini,
673 496 741 534 ne
765 482 833 534 sit
853 482 1067 550 quidam
1117 482 1305 535 horror
1334 479 1557 542 cruoris,
1580 479 1673 533 sed
1706 483 1750 539 Α
1777 493 1894 533 cum
1924 478 2061 532 alter
2089 492 2295 543 eorum,
2338 479 2571 546 gaudens
2596 483 2645 535 in
2677 482 2891 536 domum
2914 498 3061 536 suam
3086 499 3335 553 suscepe-

121 578 295 623 manet
318 571 369 623 in
397 574 471 622 els
498 570 674 636 gratia
705 570 1108 639 redemptionis.
1162 571 1234 623 De
1277 568 1506 622 naturali
1537 568 1677 620 enim

122 664 168 712 in
196 659 349 713 nobis
376 657 571 712 Cbri<ti
606 660 837 712 veritate
876 663 985 727 ipse
1010 658 1084 711 ait
1112 677 1123 710 :
1156 656 1291 711 Caro
1319 673 1431 709 mea
1465 672 1577 709 vero
1606 665 1679 708 cst

118 764 245 811 eaea,
270 758 323 800 et
366 749 575 816 sanguis
619 764 761 801 meus
808 765 920 801 rere
959 758 1035 802 est
1078 758 1255 816 potus;
1286 750 1369 818 qui
1420 749 1522 803 edit
1562 765 1678 799 tar-

120 852 223 889 nent
243 852 406 889 meam
436 846 482 887 et
504 834 633 887 bibit
661 836 965 904 sanguinem
1013 851 1198 901 meum,
1222 838 1275 889 in
1320 850 1397 887 me
1428 844 1595 888 manet
1634 844 1681 887 et

120 945 203 996 ego
228 929 280 980 ia
309 945 364 981 eo
395 926 569 994 (Joan.
598 930 697 996 vi).
748 926 822 981 De
851 927 1073 980 veritate
1101 926 1278 979 carnis
1304 933 1358 978 et
1405 924 1681 992 sanguinis

120 1019 226 1084 eius
250 1020 426 1079 nullus
455 1020 678 1073 relictus
703 1027 788 1073 est
830 1014 1128 1085 ambigendi
1167 1015 1344 1081 locus;
1379 1030 1519 1069 nunc
1540 1028 1681 1067 enim

117 1118 168 1164 et
192 1110 360 1179 ipsius
387 1107 597 1162 Domini
627 1106 998 1176 professione,
1056 1113 1113 1160 et
1167 1104 1268 1158 lide
1321 1112 1501 1157 nostra
1560 1117 1682 1156 vere

119 1212 239 1252 caro
267 1207 367 1258 est,
398 1208 452 1249 et
478 1212 604 1249 vere
634 1198 852 1263 sanguis
872 1202 971 1260 est,
1000 1203 1055 1249 et
1083 1194 1198 1249 haec
1247 1202 1465 1260 accepta
1522 1202 1682 1259 atque

118 1288 295 1340 hausta
323 1285 374 1339 id
400 1284 665 1352 efliciunt,
692 1295 753 1339 ut
778 1300 875 1339 nos
903 1287 957 1339 in
1010 1283 1221 1340 Christo
1249 1293 1323 1343 et~
1342 1284 1583 1339 Christus
1627 1284 1680 1337 in

114 1378 261 1434 nobis
279 1378 366 1433 sit.
392 1376 518 1432 Esto
546 1392 677 1447 ergo
699 1378 753 1433 in
783 1378 934 1433 nobis
958 1377 1071 1446 ipse
1112 1392 1207 1447 per
1235 1391 1471 1441 carnem,
1502 1384 1554 1430 et
1578 1390 1673 1429 suo

116 1488 224 1529 nus
253 1474 394 1528 ineo
440 1472 563 1526 dum
618 1472 911 1527 secundum
955 1471 1056 1526 hoc
1098 1470 1239 1539 quod
1264 1484 1358 1522 n-ls
1383 1483 1567 1522 sumus
1621 1467 1675 1520 iu

118 1563 219 1619 Deo
238 1572 338 1625 est.
358 1561 643 1631 Sciendum
668 1571 749 1616 est
780 1570 1034 1630 pra-terea
1057 1560 1179 1629 quia
1206 1559 1439 1627 Apostol.
1463 1574 1490 1612 s
1511 1559 1679 1626 ipsam

115 1652 471 1721 aceeptionem
497 1650 846 1706 Ettcharistia:
891 1647 1219 1702 Dominicant
1259 1661 1467 1701 ccenani
1522 1660 1619 1697 voc
1644 1654 1681 1697 ~t

118 1740 169 1809 (l
196 1743 312 1796 Cor.
346 1743 444 1807 si).
473 1740 582 1796 Sed
607 1738 871 1809 quosdam
908 1752 1124 1791 movere
1152 1746 1327 1806 potest
1352 1734 1495 1803 quod
1525 1733 1679 1788 Chri-

1780 568 1849 620 rit
1878 567 2175 631 Dominum,
2205 568 2337 621 alter
2364 568 2591 622 dixerit:
2625 566 2745 623 Non
2774 586 2883 623 sum
2910 572 3095 643 dignus
3111 582 3163 625 ut
3184 580 3341 628 imm

1779 656 1865 707 sub
1894 664 2079 711 tectum
2102 673 2284 710 meum.
2320 657 2490 712 Ambo
2536 656 2865 714 Salvatorem
2892 659 3337 729 honoriﬁcantcs,

1777 746 2015 813 diverso,
2047 755 2102 800 et
2143 748 2298 815 quasi
2347 749 2616 813 contrario
2660 748 2845 814 modo;
2902 751 3059 806 ambo
3107 760 3340 821 peccatis

1779 835 1981 900 miseri,
2013 837 2167 891 ambo
2197 837 2615 892 misericordiam
2664 840 2973 905 consecuti,
3026 850 3080 895 et
3120 842 3256 896 sicut
3287 844 3338 896 in

1780 926 1953 995 primo
1982 926 2175 995 populo
2233 926 2512 997 unicuique
2565 929 2772 997 piorum
2821 943 3013 985 manna
3050 932 3338 987 secundum

1780 1015 2046 1086 propriam
2072 1016 2398 1072 voluntatem
2428 1018 2481 1073 in
2538 1034 2631 1073 cor
2669 1020 2956 1089 sapiebat,
3008 1020 3085 1075 sic
3137 1021 3189 1075 in
3246 1037 3341 1077 ore

1782 1104 2196 1176 uniu~cujusque
2238 1104 2526 1161 Christiani
2585 1118 2977 1165 sacramentum
3050 1110 3179 1166 illud
3234 1127 3339 1182 quo

1778 1197 2088 1265 subjugatus
2123 1206 2205 1252 est
2256 1198 2497 1255 mundus.
2532 1200 2661 1254 Nam
2691 1200 2799 1266 ille,
2826 1202 3136 1260 honorando
3162 1243 3180 1270 ,
3235 1221 3341 1259 non

1778 1288 1938 1342 audet
1969 1287 2208 1355 quotidie
2236 1304 2465 1355 sumere,
2492 1298 2544 1344 et
2596 1290 2708 1357 ille,
2735 1291 3069 1360 honorando,
3093 1308 3201 1348 non
3247 1309 3340 1347 au-

1778 1376 1868 1431 det
1896 1376 1950 1430 in
1974 1365 2063 1431 illo
2092 1377 2178 1431 die
2206 1379 2633 1446 praetermittere.
2667 1377 2855 1435 Videte
2883 1395 3009 1449 ergo
3043 1422 3060 1449 ,
3109 1384 3299 1439 fratres
3324 1424 3339 1445 ,

1777 1466 1898 1537 quia
1928 1467 1972 1521 si
2002 1464 2320 1536 separemini
2348 1482 2377 1521 a
2425 1483 2655 1538 corpore
2708 1468 2956 1534 Domini,
3010 1472 3101 1539 qui
3151 1462 3340 1528 ﬁdeles

1778 1559 1926 1622 estis,
1960 1557 2303 1612 metuendum
2332 1567 2413 1613 est
2435 1574 2502 1613 ne
2547 1560 2688 1615 fame
2717 1560 3055 1615 moriamini?
3088 1561 3134 1617 si
3160 1568 3339 1616 autem

1780 1651 2018 1721 recipitis
2044 1650 2634 1718 indigne,metuendum
2665 1662 2748 1706 est
2785 1667 2850 1706 ne
2897 1639 3154 1721 judicium
3184 1667 3339 1705 man.

1778 1740 1984 1795 ducetis
2008 1748 2063 1794 et
2091 1739 2300 1793 bibatis.
2317 1741 2577 1811 Augustin:
2606 1738 2743 1794 vobis
2768 1741 3009 1809 undique.
3029 1740 3237 1796 Veritas
3260 1740 3341 1794 di-

114 1840 221 1885 stus
240 1829 537 1898 discipulis,
564 1838 848 1897 ροειιιιηιη
878 1840 999 1880 cum
1030 1825 1119 1878 illo
1143 1824 1194 1876 in
1221 1838 1373 1878 cana
1412 1819 1675 1877 comedis-
1713 1818 1749 1874 Β
1778 1829 1849 1883 cit
1875 1849 1887 1882 :
1916 1829 1972 1883 Si
1996 1830 2134 1883 male
2157 1831 2355 1895 vivitis,
2386 1830 2438 1884 in
2476 1839 2734 1885 :eternum
2764 1830 3098 1896 moriemini;
3131 1838 3184 1885 at
3233 1846 3340 1885 non

115 1926 226 1972 seat
252 1928 308 1972 et
331 1915 616 1985 bibissent,
648 1923 981 1979 sacramenta
1024 1913 1267 1982 corporis
1295 1920 1351 1967 et
1401 1910 1671 1978 sanguinis

114 2007 187 2060 sui
218 2006 451 2074 tradidit,
476 2009 619 2062 sicut
675 2007 780 2061 illic
835 2005 1090 2075 scriptum
1121 2011 1242 2058 est:
1274 2001 1418 2067 Cum,
1454 2001 1624 2070 inquit
1654 2043 1669 2068 ,

113 2097 184 2149 illi
210 2098 601 2158 mandaram-nt,
632 2115 775 2157 acre,
789 2099 827 2149 it
873 2095 1023 2150 Iesus
1051 2112 1255 2164 panem,
1283 2108 1329 2148 et
1378 2095 1669 2159 benedixit;

114 2196 164 2240 et
188 2189 514 2254 manducetis
543 2187 717 2240 dixit:
750 2184 1004 2249 Quoniam
1047 2200 1179 2238 unus
1216 2200 1280 2238 ex
1326 2185 1462 2240 vobis
1509 2185 1675 2239 tradet

111 2295 186 2333 tu
210 2277 423 2343 (lauit.
457 2281 628 2346 xm).
665 2278 851 2333 Postea
878 2277 1021 2331 enim
1048 2276 1206 2330 tradit
1248 2284 1671 2337 sacramentum;

111 2370 473 2438 etsicliquido
512 2377 741 2443 apparet
770 2367 981 2437 quando
1038 2367 1207 2437 primo
1248 2373 1571 2443 acceperunt
1597 2364 1675 2418 di-

111 2461 293 2530 scipuli
343 2476 540 2530 corpus
583 2470 639 2514 et
691 2448 1017 2526 sanguinem.
1060 2457 1306 2521 Domini,
1370 2442 1475 2510 non
1524 2470 1677 2510 acce-

111 2551 245 2617 pisse
267 2549 499 2618 jejunos.
534 2548 777 2617 Nunquid
808 2556 982 2601 tamen
1013 2534 1294 2616 propterea
1346 2546 1677 2599 calumnian-

110 2640 229 2693 dum
260 2648 345 2693 est
368 2638 621 2694 Ecclesia:
652 2638 910 2693 universa:
948 2637 1245 2692 institutum
1275 2673 1291 2699 ,
1316 2634 1497 2713 lquud
1524 2650 1554 2689 a
1589 2634 1675 2702 je-

108 2729 249 2796 junis
276 2744 489 2796 semper
538 2728 819 2797 accipitur.
868 2723 984 2781 Hoc
1031 2727 1171 2781 enim
1218 2725 1417 2796 placuit
1458 2714 1676 2804 spiritui

110 2826 319 2887 sancto,
340 2828 396 2872 ut
422 2819 474 2872 in
501 2819 769 2872 honorem
797 2816 927 2871 tanti
957 2817 1274 2873 sacramenti
1298 2856 1311 2877 ,
1363 2815 1416 2868 in
1446 2830 1506 2870 os
1530 2815 1679 2871 Chri-

111 2908 261 2962 stiani
300 2922 493 2978 corpus
524 2906 864 2961 Dominicum
895 2906 1119 2961 intraret
1164 2906 1467 2975 priusquam
1496 2904 1678 2959 catteri

113 2980 251 3063 cibi;
273 3008 435 3067 atque
460 2999 589 3053 ideo
622 3013 719 3067 per
748 2998 1051 3053 universum
1092 2996 1274 3051 oxbetn
1307 3010 1509 3049 morem
1540 2995 1680 3051 hunc

117 3098 543 3148 esseservatutn.
591 3089 831 3158 Namque
856 3088 1103 3143 Salvator
1155 3103 1261 3157 quo
1315 3091 1415 3143 veb
1451 3088 1678 3142 mentitis

1776 1919 2002 1987 pritestis
2028 1919 2166 1973 bene
2199 1920 2376 1973 vivere
2401 1920 2501 1975 nisi
2532 1918 2620 1973 ille
2674 1919 2957 1987 adjuverit,
2986 1918 3087 1973 n'si
3117 1918 3207 1973 ille
3246 1918 3339 1973 de-

1774 2009 1930 2063 derit.
1960 2009 2084 2063 ldeo
2107 2018 2280 2078 orate,
2312 2016 2367 2063 et
2413 2008 2730 2064 manducata
2754 2049 2769 2075 ,
2821 2017 2877 2063 et
2921 2008 3225 2078 implebitur
3278 2026 3340 2063 os

1777 2084 2010 2157 vestrum
2038 2100 2200 2157 laude
2229 2102 2320 2156 Dei
2347 2111 2401 2155 et
2426 2100 2776 2156 exsultatione
2798 2140 2814 2164 ,
2867 2108 2922 2154 et
2941 2100 3126 2155 dicetis
3169 2099 3338 2153 illt‘de

1777 2191 1981 2257 magnis
2006 2190 2263 2259 angustiis
2287 2190 2492 2245 liberati
2518 2207 2529 2242 :
2563 2189 2812 2243 Liberaui
2842 2204 3040 2260 gressus
3057 2177 3193 2241 meos
3222 2188 3337 2240 sub-

1779 2292 1857 2333 tus
1886 2296 1982 2341 me,
2013 2287 2061 2332 et
2084 2296 2185 2333 non
2207 2290 2325 2333 sunt
2344 2268 2605 2347 inﬁrinata
2626 2279 2834 2350 vestigia
2858 2295 2969 2332 mea
2995 2277 3160 2347 (Psal.
3184 2279 3314 2338 xvn)

1779 2368 1855 2421 Ad
1888 2368 2150 2422 invisibile
2180 2368 2348 2422 altare
2374 2367 2469 2423 Dei
2492 2368 2813 2437 justillcatus
2838 2367 3101 2437 pervenit,
3129 2367 3219 2436 qui
3266 2367 3329 2419 ad

1780 2460 1901 2523 hoc,
1921 2472 2153 2529 prmsens
2167 2458 2410 2527 iniustus,
2427 2474 2531 2512 non
2549 2458 2778 2521 accedit,
2801 2472 3015 2513 causam
3030 2473 3178 2513 suam
3195 2459 3313 2527 (sic)

1777 2549 1872 2605 Cui
1896 2550 1971 2604 rei
2001 2549 2331 2605 concordans
2357 2548 2643 2617 Apostolus
2681 2547 2811 2601 dicit
2833 2544 3017 2610 rQuia
3044 2548 3092 2600 si
3115 2557 3311 2602 nosmet

1778 2644 1916 2709 ipsos
1938 2643 2300 2710 iudicaremus,
2320 2657 2423 2697 non
2451 2642 2556 2711 utiq
2577 2656 2619 2694 'e
2641 2640 2988 2710 judicarentur
3010 2638 3059 2707 (ι
3084 2638 3201 2693 Cor.
3237 2640 3329 2707 si).

1778 2747 1875 2801 pro
1902 2730 2026 2797 illis,
2055 2730 2281 2796 scilicet,
2312 2731 2546 2798 peccatis
2577 2730 2643 2783 de
2664 2729 2860 2827 quibus
2885 2729 3020 2782 idem
3051 2727 3335 2795 Apostolus

1778 2822 1885 2875 ait:
1916 2819 2169 2884 Quoniam
2192 2820 2276 2890 qui
2305 2819 2429 2872 talia
2459 2829 2636 2889 agunt,
2663 2818 2785 2890 Fegn
2824 2836 2873 2873 nt
2902 2818 3000 2873 Dei
3040 2835 3141 2874 non
3162 2835 3337 2873 conse-

1778 2922 1991 2981 qucn'ur
2019 2908 2216 2981 (Colat.
2244 2910 2339 2977 vr).
2365 2907 2421 2963 ln
2444 2909 2757 2977 paenitentia
2788 2950 2803 2973 ,
2862 2910 3118 2978 majorem
3175 2910 3225 2963 in
3280 2926 3339 2964 se

1779 3000 2021 3072 quisquis
2047 3000 2385 3056 severitatem
2409 2999 2566 3071 debet
2591 3012 2873 3063 exercere,
2923 3007 2983 3053 ut
3033 3015 3061 3053 a
3110 3016 3167 3055 se
3221 3001 3338 3069 ipso

1774 3090 2040 3159 judicatus
2068 3105 2169 3145 non
2192 3089 2457 3157 judicettzr
2479 3102 2506 3141 a
2527 3088 2765 3151 Domino,
2784 3095 2915 3142 utet
2943 3086 3081 3141 idem
3113 3088 3333 3156 Aposto-

114 3180 508 3235 commendaret
534 3179 775 3249 mysterii
827 3179 966 3233 illius
1003 3178 1337 3234 altitudinem
1365 3218 1380 3241 ,
1432 3179 1674 3233 ultimum
1705 3181 1752 3245 C
1784 3183 1863 3238 lus
1890 3183 2052 3237 dicit:
2083 3182 2144 3237 Si
2173 3183 2307 3236 enim
2336 3198 2427 3236 nos
2460 3182 2590 3251 judi.
2609 3197 2807 3235 aremus
2838 3220 2852 3246 ,
2906 3198 2935 3234 a
2977 3179 3191 3235 Domino
3233 3198 3335 3235 non

116 3272 211 3326 hoc
232 3270 398 3325 voluit
414 3271 639 3340 inﬁgere
656 3268 906 3324 cordibus
925 3276 979 3323 et
1006 3256 1278 3323 inemorh:
1297 3268 1678 3339 discipulorum

116 3378 143 3415 a
168 3361 357 3431 quibus
378 3362 441 3415 ad
470 3362 781 3431 passionem
810 3361 1140 3429 digressurus
1168 3367 1304 3414 erat.
1337 3358 1441 3413 Sed
1467 3368 1522 3415 et
1552 3360 1679 3414 illud

117 3469 141 3506 a
169 3454 348 3507 multis
371 3452 649 3522 quaeritur,
682 3453 726 3508 si
755 3448 995 3520 quotidie
1019 3451 1243 3519 quilibet
1281 3450 1449 3505 ﬁdelis
1486 3436 1680 3506 debeat

116 3559 300 3613 corpus
320 3554 373 3597 et
396 3542 717 3610 snguinem
749 3541 951 3595 Christi
979 3541 1239 3610 accipere.
1270 3534 1357 3593 an
1383 3555 1441 3595 se
1486 3540 1675 3609 aliqui-

119 3638 207 3689 bus
232 3635 418 3687 diebus
471 3648 503 3692 a
565 3640 741 3685 tanto.
772 3640 1106 3685 sacramento
1145 3628 1459 3683 subtrahere
1484 3672 1499 3695 ,
1558 3645 1678 3685 cum

118 3720 393 3790 Apostolus
418 3719 565 3774 dicat
592 3738 604 3770 :
638 3718 823 3772 Probet
850 3729 1016 3771 autent
1044 3720 1264 3786 nipsum
1311 3718 1461 3771 homo
1484 3758 1496 3780 ,
1528 3727 1577 3770 et
1606 3718 1680 3770 sic

114 3811 271 3865 deil'o
293 3824 421 3877 pane
441 3810 590 3878 edat,
620 3819 668 3862 et
690 3810 750 3862 de
795 3810 957 3863 calice
1000 3810 1133 3862 bibat
1166 3808 1213 3877 (Ι
1238 3807 1356 3862 Cor.
1386 3812 1477 3875 xi).
1507 3807 1677 3874 Quam

116 3900 258 3955 multi
314 3900 382 3954 de
418 3899 582 3953 altari
633 3899 936 3969 accipiunt,
991 3907 1045 3953 et
1084 3900 1421 3964 moriuntur,
1496 3908 1549 3954 et
1592 3914 1679 3953 aco

115 3989 355 4061 cipiendo
377 3992 713 4045 moriuntur!
758 3991 905 4045 Unde
956 3990 1083 4047 dicit
1127 3991 1412 4062 Apostolus
1450 4009 1462 4043 :
1519 3992 1675 4043 ludi-

116 4082 239 4133 (iam
259 4080 359 4133 sibi
384 4081 671 4133 mandarat
699 4089 746 4132 et
785 4078 924 4132 bibit.
966 4078 1046 4133 An
1092 4095 1200 4134 non
1226 4080 1464 4135 buecella
1500 4080 1677 4134 Domi-

118 4168 223 4221 nica
252 4182 521 4221 venenum
552 4164 654 4220 fuit
681 4164 859 4240 Judzp;
885 4174 939 4219 et
991 4174 1166 4219 tamen
1197 4168 1423 4236 accepit,
1457 4176 1509 4222 et
1556 4181 1674 4221 cum

118 4257 331 4326 accepit,
357 4256 407 4310 in
429 4271 555 4310 eum
584 4250 828 4312 inimicus
852 4255 1063 4309 intravit
1080 4253 1229 4325 (Luc.
1257 4256 1407 4326 χιιι),
1429 4272 1531 4312 non
1551 4258 1677 4325 quia

120 4347 302 4401 malum
325 4349 560 4413 accepit,
584 4347 677 4401 sed
709 4346 832 4416 quia
861 4346 1060 4401 bonum
1090 4347 1261 4400 malus
1288 4346 1425 4399 male
1447 4348 1668 4416 accepit.

120 4436 307 4492 Dixerit
319 4450 448 4505 ergo
465 4436 662 4506 aliquis
673 4450 777 4490 non
792 4436 1027 4504 quotidie
1043 4435 1404 4505 accipiendam
1419 4435 1671 4490 Euchari-

1775 3271 2148 3339 judicarentur.
2176 3272 2440 3326 Ascendat
2470 3272 2647 3341 itaque
2673 3272 2831 3325 homo
2860 3272 3138 3327 adversum
3152 3286 3208 3326 se
3239 3271 3335 3323 tri-

1781 3359 1940 3413 bunal
1971 3359 2163 3415 mentis
2187 3373 2295 3412 suae
2320 3358 2365 3413 si
2396 3359 2545 3413 timet
2568 3359 2875 3431 illud,qnod
2901 3369 3097 3429 oportet
3124 3377 3217 3415 nos
3246 3376 3341 3415 ex-

1780 3447 1948 3502 hiberi
1979 3459 2097 3501 ante
2125 3446 2349 3502 tribunal
2370 3446 2555 3501 Christi
2580 3445 2665 3518 (11
2696 3448 2809 3501 Cor.
2842 3448 2896 3517 v)
2920 3491 2934 3515 ,
2988 3432 3175 3504 utillic
3199 3450 3339 3504 reci-

1782 3540 1891 3608 piat
1921 3540 2281 3605 unusquisque
2327 3549 2444 3607 qua:
2496 3553 2591 3607 per
2629 3553 2824 3607 corpus
2862 3538 3046 3606 gessit,
3077 3539 3189 3593 sive
3234 3539 3331 3595 bo-

1782 3640 1930 3693 num,
1960 3626 2071 3680 sive
2101 3626 2313 3679 malum.
2341 3625 2641 3681 Constituet
2684 3642 2741 3682 se
2791 3636 2916 3682 ante
2940 3627 3123 3683 faciem
3145 3643 3292 3683 suam
3318 3670 3332 3692 ,

1781 3730 1849 3769 ne
1875 3708 1975 3770 hoc
2001 3716 2047 3769 ci
2075 3722 2255 3784 postea
2286 3712 2405 3778 ﬁat;
2462 3730 2582 3768 nam
2612 3717 2840 3770 minatur
2867 3717 2969 3770 hoc
2998 3716 3169 3785 ipsum
3203 3718 3340 3772 Deus

1782 3803 2073 3873 peccaturi,
2104 3804 2284 3857 dicens
2309 3820 2322 3855 :
2350 3805 2573 3874 Arguam
2600 3807 2670 3868 te',
2697 3812 2745 3857 et
2788 3813 3011 3857 statuam
3040 3816 3085 3858 te
3114 3816 3231 3859 ante
3260 3813 3343 3874 [a-

1779 3894 1902 3946 ciem
1924 3902 2093 3957 tuam;
2124 3901 2282 3961 atque
2306 3894 2375 3946 ita
2398 3893 2688 3949 constituto
2704 3893 2754 3947 in
2774 3894 2934 3948 corde
2952 3894 3177 3963 judicio,
3201 3897 3337 3951 absit

1780 3978 2074 4038 accusatrix
2105 3984 2381 4051 cogitatio,
2414 3983 2558 4038 testis
2599 3984 2923 4038 conscientia
2950 4022 2964 4047 ,
3014 3986 3246 4041 carnilex
3274 3989 3333 4039 ti-

1779 4090 1933 4140 mor;
1979 4075 2099 4128 inde
2150 4074 2360 4140 quidam
2410 4073 2623 4141 sanguis
2676 4074 2843 4128 animi
2889 4075 3190 4130 conlitentis
3245 4092 3337 4144 per

1776 4164 2037 4235 lacrymas
2067 4165 2311 4233 proﬂuat.
2354 4165 2631 4219 Postremo
2682 4165 2748 4219 ab
2794 4165 2904 4234 ipsa
2953 4174 3171 4228 mente,
3222 4167 3344 4219 ta'lis

1776 4257 2037 4309 sententia
2070 4258 2402 4325 proferatur,
2436 4263 2489 4307 ut
2510 4270 2569 4309 se
2615 4256 2774 4309 homo
2816 4254 3018 4323 judicet
3069 4254 3336 4322 indignum

1774 4347 2180 4418 participatione
2208 4346 2447 4415 corporis
2494 4354 2547 4401 et
2596 4346 2864 4415 sanguinis
2899 4345 3126 4411 Domini,
3159 4352 3217 4398 ut
3248 4358 3341 4414 qui

1776 4442 1927 4492 timet
1975 4438 2211 4507 separari
2260 4453 2287 4489 a
2320 4452 2485 4505 regno
2516 4438 2769 4493 cmlorum
2823 4452 2919 4506 per
2946 4437 3188 4491 ultimam
3220 4453 3343 4491 sen-

120 4529 293 4583 stiam!
328 4529 646 4597 qumsieris:
680 4526 899 4593 Quare?
928 4529 1039 4592 Qu"
1072 4530 1208 4592 .iam,
1230 4526 1415 4595 inquit,
1452 4527 1678 4596 eligendi
1706 4512 1756 4571 D
1789 4531 2005 4584 tentiam
2034 4532 2222 4584 summi
2250 4529 2466 4593 iudicis,
2508 4545 2601 4599 per
2652 4528 3061 4585 ecclesiasticam
3114 4529 3341 4598 discipli-

120 4628 231 4673 ενοι
258 4618 380 4673 dies
404 4618 601 4686 quibus
620 4618 804 4686 purius
827 4612 987 4669 homo
1048 4617 1483 4684 ontinentiusque
1505 4617 1679 4680 vivat,

122 4722 216 4775 quo
234 4708 298 4760 ad
324 4717 533 4760 tantum
560 4714 951 4760 sacramentum
974 4706 1161 4771 dignus
1182 4706 1417 4767 accedat.
1438 4708 1521 4776 qui
1551 4708 1683 4759 enim

123 4798 496 4850 nudata-erit
528 4797 759 4865 indigne,
775 4795 1023 4865 jud’cium
1048 4794 1145 4848 tibi
1166 4798 1441 4849 manducet
1466 4806 1513 4849 et
1539 4798 1680 4849 bibit.

128 4882 282 4943 Alius,
316 4892 506 4935 contra
536 4901 548 4935 :
586 4882 716 4945 luto,
745 4881 931 4950 inquit,
962 4882 1004 4935 si
1059 4890 1202 4934 tanta
1250 4890 1329 4935 est
1382 4882 1530 4950 plaga
1563 4898 1683 4951 puc-

126 4972 219 5028 cati
246 4982 413 5041 atque
439 4973 590 5026 ulcus
619 4972 793 5025 morbi
840 4980 896 5025 ut
934 4978 1317 5049 meocamenta
1367 4971 1489 5024 talia
1536 4971 1685 5025 diﬁc.

128 5063 288 5117 rentia
316 5075 465 5127 sunt,
488 5062 809 5116 auctoritate
829 5061 1075 5114 antistith
1098 5060 1257 5115 debet
1277 5061 1391 5128 quis
1412 5058 1494 5126 .tle
1513 5061 1579 5114 ab
1610 5062 1685 5114 al-

130 5153 221 5207 tari
242 5155 507 5209 removeri
537 5153 601 5206 ad
629 5151 888 5219 agendum
916 5152 1284 5219 pamitentiam
1304 5192 1318 5215 ,
1365 5159 1419 5203 et
1447 5150 1683 5215 eiusdem

130 5244 441 5300 auctoritate
474 5242 831 5299 reconciliari.
883 5240 1065 5294 Faciat
1110 5241 1267 5310 igitur
1327 5242 1685 5310 unusquisque

131 5335 259 5407 quod
284 5336 586 5392 secundum
611 5336 766 5387 ﬁdem
790 5349 935 5387 suam
975 5332 1059 5399 pie
1110 5333 1279 5387 crelit
1325 5348 1443 5388 esse
1490 5331 1685 5387 facien-

131 5426 274 5491 διες
301 5432 503 5481 neuter
526 5426 671 5477 enim
698 5439 879 5478 eorum
925 5422 1180 5475 exhorret
1205 5438 1400 5492 corpus
1456 5431 1508 5478 et
1558 5438 1681 5475 san-

132 5513 600 5581 ειὶκωυοωῑηί,
628 5514 720 5566 sed
770 5514 1168 5566 salubtrritnum
1222 5513 1501 5566 consilium
1557 5512 1683 5565 illud

84 5672 87 5673 ν
136 5604 721 5663 Ιηιοηωοοηιειιὰἱῑς
778 5619 947 5670 neque
978 5603 1116 5656 enim
1154 5602 1492 5671 litigavcruut
1549 5604 1683 5655 inter

134 5704 310 5799 νιιυι
328 5698 624 5767 quisquam
645 5710 826 5749 eorum
842 5709 895 5748 se
916 5694 1064 5747 alteri
1091 5696 1387 5763 prmpOSuit.
1408 5696 1495 5746 'l.-tt
1515 5697 1679 5747 lucum

139 5780 245 5843 ῧὲο
270 5796 326 5844 ct
355 5786 509 5841 illum
541 5786 910 5839 centurionem
963 5784 1109 5850 (Luc.
1147 5799 1264 5847 six;
1302 5780 1490 5837 Matth.
1524 5788 1635 5853 vui)
1666 5824 1676 5845 ,

1786 4636 1904 4674 nam
1933 4636 1961 4673 a
1993 4630 2326 4676 sacramento
2352 4622 2581 4675 cmlcstis
2612 4622 2761 4689 panis
2808 4620 3016 4674 interim
3044 4629 3337 4687 separetur.
3425 4608 3429 4612 ’

1782 4712 2039 4767 Versetur
2061 4713 2134 4767 illi
2163 4722 2285 4767 ante
2307 4712 2489 4765 oculos
2518 4714 2567 4764 iu
2591 4726 2689 4779 ago
2718 4712 2875 4765 futuri
2903 4709 3103 4777 judicii.
3136 4716 3190 4761 ut
3217 4722 3336 4761 cum

1785 4802 1869 4855 alii
1900 4804 2240 4859 acceduntad
2264 4803 2431 4857 altare
2462 4802 2552 4856 Dei
2576 4817 2679 4870 quo
2711 4803 2821 4870 ipse
2850 4815 2955 4854 non
2985 4798 3210 4861 accedit,
3239 4814 3333 4852 co-

1784 4905 1913 4972 gitet
1939 4919 2096 4972 quam
2125 4903 2194 4957 sit
2237 4902 2696 4957 centretniscenda
2746 4902 2832 4955 illa
2862 4916 3035 4970 paena,
3067 4914 3184 4952 cum
3216 4912 3337 4965 per-

1784 4998 2100 5066 cipientibus
2127 4998 2244 5050 aliis
2274 4996 2435 5050 vitam
2460 5004 2734 5057 teternam,
2757 4995 2841 5047 alii
2873 4991 3337 5063 prmcipitabuntur

1786 5089 1835 5141 iu
1866 5096 2087 5141 mortem
2114 5080 2383 5149 mtcrnam,
2414 5103 2443 5139 a
2473 5102 2595 5155 qua,
2624 5087 2702 5140 liis
2745 5082 3096 5139 sacrosanctis
3145 5091 3341 5153 myste-

1786 5192 1876 5245 riis
1903 5190 2369 5243 intervenientibus
2396 5202 2667 5249 eruamur,
2698 5194 2751 5239 et
2792 5186 2960 5239 beatae
2989 5185 3335 5238 resurrectio.-

1788 5292 1867 5344 nis
1893 5289 2057 5358 gloria
2090 5287 2305 5340 feliciter
2330 5285 2628 5349 iuduamur,
2652 5283 2976 5352 accipientes
3022 5284 3215 5337 stolam
3262 5283 3335 5332 alo

1786 5392 1901 5443 bam
1929 5388 2155 5456 (animm,
2211 5387 2454 5447 scilicet,
2512 5381 2911 5449 beatitudinem)
2966 5380 3337 5448 concorporati

1786 5468 1967 5545 nostro
1998 5487 2335 5555 Redemptori
2362 5504 2375 5550 ;
2412 5494 2467 5539 ut
2493 5484 2729 5537 sicutille
2753 5492 2807 5538 et
2830 5482 2987 5536 Pater
3010 5496 3170 5534 unum
3191 5492 3333 5543 sunt,

1786 5588 1852 5639 ita
1878 5595 1931 5639 et
1961 5601 2055 5638 nos
2082 5585 2130 5637 in
2158 5584 2280 5652 ipsis
2298 5598 2455 5636 Unum
2479 5580 2614 5635 efﬁci
2634 5563 2931 5636 mereamur
2952 5577 3159 5646 (Matth.
3189 5589 3337 5642 xu),

1784 5686 1938 5745 «ἥλιε
1968 5684 2283 5750 accipientes
2306 5695 2497 5748 corpus
2551 5690 2603 5734 ct
2632 5680 2938 5747 sanguinem
2970 5679 3129 5745 ipsius
3156 5678 3207 5730 in
3252 5694 3332 5729 rc-

1788 5785 2088 5839 ntissiuncm
2136 5788 2468 5849 peccatorum
2505 5789 2840 5847 nostrorum,
2898 5787 2951 5832 et
2998 5778 3154 5832 vitam
3186 5776 3338 5832 nobis
