3886 6226
557 311 659 367 6ἰ¹1

1669 341 1685 350 ἐ
1713 322 1768 377 S.
1812 320 2009 377 ELIGII
2049 321 2322 378 NOVlOM.
2369 322 2578 380 EPISC.

3672 336 3776 392 628

554 428 673 478 sine
699 424 804 480 line
825 440 1148 494 mansuram,
1181 430 1295 499 ipso
1322 439 1606 501 prmstante
1625 432 1712 500 qui
1735 434 1848 489 sine
1871 435 1974 488 line
2003 449 2120 503 pcr-
2149 440 2194 494 A
2226 435 2392 503 gratia
2426 435 2597 504 (Rom.
2628 436 2701 506 v),
2735 439 2856 507 quia
2889 439 3134 494 nimirum
3177 443 3480 511 languorem
3534 450 3778 514 curavit;

557 525 738 570 manet
767 517 818 570 in
845 519 1055 574 sucula.
1085 519 1272 574 Amen.

786 614 789 617 '
1127 609 1406 664 HOMILIA
1447 611 1531 666 IX.

963 697 1042 752 De
1061 700 1321 754 vulnerato
1349 702 1678 756 Samaritana
1692 738 1703 751 .

626 785 944 842 Vulneratos
969 805 1063 844 vos
1109 793 1279 856 video,
1314 792 1501 848 fratres
1529 797 1654 858 mei,
1686 797 1990 851 vulneratos
2016 814 2110 852 vos

550 878 736 941 video;
767 887 841 942 et,
872 878 1010 946 quod
1039 887 1119 932 est
1173 880 1440 948 deterius,
1490 900 1595 938 non
1636 887 1941 940 vulneribus
1986 903 2107 942 cor-

546 984 759 1036 porum,
791 968 886 1023 sed
938 971 1248 1026 vulneribus
1278 975 1591 1028 animarum.
1629 977 1932 1030 Animarum
1965 980 2104 1033 enim

551 1057 764 1110 vulnera
781 1064 927 1110 tanto
944 1059 1251 1115 sublimiora
1269 1071 1393 1115 sunt
1406 1073 1457 1116 et
1475 1064 1895 1129 immedic-abilia,
1910 1079 2106 1136 quanto

546 1153 732 1198 natura
758 1146 946 1198 animm
967 1147 1557 1218 subtiliorcstcorpore.
1583 1151 1786 1220 Corpus
1802 1155 1939 1207 enim
1965 1157 2104 1209 vide-

542 1243 629 1286 tur
645 1241 698 1286 et
716 1237 964 1301 tangitur,
981 1238 1155 1290 anima
1169 1253 1294 1292 vero
1321 1240 1593 1294 invisibilis
1619 1251 1699 1296 est
1722 1254 1774 1297 et
1797 1245 2104 1314 impalpabi-
2121 1265 2141 1285 ε

542 1322 626 1387 lis;
645 1323 781 1376 unde
795 1332 848 1376 et
862 1325 1078 1390 requirit
1090 1327 1307 1381 cudeste
1321 1329 1763 1385 medicamentum
1782 1335 1918 1388 illius
1933 1341 2105 1390 Sama-

540 1411 719 1474 ritani,
740 1410 788 1463 id
802 1415 1309 1476 est,t-ustodistotius
1324 1417 1756 1488 humanigeneris
1771 1424 2103 1479 DominiJesu

536 1503 729 1556 tiliristi
755 1511 810 1558 et
835 1504 1124 1565 Salvatoris
1155 1510 1350 1570 nostri,
1381 1510 1446 1562 de
1476 1525 1581 1578 quo
1631 1511 1906 1566 Psalmida
1938 1533 1948 1565 :
1984 1505 2102 1569 Nisi

533 1593 785 1648 Dominus
808 1595 1102 1649 custodierit
1132 1599 1406 1662 civitatem,
1452 1600 1506 1651 in
1535 1617 1720 1653 vanum
1763 1603 1974 1672 vigilant
2018 1607 2102 1672 qui

532 1685 824 1738 custodiunt
850 1702 963 1738 eam
994 1686 1166 1754 (Psal.
1198 1690 1414 1754 cxxvr);
1459 1689 1548 1755 qui
1581 1683 1844 1745 hominem
1875 1687 2100 1764 derccn-

2214 534 2362 579 tanto
2385 527 2695 595 ampliorem
2721 531 2928 582 cunctis
2956 534 3315 597 pmnitrntiam
3347 539 3525 603 gratia:
3554 543 3778 593 meden-

2214 615 2279 668 tis
2307 616 2568 680 ostcndit;
2614 618 2751 670 sicut
2781 617 3076 674 Pliarisaeis.
3102 624 3260 676 eumd
3301 642 3349 675 Ill
3398 626 3780 682 misericordiae

2211 701 2409 756 fontem
2436 705 2943 771 repri-hendentibus
2973 710 3185 774 quando
3199 725 3319 763 cum
3338 708 3574 767 Mattliuao
3592 713 3775 771 Publi-

2209 804 2362 855 cano,
2391 807 2549 860 quem
2581 803 2763 863 postea
2793 798 3169 863 evangelistam
3217 808 3271 852 et
3298 815 3399 868 apo
3433 803 3593 855 tolum
3627 804 3775 864 fecit,

2209 882 2430 951 aliisque
2453 885 2816 952 compluribus
2853 887 3204 941 manducabat
3231 899 3284 942 et
3333 891 3584 955 bibebat,
3648 907 3776 947 con-

2207 984 2338 1023 Soua
2369 987 2495 1025 voce
2527 975 2834 1042 respouiit:
2867 974 2985 1027 Νωι
3025 988 3169 1042 egent
3212 981 3295 1047 qui
3333 983 3448 1032 sani
3501 993 3623 1035 sum
3685 1002 3782 1036 me-

2209 1062 2341 1122 dico,
2367 1065 2454 1114 sed
2483 1066 2568 1131 qui
2594 1065 2729 1117 male
2750 1066 3156 1135 [tabent(MattIt.
3176 1085 3248 1134 ix;
3276 1069 3441 1122 Marc.
3461 1087 3514 1136 tt;
3548 1071 3775 1138 Luc.v);

2205 1152 2435 1218 seipsum
2469 1152 2739 1207 insinuans
2771 1171 2950 1208 verum
2993 1155 3253 1210 medicum
3285 1199 3300 1223 ,
3355 1159 3422 1211 de
3473 1174 3579 1227 quo
3639 1160 3773 1213 l’ro-

2206 1240 2364 1308 pheta
2397 1243 2469 1294 ait
2493 1262 2503 1294 :
2547 1243 2672 1296 Vere
2689 1245 2958 1315 languores
2984 1227 3090 1315 ipse
3116 1258 3316 1303 nostros
3339 1251 3474 1315 tulit,
3497 1262 3543 1304 et
3571 1253 3778 1305 dolores

2203 1329 2314 1398 ipse
2360 1334 2580 1398 portavit
2610 1332 2761 1399 (lsai.
2819 1337 2950 1400 Litt).
2990 1337 3121 1398 Quia
3161 1347 3337 1392 autem
3377 1339 3619 1392 addidit:
3655 1339 3774 1392 Non

2203 1422 2315 1472 reni
2359 1438 2538 1474 vocare
2583 1423 2770 1491 justas,
2823 1426 2910 1477 sed
2959 1436 3243 1491 peccatores
3297 1431 3348 1481 in
3401 1430 3774 1497 ptrnitentiam,

2203 1509 2432 1562 ostendit
2454 1525 2512 1562 se
2535 1525 2720 1564 omnes
2748 1512 2813 1563 ad
2851 1514 3212 1579 pernitentiam
3243 1530 3454 1580 vocare,
3481 1525 3535 1569 et
3563 1516 3774 1570 electos

2203 1605 2256 1648 et
2285 1596 2610 1663 peccatores.
2644 1599 2814 1652 Vocat
2837 1615 3062 1667 namque
3084 1610 3412 1668 peccatores,
3445 1611 3502 1656 ut
3548 1619 3650 1672 per
3667 1620 3776 1672 pm.

2204 1684 2478 1739 nitentium
2501 1688 2851 1757 corrigantur,
2879 1698 3035 1744 vocat
3057 1691 3249 1758 justos,
3277 1700 3335 1744 ut
3383 1694 3548 1760 magis
3573 1695 3777 1761 magis-

530 1778 741 1830 Ilentem
773 1791 802 1830 a
831 1775 1210 1856 Jerusalem’iu
1241 1778 1452 1834 .lerirlio
1482 1788 1564 1849 (ut
1596 1784 1907 1851 livaugelica
1935 1785 2097 1839 refert
2132 1775 2170 1832 Β
2196 1790 2300 1842 ‘lue
2323 1777 2698 1845 illSliﬁcenlur-
2723 1779 2904 1835 JUSIUS
2946 1795 3071 1848 ergo
3092 1782 3217 1835 dum
3249 1793 3349 1835 εισι
3370 1821 3384 1842 ν
3432 1800 3778 1852 summos-ere

533 1866 810 1932 parabole)
840 1876 895 1920 et
935 1881 964 1920 a
994 1868 1286 1924 latronibus
1314 1874 1627 1936 sauciatam,
1655 1873 1897 1941 jumento
1925 1877 2096 1946 impo-

527 1957 636 2011 suit
699 1956 955 2024 duxitque
1011 1959 1061 2011 in
1129 1962 1392 2014 stabulum
1454 1970 1508 2017 et
1571 1977 1749 2016 curam
1806 1965 1944 2018 illius
1992 1969 2096 2034 egit

529 2042 682 2102 (Luc.
710 2047 783 2113 χ).
818 2043 986 2110 Quam
1016 2048 1349 2114 parabolam,
1377 2052 1499 2116 quia
1545 2050 1774 2106 breviter
1801 2054 2097 2121 praelbavi.

526 2146 662 2195 mus,
695 2133 965 2200 paululum
995 2135 1110 2202 ejus
1152 2134 1308 2189 liores
1337 2151 1635 2205 carpamus.
1697 2138 1866 2194 llomo
1888 2142 1975 2196 ille
2004 2145 2092 2213 qui

523 2223 796 2275 descendit
826 2237 854 2274 a
878 2222 1167 2278 Jerusalem
1200 2225 1252 2279 in
1278 2224 1510 2290 .lericbo,
1538 2235 1593 2281 et
1633 2228 1814 2282 incidit
1846 2232 1894 2284 in
1928 2233 2090 2288 latro-

521 2326 636 2374 nes,
667 2311 929 2379 signiﬁcat
959 2312 1145 2378 Adam,
1175 2317 1263 2383 qui
1290 2359 1303 2380 ,
1359 2317 1424 2371 de
1475 2327 1614 2370 statu
1669 2320 2089 2377 immortalitatis

523 2403 878 2472 superbiendo
895 2404 1244 2470 descendens,
1263 2407 1314 2460 in
1339 2409 1475 2460 hanc
1491 2409 1734 2462 miseram
1753 2412 1910 2464 vitam
1930 2413 2086 2468 deve-

522 2492 616 2545 nit.
653 2492 905 2547 Latrones
937 2493 986 2547 in
1033 2510 1167 2562 quos
1217 2496 1399 2548 incidit
1422 2496 1689 2552 daemones
1709 2508 1833 2552 sunt
1866 2501 1916 2554 in
1949 2517 2084 2569 quos

520 2582 846 2637 descendens
875 2583 1090 2650 incidit;
1120 2598 1238 2637 nam
1257 2585 1356 2639 nisi
1387 2587 1530 2654 prius
1558 2587 1700 2642 intus
1729 2589 2082 2655 intumuissct,

517 2673 651 2730 iuris
678 2681 926 2738 tentatus,
954 2682 1058 2729 tam
1097 2676 1246 2731 facile
1284 2693 1388 2730 non
1417 2677 1712 2733 cecidisset.
1747 2679 2083 2749 Despoliave-

521 2771 645 2816 runt
673 2777 813 2827 eum,
849 2763 896 2816 id
920 2772 1019 2829 est,
1052 2775 1198 2819 veste
1221 2766 1536 2820 innocentiae
1567 2768 1930 2835 privaverunt.
1966 2769 2083 2824 Pla-

524 2867 616 2920 gas
639 2855 1024 2921 imposuerunt,
1050 2856 1098 2909 id
1136 2865 1235 2922 est,
1255 2867 1476 2925 peccata
1514 2868 1708 2914 nostra:
1743 2856 2082 2924 conditionis,

525 2955 640 3009 qua:
674 2941 780 3008 jam
812 2945 1047 2998 mortalis
1071 2945 1335 3012 peetando
1381 2945 1517 2999 facta
1545 2943 1741 3011 fuerat,
1776 2949 2083 3002 intulerunt.

521 3030 842 3085 Semivivum
862 3032 1210 3100 reliquerunt,
1227 3035 1349 3101 quia
1362 3035 1700 3090 beatudinem
1724 3038 1842 3091 vitae
1868 3038 2086 3094 immor-

2203 1867 2369 1920 ritleat
2397 1885 2459 1921 ne
2488 1871 2643 1922 cadat
2679 1871 2727 1939 (I
2753 1869 2870 1937 Cor.
2902 1871 2976 1942 χ),
3003 1873 3124 1940 quia
3154 1888 3248 1926 nes
3283 1873 3322 1924 it
3349 1873 3390 1927 si
3418 1881 3627 1941 tempus
3661 1889 3773 1940 ptr-

2202 1958 2399 2012 nitendi
2436 1961 2676 2030 accipiet,
2709 1972 2802 2014 aut
2829 1963 2988 2031 digne
3017 1963 3324 2033 paenitebit;
3361 1973 3614 2031 peccator
3647 1979 3776 2014 vero

2197 2048 2319 2100 dum
2352 2049 2544 2102 labitur
2591 2051 2642 2102 in
2675 2061 2972 2118 peccatum,
3007 2051 3072 2104 de
3107 2052 3471 2104 misericordia
3512 2050 3604 2103 Dei
3639 2065 3774 2117 pnn-

2195 2148 2390 2204 suznat,
2420 2141 2556 2208 apud
2587 2158 2744 2208 quem
2776 2142 2947 2195 nullas
2979 2143 3178 2209 patitur
3227 2141 3396 2193 venia:
3427 2155 3605 2193 moras
3636 2155 3768 2195 vera

2194 2229 2486 2292 Confessio,
2514 2231 2727 2284 dicente
2760 2231 2848 2283 Dei
2881 2229 3080 2298 Spiritu
3121 2245 3215 2298 per
3256 2229 3568 2297 prophetam
3598 2247 3613 2280 :
3652 2232 3777 2283 Mox

2191 2319 2274 2369 ubi
2327 2320 2650 2386 iugemueris,
2683 2321 2850 2372 salvus
2883 2321 3004 2372 (ris.
3044 2317 3138 2370 Et:
3172 2317 3268 2370 Dic
3310 2320 3449 2387 prior
3476 2319 3777 2388 iniquitates

2191 2413 2321 2467 tuas,
2342 2414 2393 2456 ut
2412 2407 2712 2475 ja-stiﬁcer'is
2728 2407 2881 2475 (1εαὶ.
2903 2406 3074 2474 thtt),
3096 2409 3212 2475 quia
3227 2406 3364 2474 apud
3389 2405 3665 2459 Dominum
3683 2408 3772 2458 mi-

2188 2497 2468 2549 sericordia
2491 2506 2537 2550 it
2566 2499 2721 2566 ccpio-
2737 2515 2768 2550 a
2790 2498 2925 2567 apud
2938 2514 3047 2550 runt
3069 2497 3367 2564 redemptio;
3387 2498 3537 2566 cujus
3560 2498 3773 2550 miseri-

2186 2589 2381 2642 cordiae
2401 2603 2500 2642 nec
2521 2592 2730 2642 modum
2754 2603 3033 2658 possumus
3057 2604 3254 2657 pone:e
3281 2605 3380 2644 nec
3403 2599 3648 2656 tempore
3677 2589 3771 2642 de-

2189 2676 2357 2730 linire.
2379 2678 2536 2731 Stans
2553 2692 2679 2746 ergo
2692 2677 2866 2730 audiat
2889 2677 3030 2746 quod
3057 2679 3474 2748 perprophetam
3508 2678 3767 2732 Dominus

2186 2766 2343 2820 dicit:
2371 2765 2744 2837 Inquacunque
2759 2767 2839 2819 die
2846 2770 3014 2837 justus
3045 2770 3346 2834 peccaverit,
3372 2769 3538 2821 omnis
3556 2768 3769 2836 justitia

2189 2859 2296 2926 ejus
2326 2858 2376 2909 in
2408 2857 2651 2909 oblivione
2698 2858 2793 2909 erit
2824 2838 3138 2919 coram‘nie;
3177 2856 3350 2923 lapsus
3373 2871 3500 2909 vero
3526 2855 3767 2924 intendat

2188 2945 2329 3010 quod
2372 2945 2510 2997 idem
2551 2945 2602 2998 in
2638 2944 2920 3011 Evangelio
2954 2946 3062 2996 ait:
3090 2945 3344 2996 Gaudium
3389 2944 3484 2995 erit
3532 2944 3585 2994 in
3639 2944 3761 2993 calo

2188 3050 2337 3100 super
2388 3051 2489 3086 uno
2547 3043 2812 3102 peccatore
2859 3037 3205 3104 paenitentiam
3254 3043 3434 3104 agente
3462 3032 3612 3102 (Luc.
3651 3033 3758 3100 xv).

515 3120 636 3174 talis
663 3136 859 3175 exuere
887 3131 1191 3190 potuerunt,
1225 3124 1315 3176 sed
1365 3139 1470 3178 non
1515 3141 1729 3181 sensum
1780 3127 2007 3182 rationis.
2044 3145 2072 3183 a
2105 3115 2148 3177 C
2179 3124 2473 3184 Slautibus.
2499 3127 2540 3181 si
2558 3127 2869 3190 ceciderint,
2901 3128 3130 3180 minatur
3158 3143 3395 3195 po'nam:
3432 3127 3591 3195 lapsis
3612 3143 3763 3193 verO,

517 3209 669 3262 nobis
697 3207 905 3264 auferre
926 3214 1231 3279 potuerunt.
1261 3215 1331 3268 Ex
1355 3230 1456 3283 qua
1473 3217 1614 3268 enim
1633 3218 1783 3284 parte
1800 3226 1852 3269 et
1874 3232 2074 3285 cogno-

517 3311 670 3352 scere
698 3297 979 3355 Dominum
1011 3317 1288 3368 possumus
1317 3343 1332 3367 ,
1390 3305 1614 3358 vivimus
1639 3346 1653 3367 ,
1696 3322 1757 3358 ex
1815 3321 1918 3374 qua
1951 3323 2076 3361 vero

514 3398 668 3461 parte
696 3393 926 3461 peccatis
954 3395 1384 3470 contabescimus
1411 3405 1464 3448 ct
1506 3397 1713 3450 miseria
1758 3397 2033 3452 deﬁcimus
2064 3441 2077 3465 ,

513 3485 707 3538 mortui
739 3498 920 3537 sumus
947 3492 1000 3537 et
1031 3485 1273 3540 lethil'cro
1297 3487 1515 3545 vulnere
1537 3487 1714 3542 fmdati
1740 3507 1753 3553 ;
1781 3490 1873 3544 sed
1891 3491 2077 3542 Sama-

513 3575 734 3640 ritanus,
769 3575 818 3630 id
845 3583 945 3640 est,
986 3588 1184 3644 custos,
1214 3577 1489 3646 Dominus,
1537 3581 1758 3641 scilicet,
1793 3590 1848 3634 et
1893 3582 2072 3635 Salva-

510 3674 596 3718 tor
623 3675 808 3719 noster
835 3666 1164 3721 vulneratum
1195 3669 1553 3737 invenit,quia
1585 3668 1826 3724 Clit'iStus
1859 3672 1906 3724 in
1935 3674 2074 3728 hunc

517 3754 766 3808 nmndum
799 3757 1034 3821 veniens,
1067 3774 1250 3812 omnes
1281 3773 1592 3827 peccatores
1631 3763 1843 3828 reperit.
1873 3763 2073 3832 Alliga.-

512 3844 588 3896 vit
611 3845 827 3898 vulnera
859 3846 973 3915 ejus
1005 3849 1130 3900 dum.
1166 3853 1434 3918 prmcepit,
1456 3850 1640 3905 dicens
1668 3869 1680 3904 :
1716 3850 2076 3930 Pazrzitentiam

509 3934 867 4004 agite(Mattli.
888 3937 985 4004 in).
1013 3935 1243 3992 Infundit
1265 3941 1439 3993 oleum
1467 3955 1588 3994 cum
1611 3940 1809 3993 addidit
1837 3959 1848 3993 :
1879 3929 2077 4011 Appro-

506 4028 767 4098 pinquavit
796 4031 930 4082 enim
958 4046 1164 4101 regnum
1188 4033 1444 4084 caelorum.
1466 4030 2076 4097 lnfuditetviuum,cum

500 4119 669 4173 dixit:
705 4120 886 4174 Omnis
915 4122 1197 4190 arborquaz
1217 4140 1315 4175 non
1356 4125 1481 4190 facit
1509 4126 1725 4193 fructum
1753 4125 1937 4177 bonum
1981 4142 2073 4178 ea:-

501 4210 780 4274 scindetur,
813 4221 860 4262 et
889 4213 940 4264 in
969 4213 1086 4279 igne
1107 4231 1134 4263 n
1158 4215 1402 4266 mittetur.
1437 4214 1665 4268 Arbores
1691 4229 1874 4267 sumus
1899 4253 1913 4278 ,
1967 4214 2072 4266 fra-

507 4307 639 4363 tres,
673 4299 724 4352 in
748 4316 874 4370 agro
900 4301 1176 4358 Dominico
1223 4308 1554 4366 constitutae;
1591 4305 1727 4357 Deus
1758 4311 1935 4357 autem
1990 4315 2071 4358 cst

500 4401 682 4447 noster
712 4392 965 4459 agricola.
999 4392 1052 4445 Si
1105 4408 1233 4458 ergo
1286 4392 1476 4446 viderit
1502 4409 1598 4446 nos
1646 4409 1751 4446 non
1803 4393 1939 4447 ferre
1962 4393 2069 4448 fru-

503 4492 647 4535 ctum
678 4481 1024 4556 bonioperis,
1053 4483 1331 4536 exscimlet
1361 4498 1455 4536 nos
1480 4483 1546 4536 ab
1574 4484 1671 4538 hac
1694 4483 1798 4536 vita
1824 4499 1919 4552 per
1934 4499 2068 4537 mor-
2101 4479 2148 4534 Β

499 4582 629 4636 tem,
661 4581 716 4627 et
738 4573 788 4626 in
813 4573 986 4642 ignem
1021 4574 1264 4642 projicict
1293 4575 1624 4638 infernalem,
1658 4575 1742 4628 ubi
1793 4583 1874 4629 cst
1916 4576 2069 4630 tletus

495 4678 605 4732 prie
634 4663 848 4727 ardore,
876 4664 1072 4718 stridor
1095 4659 1332 4719 dentium
1359 4680 1465 4733 pra:
1490 4664 1718 4733 frigore;
1754 4668 1804 4719 in
1823 4682 1925 4735 qui
1950 4669 2070 4736 igne

499 4770 564 4808 ne.
593 4755 990 4814 comburantur,
1022 4756 1219 4808 clamat
1248 4756 1362 4822 ipse
1391 4770 1482 4822 per
1506 4757 1821 4824 prophetam
1854 4777 1863 4807 :
1899 4755 2067 4808 Lava-

493 4847 637 4908 mini,
670 4845 847 4896 mundi
895 4854 1068 4910 estote,
1101 4847 1299 4915 auferte
1339 4847 1527 4898 malum
1579 4848 1940 4916 cogitationum
1989 4861 2070 4897 ve—

493 4944 712 4986 strarum
736 4935 796 4986 ab
822 4951 866 4988 οι
883 4937 978 4988 ulis
1003 4937 1143 4996 meis,
1170 4938 1410 5000 quiescite
1433 4953 1585 5006 agere
1617 4954 1861 5000 perverse,
1893 4936 2069 4987 discite

497 5029 831 5094 bettefarcre;
862 5037 914 5079 ct
946 5029 1134 5080 iterum
1165 5046 1174 5077 :
1210 5026 1346 5079 Nolo
1377 5038 1589 5080 mortem
1636 5029 1938 5095 peccatoris,
1980 5026 2067 5079 sed

497 5125 555 5165 nt
585 5125 903 5167 convertatur
951 5130 995 5168 et
1031 5119 1074 5169 ri
1109 5126 1182 5170 at.
1213 5116 1376 5170 (lonvi
1399 5127 1601 5170 rtamnr
1631 5118 1790 5184 igitur
1835 5117 1898 5168 ad
1926 5117 2067 5169 salu-

492 5217 598 5260 tcm
633 5214 888 5269 nostram,
921 5206 1068 5258 Iuven
1092 5224 1156 5259 us
1200 5207 1442 5278 lacrymis
1494 5208 1873 5261 conscientiam
1903 5246 1916 5268 ,
1973 5220 2066 5258 cx-

489 5299 817 5363 stinguamus
843 5297 990 5364 ignes
1020 5313 1083 5350 co
1110 5299 1321 5366 :(‘tlpiSCt
1343 5298 1464 5351 ntizc
1513 5312 1602 5362 per
1633 5298 1778 5361 ignes
1802 5297 2065 5363 poeniten-

490 5386 595 5438 tim.
633 5386 876 5452 Legimus
905 5387 1065 5449 enim,
1099 5388 1352 5457 Apo-tolo
1403 5386 1645 5449 dicente,
1699 5391 1840 5452 quod
1894 5401 2067 5462 omnes

489 5487 822 5544 peccaverunt
865 5490 913 5530 et
943 5487 1088 5548 egent
1146 5480 1309 5546 gloria
1341 5477 1435 5530 Dei
1463 5517 1477 5541 ,
1500 5476 1774 5545 justi/irati
1798 5475 1956 5544 gratis
1978 5489 2068 5541 per

491 5569 716 5633 qra'iam
745 5570 904 5635 ipsius
937 5570 1108 5636 (Rom.
1146 5569 1243 5635 Ill).
1275 5569 1319 5633 Q
1345 5570 1375 5620 .i
1404 5575 1457 5621 et
1491 5567 1676 5619 iterum
1728 5564 2066 5620 iumstimabi-

491 5655 594 5709 lem
623 5657 739 5724 cjus
790 5660 973 5727 gratim
1004 5659 1416 5727 magnitudinem
1469 5655 1844 5712 commendans
1870 5697 1883 5720 ,
1944 5655 2016 5706 ait
2048 5670 2062 5707 :

493 5746 589 5808 (ibi
669 5762 836 5806 autem
912 5753 1188 5808 ulnmdacit
1265 5759 1562 5822 pt’t't‘atum,
1635 5747 2061 5818 superabundavit

2186 3223 2238 3266 ut
2269 3227 2489 3282 surgere
2517 3223 2788 3283 appetant,
2807 3215 3064 3283 promittit
3087 3203 3518 3269 miscricordiam.
3535 3214 3762 3283 thuia,

2188 3301 2382 3356 fratres
2406 3305 2528 3366 mei,
2554 3303 2715 3356 multa
2745 3302 2921 3358 illicita
2945 3304 3306 3366 commisistie,
3354 3305 3565 3359 debetis
3591 3306 3756 3358 absti-

2188 3408 2314 3446 nete
2347 3407 2375 3445 a
2405 3393 2581 3448 licitis.
2633 3393 2853 3448 Licitum
2900 3403 2979 3448 est
3024 3395 3165 3449 enim
3218 3395 3416 3448 homini
3473 3395 3759 3449 eoizcdere

2180 3484 2653 3549 carnes,etbibcre
2677 3485 2866 3543 vinum,
2894 3493 2947 3538 et
2966 3493 3157 3540 crctera
3183 3486 3388 3553 corpori
3422 3488 3718 3540 necessarfa
3741 3505 3752 3546 ;

2180 3583 2297 3637 qua:
2330 3587 2430 3625 non
2463 3588 2579 3625 cum
2612 3573 2891 3627 saturitate
2922 3575 3238 3641 pmnitcntes
3267 3572 3465 3626 debent
3509 3588 3753 3636 sumere,

2180 3662 2272 3714 sed
2316 3678 2434 3716 cum
2485 3663 2874 3731 sustentatione
2908 3662 3167 3729 corporis,
3204 3669 3396 3730 utqurc
3423 3663 3594 3716 ventri
3624 3663 3752 3714 sub-

2181 3755 2394 3808 trahunt
2421 3764 2641 3820 erogent
2667 3754 2982 3822 pauperibus
3007 3770 3020 3815 ;
3041 3735 3109 3805 'ut
3133 3752 3384 3806 Dominus
3431 3761 3636 3816 noster,
3662 3750 3749 3819 qui

2179 3843 2348 3897 forma
2379 3845 2513 3897 servi
2548 3826 2832 3911 pauperet
2861 3843 3075 3896 humilis
3089 3857 3345 3910 apparere
3373 3842 3621 3908 dignatus
3645 3851 3745 3910 est,

2177 3949 2391 3987 vossuu:
2413 3933 2700 3987 divinitatis
2720 3943 2773 3986 et
2789 3933 3090 3992 divitiarum
3116 3931 3408 3986 faciatesse
3434 3932 3740 4001 participes.

2177 4013 2577 4088 quando-illam
2624 4020 3024 4075 desiderabilem
3076 4035 3259 4074 vocem
3306 4019 3437 4087 justi
3494 4020 3745 4073 audient:

2181 4109 2415 4174 Quandiu
2442 4114 2631 4180 fecistis
2656 4115 2745 4164 uni
2772 4127 2835 4165 ca‘
2877 4111 3121 4180 fratribus
3168 4111 3291 4162 meis
3320 4111 3547 4164 minimis
3570 4151 3586 4176 ,
3631 4110 3748 4162 milii

2180 4203 2370 4270 fecistis
2404 4203 2616 4272 (Matth.
2651 4204 2811 4268 xxv);
2847 4203 2959 4269 ipso
3002 4206 3284 4270 prmstzuite
3317 4201 3544 4254 Durniuo
3569 4210 3746 4254 nostro

2177 4292 2302 4346 .lesu
2333 4293 2566 4355 (lliristo,
2599 4292 2689 4359 qui
2720 4306 2836 4344 cum
2888 4288 3045 4344 Patre
3073 4299 3126 4344 et
3153 4289 3353 4360 Spiritu
3406 4301 3597 4344 sancto
3627 4288 3748 4343 vivit

2178 4393 2232 4436 ct
2257 4391 2441 4448 regnat
2479 4382 2632 4433 ίῖρυς.
2666 4378 2854 4432 Amen.

2763 4489 2950 4544 llOMll
2980 4489 2995 4541 Ι
3021 4497 3040 4539 ἰ
3091 4487 3155 4540 Χ.

2705 4576 2751 4612 IN
2793 4576 2949 4614 C(liNA
3001 4575 3199 4612 DOIlii‘vl.

2573 4649 2646 4705 De
2683 4652 2930 4720 mysteriis
2971 4652 3194 4721 ejusdem
3232 4651 3356 4700 diei.

2241 4741 2370 4794 Cum
2403 4755 2642 4794 stunmus
2661 4738 2851 4808 Opifcx
2880 4749 3070 4794 cuncta
3117 4754 3179 4792 ev
3223 4739 3412 4791 outline
3439 4753 3506 4792 ac
3536 4739 3742 4792 mirabi-

2172 4833 2292 4888 liter
2322 4833 2392 4886 ita
2415 4831 2735 4899 disposuerit
2762 4838 2818 4882 ut
2845 4829 2896 4881 in
2946 4844 3123 4882 rerum
3179 4836 3232 4882 et
3274 4835 3576 4897 temporum
3607 4829 3740 4882 serie

2175 4942 2323 4980 mens
2347 4917 2584 4977 humana
2609 4936 2822 4989 semper
2847 4919 2912 4974 ad
2938 4919 3269 4984 dulcedinem
3293 4935 3542 4988 superum
3563 4921 3741 4987 patria:

2172 5020 2398 5087 aspiret;
2424 5020 2558 5070 sicut
2586 5023 2828 5083 patenter
2849 5016 3078 5071 insinuat
3100 5015 3252 5080 hujus
3274 5013 3564 5067 Dominicu:
3583 5027 3739 5068 cmna:

2171 5107 2470 5162 veneranda
2486 5107 2820 5175 solemnitas,
2843 5105 3058 5173 dignum
3084 5113 3185 5172 est,
3214 5103 3401 5164 fratres
3419 5103 3735 5163 charissimi,

2173 5211 2228 5256 ut
2259 5218 2323 5256 ex
2357 5201 2557 5254 credita
2605 5200 2756 5253 nobis
2804 5186 2986 5266 aliquo
3038 5206 3274 5265 tempore
3327 5195 3739 5264 dispensationis

2172 5291 2364 5344 divina:
2394 5289 2613 5356 pecunia
2645 5288 3004 5354 aliquatenus,
3039 5297 3193 5355 prout
3233 5285 3488 5340 Duininus
3517 5283 3738 5344 dederit,

2171 5384 2362 5435 vestvis
2393 5379 2613 5432 auribus
2641 5372 2914 5432 infundam
2959 5390 3258 5429 sermonem
3287 5394 3297 5427 :
3347 5383 3575 5429 vocatur
3601 5375 3733 5429 enim

2170 5471 2281 5525 huic
2304 5470 2414 5522 dies
2441 5468 2601 5522 Carna
2631 5467 2860 5528 Domini,
2889 5474 3109 5518 vocatur
3133 5475 3186 5518 et
3211 5465 3400 5517 natalis
3431 5466 3656 5521 t'alicis:
3688 5472 3735 5514 it

2171 5561 2361 5614 metito
2394 5559 2586 5611 talibus
2611 5556 2884 5625 prmfulgct
2916 5555 3209 5618 vocabulis,
3243 5553 3364 5620 quia
3395 5554 3492 5608 hac
3525 5555 3735 5608 cadem-

2169 5665 2270 5718 quc
2292 5648 2374 5701 die
2406 5649 2683 5717 mysticum
2737 5645 2933 5697 Pascha
2992 5645 3243 5696 Dominus
3293 5657 3412 5696 cum
3469 5643 3732 5710 discipulis

2171 5743 2468 5808 celebrans,
2491 5747 2825 5796 sacramrula
2849 5737 3090 5806 corporis
3117 5745 3171 5791 ct
3198 5735 3468 5805 sanguinis
3501 5735 3589 5789 sui
3613 5734 3727 5798 illis,
