3886 6226
472 440 517 455 χ

141 459 229 516 ὕέ)

142 662 329 715 initium
360 662 513 727 fecit;
547 678 847 731 eorumque
880 662 1042 731 pedes
1067 662 1307 722 abluens,
1358 670 1415 714 ut
1462 676 1560 716 nos
1612 661 1684 714 ita

142 751 262 805 alter
282 750 434 804 alteri
463 749 747 816 faciamus,
793 750 1091 818 exemplum
1123 750 1363 819 praebuit.
1414 747 1687 804 Discamus

122 842 301 910 igitur,
355 841 569 905 fratres,
621 841 995 899 humilitatem.
1029 842 1094 894 ah
1142 840 1299 894 Excel
1332 840 1686 897 o:l‘aciamus
1748 844 1757 849 ”

141 932 347 987 invicem
380 933 631 999 humiles,
661 933 801 1000 quod
827 932 1093 985 humiliter
1130 914 1251 985 fecit
1281 931 1558 995 Excelsus;
1590 946 1687 985 nec

142 1022 455 1089 dedignetur,
505 1023 652 1091 quod
684 1022 808 1075 fecit
836 1022 1089 1082 (.hristus,
1123 1020 1296 1076 facere
1332 1020 1681 1075 Christianus.

142 1112 257 1165 Nam
283 1111 408 1179 quid
423 1112 552 1164 dicit
581 1112 604 1157 ν
628 1110 931 1181 Exemplum
957 1112 1072 1165 dedi
1098 1112 1255 1172 vobis,
1282 1123 1337 1164 ut
1362 1113 1683 1181 quemadmo-

143 1202 246 1252 dturt
274 1216 364 1270 ego
398 1200 514 1269 feci,
546 1199 619 1252 ita
641 1210 687 1253 et
713 1217 796 1253 vos
826 1203 1029 1270 faciatis
1068 1199 1245 1268 (Joanl
1282 1206 1417 1265 xui).
1446 1197 1686 1254 Ostendit

143 1290 298 1356 nobis,
329 1290 450 1364 utsi
480 1291 603 1357 quis
632 1291 881 1345 adversus
924 1291 1151 1357 aliquem
1190 1290 1352 1343 habet
1386 1292 1681 1357 querelam,

140 1380 262 1434 sicut
287 1380 543 1434 Dominus
560 1380 783 1434 donavit
832 1382 1002 1444 nobis,
1037 1382 1105 1434 ita
1152 1396 1250 1435 nos
1276 1382 1502 1435 invicem
1533 1383 1686 1438 nobis

142 1470 319 1525 delicta
348 1469 741 1537 condonemus,
772 1480 826 1525 et
874 1486 969 1540 pro
997 1472 1192 1525 nostris
1222 1470 1430 1526 delictis
1458 1472 1683 1525 invicem

140 1574 360 1621 oremus,
392 1566 555 1628 atque
588 1560 662 1613 ita
694 1560 1087 1627 quodammodo
1116 1560 1342 1614 invicem
1384 1561 1547 1629 pedes
1590 1577 1685 1615 no~

140 1660 266 1703 siros
278 1650 533 1703 lavemus.
562 1649 813 1704 Nostrum
842 1660 942 1713 est,
973 1651 1203 1705 donante
1224 1652 1357 1720 ipsa,
1377 1653 1685 1721 mysterium

140 1740 397 1794 cbsritatis
416 1749 471 1795 et
498 1739 818 1796 humilitatis
838 1739 1120 1807 adhibere;
1148 1741 1288 1795 illius
1311 1743 1583 1809 exaudire,
1624 1758 1686 1798 ac

143 1821 306 1885 ne'sah
343 1831 488 1895 omni
537 1839 881 1901 peccatorum
932 1832 1386 1886 contaminatione
1430 1834 1686 1887 mundare

1593 462 1916 520 HOMILIAB.

142 583 281 641 atque
304 587 398 642 per
426 572 550 628 illos
573 574 751 639 nobis,
781 572 1016 639 tradidit,
1061 579 1115 626 et
1140 571 1253 641 ipse
1304 568 1680 629 ceiebratidnis
1706 576 1758 633 Α

2352 575 2626 632 liOMlLIA
2673 576 2763 633 XI.

2316 682 2368 719 IN
2406 682 2558 721 εαξη
2609 683 2809 723 DOIINI.

1998 754 2078 807 Ad
2114 755 2373 824 pupulum,
2413 756 2593 808 deinde
2632 766 2678 807 et
2716 756 2783 808 ad
2810 758 3125 825 ptxttitentes.

1856 842 1990 897 Boni
2034 844 2299 913 homines,
2332 846 2452 913 quia
2483 855 2713 900 vestram
2766 844 3153 899 fraternitatem
3184 844 3339 899 aliter

1787 933 2003 987 necesse
2027 941 2109 987 est
2140 934 2334 1003 alloqui
2363 950 2520 1003 quam
2576 937 2984 990 consacerdotes
3039 942 3093 987 et
3141 948 3340 1003 coope—

1786 1029 1995 1076 ratores
2017 1031 2249 1089 nostros,
2278 1023 2470 1091 quibus
2496 1026 2677 1077 datum
2708 1035 2788 1077 est
2814 1038 2969 1079 nosse
2991 1023 3238 1093 mysteria
3263 1037 3341 1075 re-

1785 1111 1873 1179 gni
1904 1112 2159 1166 ccelorum
2191 1110 2369 1181 (Matt.
2402 1128 2514 1177 xm,
2543 1113 2709 1167 Marc.
2740 1130 2811 1177 tv,
2856 1112 2979 1167 Luc.
3012 1114 3123 1181 vut)
3154 1130 3167 1165 :
3221 1113 3340 1166 ideo

1786 1202 1853 1254 ad
1879 1216 1975 1255 vos
2003 1201 2230 1271 simplici
2258 1212 2312 1257 et
2334 1203 2606 1258 rusticano
2634 1212 2843 1257 utentes
2872 1203 3087 1271 eloquio
3117 1218 3340 1257 conver-

1788 1299 1993 1355 tamur,
2042 1298 2101 1345 ιιι
2156 1298 2315 1345 tanta:
2360 1292 2713 1346 solemnitatis
2749 1299 3141 1346 sacramentum
3192 1291 3340 1359 juxta

1785 1381 2099 1449 parvitatem
2131 1382 2295 1435 nostri
2328 1396 2516 1436 sensus
2546 1396 2874 1451 exponamus
2924 1382 3079 1435 vobis
3130 1383 3343 1436 rustici-

1787 1478 1897 1524 tate
1924 1471 2221 1525 verborum.
2253 1470 2486 1526 Vocatur
2512 1473 2627 1526 htec
2641 1472 2897 1527 festivitas
2919 1473 3081 1526 Cinna
3110 1471 3341 1538 Domini,

1785 1575 1849 1617 eo
1880 1564 2021 1631 quod
2052 1564 2153 1617 hoc
2200 1562 2287 1616 die
2334 1563 2589 1618 Dominus
2622 1563 2913 1618 cmnaverit
2940 1578 3059 1616 cum
3105 1561 3341 1630 discipu-

1785 1654 1870 1719 lis,
1900 1654 2082 1720 eisqne
2119 1660 2509 1719 sacramentum
2550 1654 2793 1722 corporis
2829 1661 2884 1706 et
2928 1651 3201 1720 sanguinis
3251 1652 3333 1705 sui

1788 1744 2085 1809 tradiderit,
2116 1753 2171 1797 ut
2202 1758 2297 1798 nos
2325 1744 2390 1797 ab
2421 1743 2577 1796 altari
2604 1758 2699 1813 per
2726 1743 2921 1797 Christi
2951 1743 3220 1797 ministros
3244 1742 3326 1795 ist'

1786 1844 2075 1897 sumentes,
2109 1835 2161 1887 in
2194 1834 2308 1903 ipso
2336 1833 2593 1893 vivamus.
2622 1843 2676 1887 et
2702 1833 3051 1902 spiritualiter
3073 1834 3189 1902 ipso
3207 1844 3345 1899 pane

142 1936 224 1989 per
248 1919 512 1974 Christum
540 1921 663 1976 etin
685 1919 917 1985 Chri~to,
949 1930 1008 1975 ut
1037 1921 1179 1990 quod
1198 1922 1324 1993 (aliis
1352 1923 1682 1987 dimittimus,
1723 1911 1760 1967 Β
1790 1926 1925 1993 pasti
1958 1934 2013 1980 et
2042 1926 2157 1993 ipso
2206 1926 2327 1979 vinu
2356 1924 2547 1993 potati,
2600 1939 2703 1977 non
2744 1920 3052 1978 deliclbmus
3105 1923 3155 1975 in
3189 1921 3346 1990 hujus

142 2014 227 2066 hoc
248 2022 325 2067 est
359 2013 412 2066 in
442 2018 585 2066 terra
637 2013 913 2077 solvimus;
944 2014 1181 2067 solvatur
1229 2014 1379 2067 nobis
1422 2013 1471 2066 iu
1526 2013 1705 2081 (αξιοι

143 2102 236 2156 liae
284 2104 443 2155 etiam
493 2101 604 2167 die,
675 2111 790 2156 toto
838 2105 968 2157 orbe
1020 2090 1247 2158 chrisma
1293 2104 1570 2157 coniicitur
1622 2104 1686 2156 ad

141 2191 437 2244 auluendam
460 2192 630 2245 totius
649 2190 827 2244 mundi
850 2192 1077 2261 culpam.
1105 2191 1490 2247 Pmnitentibus
1507 2208 1599 2258 per
1618 2196 1686 2244 iu-

143 2284 445 2351 dulgentiam
471 2284 802 2345 subvenitur,
837 2282 1104 2337 discordes
1133 2283 1199 2336 ad
1220 2284 1561 2347 concordiam
1592 2285 1686 2337 Ito-

142 2378 215 2428 die
235 2375 453 2429 redeunt
483 2394 494 2428 :
531 2383 554 2408 α
588 2374 941 2444 pacilicautur
971 2374 1088 2427 irati
1111 2373 1348 2441 judices;
1380 2383 1433 2427 et
1459 2372 1565 2439 jam
1609 2374 1685 2426 la-

143 2467 362 2520 tronibus
392 2476 646 2535 parcunt;
682 2474 965 2536 patescunt
1002 2480 1245 2520 carceres
1289 2466 1341 2519 in
1392 2474 1504 2520 toto
1534 2466 1681 2530 othe,

142 2558 253 2607 dant
279 2556 655 2624 indulgentiam
684 2556 950 2627 principes
980 2556 1302 2622 criminosis,
1334 2557 1501 2613 servis
1535 2558 1685 2611 malis

145 2644 397 2714 indulgent
439 2647 685 2700 domini-
713 2647 769 2701 ln
824 2648 934 2715 ipsa
983 2660 1201 2715 quoque
1229 2647 1315 2701 die
1367 2652 1487 2715 post
1519 2647 1682 2700 multa

144 2738 371 2806 mysteria
430 2736 567 2791 Deus
619 2747 673 2790 et
724 2737 974 2791 Dominus
1019 2746 1201 2791 noeter
1238 2734 1391 2791 Iesus
1420 2734 1681 2803 Christus,

143 2826 391 2894 discipulis
422 2827 533 2880 suis
562 2826 885 2890 videntibus,
917 2826 1149 2897 gloriosa
1179 2827 1491 2881 ascensione
1517 2826 1682 2881 cmlos

142 2919 414 2984 penetravit
443 2920 575 2986 (Act.
605 2918 666 2983 ι).
699 2917 808 2973 Nec
840 2919 953 2973 sine
981 2932 1173 2985 magno
1202 2918 1452 2988 mysterio
1477 2926 1679 2972 tantum

145 3020 508 3065 sacramentum
538 3012 666 3063 feria
688 2990 871 3078 q‘u‘nta
897 3012 1192 3079 peragitur:
1225 3026 1256 3064 a
1278 3011 1516 3078 quinque
1540 3011 1679 3063 enim

146 3100 603 3167 QIiIIQIl'igehatitlS
629 3100 898 3153 derivatur
942 3106 1214 3161 numerus,
1247 3113 1366 3152 nam
1414 3098 1679 3168 quinqua-

145 3189 321 3256 gesimo
349 3189 432 3241 die
454 3204 482 3241 a
521 3188 570 3241 Ρ.
594 3190 802 3254 sebate,
834 3198 889 3243 et
914 3188 1001 3245 lex
1032 3190 1087 3242 in
1106 3195 1286 3242 monte
1323 3186 1448 3241 Sina
1477 3186 1676 3256 populo

1787 2015 2233 2083 peregrinationis
2265 2015 2495 2077 miseria,
2521 2013 2615 2067 sed
2637 2012 2810 2066 anima
2841 2020 2895 2067 et
2920 2020 3097 2065 mente
3124 2000 3345 2065 reficia-

1784 2092 1923 2158 iuur.
1970 2104 2084 2169 Qua
2138 2104 2298 2157 etiam
2355 2104 2442 2159 die
2501 2102 2883 2171 discipulorum
2929 2116 3145 2177 suorum
3182 2099 3349 2169 pedes

1785 2194 1972 2258 abluit,
2002 2193 2303 2262 exemplum
2327 2192 2458 2247 dans
2481 2193 2655 2255 nobis,
2690 2202 2747 2245 ut
2772 2193 2915 2246 sicut
2937 2191 3053 2259 ipse
3080 2188 3341 2263 fecitillis,

1787 2284 1858 2336 ita
1886 2290 1938 2335 et
1967 2298 2063 2336 nos
2095 2282 2410 2335 alterutrum
2442 2282 2756 2339 faceremus.
2786 2280 2963 2345 idest,
2995 2281 3039 2333 si
3064 2280 3341 2348 quisquam

1787 2386 1883 2425 nos
1925 2372 2137 2434 laeserit,
2170 2385 2434 2425 memores
2464 2370 2712 2439 prmeepti
2761 2369 2943 2438 ipsius,
2978 2382 3043 2421 ex
3072 2366 3233 2421 corde
3263 2366 3342 2419 di-

1786 2462 2073 2525 mittamus,
2108 2444 2164 2513 ut
2199 2469 2249 2513 et
2278 2460 2435 2513 Pater
2466 2468 2647 2515 uoster
2674 2500 2688 2524 ,
2721 2460 2812 2528 qui
2838 2466 2919 2514 est
2958 2459 3009 2512 in
3057 2456 3225 2517 oculis,
3258 2456 3342 2510 di-

1787 2553 1961 2605 mittat
1991 2550 2162 2604 nobis.
2192 2549 2307 2615 Qua
2346 2548 2507 2603 etiam
2546 2558 2703 2604 nocte
2734 2557 2913 2603 tentus
2941 2557 3022 2604 est
3051 2563 3079 2601 a
3128 2545 3347 2609 Iudaeis,

1784 2649 1837 2694 et
1864 2654 2024 2694 mane
2056 2639 2359 2703 cruciﬁxus,
2395 2646 2450 2692 ut
2479 2638 2759 2694 maledicto
2787 2639 2928 2705 quod
2980 2654 3077 2693 nos
3114 2654 3209 2707 per
3238 2638 3346 2707 pri-

1786 2743 1927 2781 mum
1975 2728 2243 2799 hominem
2276 2728 2577 2796 accepimus
2605 2725 3019 2781 misericorditer
3067 2727 3341 2786 liberaret.

1784 2825 1835 2869 et
1865 2816 2063 2870 diaboli
2105 2816 2308 2883 laqueis
2338 2819 2572 2884 eriperet
2594 2830 2658 2871 ac
2686 2815 2919 2870 caelestis
2946 2815 3065 2867 vita:
3104 2815 3341 2881 januam,

1783 2906 1827 2959 si
1882 2914 2147 2974 pratcepta
2186 2904 2301 2972 ejus
2354 2903 2668 2967 faceremus,
2717 2903 2967 2972 aperiret.
2998 2901 3345 2957 Commendat

1782 3004 1958 3049 autem
1991 2995 2143 3049 nobis
2170 2996 2357 3049 beatus
2385 2993 2578 3047 Paulus
2606 2994 2903 3061 apostolus,
2935 2994 3020 3065 qui
3040 3004 3215 3064 raptus
3245 2992 3344 3060 fuit

1782 3101 1934 3151 usque
1962 3086 2031 3143 ad
2058 3085 2257 3140 tertium
2304 3085 2480 3138 uelum
2507 3083 2589 3154 (Il
2625 3084 2743 3139 Cor.
2792 3085 2905 3153 xu),
2946 3091 3211 3153 praecepta
3260 3082 3341 3136 vi-

1782 3175 1937 3229 vendi
1964 3189 2081 3243 qua:
2110 3172 2389 3239 faciamus,
2420 3173 2599 3228 dicens
2628 3190 2641 3227 :
2674 3172 2919 3225 Maneant
2948 3174 2999 3225 in
3032 3172 3171 3227 vobis
3192 3172 3340 3241 fides,

148 3253 251 3332 data
276 3286 355 3333 est
379 3278 575 3348 (strait.
604 3279 721 3345 xx),
748 3253 803 3333 et
832 3279 1003 3346 gratia
1050 3279 1220 3332 sancti
1267 3253 1495 3346 Spiritus
1523 3253 1681 3332 disci-

1789 3267 2186 3336 spes,cltaritas,
2209 3266 2373 3335 major
2403 3273 2570 3317 autent
2610 3275 2685 3341 est
2734 3263 2955 3316 (Ituritas
2984 3261 3030 3331 (ι
3060 3260 3175 3313 Cor.
3204 3272 3339 3329 xui).

149 3368 265 3435 palis
289 3368 336 3419 in
363 3368 642 3421 ca-naculo
674 3368 832 3421 missa
862 3377 946 3420 est
975 3369 1112 3434 (Art.
1146 3367 1207 3432 ι).
1236 3364 1351 3419 Hoc
1372 3374 1550 3419 autem
1592 3382 1688 3420 nu-

148 3472 277 3511 rnero
302 3458 631 3529 perpetuitas
662 3455 853 3510 futura:
882 3456 1077 3525 quietis
1105 3464 1251 3510 recte
1282 3453 1599 3517 ostenditur,
1634 3456 1686 3509 in

146 3561 239 3613 quo
262 3556 311 3600 et
338 3548 465 3617 legis
486 3546 777 3614 decalogus
798 3553 853 3599 et
880 3543 1148 3607 mandata,
1172 3552 1227 3598 et
1258 3544 1486 3613 Spiritus
1515 3545 1688 3599 sancti

148 3636 292 3703 gratia
314 3635 539 3689 donatur
562 3634 888 3700 hominibus,
946 3641 1004 3687 ut
1058 3642 1245 3701 apecte
1296 3634 1689 3688 demonstretur

148 3727 251 3791 quia
272 3727 567 3795 quicunque
600 3725 794 3778 divinae
824 3725 957 3793 legis
981 3723 1149 3793 jussa,
1193 3724 1418 3797 juvante
1461 3724 1689 3795 Spiritus

149 3816 297 3869 sancti
317 3817 503 3885 gratia,
534 3815 857 3885 percipiunt,
882 3814 949 3869 ad
968 3814 1145 3870 veram
1176 3815 1574 3885 perfectamque
1605 3831 1688 3870 reo

150 3906 305 3970 quiem
354 3905 596 3960 tendunt.
641 3904 1123 3974 Quiuquagesimus
1176 3905 1377 3961 etenim
1432 3920 1603 3959 anuus
1635 3907 1686 3959 in

150 3996 246 4064 lege
271 3996 532 4062 lubilreus,
563 3996 617 4051 id
645 4006 727 4053 est
775 3996 1043 4052 dimittens
1066 3998 1178 4052 sive
1226 4005 1477 4064 mutatus,
1508 3997 1690 4065 appel~

151 4086 232 4140 lari
254 4085 423 4155 jussus
450 4098 533 4143 est
561 4087 707 4159 (Leo.
741 4092 891 4155 xxv),
922 4090 972 4143 in
1001 4103 1109 4156 quo
1166 4089 1391 4157 populus
1434 4089 1500 4141 ab
1541 4081 1707 4142 omni

150 4177 434 4242 Operatione
460 4178 790 4246 quiesceret,
815 4179 1158 4245 omniumque
1172 4177 1347 4231 debita
1362 4178 1688 4243 laxarentur,

151 4266 263 4319 servi
285 4266 427 4322 liberi
455 4268 714 4334 redirent,
738 4278 791 4324 et
822 4284 990 4324 annus
1020 4272 1132 4341 ipse
1166 4270 1465 4343 majoribus
1491 4270 1687 4323 soletn-

153 4354 235 4408 niis
258 4371 315 4411 ac
341 4358 580 4414 laudibus
599 4360 792 4415 divinis
822 4360 1143 4415 eminentior
1165 4361 1371 4415 caeteris
1399 4361 1651 4414 existeret
1675 4378 1686 4413 :

155 4444 271 4499 unde
288 4456 337 4500 et
364 4448 551 4503 merito
581 4463 681 4518 per
707 4450 849 4503 hunc
874 4464 1152 4504 numerum
1184 4449 1271 4503 illa
1295 4465 1516 4504 stuumze
1546 4450 1689 4518 pacis

154 4536 473 4603 tranquillitas
500 4538 789 4603 iudicatur,
819 4538 1053 4608 quando,
1086 4539 1223 4597 sicut
1270 4528 1561 4608 Apostolus
1592 4541 1686 4605 ait,

1789 3357 1921 3427 Spes
1952 3365 2127 3411 autem
2156 3369 2230 3410 est
2252 3356 2545 3411 futurorum
2576 3338 2835 3411 benorum
2853 3352 3343 3422 exspectatio,quae

1789 3448 2034 3520 exprimit
2094 3446 2405 3521 humilitatis
2444 3443 2695 3499 affectant
2735 3454 2791 3499 et
2841 3432 3047 3499 sedu'at‘
3076 3439 3345 3496 servitutis

1789 3541 2137 3609 obsequium;
2180 3553 2303 3608 spes
2329 3547 2504 3591 autem
2534 3535 2676 3600 dicta
2700 3534 2843 3604 quod
2894 3534 2965 3589 sit
3018 3547 3112 3603 pes
3140 3539 3195 3587 et
3220 3546 3345 3600 pro-

1748 3693 1753 3699 ‘
1786 3630 2056 3700 grediendi
2081 3629 2327 3694 facultas,
2357 3628 2479 3697 quia
2496 3626 3148 3699 quisquedumpeccatum
3178 3629 3341 3681 amat,

1789 3726 2017 3781 futuram
2048 3724 2269 3791 g|0riam
2302 3738 2405 3776 non
2451 3730 2647 3790 sperat.
2684 3721 2775 3776 Ille
2832 3720 2971 3775 enim
3028 3715 3342 3771 liducialiter

1787 3826 1995 3886 sperat,
2052 3814 2141 3883 qui
2194 3812 2401 3865 Domini
2452 3811 2700 3871 mandata
2750 3808 2975 3863 ﬁdeliter
3001 3814 3178 3862 servat
3210 3820 3223 3858 :
3253 3818 3343 3873 spe

1787 3904 1950 3964 enim,
1972 3911 2027 3954 ιιι
2050 3900 2120 3954 ait
2146 3900 2450 3967 Apostolus,
2481 3899 2608 3950 salvi
2639 3898 2761 3966 [arti
2794 3912 2967 3949 sumus
2994 3894 3171 3963 (Rom.
3206 3897 3339 3960 vus).

1792 3991 1911 4045 Ideo
1940 4006 2044 4043 non
2074 3990 2170 4041 nisi
2205 4004 2233 4041 a
2268 3988 2513 4049 ltomiuo,
2547 3985 2655 4039 Det.
2684 3995 2863 4052 petere
2890 3984 3145 4038 debemus
3190 3981 3343 4049 quid-

1789 4083 1914 4153 quid
1943 4097 2223 4151 speramus
2253 4097 2351 4135 nos
2373 4081 2457 4135 vel
2486 4082 2621 4135 bene
2643 4087 2958 4149 operaturos
2987 4078 3071 4132 vel
3118 4091 3215 4146 pro
3242 4077 3342 4130 bo-

1792 4175 1874 4228 nis
1901 4173 2151 4242 operibus
2202 4172 2511 4240 adepturos.
2572 4172 2837 4223 [’onamus
2867 4169 3027 4235 igitur
3056 4183 3204 4238 spem
3244 4182 3342 4221 ne-

1789 4272 1953 4318 stram
1987 4264 2037 4315 in
2075 4262 2626 4324 Domino,instruente
2659 4261 2817 4313 David
2851 4268 2905 4314 et
2925 4260 3136 4314 dicente
3168 4278 3180 4310 :
3214 4259 3345 4312 Mihi

1788 4363 1957 4407 autem
2002 4354 2263 4406 adhwrere
2298 4352 2402 4405 Deo
2450 4353 2659 4417 bonum,
2690 4367 2876 4420 pone'c
2916 4352 2966 4403 in
2994 4349 3211 4404 Domino
3240 4348 3348 4401 Deo

1791 4462 1927 4513 spent
1963 4461 2122 4497 meam
2155 4444 2323 4513 (l’sal.
2384 4458 2499 4494 txxt
2525 4443 2575 4509 );
2632 4451 2685 4493 et
2727 4442 2914 4495 iterum
2951 4460 2960 4493 :
2996 4440 3127 4507 Spes
3157 4455 3268 4492 utea
3294 4441 3349 4492 in

1797 4534 1898 4588 Deo
1928 4544 2021 4587 est.
2058 4533 2209 4587 Fides
2236 4539 2316 4586 est
2340 4532 2555 4599 justitia‘,
2584 4531 2997 4593 fundamentum,
3018 4545 3175 4599 quam
3206 4528 3347 4583 nulla

154 4636 349 4681 canente
395 4631 518 4684 tuba
573 4630 916 4683 novissima:
965 4633 1155 4684 mortui
1197 4639 1459 4701 resurgent
1505 4615 1686 4683 θι-ηόδ

1794 4636 1955 4688 Opera
1987 4622 2121 4674 bona
2154 4620 2474 4689 praecedunt,
2506 4627 2557 4673 et
2576 4634 2640 4673 ex
2670 4634 2771 4687 qua
2804 4618 2978 4672 omnia
3002 4618 3138 4670 bona
3158 4632 3349 4685 proce-

151 4717 566 4790 immutabimuru
598 4721 720 4775 Cor.
753 4721 844 4791 xv)
870 4719 920 4774 in
949 4721 1205 4790 gloriam;
1237 4721 1326 4776 ubi
1363 4721 1691 4776 cessantibus

155 4805 285 4873 hujus
310 4811 480 4865 satculi
510 4812 787 4868 laboribus
811 4820 865 4867 et
883 4812 1151 4879 aerumnis,
1186 4812 1418 4869 dimissis
1451 4812 1684 4865 omnium

154 4896 395 4965 culparum
417 4901 635 4966 debitis,
666 4902 722 4956 in
763 4901 878 4955 sola
933 4901 1155 4957 visionis
1201 4902 1392 4957 divina:
1447 4910 1684 4956 contem-

154 4984 356 5050 platione
382 5002 609 5047 cunctus
630 4993 926 5047 electorum
954 4992 1181 5063 populus
1206 4992 1258 5045 in
1282 5001 1538 5046 aitet-num
1560 4980 1687 5060 gau—

155 5074 292 5139 deblt,
308 5078 518 5150 impleto
539 5082 881 5137 desiderabili
898 5082 1103 5138 Domini
1128 5097 1192 5138 ac
1212 5081 1501 5137 Salvatoris
1519 5081 1683 5134 nostri

156 5167 371 5223 mandato
402 5190 417 5237 ;
456 5171 649 5226 Vacate
691 5182 742 5225 et
784 5174 947 5225 videte
974 5173 1215 5241 quoniam
1236 5189 1329 5243 ego
1366 5188 1477 5225 sunt
1511 5169 1687 5222 Domi-

157 5273 233 5310 tuts
251 5258 457 5325 (Praua.
476 5261 626 5332 xu).
647 5261 731 5316 Ad
754 5262 907 5331 cujus
921 5270 1232 5331 perpetuam
1254 5262 1540 5326 visionem,
1571 5258 1686 5311 linis

155 5355 202 5400 to
220 5347 361 5418 hujus
389 5353 571 5415 mundi
602 5354 900 5421 curriculo,
953 5354 1245 5423 perducere
1289 5369 1388 5409 nos
1440 5351 1687 5419 dignetur

156 5440 306 5507 Agnus
331 5441 718 5507 inmaculatus,
751 5442 864 5497 Deo
890 5442 1033 5497 Patri
1054 5443 1152 5498 hac
1180 5445 1337 5499 nocte
1388 5461 1478 5511 [ro
1528 5448 1687 5499 totius

157 5528 309 5586 utendi
348 5534 581 5601 peccatis
635 5533 855 5589 oblatus
911 5531 1066 5589 Jesus
1125 5533 1366 5589 Christus
1434 5536 1691 5590 Dominus

158 5626 329 5688 noster,
355 5622 439 5691 qui
470 5624 817 5680 :umeodem
845 5621 1005 5676 Patre
1028 5632 1086 5677 et
1114 5624 1308 5691 Spiritu
1350 5633 1536 5691 sancto
1563 5626 1692 5679 vivit

158 5716 203 5761 ei
224 5722 389 5780 regnat
409 5714 545 5771 Deus
577 5731 674 5785 per
700 5718 885 5769 omu‘a
916 5714 1109 5769 saecula
1132 5718 1465 5770 seculorum.
1502 5719 1687 5769 Amen.

215 5853 237 5883 ⁸
266 5844 567 5906 Latronibus
607 5850 737 5906 olim
773 5849 1088 5918 parcebatur
1135 5848 1184 5903 in
1236 5850 1319 5904 die
1360 5851 1535 5906 Caium
1569 5849 1774 5904 Domini

1794 4712 1943 4764 dunt.
1977 4710 2091 4779 ipsa
2125 4726 2218 4765 nos
2250 4725 2277 4763 a
2310 4711 2541 4779 peccatis
2581 4711 2824 4764 omnibus
2880 4717 3086 4777 purgat,
3141 4715 3345 4762 mentes

1795 4810 2005 4855 nostras
2024 4801 2325 4854 humiliatus
2348 4801 2452 4853 Deo
2470 4800 2799 4861 reconciliat,
2819 4814 2964 4867 spem
2983 4799 3136 4851 nobis
3158 4797 3345 4850 futurm

1794 4893 2241 4946 remuneration's
2284 4890 2527 4960 inspirat,
2580 4896 2740 4956 auget
2797 4889 2847 4941 in
2910 4887 3064 4941 nobis
3122 4887 3344 4940 virtutes

1792 4992 2024 5049 sanctas,
2054 4999 2114 5038 ac
2140 4998 2236 5036 nos
2264 4982 2315 5035 iu
2334 4996 2511 5035 earum
2532 4978 2863 5049 possessione
2887 4978 3163 5032 conlinunt
3192 4994 3206 5031 ;
3239 4978 3349 5029 sine

1795 5077 1896 5141 ﬁde
1922 5075 2085 5137 enim,
2118 5076 2197 5141 (ut
2230 5076 2303 5127 ait
2356 5073 2678 5141 Scriptura,)
2706 5071 3017 5139 impossibile
3044 5079 3117 5122 est
3146 5070 3348 5137 placere

1795 5166 1901 5218 Deo
1932 5164 2118 5231 (Hebr.
2154 5164 2247 5231 XI),
2282 5165 2404 5228 quia
2438 5176 2593 5214 nemo
2632 5171 2808 5229 potest
2839 5162 2901 5213 ad
2936 5175 3111 5212 veram
3164 5174 3350 5226 perve-

1795 5257 1906 5309 nire
1936 5254 2318 5307 beatitudinem
2345 5251 2441 5305 nisi
2464 5266 2558 5319 per
2589 5238 2763 5315 Iidem,
2796 5249 2946 5302 (idem
2977 5250 3115 5300 illam
3145 5248 3350 5301 scilicet

1792 5363 1900 5415 qua’
1928 5361 2017 5414 per
2044 5345 2624 5411 dilectioneusopcratur
2645 5339 2781 5409 (Gal.
2812 5340 2895 5405 v);
2932 5340 3020 5408 q‘ti
3040 5362 3077 5403 ι,
3104 5349 3159 5392 ut
3188 5337 3347 5391 Jaco-

1792 5442 1888 5493 bus
1918 5436 2191 5505 apostolus
2221 5444 2312 5497 att,
2335 5434 2461 5503 ﬁdes
2488 5420 2596 5486 sine
2624 5430 2855 5499 operibus
2881 5440 3080 5484 mortua
3108 5439 3179 5480 est
3211 5426 3346 5494 (Jac.

1793 5532 1884 5597 u);
1918 5534 1971 5579 et
2001 5526 2191 5579 iterum
2229 5544 2238 5575 :
2279 5524 2415 5591 Quid
2450 5524 2618 5593 prodet
2636 5524 2671 5573 it
2706 5522 2917 5591 (fratres
2948 5521 3072 5586 mei)
3124 5520 3165 5571 si
3196 5518 3349 5586 [idem

1792 5622 1900 5688 quis
1930 5620 2063 5671 dit-at
2089 5633 2140 5670 se
2168 5598 2366 5680 habere,
2398 5630 2550 5684 opera
2582 5622 2751 5665 autem
2778 5628 2879 5665 non
2912 5610 3094 5662 Itabcat
3125 5607 3349 5678 (Ibid)?

1796 5708 2035 5777 Nunquid
2068 5709 2203 5763 bene
2235 5708 2379 5776 vivit,
2430 5712 2481 5759 et
2514 5705 2648 5759 bene
2679 5704 2902 5759 vivendo
2953 5703 3107 5759 tidem
3148 5709 3349 5756 rectam
