3848 6354
520 422 620 483 651

1726 426 1784 480 S.
1825 425 2030 481 ELlGll
2067 414 2345 480 NOVIOM.
2389 425 2602 482 EPISC.

3181 18 3234 44 τε

3657 237 3684 256 η
3697 223 3736 256 ,ιε-

3646 425 3724 481 65?.

518 536 754 592 custodit
782 536 806 590 Ἰ
833 535 1075 592 Charitas
1122 543 1203 590 est
1228 544 1421 600 mater,
1448 535 1568 590 lous
1601 546 1656 590 et
1683 538 1831 606 origo
1860 537 2094 591 omnium
2131 542 2166 593 Α
2200 538 2353 592 nibus
2374 539 2675 608 potentibus
2704 537 2948 592 volumus
2975 536 3149 604 aliqua
3170 549 3477 603 suggerere,
3510 552 3606 589 non
3630 553 3723 606 pos-

517 626 798 680 virtutum.
835 625 950 695 Ipsa
977 635 1061 702 est
1085 626 1258 680 omnis
1282 626 1535 694 prmeepti
1568 625 1707 692 linis,
1732 625 1800 680 de
1828 641 1933 693 qua
1964 625 2096 678 dicit

519 712 808 781 Apostolus
835 730 849 766 ε
876 711 1030 766 Finis
1054 720 1224 766 autem
1251 715 1491 781 pra'cepti
1517 722 1593 765 est
1612 713 1832 764 ctmritas
1857 712 1918 764 de
1944 712 2097 765 corde

517 816 648 865 puro
668 812 717 853 et
738 802 1049 855 conscientia
1075 801 1229 864 bona,
1252 807 1301 852 et
1321 799 1421 861 ﬁde
1442 815 1543 853 non
1564 800 1683 865 [icta
1706 797 1830 867 (Tit.
1857 799 1916 865 t).
1951 791 2100 851 [inde

517 892 776 948 Dominus
804 893 881 946 ait
908 909 921 944 :
959 891 1074 945 Hoc
1113 897 1189 944 est
1223 897 1528 961 praiceptum
1558 905 1742 953 meum,
1787 899 1840 941 ut
1870 888 2096 957 diligatis

516 984 736 1036 inuicem
774 982 955 1051 (Joan.
990 983 1124 1049 XIX).
1161 980 1329 1034 Omne
1349 980 1490 1034 enim
1512 977 1838 1033 'mandatum
1889 979 1957 1032 de
1981 978 2094 1032 sola
2119 1037 2138 1058 ι

517 1075 814 1128 dilectione
843 1081 944 1140 est,
975 1081 1030 1127 et
1051 1072 1226 1125 omnia
1258 1087 1418 1126 unum
1443 1079 1765 1139 pra-ceptum
1797 1077 1943 1134 sunt,
1973 1069 2094 1136 quia

518 1164 776 1234 quidquid
804 1163 1129 1233 praecipitur,
1163 1163 1213 1215 in
1241 1162 1356 1215 sola
1403 1161 1668 1214 cbaritate
1697 1159 1973 1213 solidatur.
2029 1157 2098 1210 Ut

521 1255 667 1308 enim
705 1254 780 1308 ait
805 1254 1118 1322 apostolus:
1153 1251 1293 1304 Deus
1323 1251 1550 1303 charitas
1591 1259 1688 1314 est,
1718 1257 1766 1301 et
1810 1250 1894 1318 qui
1924 1254 2098 1300 manet

516 1346 573 1397 in
603 1344 874 1410 charitate,
905 1344 962 1396 in
989 1342 1100 1397 Deo
1129 1348 1300 1394 manet
1326 1352 1376 1394 et
1400 1339 1538 1394 Deus
1563 1339 1616 1392 in
1643 1355 1701 1392 eo
1725 1337 1775 1407 (I
1805 1336 1962 1391 Joan.
1997 1334 2092 1402 iv).
2145 1395 2152 1406 ι

519 1436 767 1502 Quatuor
787 1445 966 1490 autem
995 1433 1168 1489 modis
1195 1433 1426 1488 charitas
1450 1432 1696 1486 consistit
1729 1448 1738 1480 :
1782 1428 1885 1482 hoc
1913 1435 2014 1490 est,
2042 1425 2094 1478 in

517 1525 813 1580 dilectione
840 1523 960 1589 Dei,
989 1536 1123 1591 quae,
1138 1523 1306 1591 prima
1337 1530 1417 1574 est
1444 1537 1458 1585 ;
1503 1517 1734 1574 secunda
1768 1516 1812 1568 si
1855 1521 2092 1568 nosmet-

517 1615 668 1683 ipsos
705 1610 1000 1666 secundmn
1051 1609 1332 1664 Dominum
1364 1621 1637 1670 amemus;
1673 1604 1853 1666 tertia,
1909 1600 2094 1670 proxi-

522 1719 684 1770 mos;
717 1710 930 1772 quarta,
974 1702 1136 1756 etiam
1168 1700 1435 1760 inimicos.
1493 1697 1772 1752 Dominum
1821 1705 1949 1759 ergo
1979 1690 2092 1758 plus

520 1808 685 1861 quam
713 1807 812 1848 nos
839 1791 1064 1860 diligere
1092 1791 1383 1852 debemus;
1417 1787 1742 1857 proximum,
1784 1783 1924 1837 sicut
1967 1795 2094 1842 nos;

522 1881 820 1945 inimicum,
845 1888 904 1935 ut
927 1879 1253 1950 proximum.
1285 1877 1411 1932 llaec
1439 1884 1522 1932 est
1544 1874 1684 1929 enim
1712 1886 1835 1927 vera
1863 1869 2095 1924 charitas
2125 1857 2172 1916 B

519 1983 680 2037 quam
710 1969 911 2023 habere
939 1968 1196 2022 debemus
1212 1967 1459 2029 invicem,
1488 1963 1626 2018 sicut
1644 1961 1896 2016 Dominus
1917 1964 2096 2011 osten-

526 2058 608 2112 dit
636 2066 692 2112 et
740 2056 924 2112 docuit
970 2057 1154 2110 dicens
1181 2073 1192 2107 :
1223 2053 1436 2123 Diligite
1464 2053 1699 2113 invicem,
1733 2050 1861 2102 sient
1906 2053 1983 2132 εικ
2004 2058 2096 2132 ego

526 2149 690 2205 dilexi
737 2163 872 2211 vos;
917 2148 1016 2200 hac
1068 2149 1318 2213 majorem
1376 2143 1702 2196 dilectione»:
1752 2152 1899 2190 nemo
1949 2131 2099 2186 habet

521 2256 676 2311 quam
721 2248 778 2293 ut
829 2241 1056 2293 animum
1098 2252 1246 2290 suam
1275 2242 1434 2299 j'onut
1481 2232 1593 2299 quis
1647 2245 1740 2296 pro
1770 2227 1949 2279 amicis
1993 2223 2098 2274 suis

525 2330 707 2401 (Joan.
735 2327 848 2396 xv).
874 2326 932 2381 Si
962 2333 1152 2379 autem
1171 2322 1471 2377 etanimam
1491 2319 1612 2386 poni
1633 2323 1867 2384 oportet,
1898 2321 2098 2375 quanto

523 2399 902 2488 magis‘rotum
933 2422 989 2468 et
1015 2412 1246 2467 studium
1281 2408 1454 2475 majus
1481 2406 1583 2460 deb
1621 2414 1642 2458 t
1681 2401 1909 2468 intelligi
1937 2400 1960 2451 Ἰ
1989 2399 2096 2451 Dif-

527 2507 666 2562 tlcile
717 2506 916 2574 quippe
965 2510 1052 2557 est
1104 2501 1212 2556 vim
1261 2497 1537 2553 charitatis
1585 2493 1924 2562 exprimere.
1976 2503 2097 2542 cu-e

527 2596 709 2651 omnia
739 2595 831 2648 Dei
860 2601 1123 2663 pnecepta
1153 2589 1267 2644 sola
1297 2586 1572 2656 possideat
1608 2581 1861 2641 charitas,
1891 2579 2101 2632 dicente

536 2692 693 2742 beato
717 2685 1018 2754 Augustino
1051 2698 1065 2736 ς
1120 2679 1310 2734 Totam
1337 2672 1756 2744 magnitudinem
1783 2679 1838 2722 et
1867 2668 2102 2722 altitudi-

536 2792 658 2833 nem
684 2776 987 2830 divinorum
1014 2768 1350 2837 eloquiorum
1385 2779 1576 2820 secura
1605 2762 1837 2831 possidet
1873 2759 2103 2815 charitas

530 2847 644 2937 qua
665 2861 943 2919 Do'minum
975 2860 1384 2931 proximumque
1431 2855 1716 2925 diligimus.
1754 2852 1875 2907 llaec
1927 2852 1979 2904 in
2019 2849 2106 2902 ad-

534 2955 875 3012 versitatibus
897 2953 1111 3015 tolerat,
1144 2950 1196 3004 in
1228 2947 1674 3019 prosperitatibus
1719 2949 2000 3010 temperat,
2051 2939 2101 2991 in

530 3046 680 3101 duris
707 3042 1040 3113 passionibus
1069 3039 1243 3104 fortis,
1273 3039 1325 3092 in
1351 3037 1508 3092 bonis
1534 3035 1786 3103 operibus
1817 3031 2017 3091 hilaris,
2052 3029 2101 3081 in

535 3132 833 3188 tentatione
863 3129 1146 3191 tutissima,
1177 3126 1229 3180 in
1260 3121 1626 3193 hospitalitate
1667 3118 1985 3187 largissima,
2019 3115 2102 3168 iu-

2195 647 2378 686 sumus
2403 633 2652 687 nisi.cum
2681 632 2979 687 humilitate
2998 641 3051 684 et
3075 630 3402 696 reverentia,
3427 640 3620 696 quanto
3639 647 3725 682 tua.

2192 720 2273 786 gis
2305 719 2530 774 Domino
2577 721 2685 775 Deo
2713 720 3081 780 universorum
3111 733 3233 773 cum
3291 718 3439 773 omni
3475 718 3729 773 humilitate

2194 817 2249 861 et
2269 807 2570 863 devotionis
2599 808 2831 878 puritate
2849 807 3256 878 supplicandum
3297 815 3406 872 est,
3437 801 3554 868 cum
3583 821 3672 859 rea
3691 806 3728 860 in

2195 898 2552 967 multiloquio,
2573 900 2668 955 sed
2700 900 2750 954 in
2800 899 3032 968 puritate
3061 897 3242 953 cordis
3268 907 3324 952 et
3350 913 3592 962 compuna
3650 913 3729 950 une

2195 986 2548 1060 lacrymarum
2578 1006 2674 1044 nos
2700 989 2940 1044 exaudiri
2960 989 3233 1044 sciamus?
3253 971 3407 1042 Illinc
3437 988 3581 1040 Domi
3650 1005 3669 1041 ς
3693 990 3730 1040 in

2197 1075 2478 1144 Evangelia
2511 1095 2525 1132 :
2557 1078 2682 1132 Cum
2705 1079 2908 1133 stabilis
2921 1080 2990 1133 ad
3010 1081 3282 1140 orandum,
3315 1077 3556 1131 dimittite
3627 1081 3732 1153 quid
3821 1089 3825 1100 '

2197 1166 2392 1220 habetis
2418 1169 2658 1222 adversus
2681 1170 2899 1222 alterum
2922 1167 3137 1239 (Matth.
3188 1171 3290 1237 vt).
3342 1168 3480 1222 llinc
3530 1161 3696 1222 i..‘r‘utu

2197 1251 2318 1308 Nisi
2349 1257 2646 1309 remiseritis
2687 1256 2976 1310 [caminibus
3003 1265 3216 1324 peccata
3247 1258 3444 1318 eorum,
3493 1272 3581 1308 nec
3611 1253 3734 1306 Ρετίτ

2193 1349 2372 1406 tester,
2405 1341 2492 1408 qui
2521 1343 2580 1394 in
2610 1342 2748 1395 catis
2777 1351 2874 1407 est,
2905 1342 3120 1394 dimittrt
3161 1341 3299 1395 vobis
3330 1352 3543 1409 peccata
3581 1353 3732 1394 uestra.

2194 1427 2332 1484 Hinc
2358 1445 2540 1485 rursus
2565 1431 2640 1484 ait
2672 1447 2685 1482 :
2709 1431 2838 1485 Date
2865 1441 2912 1484 et
2942 1430 3148 1484 dabitur
3171 1431 3328 1496 tabis,
3351 1433 3589 1484 dimittite
3611 1441 3654 1483 et
3677 1432 3736 1482 di-

2194 1520 2418 1572 mittetur
2440 1522 2580 1575 robis
2609 1520 2821 1592 (Ibid).
2854 1521 2988 1576 llinc
3028 1521 3080 1574 in
3112 1521 3455 1576 institutione
3498 1522 3735 1578 orationis.

2195 1609 2549 1664 conditionem
2579 1611 3004 1680 pietatis‘posuit,
3025 1611 3209 1665 dicens
3243 1629 3255 1662 :
3281 1610 3499 1664 Dimitte
3516 1613 3647 1664 nobis
3671 1613 3739 1662 de-

2197 1699 2300 1753 bita
2329 1710 2529 1768 nostra,
2565 1703 2697 1754 sicut
2723 1711 2770 1754 et
2791 1718 2884 1755 nos
2914 1704 3219 1755 dimittimus
3247 1702 3561 1756 debitoribus
3583 1706 3738 1756 nostris

2201 1791 2409 1860 (ibid).
2435 1790 2527 1845 llle
2556 1799 2702 1845 recte
2722 1792 2802 1844 sui
2823 1790 3003 1845 delicti
3031 1793 3242 1845 veniam
3268 1793 3526 1860 postulat,
3556 1793 3637 1857 qui
3663 1794 3739 1844 hor

2199 1881 2344 1950 prius
2373 1881 2513 1951 quod
2543 1880 2595 1934 in
2641 1894 2761 1935 eum
2791 1881 3122 1950 delinquitur
3177 1881 3386 1934 relaxat
3437 1881 3640 1948 (Matth.
3669 1887 3739 1944 r);

2197 1970 2525 2047 dimittamus
2552 1985 2680 2039 ergo
2695 1971 2840 2039 quod
2857 1971 3081 2026 debetur
3105 1972 3278 2026 nobis.
3311 1972 3573 2040 Relinque
3594 1977 3720 2040 prosi

2199 2075 2288 2113 mo
2319 2069 2415 2114 tuo
2445 2059 2544 2128 (ait
2571 2058 2851 2128 Salomon)
2884 2060 3097 2114 nocenti
3122 2069 3194 2124 te,
3223 2068 3278 2115 et
3299 2069 3450 2122 tunc,
3473 2063 3742 2128 deprecata:

2200 2147 2319 2208 tibi.
2351 2154 2572 2216 peccata
2603 2147 2877 2201 solventur
2903 2147 3090 2216 (Secti.
3125 2150 3334 2216 nun).
3380 2149 3466 2200 Ait
3493 2151 3624 2200 en'tu
3645 2165 3743 2212 apt:-

2197 2237 2368 2292 stolus
2392 2236 2608 2300 Paulus,
2661 2235 2792 2290 Volo
2817 2238 2989 2304 itaque
3019 2239 3150 2291 viros
3182 2256 3334 2292 orare
3386 2241 3442 2289 in
3482 2241 3614 2290 enini
3658 2240 3743 2288 ton.
3821 2217 3823 2224 ’

2199 2329 2423 2382 levantes
2455 2338 2661 2380 sanctas
2689 2342 2874 2378 manus
2929 2329 3042 2380 sine
3090 2329 3169 2378 ira
3219 2338 3267 2379 et
3308 2328 3666 2394 diseptatione
3705 2329 3740 2393 ll
3819 2345 3823 2396 tl

2203 2415 2334 2467 Tim.
2366 2417 2452 2482 tt);
2480 2423 2674 2467 sanctis
2697 2413 2839 2467 enim
2870 2429 3057 2468 manus
3078 2423 3226 2480 sunt,
3254 2424 3310 2466 ut
3338 2415 3412 2466 ait
3446 2417 3738 2476 Ambustus.

2200 2503 2414 2571 quando
2445 2519 2540 2558 cor
2561 2503 2814 2557 mundum
2863 2512 2965 2565 est,
2994 2504 3116 2570 quia
3174 2504 3285 2570 ipsa
3319 2513 3403 2557 e.-t
3437 2504 3491 2555 υτ
3515 2505 3647 2556 m'no
3674 2519 3738 2556 ac-

2172 2651 2178 2660 ,
2202 2593 2479 2665 ςρριειιιίιιε
2506 2594 2679 2647 oratio
2698 2608 2816 2661 qua:
2845 2593 3078 2646 funditur
3100 2594 3215 2647 sine
3244 2593 3371 2646 odio
3403 2595 3648 2657 fraterno.
3683 2599 3739 2642 .‘.i.
3817 2589 3821 2662 ξ

2203 2695 2381 2739 autem
2407 2685 2662 2738 Dominus
2687 2702 2698 2736 :
2726 2681 2938 2752 Oportet
2955 2702 3153 2752 semper
3181 2702 3334 2739 orare
3361 2697 3410 2738 et
3438 2703 3544 2739 non
3569 2685 3738 2752 deﬁm;

2206 2772 2358 2842 (Luc.
2389 2774 2571 2839 xrttt);
2621 2781 2676 2826 et
2705 2771 2898 2825 Paulus
2926 2773 3205 2838 apostolus
3233 2775 3311 2826 ait
3338 2791 3350 2824 :
3411 2774 3624 2840 Semper
3649 2789 3732 2840 9;:-
3817 2767 3821 2836 ξ

2206 2864 2335 2926 dcte,
2365 2864 2474 2914 sine
2502 2862 2874 2915 intermissione
2894 2871 3037 2915 orate
3059 2861 3110 2930 (1
3141 2863 3274 2915 Thes
3292 2882 3322 2913 ι.
3345 2867 3422 2916 vi.
3452 2863 3578 2927 Quis
3603 2868 3740 2912 autem
3819 2853 3821 2872 ⁵

2207 2956 2382 3016 potest
2407 2963 2620 3017 semper
2648 2963 2804 3003 orare
2832 2964 2894 3004 ac
2917 2950 3034 3006 sine
3059 2951 3273 3005 defectu
3305 2963 3359 3003 et
3392 2949 3745 3003 intermissione
3819 2979 3821 3008 ;

2207 3039 2452 3106 precibus
2494 3039 2589 3091 insi
2625 3049 2759 3105 tt-re,
2804 3047 2862 3091 ut
2910 3054 3008 3092 nec
3055 3041 3366 3091 aliti-cntutu
3416 3038 3743 3091 sumendioec
3819 3053 3821 3096 ;

2206 3126 2505 3180 dormiendi
2537 3136 2745 3195 tempus
2767 3128 2960 3180 habeat
2988 3129 3011 3181 ἲ
3041 3128 3134 3181 Cui
3188 3142 3318 3195 ergo
3346 3129 3626 3181 dicendum
3665 3138 3742 3188 est,

535 3233 620 3279 ter
645 3238 802 3278 veros
828 3221 1020 3275 fratres
1035 3217 1322 3279 latissima,
1347 3213 1481 3267 inter
1512 3212 1673 3264 falsos
1693 3208 2098 3279 patientissima.
2130 3188 2175 3249 (ἶ
2206 3225 2404 3284 oportet
2424 3232 2621 3285 semper
2643 3233 2793 3269 στω-ε
2814 3225 2861 3268 ει
2889 3232 2990 3269 non
3018 3188 3388 3283 ἀεριτρνε,ἠίεί
3425 3217 3474 3270 εί
3501 3217 3588 3283 qui
3615 3229 3745 3268 eam.

538 3315 604 3366 lit
629 3312 756 3380 quia
777 3310 846 3364 de
874 3310 956 3364 his
987 3307 1155 3362 tribus
1176 3303 1458 3374 praeceptis
1513 3299 1894 3366 aliquantisper
1941 3294 2104 3349 locuti

535 3390 742 3464 sumus,
775 3399 1019 3453 dicamus
1057 3395 1182 3464 quid
1229 3396 1368 3448 inter
1409 3407 1467 3445 se
1522 3389 1788 3444 dilleraut.
1850 3386 2007 3440 Fides
2055 3385 2105 3437 iri

538 3507 690 3562 spem
719 3488 951 3559 prolicit,
975 3503 1099 3557 spes
1136 3499 1264 3540 vero
1304 3483 1369 3537 ad
1400 3481 1732 3536 cbaritatem.
1774 3476 1830 3530 In
1860 3475 2105 3544 prcesenti

538 3581 643 3635 tria
672 3586 816 3641 sunt,
851 3579 903 3630 in
952 3576 1130 3629 futuro
1156 3572 1270 3627 sola
1299 3570 1530 3624 charitas
1559 3576 1864 3623 sanctorum
1894 3567 2108 3634 ange'o-

537 3684 656 3721 rum
686 3677 742 3721 et
762 3665 877 3729 Dei,
911 3673 960 3717 et
993 3674 1116 3716 tunc
1147 3660 1401 3728 quidquid
1435 3659 1566 3712 lidcs
1613 3669 1668 3711 et
1697 3672 1820 3724 spes
1847 3655 2109 3723 promise-

538 3762 665 3807 rant
688 3748 1160 3806 cosummahitur.
1202 3747 1369 3815 Majus
1409 3759 1536 3812 ergo
1579 3753 1659 3797 est
1705 3743 1846 3810 quod
1898 3756 2110 3808 semper

539 3841 645 3895 erit
669 3855 828 3909 qua-tt
858 3838 1005 3907 quod
1034 3837 1322 3905 aliquando
1346 3834 1595 3897 cessabit,
1627 3833 1750 3900 quia
1780 3831 1890 3885 sola
1933 3830 2108 3883 chari-

543 3943 628 3988 tas
659 3934 731 3988 ibi
763 3932 998 4002 perlecta
1050 3930 1154 3984 erit
1182 3943 1302 3982 cum
1333 3927 1600 3995 perfectos
1643 3926 1772 3988 Deo,
1802 3940 1830 3976 a
1875 3939 1982 3991 quo
2030 3931 2113 3975 est

539 4025 760 4084 donata,
793 4021 1156 4089 conjunxerit.
1191 4019 1294 4072 Sed
1325 4019 1448 4088 quia
1481 4020 1591 4071 haec
1611 4027 1664 4070 et
1687 4018 1788 4069 alia
1830 4018 1966 4068 bona
2019 4029 2111 4066 ue-

542 4127 812 4182 quaquam
832 4128 858 4165 a
885 4111 1106 4166 Domino
1129 4113 1370 4166 obtincre
1394 4110 1701 4179 poterimus,
1731 4107 1824 4160 nisi
1849 4105 2109 4168 oratione,

536 4205 746 4272 jejunio
774 4213 826 4257 et
857 4203 1218 4273 eleemosyna,
1247 4201 1485 4254 dicamus
1519 4198 1750 4251 breviter
1774 4206 1970 4264 quanta
2002 4195 2113 4247 lucc

542 4297 788 4347 humana:
823 4292 980 4348 saluti
1037 4298 1287 4360 prmstcut
1333 4287 1610 4349 benelicia,
1644 4287 1723 4346 si,
1772 4294 1829 4338 ut
1876 4286 2048 4346 decet,
2084 4297 2112 4334 a

545 4384 700 4438 nobis
719 4383 917 4439 fuerint
948 4382 1302 4450 frequentata.
1356 4377 1562 4431 Modum
1596 4389 1824 4440 namque
1857 4372 2115 4424 orati.:nis

547 4473 917 4534 sanctissimus
947 4481 1147 4541 martyr
1179 4471 1473 4540 Cyprianus
1498 4483 1592 4520 nos
1625 4466 1800 4527 docet,
1853 4464 2032 4517 dicens
2060 4473 2115 4514 ut

2209 3307 2342 3361 nicis
2369 3307 2514 3361 horis
2543 3307 2802 3374 quotidie,
2823 3306 2982 3374 ‘juxta
3011 3307 3170 3360 ritum
3212 3307 3589 3360 ecclesiastica
3613 3303 3745 3358 tradi-

2209 3397 2392 3464 tionis,
2440 3396 2747 3465 psalmodiis
2772 3395 3130 3463 precibusquc
3177 3397 3454 3448 consuetis
3505 3394 3740 3448 [luminum

2210 3486 2430 3540 laudare
2456 3494 2510 3538 et
2558 3497 2750 3552 rogare
2779 3496 2885 3535 non
2938 3480 3188 3535 desistit?
3241 3481 3306 3532 Et
3353 3482 3462 3533 hoc
3515 3489 3594 3533 est
3636 3492 3772 3546 quos

2211 3575 2486 3628 Psalmista
2506 3573 2736 3635 dicebat,
2769 3571 3073 3624 Benedicam
3107 3570 3380 3626 Dominum
3411 3573 3467 3622 in
3499 3573 3628 3624 omni
3653 3581 3744 3620 tua.

2210 3682 2354 3732 pore,
2387 3679 2582 3732 semper
2637 3662 2750 3715 laus
2779 3662 2892 3731 ejus
2945 3663 2997 3714 in
3056 3678 3144 3714 ore
3195 3678 3310 3714 mro
3359 3660 3530 3728 (Psal.
3579 3661 3743 3711 xuutl.

2211 3753 2418 3807 Sedulae
2443 3759 2621 3804 autem
2654 3763 2843 3818 preces
2869 3756 3166 3816 provocant
3207 3748 3448 3798 animam
3499 3744 3677 3797 indicis
3698 3743 3744 3792 ad

2214 3839 2654 3901 misericordiam,
2679 3848 2734 3891 et
2781 3819 2920 3890 sicut
2949 3837 3102 3890 militi
3156 3838 3275 3890 sine
3301 3838 3471 3890 armis
3499 3836 3563 3889 ad
3593 3833 3746 3888 bellum

2213 3935 2359 3986 exire
2389 3945 2492 3985 non
2524 3929 2795 3992 convenit,
2829 3929 2898 3979 ita
2928 3927 3128 3980 homini
3157 3927 3469 3980 Christiano
3497 3924 3745 3993 procedere

2214 4022 2454 4090 quolibet
2497 4020 2612 4072 sine
2642 4021 2886 4072 oratione
2915 4031 3018 4069 non
3062 4015 3298 4085 expedit.
3345 4014 3677 4083 Egredientes
3701 4009 3747 4060 de

2215 4109 2446 4178 hospitio
2475 4119 2638 4159 armet
2662 4106 2856 4168 oratio,
2878 4103 3300 4172 regredientibus
3318 4101 3385 4154 de
3408 4102 3584 4170 platea
3605 4099 3748 4152 animo

2216 4209 2482 4255 occutnat.
2517 4196 2782 4264 Quidquid
2814 4194 3148 4248 Christianus
3195 4194 3439 4254 inchoat.
3482 4201 3630 4245 antea
3651 4187 3748 4240 diri-

2217 4299 2303 4357 gat
2331 4306 2362 4340 o
2396 4290 2627 4342 atienem
2678 4286 2743 4339 ad
2773 4285 3086 4347 Dominum;
3150 4282 3408 4351 quidquid
3461 4277 3671 4348 perﬁcit,
3712 4283 3749 4326 et

2220 4381 2318 4433 hoc
2340 4393 2457 4432 cum
2487 4376 2730 4430 oratione
2757 4373 3022 4442 perﬁciat,
3046 4380 3102 4426 et
3124 4386 3359 4440 semper,
3383 4386 3566 4431 sensu,
3595 4373 3746 4420 ments.

2217 4485 2349 4524 voce
2379 4479 2432 4524 ct
2462 4483 2645 4537 opere,
2675 4467 3098 4534 omnipotentem
3127 4464 3418 4531 Dominum
3443 4469 3580 4524 uret,
3607 4465 3658 4510 et
3685 4455 3748 4508 det

546 4580 671 4619 cum
701 4572 905 4618 stamus
933 4563 998 4615 ad
1039 4563 1353 4614 orationem.
1389 4559 1606 4623 vigilare
1627 4565 1680 4609 et
1711 4556 2016 4609 incumbere
2053 4555 2116 4605 ad
2151 4547 2197 4606 Ι)
2222 4578 2281 4614 ea
2319 4561 2456 4612 vene
2480 4560 2673 4620 dicere,
2705 4556 2903 4624 pariter
2929 4566 2984 4610 ei
3014 4556 3211 4614 facere,
3258 4566 3313 4607 οι
3333 4567 3397 4606 ea
3434 4567 3595 4622 usque
3613 4549 3666 4604 δή
3683 4548 3746 4599 bo-

543 4669 736 4723 preces
767 4662 880 4705 toto
912 4652 1072 4704 corde
1095 4651 1402 4704 debeamus.
1432 4649 1695 4715 Cogitatio
1719 4646 1890 4700 omnis
1932 4660 2118 4698 carna-

546 4746 611 4798 lis
633 4752 687 4797 et
713 4742 968 4812 spiritalis
996 4740 1267 4801 abscedat,
1297 4755 1394 4793 nec
1421 4737 1708 4805 quidquam
1737 4734 1946 4786 animus
1975 4732 2116 4798 cogi-

547 4845 622 4887 tet
646 4850 804 4903 quam
856 4833 903 4886 id
949 4832 1116 4885 solum
1146 4831 1286 4897 quod
1320 4839 1581 4896 trccatur.
1629 4829 1752 4881 Ideo
1790 4836 1843 4879 et
1870 4824 2118 4879 sacerdos

547 4935 674 4978 ante
704 4920 1002 4978 orationem
1035 4921 1344 4990 prmfatieue
1394 4922 1680 4985 prz't-m'ssa,
1715 4925 1866 4985 parat
1897 4919 2115 4968 fratrum

552 5029 759 5071 mentes
782 5015 1008 5068 dicendo
1035 5034 1044 5063 :
1074 5017 1289 5065 Sursum
1318 5011 1496 5072 covda,
1518 5019 1573 5062 ut
1597 5010 1922 5076 respondens
1948 5008 2115 5074 plebs,

551 5105 818 5161 Habemus
846 5106 908 5156 ad
932 5105 1243 5168 Dominum,
1277 5103 1623 5153 admoneatur
1647 5100 1772 5154 nihil
1795 5098 1932 5150 aliud
1962 5113 2117 5164 quam

553 5201 837 5250 Dominum
857 5197 1088 5261 cogitare
1112 5194 1322 5250 debere.
1352 5204 1406 5245 ut
1437 5194 1710 5245 claudatur
1732 5199 1915 5258 pectus
1938 5198 2119 5241 contra

553 5284 918 5336 adversarium
965 5293 1016 5334 et
1048 5282 1145 5334 soli
1184 5283 1290 5333 lico
1345 5289 1542 5346 pateat,
1587 5295 1682 5333 nee
1717 5279 1779 5331 ad
1815 5294 1868 5330 ~e
1916 5278 2120 5329 hostmn

557 5376 648 5429 l‘ei
702 5383 941 5437 tempore
987 5374 1240 5425 orationi.»
1296 5373 1555 5423 accedere
1608 5371 1856 5438 patiatur.
1910 5364 2125 5432 Ubrepit

552 5467 693 5518 enim
753 5461 1000 5527 frequent
1037 5477 1061 5511 r
1111 5471 1162 5512 rt
1214 5454 1478 5527 penetrat,
1528 5469 1580 5509 et
1622 5459 1883 5509 subtiliter
1916 5456 2120 5511 fallens.

555 5569 741 5622 preces
768 5561 976 5604 nostras
1008 5566 1036 5602 a
1087 5550 1194 5602 Deo
1224 5560 1434 5613 avocat,
1479 5557 1533 5598 ut
1562 5548 1701 5599 aliud
1753 5547 2042 5599 habeamus
2076 5543 2124 5594 iu

556 5642 720 5696 corde
752 5651 804 5694 et
827 5639 968 5692 aliud
1008 5641 1056 5691 in
1083 5653 1230 5691 Voce.
1257 5639 1385 5691 Nam
1420 5653 1538 5689 cum
1577 5636 1717 5702 quali
1747 5637 2031 5688 devotione
2075 5642 2128 5684 et

557 5731 857 5783 reverentia
888 5730 956 5781 sit
985 5729 1259 5784 orandum,
1307 5727 1557 5779 beatissii
1584 5741 1643 5777 us
1686 5737 1736 5776 ct
1764 5723 2128 5777 sanctissimus

560 5819 716 5872 l‘ater
740 5818 1052 5871 Benedictus
1075 5817 1423 5880 demonstrat,
1462 5817 1642 5871 dicens
1720 5816 1771 5868 Si
1807 5829 1920 5868 cum
1956 5815 2127 5867 homi-

2220 4653 2268 4703 ni
2295 4651 2471 4717 operis
2503 4647 2952 4714 perseverantiam
2986 4645 3223 4698 retinere
3267 4644 3469 4710 quibus
3519 4641 3582 4695 ad
3629 4639 3746 4690 vitae!

2221 4748 2531 4806 perpetuam
2563 4735 2787 4788 feliciter
2819 4733 3096 4802 pervenire
3125 4733 3388 4787 concedat
3433 4749 3448 4783 :
3493 4731 3750 4798 {requests}

2221 4827 2549 4880 (nationibus
2581 4825 2805 4884 insistat,
2861 4831 2916 4876 et
2951 4822 3092 4875 mala
3121 4837 3219 4875 sua
3262 4821 3536 4888 pneterita
3557 4830 3665 4870 CIIII
3689 4815 3746 4863 la-

2222 4917 2417 4985 crymis
2445 4925 2496 4968 et
2526 4916 2723 4981 gemitu
2753 4913 2988 4980 quotidie
3022 4913 3072 4965 in
3096 4914 3343 4966 oratione
3387 4911 3502 4962 Dco
3543 4923 3603 4964 co
3635 4906 3752 4960 litt:-

2225 5017 2326 5066 tur,
2361 5016 2411 5060 ct
2441 5014 2720 5059 caveatue
2766 5001 2833 5056 ad
2877 5003 2980 5056 hoc
3038 5018 3219 5074 rursus
3278 5011 3504 5068 proruat
3553 4993 3678 5066 quod
3709 5005 3750 5043 εξ
3793 4993 3796 5004 ⁵

2224 5099 2490 5164 planxisse
2521 5093 2776 5159 agnoscit.
2811 5092 3112 5145 Meminisse
3142 5092 3280 5144 cuitu
3312 5091 3476 5146 debet
3495 5083 3630 5153 quod
3653 5077 3750 5132 diti.
3791 5103 3794 5162 Α

2228 5197 2339 5249 tur,
2375 5185 2453 5237 Ne
2485 5188 2633 5236 iteics
2658 5183 2854 5234 tertium
2882 5184 2935 5234 in
2963 5183 3195 5234 oratione
3222 5192 3305 5230 tua
3323 5178 3408 5242 (Et
3427 5177 3513 5230 cli.
3535 5174 3620 5242 vn)
3639 5179 3750 5236 squ

2227 5276 2474 5327 videlicet
2504 5273 2645 5325 dicto
2678 5272 2754 5323 vir
2781 5270 2996 5338 sapiens
3043 5281 3376 5334 nequaquam
3427 5280 3526 5318 nos
3551 5257 3750 5330 pulit!!!

2227 5381 2366 5436 srvpe
2397 5363 2599 5413 veniam
2633 5368 2834 5428 petere,
2867 5359 2956 5411 sed
2985 5357 3170 5423 culpas
3201 5355 3435 5418 iterare;
3468 5345 3750 5416 uelim?“

2226 5454 2365 5506 dicat
2392 5470 2403 5503 :
2437 5450 2564 5502 Cum
2596 5449 2729 5500 male
2758 5455 2903 5512 gesta
2928 5444 3229 5504 dcllevcris,
3261 5449 3592 5510 nequaquam
3611 5437 3772 5490 πω·

2231 5543 2391 5596 lat-ias
2422 5540 2560 5607 quod
2591 5554 2708 5591 cum
2743 5534 2989 5603 precibus
3023 5533 3214 5586 iterum
3245 5531 3490 5600 plangas.
3519 5521 3654 5580 Sciat

2232 5642 2338 5686 tem
2373 5601 2670 5682 fraternitas
2717 5601 2890 5680 vestra
2915 5623 3038 5691 quia
3070 5632 3193 5677 tunc
3217 5619 3509 5690 pretesi'ot'
3531 5601 3766 5672 ειηηιὲθ-

2232 5737 2348 5774 tum
2375 5718 2653 5784 conjuncta
2686 5713 2842 5766 luerit
2870 5714 3259 5780 elecmusyna‘;
3289 5701 3760 5786 itn't'iira-s'ctlilf‘i"

2236 5812 2347 5866 titio
2378 5781 2559 5876 cstlut
2593 5807 2665 5860 ait
2696 5806 2882 5862 beatus
2930 5808 3060 5873 [ειη
3077 5802 3252 5872 ianus)
3280 5805 3402 5856 cuni
3431 5781 3750 5872 prcutit!“
