3886 6226
210 421 293 475 [33

1544 476 1555 487 ,
1617 406 1936 464 nonILnE.

3260 407 3364 464 631

3282 479 3319 501 σι

209 526 581 583 minumsterilis
608 524 803 580 oratio.
826 524 956 583 Nam
977 524 1019 579 si
1044 524 1206 578 omnis
1232 520 1385 576 arbor
1405 537 1502 574 non
1521 521 1710 585 faciens
1742 523 1785 574 Α
1814 517 1906 579 ris,
1936 534 2050 585 qua:
2073 530 2189 572 sunt
2213 520 2512 574 communia
2543 523 2679 575 dona
2731 522 3038 586 conditoris,
3081 525 3195 577 s'ne
3236 524 3363 575 indi»

214 624 390 685 [ructant
422 615 602 668 bonum
622 616 881 667 eicidetur
896 624 942 668 et
970 619 1022 667 in
1043 600 1207 683 ignem
1232 613 1454 666 mittetur
1504 608 1713 677 (Matth.

214 714 293 771 tu),
319 707 489 772 utique
517 714 570 756 et
597 720 773 759 sermo
803 721 908 758 non
936 705 1136 757 habens
1163 702 1415 768 fructum,
1447 714 1716 769 promere-

212 796 248 849 ri
264 792 463 861 gratiam
496 791 701 847 Domini
735 807 839 845 non
870 800 1061 861 potest,
1091 791 1211 860 quia
1238 789 1379 844 nulla
1410 789 1718 857 Operatione

216 881 431 938 {acutulas
458 890 555 936 est.
579 880 641 934 Et
666 882 789 936 ideo
827 881 1097 948 Scriptura
1150 880 1327 935 divina
1372 878 1590 933 inseruit
1634 877 1716 930 di-

216 987 342 1028 cens:
370 971 507 1025 Bona
532 981 607 1025 est
634 975 793 1025 oratio
815 988 926 1024 cum
939 972 1140 1040 jejunio
1156 982 1199 1024 et
1227 971 1542 1037 cleenwsyua
1568 967 1717 1039 (Tob.

218 1065 295 1129 ιι).
322 1061 439 1114 Nam
475 1061 562 1127 qui
592 1062 644 1114 in
670 1062 758 1115 die
777 1060 957 1128 iudicii
981 1061 1250 1132 prteniium
1282 1074 1377 1128 pro
1398 1058 1647 1127 operibus
1666 1067 1722 1111 et

214 1151 521 1219 elecmosynis
548 1149 844 1203 redditurus
865 1158 962 1212 est,
1014 1147 1171 1202 hodie
1197 1161 1410 1216 quoque
1432 1146 1720 1200 ad'oi-atio-

216 1254 313 1293 nem
337 1255 448 1294 cum
481 1241 788 1308 operatione
825 1239 1056 1294 venienti
1097 1238 1353 1306 benignus
1381 1236 1590 1291 auditor
1616 1246 1717 1290 est.

216 1329 289 1383 Sic
309 1328 565 1382 Cornelius
588 1329 852 1394 centurio,
906 1345 1026 1401 cum
1055 1338 1235 1384 oraret
1290 1328 1481 1382 meruit
1528 1327 1715 1392 audiri,

217 1417 381 1470 iaciens
405 1416 593 1471 multas
627 1415 984 1489 eleemosynas
1012 1426 1067 1471 et
1110 1433 1272 1473 orans
1306 1431 1515 1486 semper
1543 1417 1721 1471 Domi-

217 1520 336 1558 nam.
366 1505 485 1559 lliue
513 1504 651 1559 circa
677 1506 864 1560 horam
896 1520 1089 1558 nonam
1116 1506 1283 1559 astitit
1307 1506 1522 1574 angelus
1563 1505 1722 1559 testi-

219 1594 417 1648 monium
445 1594 664 1649 reddens
700 1596 947 1662 operibus
998 1596 1115 1663 ejus
1160 1606 1215 1649 et
1243 1595 1462 1649 dicens:
1493 1595 1717 1659 Corneli,

216 1686 438 1738 orationes
482 1693 577 1737 tutr
595 1693 646 1737 et
686 1685 1011 1753 elemosyna
1042 1696 1137 1739 tua:
1167 1676 1498 1740 ascenderunt
1538 1687 1590 1739 in
1619 1701 1721 1738 me-

218 1773 397 1826 moriam
419 1790 585 1828 coram
614 1772 829 1828 Domino
877 1777 1010 1850 (Act.
1057 1779 1132 1837 κ).
1174 1775 1294 1829 Cito
1350 1776 1615 1829 orationes
1653 1775 1718 1828 ad

221 1862 461 1915 Dominum
487 1864 796 1927 ascendunt,
821 1880 936 1933 qui:
954 1866 1018 1918 ad
1048 1883 1167 1919 cum
1194 1868 1382 1920 merita
1413 1867 1576 1921 nostri
1601 1882 1739 1937 opeg

220 1949 277 2002 :is
296 1948 517 2011 atterunt,
539 1951 676 2004 unde
691 1960 743 2004 et
761 1968 854 2019 per
872 1953 1155 2008 Jeremiam
1179 1956 1488 2025 prophetam
1505 1956 1578 2010 di.
1591 1956 1725 2009 itur:

218 2035 423 2090 Lemnus
473 2040 627 2093 corda
676 2050 849 2093 nostra
892 2059 1006 2095 cum
1047 2044 1278 2099 manibus
1334 2047 1401 2098 ad
1455 2044 1730 2099 Dominum

220 2128 399 2195 (Thrin.
430 2130 527 2199 nt).
550 2131 627 2184 Ad
650 2118 928 2185 Dominum
949 2135 1144 2203 quippe
1166 2136 1322 2189 corda
1353 2152 1473 2190 cum
1491 2137 1730 2189 manibus

221 2219 371 2274 levare
396 2231 471 2275 est
498 2223 962 2277 orationisnostra:
990 2225 1219 2279 studiurn
1243 2242 1361 2280 cum
1386 2228 1575 2280 merito
1607 2227 1728 2279 boni

220 2310 370 2369 «neiis
395 2312 724 2380 cuiijungcre.
784 2315 854 2365 De
909 2314 1011 2367 hoc
1065 2323 1118 2368 et
1146 2324 1358 2371 sanctus
1390 2314 1497 2369 Leo
1544 2331 1675 2386 papa
1715 2333 1729 2368 :

223 2398 439 2455 Oratione
461 2403 669 2470 (inquit)
716 2405 1022 2472 propitiatio
1051 2406 1323 2474 qmeritur,
1366 2406 1571 2475 jejunio
1601 2423 1729 2459 con-

223 2489 506 2554 cupiscentia
534 2492 1102 2561 carnisexstinguitur,
1137 2495 1488 2567 elecmosynis
1518 2504 1732 2565 peccata

224 2578 539 2645 redimuntur;
569 2583 620 2635 in
651 2583 982 2637 orationibus
1026 2583 1152 2639 ﬁdes
1181 2593 1457 2652 permanet
1482 2594 1647 2650 recta,
1680 2586 1730 2637 in

222 2667 405 2735 ieiuniis
426 2670 631 2738 invicta,
664 2673 716 2727 in
745 2674 1096 2743 eleemosynis
1121 2690 1270 2729 mens
1320 2675 1578 2743 benigna;
1636 2675 1735 2728 hoc

231 2759 348 2811 enim
371 2763 648 2827 perlectum
677 2769 730 2814 et
774 2762 1087 2817 rationabile
1112 2762 1368 2831 ieiunium
1397 2778 1503 2829 quo
1554 2771 1735 2816 noster

231 2857 445 2903 externus
470 2850 623 2904 homo
642 2851 851 2919 ieiunat
866 2862 919 2905 et
942 2853 1160 2905 interior
1179 2861 1316 2915 orat,
1336 2860 1389 2904 et
1419 2852 1620 2906 facilius
1643 2865 1736 2920 per

225 2936 449 3004 jejunium
471 2940 637 2994 oratio
666 2949 911 3008 penetrat
958 2943 1010 2994 in
1058 2941 1272 2996 caelum.
1322 2942 1527 3006 ieiunia
1579 2942 1734 2996 fortia

229 3026 314 3081 tela
353 3036 465 3081 sunt
496 3029 745 3085 adversus
791 3039 1110 3086 tentamcnta
1151 3032 1531 3095 daemoniorum
1564 3048 1578 3097 ;
1630 3032 1736 3087 cito

1820 605 2067 669 gentibus
2093 607 2358 673 percepit;
2395 616 2448 661 et
2474 608 2572 662 sibi
2597 609 2817 679 quisque
2841 608 3068 677 ieiunat,
3095 611 3137 664 si
3164 624 3226 664 ea
3245 616 3367 679 qua:

1822 692 1888 744 ad
1913 699 2117 760 tempus
2141 695 2403 748 subtrahit
2429 711 2533 749 non
2555 678 2872 765 pauperibus
2902 689 3100 763 nibuit,
3131 699 3223 754 sed
3238 678 3368 753 ven-

1825 782 1888 834 tri
1914 783 2248 850 postmodum
2269 784 2535 838 oll‘erenda
2563 788 2839 841 custodiat.
2861 787 2992 842 llinc
3018 804 3113 857 per
3138 790 3366 857 prophe-

1826 878 1931 923 tam
1953 870 2154 927 Joelcm
2169 872 2383 929 dicitur:
2405 874 2736 943 Sanctiﬁcate
2743 878 2996 946 jejunium
3012 878 3059 947 (.l
3069 879 3165 933 oet.
3186 884 3224 943 ι)
3251 898 3263 939 ;
3284 880 3365 947 je-

1818 958 2025 1029 junium
2050 964 2246 1035 quippe
2271 964 2602 1021 sanetilicare
2628 975 2712 1021 est
2762 968 3024 1036 adiunctis
3062 970 3215 1039 bonis
3238 963 3370 1023 aliis

1825 1050 2034 1118 dignam
2064 1054 2238 1106 carnis
2290 1054 2660 1110 abstinentiam
2710 1057 3032 1112 ostendere:
3082 1061 3174 1126 qui
3227 1060 3367 1113 enim

1826 1142 1938 1194 vult
1965 1142 2202 1196 ordinate
2228 1143 2354 1199 dare
2381 1145 2794 1216 eleemosynain,
2843 1163 2870 1199 a
2902 1150 3078 1216 seipso
3107 1150 3263 1202 debet
3292 1152 3370 1202 iu-

1826 1232 2004 1300 cipere
2028 1243 2082 1287 et
2105 1249 2221 1289 eam
2251 1236 2350 1289 sibi
2380 1237 2607 1305 primum
2632 1238 2778 1292 dare.
2810 1238 2901 1294 Est
2941 1242 3080 1295 enim
3132 1241 3362 1297 etc-cmo-

1825 1336 1955 1390 syna
1985 1338 2119 1389 opus
2147 1325 2554 1392 misericordiae,
2584 1314 2964 1397 vexis’simeque
3002 1332 3195 1385 dictum
3243 1339 3325 1385 est
3354 1349 3364 1382 :

1826 1410 2072 1486 Miserere
2091 1417 2276 1470 anima:
2297 1424 2396 1470 tua:
2419 1419 2622 1486 placens
2666 1418 2775 1479 Deo
2794 1419 3011 1487 (Eccles.
3043 1424 3189 1491 xxx).
3243 1423 3371 1477 Pro-

1828 1511 1945 1570 pter
1970 1501 2069 1557 boc
2099 1506 2424 1573 renascimur
2452 1515 2505 1560 ut
2536 1509 2640 1562 lleo
2670 1508 2988 1577 placeamus,
3032 1513 3153 1577 quia
3181 1513 3370 1566 mcrito

1828 1589 2066 1658 displicet
2088 1592 2229 1660 quod
2259 1594 2522 1649 nascendo
2544 1596 2903 1651 contraximus
2929 1613 2943 1650 :
2970 1579 3083 1652 lucc
3125 1608 3207 1653 est
3234 1600 3376 1666 prior

1829 1681 2163 1752 eleemosyna
2212 1698 2370 1751 quam
2419 1685 2570 1739 nobis
2625 1685 2878 1741 debemus
2919 1706 2932 1740 :
2986 1687 3117 1741 Date
3157 1690 3369 1744 elcemo-

1829 1787 2011 1836 syuam
2039 1782 2089 1825 et
2115 1788 2227 1826 ecce
2274 1775 2443 1827 omnia
2490 1776 2680 1827 munda
2734 1787 2849 1830 sunt
2887 1777 3032 1830 no’is
3087 1775 3233 1843 (Luc.
3278 1779 3371 1847 χι).

1831 1863 1943 1916 Nm
1993 1865 2165 1919 solum
2219 1882 2349 1934 ergo
2390 1868 2479 1935 qui
2524 1869 2614 1922 dat
2643 1870 2890 1923 esurienti
2934 1871 3377 1937 cibum,»sitienti
3421 1940 3427 1944 ν

1829 1961 2030 2019 putum,
2065 1953 2202 2006 uttdo
2232 1956 2630 2024 vestimentum,
2683 1958 3038 2026 peregrinanti
3069 1960 3375 2027 hospitium,

1832 2046 2051 2115 legit-nti
2103 2046 2373 2101 latibulun
2399 2088 2413 2111 ,
2453 2060 2593 2115 πετο
2627 2051 2703 2103 vel
2749 2051 2953 2107 incluso
2995 2052 3370 2112 visitationem.

1830 2137 2041 2205 captivo
2085 2137 2523 2207 redemptionem,
2564 2155 2665 2193 non
2696 2155 2824 2193 sano
2870 2156 2954 2195 me
2976 2142 3147 2205 telam,
3179 2143 3374 2198 erranti

1832 2223 1990 2287 via'm,
2026 2228 2337 2281 deliberanti
2354 2229 2658 2293 consilimu,
2683 2237 2736 2283 ct
2750 2229 3104 2299 quodcunque
3127 2244 3369 2284 necessa-

1833 2314 1965 2366 rium
2021 2314 2306 2380 indigenti;
2346 2331 2526 2369 verum
2571 2316 2729 2370 etiam
2760 2319 2849 2386 qui
2880 2319 2968 2373 dat
3014 2316 3227 2372 veniam-
3253 2331 3377 2388 pec-

1833 2404 1997 2469 canti,
2024 2403 2414 2472 eleemosynam
2439 2403 2562 2468 dat;
2594 2413 2648 2458 et
2674 2405 2763 2474 qui
2793 2405 3039 2460 emendat
3063 2407 3225 2461 verbo
3254 2420 3372 2459 eum

1834 2494 1886 2548 in
1915 2509 2071 2562 quem
2103 2502 2335 2562 potestas
2377 2495 2424 2548 ei
2453 2492 2627 2560 datur,
2656 2494 2738 2548 vel
2765 2505 2975 2549 coercet
3019 2496 3197 2565 aliqua
3217 2495 3375 2550 disci-

1834 2584 2006 2652 plina;
2038 2592 2092 2637 et
2116 2593 2289 2638 tamen
2328 2594 2602 2653 peccatum
2631 2586 2745 2654 eius
2773 2600 2879 2653 quo
2916 2585 2982 2639 ab
3010 2584 3102 2639 illo
3124 2586 3277 2641 lzesus
3298 2597 3378 2639 est

1832 2675 1915 2727 vel
1946 2675 2197 2740 alleuans,
2226 2675 2442 2731 dimittit
2467 2692 2533 2730 ex
2563 2676 2723 2732 corde
2745 2719 2758 2741 ,
2791 2678 2873 2731 vel
2899 2686 3016 2731 orat
3045 2685 3100 2731 ut
3143 2668 3377 2729 dimitta-

1838 2773 1921 2818 tur
1949 2767 1995 2819 ei
2023 2807 2038 2830 ,
2085 2780 2188 2819 non
2217 2766 2391 2820 solum’
2416 2766 2467 2820 in
2507 2782 2571 2821 eo
2600 2768 2739 2835 quod
2770 2768 3003 2822 dimittat
3054 2776 3212 2836 atque
3238 2774 3376 2827 orat,

1835 2871 2018 2910 verum
2046 2857 2204 2911 etiam
2237 2858 2287 2912 in
2322 2872 2387 2912 eo
2423 2857 2565 2926 quod
2592 2857 2808 2926 corripit
2838 2868 2893 2912 et
2930 2860 3101 2927 aliqua
3133 2858 3380 2912 emenda-

1837 2954 1946 2999 tum
1977 2962 2129 3015 pmna
2155 2948 2354 3016 plcetit,
2395 2971 2409 3000 ι
2428 2949 2782 3017 leentosynam
2807 2947 3062 3016 dat,qnia
3091 2948 3381 3003 misericor-

1836 3035 1975 3091 diam
2006 3047 2237 3106 prmstat.
2281 3038 2514 3108 llaphael
2562 3053 2772 3107 quoque
2801 3038 3034 3105 angelus,
3066 3048 3122 3092 ut
3150 3039 3381 3093 eleemo-

228 3117 344 3170 eoim
368 3133 456 3186 per
472 3121 841 3177 abstinentiam
870 3122 1237 3187 devincuutur,
1266 3137 1386 3177 cum
1411 3122 1611 3191 ieiunia
1638 3123 1733 3200 bo-
1761 3149 1805 3210 ρ
1838 3144 1967 3197 syna
2001 3128 2226 3182 lib-nter
2252 3143 2315 3180 ac
2364 3127 2577 3194 largiter
2628 3128 2778 3180 tiatur
2801 3167 2815 3191 ,
2870 3127 3109 3180 hortatur
3153 3126 3335 3181 dicens
3365 3142 3378 3178 :

226 3209 292 3260 nis
314 3211 539 3277 operibus
565 3212 673 3265 Deo
698 3213 1043 3280 acceptabilia
1073 3222 1214 3267 sunt.
1248 3213 1351 3278 Qui
1397 3222 1572 3266 autem
1602 3213 1735 3267 cibis

224 3302 472 3368 abstinent,
498 3311 551 3356 et
587 3317 749 3371 prave
777 3311 961 3370 agunt,
1001 3303 1265 3357 dmmones
1293 3303 1584 3367 imitantur,
1615 3303 1734 3370 qui-

224 3391 306 3443 bus
329 3406 436 3447 esca
464 3408 564 3446 non
592 3400 676 3447 est
702 3401 757 3446 et
780 3393 1014 3461 nequitia
1042 3406 1254 3462 semper
1299 3400 1379 3446 est
1410 3412 1422 3445 :
1478 3392 1568 3445 ille
1594 3393 1734 3445 enim

227 3481 418 3537 demum
429 3484 557 3539 bene
583 3484 814 3539 abstinet
833 3498 863 3537 a
892 3482 1022 3538 cibis
1040 3484 1129 3551 qui
1152 3491 1208 3536 et
1227 3498 1254 3534 a
1274 3481 1488 3543 malitiae
1516 3482 1737 3537 actioni-

192 3573 308 3626 ’bus
346 3584 394 3629 et
434 3591 464 3628 a
510 3576 686 3629 mundi
732 3574 943 3642 ieiunat
988 3573 1384 3627 ambitionibus.
1429 3572 1736 3627 Necessaria

230 3679 425 3731 namque
445 3673 561 3718 sunt
584 3663 775 3716 animat
803 3672 996 3716 nostra:
1017 3662 1239 3731 ieiunia,
1270 3664 1409 3716 sicut
1432 3660 1737 3716 vulneribus

229 3752 450 3808 medicina
480 3772 492 3805 :
520 3753 775 3808 medelam
798 3754 940 3808 enim
970 3752 1247 3808 conferunt
1278 3753 1396 3805 vita:
1447 3758 1736 3820 perpetum,

230 3844 287 3898 ita
314 3852 467 3905 tamen
489 3853 545 3898 ut
568 3844 788 3898 duarum
816 3859 991 3899 rerum
1025 3843 1339 3899 tPstimOniis
1365 3840 1739 3894 commenden-

230 3942 317 3994 tur,
337 3935 569 3988 orationis
590 3936 794 3989 scilicet
817 3950 881 3989 ac
909 3932 1285 3989 misericordiae
1311 3951 1322 3986 :
1373 3933 1511 3987 sicut
1549 3938 1603 3984 ct
1635 3932 1739 3984 l‘o-

230 4021 376 4076 minus
395 4038 481 4091 per
500 4024 805 4092 proiihetam
831 4023 957 4076 dicit
989 4041 1001 4076 :
1036 4021 1223 4076 Nonne
1243 4024 1334 4076 hoc
1362 4033 1435 4076 est
1471 4022 1631 4090 magis
1655 4022 1739 4089 je-

224 4115 397 4183 junium
432 4116 559 4181 quod
600 4116 757 4184 elegi;
796 4114 1010 4168 άίδδοιιτε
1050 4106 1402 4181 colligationes
1448 4111 1737 4179 impietatis,

231 4202 343 4255 solre
367 4205 617 4269 fasciculos
636 4204 991 4272 deprimentcs,
1015 4203 1216 4256 dimitte
1247 4216 1330 4255 cos
1379 4201 1462 4268 qui
1491 4186 1739 4268 confraczi

233 4300 329 4343 sunt
354 4292 537 4357 liferos,
562 4302 606 4346 et
628 4310 774 4347 antae
810 4309 937 4347 onus
963 4293 1253 4359 disrumpe;
1286 4294 1467 4361 [range
1501 4290 1740 4343 esurienti

232 4395 384 4444 panem
428 4391 584 4442 tuum,
624 4392 670 4432 e.’
716 4397 898 4449 egenos
947 4397 1194 4451 vagosque
1241 4380 1393 4432 induc
1440 4380 1493 4430 in
1540 4379 1739 4430 domum

1838 3215 1982 3269 Bona
2026 3226 2100 3268 est
2126 3218 2286 3269 oratio
2312 3233 2425 3269 cum
2442 3218 2639 3287 jejunio
2666 3226 2713 3269 ct
2741 3217 2786 3269 el
2816 3233 3081 3284 emosyua,
3102 3217 3227 3286 quia
3254 3216 3381 3270 elec-

1834 3321 2045 3374 mosyna
2076 3305 2255 3358 liberat
2278 3322 2308 3358 a
2330 3315 2510 3369 morte,
2533 3315 2735 3375 peccata
2761 3307 2872 3373 ipsa
2898 3314 3080 3377 iurgat
3107 3303 3254 3376 (Tali.
3277 3305 3373 3375 XI).

1836 3395 2079 3449 Ostendit
2106 3397 2379 3449 orationes
2429 3404 2639 3449 nostras
2667 3411 2729 3449 ac
2762 3388 2981 3463 ieiunia
3011 3396 3184 3450 minus
3229 3409 3383 3464 posse

1810 3485 1814 3489 ⁴
1837 3487 1934 3541 nisi
1966 3486 2315 3557 clecmosynis
2340 3484 2670 3553 adiuventur.
2700 3485 2820 3539 Dine
2849 3500 3076 3553 namque
3102 3494 3224 3539 sunt
3247 3485 3386 3539 elec-

1838 3590 2071 3643 ﬂl0~ytlm
2106 3595 2116 3627 :
2155 3592 2256 3629 una
2286 3578 2559 3645 corporis,
2607 3576 2779 3643 egenti
2811 3575 2939 3629 dare
2962 3575 3208 3643 Quidquid
3237 3584 3385 3642 pote-

1839 3663 1943 3726 ris;
1974 3667 2140 3716 altvra
2191 3665 2495 3739 spiritualis.
2539 3666 2804 3719 dimittere
2833 3681 2860 3717 a
2886 3680 2990 3732 quo
3019 3665 3171 3720 kesus
3201 3663 3381 3718 fueris.

1846 3751 2078 3818 Vinitite,
2123 3755 2310 3822 inquit,
2336 3770 2447 3822 qum
2469 3755 2758 3822 possidetis,
2788 3763 2837 3807 et
2866 3755 2980 3810 date
3015 3754 3382 3823 elcenosyuam

1843 3839 1987 3907 (Luc.
2034 3842 2148 3909 χιι).
2188 3840 2254 3892 Ει
2293 3840 2521 3894 iterum:
2559 3839 2687 3892 Date
2729 3842 3095 3906 etceinosunam
3127 3882 3141 3905 ,
3182 3850 3229 3893 et
3276 3856 3387 3892 κει-ε

1838 3933 2011 3987 omnia
2039 3932 2225 3983 munda
2272 3929 2421 3991 (Luc.
2455 3933 2527 3993 Μ)
2551 3972 2564 3995 ,
2588 3931 2814 3998 ¹εῖιιιὶΙίίεθι,
2846 3931 3013 3984 vobis.
3047 3928 3113 3983 Et
3134 3930 3382 3985 SalomPn

1840 4022 1914 4073 ait
1945 4040 1955 4072 :
1994 4020 2290 4090 Ifedemptio
2333 4022 2521 4074 duimtc
2564 4022 2657 4073 t‘iri
2683 4059 2697 4084 ,
2726 4022 3033 4073 div'tia'sua:
3060 4034 3079 4073 .'
3107 4021 3189 4087 qui
3220 4027 3386 4072 autem

1840 4113 1964 4164 mise
1992 4121 2104 4164 etur
2129 4114 2357 4180 pauperi,
2386 4115 2562 4165 beatus
2604 4113 2699 4163 erit
2730 4110 2907 4178 (Prw.
2940 4110 3073 4177 xui).
3106 4110 3169 4162 Et
3196 4111 3382 4163 iterum

1840 4201 2108 4270 Scriptura
2145 4219 2155 4252 :
2189 4200 2443 4252 tionrlude
2481 4201 2845 4267 elcemosynam
2870 4198 3079 4253 insinu
3127 4200 3386 4266 pauperis,

1841 4301 1886 4343 et
1911 4292 2013 4344 licec
2034 4307 2126 4360 pro
2156 4298 2203 4343 te
2232 4288 2462 4343 exorabit
2488 4288 2550 4340 ab
2576 4290 2711 4341 omni
2741 4291 2911 4351 malo;
2939 4290 3067 4341 sicut
3104 4290 3269 4357 ignem
3298 4305 3384 4341 ar—

1843 4382 2038 4433 dentem
2062 4381 2335 4449 exstinguit
2367 4396 2517 4449 aqua,
2550 4379 2620 4429 ita
2640 4393 2665 4430 ε
2688 4394 2952 4446 cemosyna
2981 4386 3235 4444 peccatum
3262 4377 3387 4441 (Ec-

233 4482 509 4532 ttunu;cum
537 4472 714 4525 rideris
738 4472 949 4532 nudum,
972 4474 1108 4540 operi
1129 4488 1241 4523 cum
1272 4480 1318 4522 et
1356 4486 1558 4523 carnem
1606 4480 1741 4521 tuam
1776 4487 1817 4543 θ
1846 4471 1909 4521 cli
1955 4477 2105 4531 ‘sxtt;
2136 4467 2284 4520 Prov.
2312 4484 2418 4532 xtv;
2449 4466 2744 4531 Ecc'cs.:n).
2772 4468 2834 4519 Et
2861 4470 2898 4519 it
2932 4482 3044 4518 rum
3079 4484 3091 4519 :
3125 4467 3219 4528 Qui
3249 4466 3391 4518 obtu-

233 4578 287 4614 ne
305 4562 596 4629 despexeris;
627 4571 746 4613 tunc
775 4568 997 4627 erumpet
1023 4561 1168 4630 quasi
1190 4576 1337 4612 mane
1373 4559 1538 4612 [unum
1586 4568 1740 4619 (mnu,

234 4657 275 4702 ct
296 4652 469 4702 sanitas
501 4658 576 4701 tua
603 4650 753 4702 citius
781 4651 988 4710 cietur,
1017 4656 1064 4700 et
1093 4650 1189 4699 erit
1227 4659 1346 4700 ante
1386 4647 1501 4717 fari.
1522 4662 1569 4697 nt
1608 4654 1743 4696 tuan:

230 4740 400 4806 iustitia
422 4748 523 4804 tua,
546 4749 585 4793 el
611 4741 780 4811 gloria
813 4737 1017 4792 Domini
1045 4737 1248 4806 colliget
1296 4746 1370 4799 te;
1398 4746 1513 4788 tunc
1540 4736 1741 4787 innocu-

235 4832 297 4882 ln's
329 4840 369 4881 et
393 4830 617 4883 Dominus
646 4828 913 4886 exaudiet;
933 4824 1198 4887 clamabis,
1230 4835 1275 4877 et
1302 4825 1469 4878 dicet:
1501 4825 1629 4875 lit-ce
1655 4823 1746 4874 ad-

235 4935 327 4969 sum
349 4917 468 4983 (Isa.
496 4920 655 4989 una).
696 4918 714 4971 1
742 4917 827 4971 lud
856 4930 983 4983 ergo
1019 4917 1275 4986 jejunium
1328 4914 1462 4967 Dens
1490 4914 1748 4982 approbat

237 5006 354 5074 quod
398 5007 456 5059 ad
482 5008 585 5073 eius
635 5009 821 5061 oculos
869 5022 1055 5060 manus
1079 5007 1538 5076 eleemosynarum
1583 5005 1743 5066 levat,

239 5096 358 5162 quod
386 5112 494 5152 cum
517 5099 734 5166 proximi
775 5097 1061 5151 dilectione
1117 5098 1310 5163 agitur,
1364 5094 1503 5161 quod
1552 5092 1748 5161 pietate

239 5186 471 5243 conditur.
496 5187 636 5254 Quod
659 5202 789 5256 ergo
815 5189 906 5241 tibi
936 5187 1203 5241 subtrahis
1241 5186 1390 5238 alteri
1422 5185 1646 5250 largire;
1683 5192 1747 5251 3t

243 5278 358 5332 unde
382 5293 498 5331 caro
522 5279 784 5346 afﬂigitur,
819 5280 940 5335 inde
968 5276 1176 5345 egentis
1224 5276 1446 5343 proximi
1495 5290 1618 5326 caro
1666 5289 1746 5327 rc-

244 5376 448 5436 parelnr.
478 5365 597 5424 Iliae
624 5370 787 5423 etiam
817 5383 911 5435 per
945 5373 1260 5436 prophetam
1298 5364 1550 5418 Dominus
1582 5364 1708 5417 dicit
1734 5382 1745 5415 :

244 5456 344 5511 Cum
370 5458 651 5528 jejunaretis
673 5468 722 5514 et
739 5459 1066 5529 plangentis,
1097 5459 1321 5527 nunquid
1335 5454 1587 5524 jejunium
1609 5454 1746 5525 j~ju~

245 5550 379 5602 uastis
403 5551 517 5603 mihi
546 5553 631 5604 ?et
660 5568 774 5605 cum
803 5552 1063 5604 comeditis
1091 5562 1139 5604 et
1161 5551 1348 5615 bibitis,
1372 5552 1601 5623 nunquid
1649 5569 1749 5605 non

245 5637 564 5710 robismetipsis
586 5644 850 5696 comeditis
873 5652 918 5697 et
935 5642 1298 5711 nobismetipsis
1315 5642 1523 5695 bibitis?
1568 5641 1747 5708 (Zach.

246 5736 327 5799 ru)
369 5730 470 5798 sua
496 5734 888 5790 enim-comedit
926 5741 980 5791 et
1006 5733 1138 5789 bibit
1166 5735 1258 5801 qui
1285 5733 1535 5790 alimenta
1561 5750 1750 5802 corpo-

1844 4568 1923 4611 rat
1938 4572 2084 4609 «τινες
2099 4572 2220 4608 suas
2243 4571 2304 4608 ne
2322 4555 2794 4623 audiatpaupcrem,
2812 4563 2858 4606 ct
2888 4555 2992 4621 ipse
3007 4554 3253 4607 invocabit
3289 4554 3396 4607 Do—

1845 4653 2033 4702 mittunt
2063 4691 2076 4715 ,
2122 4658 2169 4703 et
2205 4665 2307 4702 non
2352 4652 2444 4703 erit
2481 4647 2562 4705 aui
2591 4648 2833 4701 exaudiat
2868 4666 2981 4703 eum
3014 4648 3191 4719 (l’rav.
3243 4648 3351 4717 ssi)
3377 4690 3392 4711 ,

1846 4755 2017 4807 neque
2058 4740 2197 4792 enim
2240 4738 2652 4791 miscrhordiam
2698 4737 3004 4798 Dei.mereri
3054 4738 3271 4805 poterit,
3305 4738 3390 4804 qui

1847 4830 2148 4884 misericors
2189 4830 2238 4881 ei
2282 4844 2380 4881 non
2416 4828 2602 4892 fuerit;
2634 4837 2724 4881 aut
2780 4813 3081 4895 impetrabit
3119 4828 3186 4881 de
3213 4827 3385 4880 divina

1849 4925 2041 4990 pietate
2069 4918 2263 4987 aliquid
2290 4920 2338 4972 in
2371 4920 2643 4987 precibus,
2675 4918 2761 4985 qui
2804 4917 2870 4970 ad
2915 4932 3123 4984 precem
3152 4919 3394 4985 pauperis

1850 5014 2136 5071 ιμυιιῙιιιιι·ξι
2165 5013 2440 5064 humanus.
2474 5011 2622 5073 Quod
2669 5009 2854 5062 iterum
2888 5009 2938 5061 in
2978 5007 3197 5061 Psalmis
3222 5008 3385 5075 Spiri.

1850 5117 1932 5160 tus
1979 5116 2191 5158 sanctus
2238 5104 2471 5156 declarat
2517 5110 2571 5153 ct
2632 5100 2856 5169 probat,
2904 5100 3082 5152 dicens
3140 5115 3172 5174 :_
3209 5097 3393 5152 lleatas

1848 5197 1929 5257 qui
1972 5192 2207 5263 intelligit
2235 5208 2382 5260 super
2411 5206 2620 5260 egenum
2641 5200 2689 5241 et
2716 5203 3005 5257 pauperem,
3038 5185 3087 5237 in
3140 5185 3221 5238 die
3260 5186 3395 5237 mala

1848 5282 2075 5337 liberabit
2100 5298 2212 5335 eum
2243 5280 2487 5333 Dominus
2519 5279 2687 5345 (I’sal.
2708 5277 2873 5343 t..\‘x.).
2905 5274 2968 5327 Et
2999 5274 3176 5328 Daniel
3204 5275 3394 5341 legitur

1853 5373 1954 5424 tale
1997 5370 2509 5423 dedisse'consilium
2549 5366 3069 5420 Nabuchodonosor:
3098 5364 3391 5429 Propterea,

1850 5480 1958 5522 rem,
1992 5461 2187 5529 placeat
2219 5460 2305 5512 tibi
2335 5459 2596 5512 consilium
2623 5471 2814 5517 nicum,
2846 5462 2893 5507 et
2937 5463 3140 5522 pecrata
3164 5461 3249 5502 tua
3271 5450 3399 5503 elec-

1851 5552 2071 5619 mosyuis
2121 5549 2345 5613 redime,
2397 5560 2443 5600 et
2487 5546 2765 5613 in;ustitias
2818 5554 2929 5597 luas
2991 5539 3394 5595 miserationibus

1852 5659 2015 5710 panic
2045 5659 2127 5695 um
2159 5658 2174 5693 :
2212 5651 2256 5693 et
2289 5642 2383 5693 erit
2432 5637 2677 5691 Dominus
2714 5637 2908 5705 patiens
2953 5639 3003 5685 in
3051 5632 3266 5698 peccatis
3298 5631 3395 5681 tuis
3456 5675 3464 5681 .

1855 5735 1992 5803 (itan
2043 5751 2089 5788 tv
2119 5738 2157 5803 ).
2193 5733 2283 5789 llic
2312 5732 2354 5786 si
2385 5740 2598 5801 peccata
2637 5745 2726 5783 sua
2759 5724 3107 5793 elccmosynis
3134 5720 3395 5776 redimere
