3886 6226
517 408 625 466 635

1699 410 1772 487 5.,
1802 409 2002 464 sucu
2044 408 2316 462 uowou.
2359 408 2564 464 EPISC.

3633 406 3740 461 636

517 521 773 574 uoluisset
798 562 812 583 ,
842 520 1022 586 utique
1047 533 1144 572 nec
1186 517 1408 571 evadere
1454 519 1588 571 mala
1619 533 1737 586 quae
1791 534 2074 587 perpessus
2106 524 2146 578 Α
2175 526 2470 586 peccatum,
2504 527 2557 572 et
2598 517 2687 585 qui
2718 518 2981 585 peccando
3011 518 3181 573 divina
3208 518 3572 589 contempsisti
3601 532 3745 609 prae-1

516 616 597 661 est
621 608 895 677 potuisset.
922 607 1038 681 “Deo
1060 606 1200 659 enim
1230 607 1579 677 eleemosynis
1607 621 1895 675 pauperum
1936 606 2078 660 fene-

516 706 697 759 ratur;
728 708 782 751 et
828 713 947 751 cum
1018 698 1172 750 datur
1201 698 1450 761 minimis,
1504 699 1715 753 Christo
1743 700 1917 752 datur.
1959 699 2079 767 Ipse

515 787 652 837 enim
671 786 720 837 in
739 786 938 851 judicio
950 801 1047 838 suo
1060 785 1161 839 dict
1174 802 1294 837 ιιι-υς
1310 794 1389 838 est
1405 803 1417 837 :
1438 786 1633 839 Esurivi
1644 829 1657 853 ,
1670 797 1716 840 et
1731 788 1937 841 dedistis
1951 789 2074 841 milii

514 875 852 935 manducare;
886 876 1041 938 sitit-i,
1073 887 1118 928 et
1146 876 1355 928 dedistis
1390 879 1513 929 mihi
1542 887 1745 946 potum;
1776 879 1942 931 nudus
1973 881 2067 949 fui,

511 972 559 1016 et
586 966 800 1017 vest’stis
831 982 927 1026 me,
958 973 1060 1018 etc.
1086 963 1192 1027 tEt,
1224 966 1358 1033 quod
1401 968 1588 1032 fecist's
1630 968 1718 1020 uni
1757 970 1820 1020 de
1847 971 2070 1023 minimis

510 1053 757 1119 fratribus
796 1055 939 1119 meis,
972 1054 1095 1105 mihi
1124 1056 1333 1120 fecistis.
1390 1056 1451 1107 Et
1484 1065 1608 1109 tunc
1637 1057 1849 1112 au‘lieut
1893 1073 2071 1114 vocem

512 1141 656 1193 illam
691 1142 893 1195 beatam
930 1159 942 1194 :
990 1143 1180 1208 Venite,
1209 1146 1451 1207 I’enedicti
1480 1144 1651 1199 Patris
1679 1150 1795 1213 mei,
1825 1156 2071 1218 percip..e

510 1244 745 1296 paratum
768 1234 903 1287 vobis
926 1251 1135 1302 regnum
1165 1233 1227 1285 ab
1255 1235 1447 1303 origine
1471 1237 1647 1288 mundi
1675 1237 1863 1305 (Matii.
1892 1254 1999 1291 xxv
2026 1245 2064 1308 ).

507 1320 699 1375 Beatus
736 1338 863 1376 vero
892 1322 1087 1377 Tobias
1112 1364 1126 1387 ,
1162 1324 1321 1377 filium
1369 1340 1591 1379 monens
1621 1334 1677 1379 ttt
1705 1328 2068 1398 eleemosynas

507 1409 735 1476 faceret,
767 1413 843 1489 ait
886 1414 1025 1465 inter
1053 1413 1155 1465 alia
1190 1412 1318 1489 :rEx
1343 1417 1629 1468 substantia
1671 1427 1775 1480 tua,
1811 1420 1893 1485 fac
1931 1420 2064 1470 elec-

501 1487 787 1567 mosynam,
818 1503 897 1567 ﬁli
923 1504 1012 1563 mi,
1042 1510 1087 1554 et
1119 1487 1223 1555 noli
1252 1513 1470 1557 avertere
1491 1506 1670 1570 faciem
1707 1516 1845 1559 tuam
1874 1506 1936 1558 ab
1959 1508 2063 1562 ulla

502 1606 758 1657 paupere;
787 1593 860 1644 ita
886 1594 1019 1644 en’m
1048 1593 1137 1661 ﬂet
1165 1602 1218 1645 ut
1246 1610 1335 1646 nec
1365 1611 1397 1645 a
1426 1604 1472 1647 te
1496 1606 1753 1648 avertatur
1783 1599 1938 1666 facies
1959 1597 2063 1651 Do-

503 1680 648 1731 tnini.
685 1677 949 1741 Quomodo
983 1684 1225 1749 potueris,
1256 1684 1330 1735 ita
1355 1693 1460 1736 esto
1490 1686 1798 1738 misericm's.
1828 1686 1888 1739 Si
1925 1689 2061 1739 mul-

500 1766 603 1817 tum
627 1768 713 1818 tibi
725 1770 895 1836 fuerit,
919 1769 1235 1823 abundanter
1247 1772 1426 1836 tribue;
1441 1774 1487 1825 si
1502 1774 1854 1843 exiguumtibi
1875 1777 2059 1845 fuerit,

2179 614 2351 676 cepta,
2399 606 2659 661 confessio
2690 607 2872 661 afferat
2900 608 3144 670 salutem.
3170 610 3251 663 cui
3280 620 3616 679 contemptus
3644 624 3733 665 ac-

2176 695 2376 746 celerat
2405 703 2655 748 mortem.

2242 805 2605 859 Ci-ntiteantnr
2626 808 2847 874 singuli,
2877 822 3206 875 qnzcsovos,
3236 807 3454 874 fratres,
3482 809 3733 863 delictum

2172 910 2322 950 Suum
2351 937 2366 961 ,
2421 898 2543 951 dum
2574 897 2742 950 adhuc
2788 899 2876 965 qui
2908 898 3129 965 deliquit
3157 900 3207 951 in
3251 889 3449 953 saeculo
3476 910 3575 959 est,
3607 899 3735 952 dum

2172 984 2378 1037 admitti
2414 985 2676 1039 confessio
2703 987 2816 1053 ejus
2847 995 3021 1054 potest
3053 1004 3066 1039 :
3101 987 3173 1041 illi
3196 1003 3253 1042 se
3282 988 3457 1041 anima
3490 998 3725 1056 proster-

2172 1080 2282 1136 nat,
2306 1072 2379 1125 illi
2411 1088 2555 1127 mens
2588 1081 2695 1127 tota
2726 1061 3035 1140 satisfaciat,
3077 1076 3151 1129 illi
3180 1091 3300 1143 spes
3324 1076 3497 1129 omnis
3527 1078 3736 1129 incum-

2171 1159 2280 1211 bat.
2320 1161 2523 1226 Rogare
2570 1161 2888 1228 generaliter
2906 1162 3177 1223 debemus,
3206 1162 3332 1215 dicit
3360 1163 3469 1229 ipse
3502 1182 3529 1213 τ’
3550 1161 3742 1215 Reuer-

2170 1250 2354 1315 timini,
2381 1251 2569 1317 inquit,
2598 1252 2666 1302 ad
2685 1267 2766 1303 me
2787 1252 2839 1302 in
2872 1260 2972 1303 toto
3009 1251 3161 1303 corde
3188 1260 3368 1313 vestro,
3396 1252 3551 1303 simul
3580 1252 3635 1303 in
3652 1250 3738 1319 je»

2159 1339 2331 1407 junio,
2350 1343 2472 1410 fletu
2498 1350 2545 1392 et
2568 1342 2794 1409 planctu.
2832 1341 2940 1392 Duo
2960 1349 3083 1392 sunt
3107 1354 3333 1407 namque
3358 1353 3553 1407 genera
3583 1354 3739 1394 com-

2166 1430 2467 1497 pttnctionis
2492 1430 2681 1497 quibus
2712 1429 3027 1496 semetipsos
3058 1430 3279 1483 Domino
3310 1430 3359 1482 in
3389 1444 3512 1483 arca
3556 1430 3742 1484 cordis

2165 1517 2442 1571 immolant
2473 1517 2682 1583 ﬁdeles;
2715 1518 2958 1571 nimirum
3002 1519 3047 1572 si
3094 1518 3373 1571 Dominum
3403 1519 3589 1571 sitiens
3615 1517 3739 1570 ani-

2165 1620 2248 1659 ma
2293 1607 2437 1675 prius
2466 1608 2653 1661 timore
2700 1608 3102 1675 compungitur,
3148 1606 3231 1659 vel
3276 1614 3463 1674 postea
3521 1619 3740 1659 amore.

2164 1693 2315 1748 Prius
2343 1711 2460 1750 sese
2496 1698 2546 1749 iu
2572 1696 2823 1767 lacrymis
2844 1697 3021 1759 allicit,
3077 1696 3197 1764 quia
3224 1697 3350 1749 dum
3381 1704 3734 1763 peccatorum

2163 1801 2381 1840 suorum
2409 1786 2742 1849 recordatur,
2773 1801 2868 1853 pro
2909 1785 2990 1838 his
3012 1786 3215 1853 perpeti
3247 1784 3497 1853 supplicia
3527 1794 3736 1839 mterna

497 1854 655 1906 etiam
708 1858 942 1922 exiguum
991 1859 1201 1911 libenter
1261 1862 1513 1930 impertiri
1559 1865 1723 1918 stude.
1786 1865 2057 1922 Prwmium
2093 1875 2521 1943 Bpertimescit;
2574 1881 2627 1927 at
2676 1875 2801 1939 dum
2843 1875 2999 1941 longa
3031 1875 3216 1928 mortis
3245 1876 3519 1938 anxietate
3571 1874 3740 1930 fuerit

497 1947 626 1998 enim
653 1946 839 2000 bonum
869 1948 957 2000 tbi
1001 1951 1311 2004 thesaurisas
1352 1953 1405 2004 in
1445 1954 1528 2006 die
1556 1955 1874 2010 necessitatis
1898 1998 1911 2021 ,
1936 1974 2059 2028 quo-

496 2034 634 2085 niam
672 2036 987 2104 eleemosyua
1030 2038 1091 2089 ab
1113 2042 1249 2092 omni
1294 2053 1497 2109 peccato
1526 2054 1573 2096 et
1601 2061 1633 2097 a
1660 2056 1820 2098 morte
1856 2046 2054 2113 liberat,

493 2131 540 2175 et
569 2140 667 2174 non
685 2125 903 2206 patietur
925 2128 1148 2181 animum
1176 2131 1248 2182 ire
1278 2132 1329 2183 in
1358 2133 1609 2187 tenebras.
1640 2133 1855 2188 Fiducia
1869 2154 2057 2207 magna

491 2210 588 2261 erit
614 2228 785 2264 coram
806 2229 1001 2267 stmuno
1034 2215 1139 2268 Deo
1160 2216 1473 2283 rleemosyna
1496 2220 1729 2275 omnibus
1756 2222 2056 2291 facientibus

492 2316 603 2352 eam
634 2300 783 2368 (Tob.
814 2303 906 2368 tv).
940 2303 1299 2361 Misericordia
1321 2295 1456 2363 vero
1483 2324 1513 2362 a
1540 2292 1912 2379 compaticndo
1932 2315 2053 2370 alie-

489 2404 573 2443 na:
603 2391 831 2444 miseria:
857 2392 1165 2449 vocabulum
1192 2389 1377 2451 sortita
1406 2406 1489 2452 est
1520 2416 1532 2451 :
1565 2398 1663 2453 ista
1692 2415 1851 2467 porro
1882 2390 2050 2457 bono-

488 2492 604 2530 rum
632 2493 851 2547 operum
903 2483 1152 2537 exercit'a
1205 2485 1422 2553 melius,
1453 2487 1559 2541 imo
1590 2490 1873 2545 instantius
1896 2508 1899 2511 ·
1920 2490 2052 2545 ﬁunt

490 2581 521 2619 a
565 2568 717 2623 nobis
743 2584 859 2623 cum
887 2585 951 2625 ex
981 2571 1352 2627 recordatione
1391 2575 1592 2643 peccati
1622 2579 2046 2647 compungimur,

493 2663 553 2719 et
572 2659 973 2725 compungendo
1002 2661 1570 2733 reccatacoulitemur,
1594 2664 1777 2733 sicque
1793 2666 1855 2721 ad
1878 2684 2047 2723 reme-

490 2744 575 2799 dia
598 2744 930 2815 'pccniteutite
963 2731 1312 2818 confugimus.
1346 2750 1547 2807 Bonum
1578 2764 1656 2809 est
1684 2731 1881 2811 homini
1904 2774 2048 2813 sem-

486 2850 584 2904 per
612 2844 734 2890 ante
780 2838 960 2891 oculos
998 2843 1210 2908 propria
1236 2842 1487 2898 adhibere
1512 2838 1723 2911 delicta,
1752 2849 2042 2903 secundum

492 2924 683 2977 Peaillli
708 2927 1021 2981 sententiam
1059 2948 1070 2982 :
1105 2928 1169 2982 Et
1194 2949 1237 2998 p.
1258 2942 1452 2985 ccatum
1476 2951 1637 2988 meum
1667 2946 1844 2989 contra
1870 2954 1945 2990 m'
1969 2946 2042 2996 est

483 3028 682 3081 semper
710 3012 928 3083 (Psalm.
960 3016 1033 3085 ι).
1066 3017 1234 3072 Servo
1267 3020 1354 3073 Dei
1383 3028 1528 3074 tanta
1568 3025 1724 3077 debet
1772 3040 1890 3079 eSse
1918 3041 2040 3093 pec-

434 3140 443 3149 ,
485 3102 591 3155 cati
623 3104 943 3171 rccordatlo,
974 3113 1029 3157 ut
1058 3121 1118 3158 ea
1148 3122 1266 3176 quae
1294 3111 1457 3175 gessit
1481 3126 1690 3177 semper
1720 3128 1839 3166 cum
1870 3115 2040 3184 lacry-

2163 1964 2390 2018 formido
2430 1974 2764 2031 consumpta,
2796 1966 3036 2033 quredam
3065 1965 3171 2032 jam
3202 1966 3269 2020 de
3292 1967 3741 2051 'pragsutnptiOne

2160 2052 2327 2105 veniae
2357 2053 2619 2107 securitas
2672 2054 2923 2116 nascitur,
2964 2060 3018 2106 et
3061 2054 3112 2107 in
3143 2068 3379 2108 amorem
3424 2054 3736 2108 caelestium

2156 2141 2465 2205 gaudiorum
2517 2142 2722 2195 animus
2750 2142 3151 2196 inflammatur:
3183 2152 3237 2197 et
3258 2142 3344 2210 qui
3375 2144 3521 2211 prius
3567 2142 3737 2197 ﬂebat

2154 2244 2223 2284 ne
2250 2231 2531 2285 duceretur
2554 2231 2617 2283 ad
2640 2232 2975 2300 supplicium,
3000 2233 3337 2300 postmodum
3372 2230 3497 2284 flere
3513 2232 3741 2297 amaris-

2152 2319 2285 2374 sime
2327 2320 2546 2387 incipit,
2579 2321 2701 2388 quia
2739 2321 2983 2375 ditfertur
3025 2337 3055 2373 a
3085 2336 3267 2388 regno.
3322 2320 3737 2387 Contetuplatur

2152 2410 2345 2464 etenim
2375 2424 2524 2464 mens
2549 2412 2638 2479 qui
2665 2412 2772 2463 sint
2801 2411 2872 2464 i'li
2904 2413 3211 2478 angelorum
3240 2411 3384 2463 chori
3413 2451 3427 2475 ,
3460 2425 3580 2478 qua:
3614 2412 3733 2479 ipsa

2150 2500 2380 2555 societas
2406 2501 2687 2555 beatorum
2719 2502 3032 2570 spirituum,
3063 2516 3181 2569 qua:
3223 2501 3474 2568 majestas
3511 2510 3734 2555 arteriae

2148 2588 2367 2644 visionis
2398 2591 2522 2656 Dei,
2556 2600 2611 2645 et
2642 2591 2867 2660 amplius
2896 2591 3095 2659 plangit
3122 2592 3247 2660 quia
3290 2591 3446 2645 bonis
3469 2592 3731 2658 perenni-

2147 2681 2249 2733 bus
2296 2678 2447 2733 deest
2477 2694 2634 2747 quam
2675 2678 2837 2733 flebat
2865 2681 3009 2748 prius
3055 2694 3175 2733 cum
3206 2679 3345 2733 mala
3382 2678 3580 2732 (eterna
3608 2692 3735 2730 me-

2146 2768 2344 2822 tuebat.
2379 2769 2666 2837 Utramque
2694 2778 2871 2822 autem
2902 2778 3111 2823 nostrae
3138 2769 3572 2836 compunctionis
3603 2768 3730 2821 hos-

2146 2856 2270 2909 tiam
2327 2864 2597 2926 gratanter
2652 2857 2896 2925 arcipere
2942 2840 3189 2925 dignetur
3237 2856 3497 2923 Christus,
3538 2858 3731 2929 quiet

2142 2958 2239 3013 pro
2265 2952 2483 3013 peccato
2532 2945 2833 3014 lugentibus
2869 2952 3031 3013 atque
3072 2944 3281 3000 amictis
3308 2945 3606 3000 clementer
3635 2961 3727 3001 er-

2140 3042 2256 3087 rata
2284 3033 2519 3099 dimittit,
2536 3043 2590 3090 et
2610 3050 2706 3103 pro
2728 3035 2967 3103 ingressu
2995 3036 3114 3089 vita:
3137 3036 3366 3091 cmlestis
3389 3044 3500 3090 tota
3526 3037 3728 3090 mentis

2142 3121 2445 3177 intentione
2490 3121 2785 3185 ferventes.
2816 3134 3016 3178 aeterna
3048 3138 3157 3178 sua:
3191 3124 3407 3179 visionis
3450 3122 3757 3189 luceretl-'

482 3193 583 3247 mis
608 3194 955 3260 conllteatur;
986 3195 1127 3250 unde
1174 3206 1229 3250 et
1255 3196 1518 3259 .Psalmus
1552 3201 1680 3256 dicit
1714 3220 1725 3255 :
1758 3204 2037 3259 Conversus
2065 3210 2111 3273 (ζ
2145 3212 2216 3265 cit
2244 3210 2398 3267 Jesus
2434 3212 2678 3267 Christus
2706 3213 2959 3268 Dominus
2989 3220 3189 3268 noster.
3226 3211 3301 3265 Ad
3331 3228 3425 3267 vos
3459 3223 3723 3280 prmterea

479 3299 590 3337 sum
646 3287 701 3337 in
753 3300 982 3338 (erumna
1035 3287 1154 3340 dum
1204 3292 1476 3360 conﬁgitur
1522 3295 1670 3362 spi:a
1718 3310 1736 3347 :
1777 3307 2037 3365 peccatum

476 3387 644 3425 meum
671 3375 924 3443 cognitum
954 3374 1044 3447 tibi
1068 3378 1185 3445 feci,
1218 3391 1266 3431 et
1294 3379 1404 3432 dixi
1428 3397 1445 3433 :
1477 3381 1827 3437 Pronuntiabo
1853 3386 2037 3439 adrer-

474 3477 587 3513 su:n
630 3479 709 3516 me
733 3465 1012 3531 injustitias
1058 3483 1197 3520 meas
1237 3467 1421 3522 bomin
1446 3494 1473 3535 ι,
1506 3481 1553 3524 et
1582 3482 1631 3524 tu
1654 3476 1909 3529 Jemisisti
1936 3479 2036 3530 im-

478 3552 713 3619 pietatem
778 3558 971 3620 peccati
1031 3558 1130 3609 ntei
1176 3558 1345 3623 (Psal.
1382 3564 1525 3630 xxxi)
1597 3562 1847 3627 Salomon
1898 3570 1973 3621 ait
2023 3587 2035 3621 :

476 3641 576 3705 Qui
621 3643 885 3698 abscondit
923 3650 1112 3701 srelera
1152 3665 1278 3712 sua,
1310 3668 1408 3705 non
1439 3653 1720 3723 dirigetur;
1747 3659 1832 3726 qui
1872 3668 2039 3712 autem

471 3734 735 3801 confessus
764 3736 820 3802 fu
852 3735 917 3785 rit
944 3745 991 3787 et
1020 3738 1280 3806 reliquerit
1304 3757 1383 3807 ea,
1423 3743 1828 3797 misericordiam
1859 3764 2035 3801 censeo

472 3827 653 3886 quetur
681 3819 858 3889 (Prov.
888 3824 1091 3892 xxrtu).
1122 3823 1253 3903 llinc
1274 3828 1459 3883 beatus
1486 3829 1585 3884 Job
1608 3853 1613 3881 :
1639 3830 1959 3903 Quapropter
1989 3844 2037 3889 et

471 3922 566 3978 ego
603 3926 704 3963 non
743 3928 953 3979 parcant
997 3916 1073 3967 o:i
1106 3898 1214 3971 meo
1249 3917 1386 3987 (Job.
1422 3922 1535 3989 νη).
1590 3924 1677 3976 ()ri
1734 3898 1905 3993 parcit
1938 3942 2037 3983 suo

472 4000 562 4065 qui
591 4000 833 4054 confiteri
867 4003 1061 4055 tualum
1090 4006 1229 4071 quod
1261 4000 1388 4061 fecit
1416 4011 1588 4065 erube.
1609 4013 1699 4066 cit.
1730 4015 1831 4067 Sed
1857 4014 2037 4083 justus

472 4088 555 4141 ori
609 4104 705 4141 suo
733 4105 837 4145 non
881 4094 1049 4161 parcit
1091 4096 1215 4163 quia
1245 4097 1490 4153 nimirum
1538 4102 1667 4155 iram
1706 4105 1899 4172 judicia
1929 4107 2036 4163 dis-

471 4177 680 4233 trictam
709 4182 1064 4256 praeveniens,
1120 4187 1506 4245 verbiscontra
1551 4208 1607 4247 se
1655 4197 1879 4265 proliria:
1907 4214 2035 4253 con-

469 4267 715 4325 fessionis
744 4287 847 4326 non
876 4275 1044 4342 parcit
1076 4295 1087 4328 :
1124 4277 1245 4334 hinc
1291 4278 1566 4337 Psalmista
1593 4288 1667 4339 ait
1699 4305 1712 4339 :
1746 4287 2035 4344 Prwveuia-

468 4372 580 4409 mus
626 4360 809 4426 faciem
854 4364 962 4428 ejus
1017 4367 1069 4417 in
1107 4371 1424 4434 confessione
1469 4374 1638 4440 (Psal.
1684 4380 1847 4445 XCIV).
1900 4378 2031 4435 Hinc

467 4448 719 4516 scriptum
750 4462 831 4506 est
855 4467 868 4504 :
895 4453 990 4507 Dic
1031 4466 1080 4507 tu
1131 4458 1423 4526 iniquitates
1452 4462 1583 4529 tuas,
1632 4478 1685 4519 ut
1731 4470 2031 4540 justiﬁcerts

2146 3318 2288 3358 nunc
2328 3303 2621 3371 spiritualis
2650 3312 2832 3361 noster
2862 3319 3038 3360 sermo
3068 3303 3403 3369 transfertur,
3436 3319 3577 3372 quos
3620 3304 3726 3357 sub

2144 3394 2491 3461 pmnitudinis
2542 3395 2727 3450 habitu
2778 3396 3130 3461 constitutos,
3186 3395 3319 3450 facie
3373 3396 3616 3463 squalida
3666 3404 3725 3450 et

2142 3483 2290 3536 crine
2340 3483 2572 3537 demisso
2601 3485 2909 3553 peccamina
2955 3493 3129 3539 vestra
3161 3485 3455 3553 planxisse;
3487 3493 3545 3538 et
3587 3485 3720 3540 vitia

2140 3571 2317 3625 carnis
2344 3570 2393 3623 in
2419 3572 2568 3627 vobis
2595 3574 2948 3629 mortificasse
2966 3614 2982 3642 ,
3014 3583 3268 3643 quantum
3298 3573 3498 3626 homini
3531 3573 3723 3628 videre

2139 3659 2392 3727 pOSsibile
2419 3668 2517 3727 est,
2549 3663 2967 3719 consideramus.
3000 3664 3136 3719 Ante
3159 3665 3335 3719 omnia
3359 3673 3540 3719 autem
3563 3666 3721 3722 vobis

2140 3748 2275 3811 scire
2306 3765 2531 3807 necesse
2556 3760 2638 3807 est
2659 3754 2805 3822 quia,
2850 3753 2972 3808 licet
3024 3754 3419 3825 impositionent
3453 3769 3717 3808 manuum

2139 3848 2439 3895 nostrarum
2491 3844 2733 3913 accipere
2773 3845 3001 3915 cupiatis
3027 3884 3042 3909 ,
3097 3854 3275 3899 tamen
3317 3844 3715 3899 absolutionem

2138 3937 2477 3996 peccatorum
2540 3942 2836 3987 vestrorum
2887 3934 3139 4002 consequi
3192 3950 3295 3988 non
3352 3933 3574 4003 potestis
3617 3949 3718 3987 an-

2141 4023 2352 4085 tequam
2385 4035 2478 4087 per
2507 4022 2927 4088 compunctionis
2950 4023 3175 4091 gratiam
3207 4023 3381 4077 divina
3413 4024 3589 4092 pietas
3618 4038 3717 4077 vos

2137 4105 2416 4161 a‘bSOIvere
2468 4108 2815 4176 dignabitur:
2849 4121 2973 4167 tunc
3012 4112 3191 4179 enim,
3240 4121 3298 4167 ut
3341 4113 3539 4167 beatus
3583 4112 3715 4168 dicit

2136 4192 2448 4263 Gregorius,
2482 4212 2604 4251 vera
2635 4208 2718 4254 est
2762 4201 3025 4256 absolutio
3052 4202 3400 4271 prtesidentis,
3442 4218 3566 4258 cum
3619 4204 3706 4257 in-

2138 4282 2274 4335 terni
2306 4286 2579 4341 arbitrium
2617 4289 2858 4358 sequitur
2893 4290 3105 4357 judicis.
3148 4290 3300 4356 Quod
3329 4290 3464 4345 bene
3503 4292 3710 4361 quatri~

2136 4372 2293 4427 duani
2343 4364 2537 4431 mortui
2579 4381 2912 4434 resuscitatio
2964 4380 3052 4435 illa
3102 4381 3365 4448 significat
3405 4396 3526 4450 qua:
3552 4384 3707 4438 vide-

2136 4460 2263 4516 licet
2291 4463 2621 4522 demonstrat
2647 4469 2782 4537 quia
2801 4470 2945 4539 prius
2972 4482 3239 4526 mortuum
3288 4473 3498 4526 vocavit
3520 4473 3707 4529 Domi-

468 4535 602 4605 (Isa.
635 4543 841 4614 stur);
872 4560 938 4599 ex
965 4561 1031 4601 eo
1054 4551 1192 4603 enim
1226 4556 1585 4624 unusquisque
1610 4559 1781 4626 justus
1810 4580 1925 4619 esse
1946 4566 2029 4619 itt-

2145 4569 2239 4607 nus
2269 4563 2323 4609 et
2350 4557 2663 4621 vivificavit,
2693 4558 2874 4615 dicens
2900 4578 2912 4614 :
2946 4560 3164 4629 Lazare,
3199 4562 3308 4615 veni
3350 4562 3493 4629 foras
3517 4562 3703 4633 (locis.

465 4632 593 4698 cipit
622 4648 687 4686 ex
715 4650 823 4703 quo
851 4640 928 4692 sui
952 4652 1234 4698 accusator
1272 4649 1555 4704 exstiterit.
1582 4644 1854 4710 Confessio
1884 4659 2022 4711 enim

466 4720 833 4779 punitentiam
888 4741 1186 4793 monstrat,
1245 4737 1552 4801 poenitentia
1607 4737 2024 4801 satisfactionem

464 4818 734 4875 ostentat,
777 4817 1066 4874 satisfactio
1098 4824 1303 4877 veniam
1345 4829 1442 4882 sitsi
1473 4832 1645 4885 divina
1672 4836 1870 4902 pietate
1895 4824 2025 4891 cen-

463 4896 607 4950 ciliat
636 4914 649 4951 :
680 4917 778 4955 nec
816 4907 955 4959 enim
1003 4913 1195 4977 poterit
1233 4914 1553 4985 indulgentia
1583 4896 1769 4985 tribui,
1819 4926 1915 4981 nisi
1948 4927 2022 4981 ira

468 4989 556 5041 Dei
586 4992 752 5057 possit
794 4998 1126 5055 confessione
1178 5004 1396 5070 placari.
1429 5011 1470 5063 Ο
1500 5014 1797 5068 veneranda
1854 5018 2023 5085 pictas

462 5075 591 5129 Dei!
644 5078 987 5139 Peccavimus
1017 5098 1070 5141 et
1099 5094 1296 5159 parcit!
1325 5096 1637 5165 deliquimus
1674 5112 1728 5157 et
1753 5075 2013 5173 ignoscit!

403 5200 417 5204 -
464 5167 779 5223 offendimus
822 5180 875 5225 et
901 5175 1071 5231 adhuc
1113 5180 1346 5247 placatus
1386 5188 1592 5243 existit!
1630 5167 1795 5259 L'ttde,
1846 5200 2020 5264 qualis

462 5272 583 5325 erga
620 5258 794 5324 justus
856 5266 925 5318 sit
971 5266 1335 5339 demonstrat,
1388 5277 1511 5332 dum
1561 5284 1717 5339 talem
1768 5258 1825 5340 se
1865 5258 2014 5358 ergo

460 5357 769 5440 peccatores
798 5355 1067 5422 ostendit;
1099 5375 1195 5415 nec
1222 5374 1472 5431 peccator
1488 5368 1595 5435 jam
1626 5376 1817 5440 poterit
1846 5355 2014 5432 excu-

460 5435 562 5488 sari
592 5437 680 5506 qui
708 5442 1117 5514 confessionem,
1150 5466 1243 5519 per
1267 5469 1423 5522 quam
1451 5460 1602 5513 venia
1624 5467 1873 5531 nascitur,
1908 5484 2013 5522 non

460 5531 764 5617 properavit.
791 5537 1066 5603 amplecti,
1100 5555 1164 5595 ne
1193 5553 1533 5609 posset~reus
1555 5554 1764 5617 gemino
1793 5558 2015 5612 crimine

459 5614 679 5713 detinert
696 5638 707 5673 :
727 5621 845 5675 dum
863 5626 1031 5692 primo
1054 5628 1220 5696 legem
1236 5614 1575 5706 contempsit,
1591 5651 1645 5692 ut
1660 5643 2006 5713 dclinqueret,

458 5711 512 5755 et
539 5706 888 5767 confessionis
916 5718 1148 5771 remedia
1186 5723 1433 5791 amplecti
1471 5728 1635 5781 noluit
1657 5772 1670 5794 ,
1708 5741 1759 5784 ut
1790 5706 2005 5801 periret;

463 5793 598 5862 Ergo
630 5799 867 5867 quisquis
898 5814 1141 5871 peccator
1193 5824 1254 5863 ca
1294 5815 1525 5870 remedia
1566 5793 1839 5888 neglexisti
1890 5837 2006 5897 post

2130 4645 2201 4711 xx)
2236 4661 2249 4697 :
2282 4652 2334 4697 et
2361 4646 2694 4723 postmodum
2725 4648 2769 4702 is
2790 4650 2877 4717 qui
2917 4650 3102 4703 vivens
3155 4664 3399 4719 egressus
3430 4653 3639 4716 fuerat,
3670 4668 3702 4706 ι

2134 4730 2394 4800 discipulis
2419 4741 2501 4787 est
2541 4736 2780 4804 solutus,
2832 4737 2969 4791 sicut
3015 4738 3267 4807 scriptum
3308 4748 3432 4793 est:
3468 4740 3697 4817 Cumque

2124 4839 2357 4893 egressus
2380 4836 2511 4877 esset
2533 4828 2617 4895 qui
2645 4830 2830 4897 ligatus
2859 4830 3026 4898 fuerat
3050 4830 3261 4896 institis,
3286 4840 3404 4884 tunc
3432 4833 3570 4885 dixit
3587 4834 3699 4887 dis-

2087 4929 2093 4937 τ
2124 4914 2303 4982 cipulis
2321 4932 2339 4968 :
2362 4915 2553 4991 Solvite
2578 4934 2709 4981 eum,
2734 4929 2781 4971 et
2802 4921 2952 4974 sinite
2977 4922 3118 4974 abire
3143 4920 3191 4990 (1
3200 4920 3356 4991 bid.).'
3379 4921 3517 4977 Ecce
3542 4924 3699 4979 illum

2119 5000 2230 5069 jam
2275 5004 2543 5059 viventem
2588 5006 2827 5074 discipuli
2857 5009 3073 5064 solvunt
3116 5024 3273 5078 quem
3324 5011 3581 5079 Magister
3607 5029 3692 5070 re-

2120 5092 2470 5148 suscitaverat
2511 5098 2811 5151 mortuum!
2856 5099 2901 5153 si
2938 5100 3080 5152 enim
3128 5097 3372 5170 discipuli
3427 5101 3693 5158 Lazarum

2122 5191 2387 5237 mortuum
2450 5184 2762 5254 solverent,
2830 5187 3053 5242 fetorem
3106 5190 3274 5258 magis
3338 5191 3694 5249 ostenderent

2088 5266 2273 5341 'quatn
2322 5276 2588 5329 \irtutem.
2639 5275 2713 5331 Ex
2753 5288 2865 5347 qut
2902 5280 3327 5343 consideratione
3375 5281 3697 5338 intuendum

2119 5373 2198 5418 est
2228 5365 2368 5433 quod
2402 5380 2498 5420 nos
2534 5365 2790 5421 debemus
2828 5382 2923 5436 per
2952 5370 3268 5438 pastoralem
3307 5375 3697 5429 auctoritatem

2119 5468 2212 5508 eos
2241 5454 2450 5509 solvere
2490 5471 2624 5524 quos
2651 5459 2989 5525 agnoScimus
3016 5469 3289 5514 auctorem
3316 5470 3555 5515 nostrum
3593 5475 3691 5531 per

2115 5545 2453 5599 suscitantem
2481 5549 2704 5613 gratiam
2744 5548 3039 5613 vivificasse
3070 5568 3082 5602 :
3114 5565 3229 5615 qua:
3268 5552 3515 5605 nimirum
3551 5552 3690 5607 vivi-

2116 5631 2311 5696 ficatio,
2359 5642 2482 5688 ante
2524 5638 2893 5703 operationem
2924 5623 3277 5706 rectitudinis,
3324 5641 3375 5692 in
3422 5639 3536 5709 ipsa
3570 5640 3691 5711 jam

2113 5725 2453 5791 cognoscitur
2495 5724 3085 5796 confessioncpeccati.
3134 5728 3281 5783 Unde
3317 5737 3372 5782 ct
3412 5727 3536 5784 huic
3584 5730 3685 5798 ipsi

2114 5823 2321 5870 mortuo
2372 5812 2570 5871 Lazaro
2619 5830 2948 5887 nequaquam
2994 5818 3207 5885 dicitur,
3246 5816 3557 5887 Revivisce,
3586 5820 3681 5879 sed

3612 5949 3641 5961 .-
