3886 6226
244 369 337 425 637

1665 358 1977 412 ilOMlLlJE.

3294 366 3396 421 638

251 482 368 531 Vini
395 479 517 544 {oras
548 491 563 525 :
592 471 771 525 Omnis
798 471 992 540 quippe
1032 479 1279 540 peccator
1304 472 1440 523 intra
1483 471 1754 524 conscien-
1790 473 1829 526 Α
1856 483 1970 520 rum
2005 486 2016 519 :
2051 469 2204 529 Deus,
2234 471 2380 521 vitam
2419 465 2578 521 meatu
2607 460 2900 523 anuuutmvi
2932 472 3049 538 tibi,
3078 477 3289 539 posuisti
3317 480 3397 529 lu-

243 571 362 620 tiam
391 563 647 618 abscondit
675 576 752 623 se,
803 561 1063 615 introrsus
1105 561 1252 622 latet,
1301 559 1353 612 in
1384 558 1490 611 suis
1516 566 1759 624 penetra-

242 657 370 708 libus
393 653 673 706 occultatur
695 687 710 712 ,
741 649 832 702 sed
864 649 1270 722 mortuusvenit
1297 647 1452 708 foras,
1478 647 1599 698 dum
1640 660 1761 712 pec-

239 752 381 796 cator
406 739 650 815 nequitias
676 753 800 790 suas
837 746 1027 804 sponte
1069 736 1368 790 conlitetur.
1395 735 1600 787 Lazaro
1635 747 1760 799 ergo

239 833 434 892 dii-itur,
466 829 582 880 Veni
620 830 791 895 foras,
834 841 896 878 ac
930 826 971 878 si
1012 835 1192 893 aperte
1225 825 1438 894 cuilibet
1474 832 1680 876 mortuo
1709 825 1759 874 in

240 923 386 988 culpa
426 920 680 971 diceretur
713 935 726 968 :
756 915 864 969 Cur
901 925 1104 969 reatum
1146 925 1290 968 tuum
1322 916 1454 967 intra
1486 916 1758 968 conscien-

241 1011 363 1061 tiam
404 1006 711 1060 abscondis?
744 1005 886 1059 l'oras
910 1005 1017 1070 jam
1049 1018 1143 1071 per
1181 1003 1562 1056 confessionem
1607 1015 1759 1067 egre-

240 1096 379 1160 dere,
399 1094 479 1162 qui
504 1093 636 1161 apud
670 1100 721 1145 te
750 1092 969 1145 interius
1001 1107 1094 1161 per
1121 1091 1448 1158 negationem
1482 1091 1632 1143 lates.
1661 1090 1762 1143 Ve-

241 1183 348 1234 niat
389 1184 550 1248 itaque
601 1181 706 1247 jam
758 1180 898 1234 foras
951 1188 1230 1242 mortuus,
1284 1178 1335 1231 id
1387 1178 1533 1240 est,‘
1555 1177 1761 1246 culpam

237 1273 534 1324 conliteatur
561 1277 832 1334 peccator,
885 1269 1185 1322 venientem
1214 1282 1338 1320 vero
1377 1269 1518 1320 foras
1556 1268 1764 1320 solvant

237 1357 502 1424 discipuli,
533 1337 595 1407 ἰιι
647 1363 893 1423 pastores
940 1354 1184 1408 Ecclesiae
1230 1369 1436 1422 pamain
1488 1362 1766 1407 amoveant

238 1459 388 1510 quam
413 1443 588 1496 meruit
611 1483 625 1506 ,
658 1443 781 1510 quia
808 1458 912 1495 non
931 1443 1154 1496 erubuit
1181 1443 1418 1496 conliteri
1445 1444 1584 1511 quod
1618 1443 1763 1500 fecit.

238 1534 290 1586 Si
316 1549 452 1600 ergo,
488 1533 676 1586 fratres
712 1533 1028 1596 charissimi,
1053 1533 1116 1585 de
1142 1533 1454 1601 perpetratis
1480 1534 1628 1586 malis
1657 1533 1765 1587 Deo

239 1621 588 1681 satisfaciatis,
641 1621 869 1688 indeque
913 1621 1256 1683 erubescitis;
1305 1630 1359 1674 et
1405 1635 1508 1674 non
1551 1621 1768 1674 ulterius

241 1712 304 1764 ad
327 1721 608 1780 perpetrata
628 1712 766 1764 mala
789 1712 967 1763 animo
984 1709 1150 1763 redire
1172 1709 1489 1772 deliberatis,
1511 1710 1768 1762 ostendite

1859 572 2054 625 crymas
2098 574 2231 609 neas
2278 560 2327 610 in
2382 567 2644 625 conspectu
2699 568 2779 610 tuo
2821 557 2987 624 (Paul.
3030 562 3135 635 μ’).
3181 564 3403 630 Oportet

1861 643 2016 710 igitur
2058 659 2152 698 nos
2193 645 2413 698 salutem
2461 655 2690 698 nostram
2722 647 2898 713 logi-re
2926 647 3218 716 perditam,
3245 661 3404 718 atque

1860 731 2085 782 animam
2137 740 2362 784 nostram
2411 740 2666 785 mortuam
2725 733 3019 799 lamentari,
3071 743 3125 787 ut
3170 752 3288 788 cum
3333 739 3400 790 de

1837 809 1960 872 'hoc
1987 822 2178 871 saeculo
2207 819 2455 873 abstracti
2508 819 2778 886 fuerimus,
2823 821 2887 873 ad
2915 823 3074 873 vitam
3113 838 3177 874 nu
3199 839 3409 877 reamur

1862 909 2133 975 pervenire
2159 918 2485 977 perpetuam,
2518 926 2684 979 quam,
2716 925 2819 964 non
2847 912 2998 964 aliter
3026 927 3408 981 consequemur

1863 997 1957 1048 nisi
2011 1001 2398 1064 perseverantia
2442 999 2566 1052 boni
2609 1001 2800 1068 operis.
2841 1000 3012 1053 Virtus
3062 1003 3253 1054 ctenim
3286 1006 3406 1057 loni

1863 1087 2035 1154 operis
2059 1089 2441 1154 perseverantia
2473 1097 2572 1153 est,
2604 1100 2657 1143 et
2703 1106 2834 1145 voce
2881 1092 3127 1146 Veritatis
3173 1095 3362 1147 dicitur
3391 1113 3404 1146 :

1867 1171 1962 1234 Qui
1988 1177 2369 1241 perseveraverit
2425 1193 2576 1246 usque
2623 1180 2675 1230 in
2723 1180 2913 1243 ﬁnem,
2966 1181 3044 1232 It'c
3094 1183 3260 1234 salvus
3315 1185 3409 1234 erit

1865 1261 2053 1329 (Mat/1.
2089 1280 2140 1327 χ,
2183 1272 2236 1316 et
2262 1264 2426 1332 xxrv).
2474 1265 2734 1319 Incassum
2765 1269 2960 1335 quippe
3012 1271 3206 1322 bonum
3239 1272 3412 1337 agitur

1865 1349 1906 1402 si
1938 1359 2058 1402 ante
2092 1354 2366 1405 terminum
2401 1354 2516 1406 vitae
2567 1355 2874 1419 deseratur;
2909 1366 2962 1408 et
2998 1359 3108 1410 lucc
3146 1369 3408 1427 prmceplo

1867 1438 1995 1505 legis
2019 1438 2189 1502 (Exod
2236 1456 2378 1506 χχιχ,
2432 1452 2484 1495 et
2511 1442 2664 1496 Leuit.
2705 1445 2782 1512 ιιι)
2814 1446 2975 1498 cauda
3022 1446 3205 1499 hostiae
3235 1450 3284 1500 in
3313 1465 3410 1501 sa-

1869 1526 2063 1581 criﬁcio
2105 1528 2385 1594 jubebatbr
2414 1529 2627 1582 oll'crri:
2662 1533 2710 1584 in
2745 1532 2910 1586 cauda
2951 1535 3144 1602 quippe
3171 1536 3287 1587 linis
3331 1545 3412 1589 est

1869 1615 2126 1683 corporis,
2155 1625 2208 1667 et
2235 1615 2321 1667 illo
2351 1617 2483 1670 bene
2514 1618 2748 1670 immolat
2769 1659 2784 1682 ,
2829 1620 2919 1686 qui
2943 1621 3256 1676 sacriﬁcium
3289 1623 3414 1677 boni

1870 1705 2044 1772 operis
2100 1719 2264 1774 usque
2307 1705 2371 1757 ad
2403 1704 2555 1760 linem
2603 1707 2834 1761 debitum
2881 1710 3121 1776 perducit
3170 1715 3412 1802 actionis.

240 1802 388 1853 nobis
425 1805 620 1865 signum
674 1807 866 1851 νεδιτω
904 1800 969 1851 ad
1016 1801 1290 1853 Dominum
1331 1799 1690 1852 conversionis
1717 1807 1771 1851 ei
1798 1800 1846 1860 Β
1874 1789 2006 1845 Hinc
2045 1791 2236 1861 .ioseph
2269 1794 2403 1846 inter
2432 1795 2660 1861 reliquos
2710 1795 2893 1849 fratres
2924 1797 3138 1851 talarem
3187 1789 3412 1853 tunicam

239 1888 579 1954 regressionis,
605 1897 661 1940 ut
687 1888 845 1941 simul
863 1903 980 1940 cum
1003 1889 1200 1956 angelis
1219 1889 1408 1957 quibus
1435 1900 1506 1941 est
1531 1890 1767 1958 gaudium

237 1977 288 2026 iu
333 1977 448 2028 culo
497 1991 642 2044 super
693 1992 794 2028 uno
859 1987 1120 2048 peccatore
1185 1979 1530 2043 paenitentiam
1595 1986 1771 2047 agente

239 2061 387 2131 (Luc.
408 2063 510 2131 xv),
535 2062 598 2116 de
618 2072 798 2115 vestro
830 2063 997 2116 reditu
1035 2049 1266 2129 gaudere
1291 2066 1566 2129 possimus.

238 2165 384 2234 (Post
403 2167 562 2217 datam
589 2183 620 2217 a
648 2168 1006 2234 pmnitentibus
1039 2168 1236 2235 signum
1274 2182 1380 2218 sua:
1405 2167 1472 2217 ad
1505 2166 1768 2218 Dominum

303 2236 639 2304 regressiouis,
664 2235 812 2304 idque
839 2237 890 2286 ii
922 2238 970 2286 ut
994 2252 1075 2289 um
1103 2237 1249 2287 ilatis
1285 2236 1528 2296 dexteris,
1564 2244 1616 2285 ut
1657 2249 1774 2286 ante

234 2333 241 2338 -
301 2305 500 2357 [inutilia
521 2313 692 2356 octava
718 2320 919 2355 rursum
939 2305 1009 2355 sic
1024 2305 1188 2356 dicere
1207 2319 1349 2356 orsus
1370 2314 1443 2355 est
1463 2305 1773 2372 episcopus.)

309 2419 412 2473 Deo
441 2420 662 2486 piissimo
703 2428 759 2473 et
803 2433 1015 2487 semper
1060 2418 1541 2473 misericordissimo
1590 2433 1775 2473 omnes

239 2507 289 2560 in
311 2524 576 2561 commune
596 2499 887 2560 referamus
913 2509 1125 2574 gratias,
1155 2509 1241 2574 qui
1267 2508 1396 2559 (“\il
1427 2500 1608 2560 τ’ΝοΙο
1639 2526 1776 2561 mor-

239 2605 334 2647 tem
362 2598 647 2664 peccatoris,
709 2596 799 2648 sed
837 2607 890 2648 ut
924 2606 1239 2649 romertatur
1268 2607 1314 2647 et
1345 2598 1470 2649 ciunt
1503 2594 1632 2664 (1:0.
1664 2595 1736 2662 v1)
1759 2636 1773 2661 ,

242 2687 476 2750 quoniam
505 2699 606 2738 non
631 2684 801 2738 solum
824 2695 1051 2740 vestram
1078 2669 1582 2753 paenitentiam,ised
1611 2693 1665 2737 et
1692 2684 1774 2736 di-

240 2789 368 2840 gnos
393 2775 704 2841 paenitentiae
735 2774 936 2828 fructus
959 2775 1008 2827 in
1036 2775 1181 2828 vobis
1206 2775 1507 2841 aspicimus.
1542 2773 1628 2827 Ait
1648 2789 1775 2842 ergo

242 2865 295 2914 Β.
342 2864 562 2916 Joannes
608 2864 843 2932 Baptista
868 2872 921 2916 et
958 2863 1161 2916 Domini
1209 2864 1370 2916 nostri
1415 2863 1538 2915 Jesu
1583 2863 1774 2916 Christi

239 2966 517 3022 praecursor
561 2953 624 3005 ad
672 2952 898 3004 turbas:
934 2949 1110 3003 Facite
1149 2951 1328 3019 dignos
1369 2951 1563 3020 [ructus
1609 2952 1774 3018 pa'ni-

240 3047 404 3098 tentia
447 3044 626 3115 (Matii.
653 3062 729 3112 Ill,
780 3045 910 3098 Luc.
955 3045 1071 3114 ut);
1123 3047 1311 3113 quibus
1359 3047 1531 3100 verbis
1591 3055 1770 3099 notum

1874 1881 2119 1934 habuisse
2157 1883 2468 1936 describitur
2510 1885 2670 1953 (lien.
2718 1889 2969 1958 xxxv"):
3011 1890 3179 1942 tunica
3222 1894 3415 1960 quippe

1874 1985 2039 2038 usque
2059 1971 2121 2024 ad
2147 1973 2304 2024 talum
2334 1980 2410 2025 est
2439 1988 2569 2041 opus
2600 1973 2792 2027 bonum
2816 1993 2978 2043 usque
3001 1980 3062 2030 ad
3085 1995 3414 2032 consumma-

1875 2062 2110 2125 tionem;
2139 2071 2190 2116 et
2221 2070 2342 2115 tunc
2373 2064 2544 2131 placet
2583 2063 2801 2118 Domino
2845 2079 3021 2119 nostra
3067 2061 3412 2132 conversatio,

1871 2152 2080 2217 quando
2133 2153 2326 2205 bonum
2370 2153 2510 2220 quod
2564 2154 2867 2207 inchoamus
2917 2143 3267 2224 perseveranti
3312 2158 3414 2212 line

1871 2243 2212 2310 complainus.
2248 2244 2443 2298 Bonum
2469 2260 2592 2311 ergo
2623 2263 2725 2300 non
2755 2250 2996 2315 cepisse,
3019 2250 3109 2302 sed
3131 2249 3412 2317 perfecisse

1872 2331 2037 2384 virtus
2067 2341 2186 2396 est;
2219 2347 2335 2384 nam
2381 2347 2481 2384 non
2532 2333 2900 2386 inchoantibus
2940 2337 3146 2402 prmmia
3191 2339 3414 2405 promit-

1875 2427 2073 2482 tuntur,
2095 2420 2186 2473 sed
2234 2422 2684 2485 perseverantibus
2725 2421 2929 2476 dantur.
2963 2424 3181 2492 Semper
3227 2427 3275 2479 in
3307 2428 3409 2479 vita

1874 2506 2100 2561 hominis
2132 2508 2246 2562 linis
2276 2509 2584 2576 quaerendus
2628 2519 2739 2573 est,
2782 2510 2901 2578 quia
2935 2511 3067 2563 Deus
3115 2528 3216 2565 non
3249 2515 3414 2582 respi-

1874 2593 1943 2645 cit
1969 2594 2150 2660 quales
2190 2605 2342 2648 antea
2374 2594 2643 2662 fuerimus,
2674 2599 2766 2651 sed
2805 2600 2983 2666 quales
3012 2601 3145 2652 circa
3194 2600 3312 2654 vitae
3353 2603 3412 2652 li-

1875 2695 1993 2734 nem
2024 2681 2219 2734 erimus
2249 2699 2260 2732 :
2290 2697 2708 2749 unumquemque
2753 2687 2890 2738 enim
2927 2686 3066 2741 Deus
3091 2686 3154 2740 de
3186 2702 3282 2740 suo
3314 2689 3417 2741 linc

1877 2785 1980 2822 non
2023 2770 2088 2822 de
2121 2770 2221 2822 vita
2257 2769 2475 2836 judicat.
2505 2768 2851 2825 Persistamus
2872 2773 3032 2840 igitur
3054 2815 3068 2838 ,
3100 2764 3414 2841 charissimi,

1875 2857 2017 2909 omni
2051 2872 2168 2910 Clllll
2212 2858 2500 2912 intentione
2528 2859 2715 2912 divinis
2759 2861 2809 2912 in
2848 2861 3329 2926 obsecrationibus,
3360 2873 3417 2916 ut

1874 2959 1935 2999 ea
1962 2961 2077 3014 qua:
2105 2946 2200 2998 sibi
2233 2946 2421 3014 placita
2461 2959 2581 3000 sunt
2611 2947 2767 3002 faciat
2794 2951 2941 3003 nobis
2979 2966 3096 3004 cum
3135 2968 3229 3006 sua
3255 2954 3418 3008 bene-

1877 3034 2106 3088 dictione
2147 3027 2422 3098 inchoare,
2455 3047 2507 3090 et
2547 3052 2708 3105 usque
2733 3037 2796 3089 ad
2828 3041 3267 3106 perseverantiam
3313 3043 3407 3096 bo-

237 3149 312 3190 est
337 3140 472 3205 quod
501 3140 695 3190 amicus
724 3137 933 3204 Sponsi,
961 3152 1062 3190 non
1084 3137 1251 3191 solum
1283 3137 1478 3190 fructus
1507 3137 1765 3205 paeniten-

1878 3138 1944 3176 na
1974 3124 2260 3190 (erducere
2304 3127 2751 3178 consummatione
2778 3144 2790 3189 ;
2823 3126 2938 3194 quia
2969 3149 3002 3181 α
3031 3137 3082 3181 et
3111 3152 3148 3182 ω
3173 3170 3187 3193 ,
3219 3131 3412 3198 princi-

240 3228 317 3278 tia:
355 3226 447 3279 sed
481 3226 660 3291 dignos
688 3226 1008 3293 pmniteutize
1049 3223 1248 3278 fructus
1274 3225 1518 3278 admonet
1549 3240 1665 3278 esse
1696 3225 1768 3276 la-

236 3316 476 3369 ciendos:
504 3315 640 3368 aliud
665 3330 892 3384 namque
923 3324 1002 3367 est
1050 3313 1269 3368 fructum
1302 3314 1495 3378 facere,
1521 3314 1662 3368 aliud
1694 3315 1770 3368 di-

237 3419 333 3471 gne
357 3404 709 3474 pu-nitentiam
761 3418 936 3470 agere.
973 3403 1037 3457 Ut
1081 3405 1217 3456 enim
1247 3403 1534 3458 secundum
1587 3405 1771 3471 dignos

237 3493 546 3559 pmnitentiie
594 3491 792 3543 fructus
841 3491 1151 3554 loquamur,
1198 3491 1467 3544 sciendum
1514 3499 1594 3545 est
1648 3492 1769 3558 quia

237 3581 467 3648 quisquis
504 3580 672 3632 illicita
706 3577 846 3630 nulla
874 3578 1156 3641 conmiisit,
1181 3578 1300 3632 huic
1321 3579 1442 3646 jure
1463 3581 1768 3634 conceditur

240 3683 293 3726 ut
315 3675 465 3727 licitis
493 3681 680 3734 utatur,
722 3671 905 3738 sicque
933 3669 1141 3738 pietatis
1186 3684 1347 3738 opera
1377 3669 1550 3732 faciat,
1586 3678 1641 3722 ut
1687 3678 1768 3722 ta-

237 3778 377 3823 men,
433 3763 473 3815 si
499 3762 743 3824 noluerit,
769 3775 830 3812 ea
853 3774 965 3828 qua:
994 3759 1168 3813 mundi
1190 3767 1311 3812 sunt
1331 3773 1437 3813 non
1468 3760 1728 3826 relinquat
1753 3776 1766 3822 ;

239 3853 584 3920 penitentiam
614 3851 810 3919 quippe
839 3865 996 3916 agere
1023 3860 1073 3904 et
1113 3857 1408 3918 perpetrata
1448 3851 1584 3904 mala
1624 3852 1770 3920 plan-

235 3953 375 4006 gere,
397 3949 449 3991 et
474 3941 755 4007 plangenda
787 3951 890 3993 non
930 3947 1250 4006 perpetrare,
1279 3941 1322 3993 si
1347 3940 1604 4008 duplicem
1629 3940 1769 3993 vide-

238 4031 358 4081 licet
397 4028 612 4081 l'ructum
642 4069 656 4093 ,
688 4028 846 4080 debet
891 4029 1084 4082 habere
1135 4029 1189 4096 in
1240 4031 1546 4097 pmnitentia
1599 4030 1770 4084 omnis

239 4125 496 4184 peccator,
527 4119 634 4170 sive
655 4118 777 4186 quia
805 4116 999 4170 malum
1019 4131 1112 4184 per
1131 4116 1405 4172 audaciam
1431 4120 1766 4186 perpetravit.

239 4205 324 4258 ille
365 4219 486 4271 ergo
529 4205 888 4272 pmnitentiam
930 4206 1083 4273 digne
1117 4206 1223 4273 agit
1253 4207 1341 4273 qui
1379 4215 1579 4260 reatum
1619 4224 1767 4261 suum

237 4293 582 4347 satisfactione
612 4295 841 4362 legitima
872 4294 1098 4362 plangit,
1132 4295 1525 4347 condemnanda
1568 4297 1770 4350 scilicet

236 4396 295 4434 ac
337 4381 572 4435 deﬂendo
623 4373 739 4450 quoi
769 4383 950 4448 gessit.
997 4380 1338 4452 Omnipotens
1389 4387 1583 4453 quippe
1629 4387 1763 4442 Deus

237 4475 591 4527 contritinnem
622 4475 826 4541 quan-it,
858 4474 1060 4527 ﬂetibus
1102 4475 1344 4538 llectitur,
1379 4475 1611 4543 lugentes
1636 4478 1763 4531 laeti-

238 4568 383 4628 licat,
419 4566 782 4640 paenitentibus
809 4573 999 4632 przesto
1027 4573 1125 4617 est.
1169 4565 1381 4632 Magnus
1409 4567 1668 4633 prolectus
1689 4578 1769 4622 est

238 4655 615 4723 lacn-marum:
649 4653 904 4722 plorando
950 4667 1128 4706 servus
1176 4656 1488 4721 propitiatur
1524 4656 1763 4720 Domino,

239 4742 368 4794 filius
398 4741 630 4811 lamymis
667 4743 873 4808 mitigat
901 4751 1125 4808 patrem,
1173 4752 1224 4795 et
1267 4758 1505 4811 asperam
1548 4754 1766 4798 matrem

239 4833 452 4894 plorans
477 4830 662 4883 mulcet
701 4831 948 4899 parvulus
981 4849 991 4881 :
1025 4832 1094 4884 ita
1136 4846 1260 4900 ergo
1297 4842 1349 4886 et
1377 4843 1625 4900 pexator
1657 4849 1769 4902 pro-

240 4921 363 4975 fusis
395 4922 594 4974 lletihus
620 4905 858 4975 removet
885 4923 1009 4973 iram
1037 4922 1143 4974 Dei.
1181 4923 1360 4975 l’etrus
1404 4938 1628 4992 namque
1677 4927 1769 4978 tri-

241 5026 356 5063 nam
388 5011 711 5078 negationem
739 5012 981 5081 lacrymis
1007 5011 1191 5071 diluit;
1218 5015 1469 5081 scriptum
1488 5023 1566 5066 est
1587 5016 1724 5068 enim
1749 5017 1765 5069 ἐ

239 5097 303 5150 ει
345 5099 631 5152 retardatus
678 5099 895 5164 Petrus,
961 5101 1090 5167 ﬂevit
1159 5119 1327 5156 nutare
1381 5105 1590 5175 (Matth.
1622 5124 1764 5172 xxvr,

239 5184 402 5239 Herc.
456 5193 554 5251 x‘tv,
601 5186 724 5239 Luc.
770 5191 944 5256 xxu);
1007 5190 1132 5244 dicit
1179 5207 1302 5245 vero
1335 5193 1531 5249 David:
1577 5194 1765 5264 Venite,

239 5275 500 5328 adoremus
525 5284 571 5327 et
594 5277 866 5343 ,ploremus
905 5294 1073 5331 eorum
1118 5279 1242 5332 Dom
1257 5284 1330 5332 'no
1380 5285 1464 5351 qui
1515 5286 1629 5353 fecit
1677 5302 1767 5339 nos
1801 5265 1804 5269 .

245 5361 427 5430 (Pul.
490 5362 604 5430 xc).
666 5363 731 5418 Et
795 5365 984 5418 iterum
1030 5385 1040 5418 :
1087 5367 1311 5421 Fuerunt
1362 5373 1480 5423 mihi
1533 5374 1768 5442 [arri/tua:

242 5467 359 5504 me
388 5467 542 5520 panes
592 5453 670 5506 die
706 5471 766 5506 ac
812 5463 956 5506 nocte
996 5455 1160 5514 (Paul.
1216 5471 1344 5512 xu‘.
1405 5460 1468 5511 Et
1517 5480 1526 5512 :
1585 5463 1765 5518 I’otnm

242 5555 404 5594 meum
457 5557 562 5594 cum
588 5545 704 5610 [tetu
734 5545 1003 5597 miscebant
1027 5585 1042 5609 ,
1081 5555 1288 5598 stratum
1322 5565 1482 5600 meum
1532 5569 1564 5617 ι)
1596 5569 1620 5600 r
1664 5557 1766 5606 siu-

241 5628 382 5697 gutas
447 5641 605 5685 nocte;
655 5635 892 5701 (uergini:
945 5635 1116 5704 rigabo
1179 5635 1356 5702 (I’snl.
1411 5653 1456 5690 Cl
1480 5651 1512 5704 ).
1569 5638 1627 5692 Et
1668 5642 1763 5696 ite—

1873 3211 2014 3278 pium
2042 3219 2094 3262 rt
2125 3211 2239 3263 linis
2270 3213 2446 3280 (Apoc.
2479 3216 2539 3278 1),
2589 3215 2737 3267 Jesus
2765 3217 3000 3268 Christus
3048 3215 3295 3270 Dominus
3317 3235 3411 3271 no-

1869 3308 1998 3364 ster,
2023 3301 2111 3367 qui
2146 3314 2263 3352 cum
2296 3300 2450 3352 Patre
2496 3313 2680 3369 regnat
2713 3305 2846 3357 Deus
2874 3306 2922 3356 in
2967 3306 3162 3359 imitate
3188 3305 3411 3376 Spiritus

1869 3396 2059 3459 sancti,
2094 3411 2185 3463 per
2214 3395 2386 3448 omnia
2417 3396 2604 3448 smcula
2634 3397 2965 3449 saeculorum.
2997 3398 3182 3452 Amen.

2428 3504 2702 3558 liOMlLlA
2735 3505 2842 3558 ΧΗ.

2339 3589 2386 3626 ΙΝ
2427 3590 2504 3626 ΜΕ
2543 3590 2708 3629 ωεκει]
2746 3591 2943 3629 DOIIINI.

2183 3659 2255 3713 De
2293 3677 2406 3713 cera
2445 3664 2794 3726 cliuritateud
2831 3666 3089 3732 populum.

1937 3747 2146 3802 Fratres
2171 3749 2526 3812 dilectissimi,
2562 3751 2684 3815 quia
2715 3754 2966 3804 veraciter
2993 3755 3042 3805 in
3094 3760 3412 3810 conscientia

1867 3853 1984 3890 mea
2037 3837 2212 3891 dicere
2260 3854 2362 3892 non
2410 3839 2558 3892 valeo
2588 3841 2685 3893 hoc
2739 3842 2874 3906 quod
2919 3843 3101 3894 beatus
3129 3843 3410 3909 Gregorius

1869 3927 2118 3980 Romana:
2141 3928 2282 3980 urbis
2309 3929 2539 3996 pontifex
2569 3969 2584 3993 ,
2632 3930 2869 3983 doctrina
2896 3932 3143 3997 omnique
3172 3932 3406 3986 bonitate

1867 4016 2199 4082 redundans,
2229 4015 2421 4070 dixisse
2459 4019 2646 4083 legitur
2690 4019 2756 4070 ad
2806 4001 3071 4085 populum.
3125 4020 3274 4088 Smpe
3318 4037 3410 4075 vos

1867 4105 2142 4165 admoneo,
2192 4101 2524 4168 charissimi,
2579 4122 2736 4173 prava
2785 4122 2946 4174 opera
2992 4107 3197 4174 lugeo,
3229 4112 3407 4163 mundi

1868 4194 2022 4261 hujus
2051 4196 2442 4262 inquinamenta
2484 4197 2719 4248 devitarc
2745 4238 2758 4262 ,
2792 4207 2896 4251 etc.
2921 4240 2935 4264 ,
2992 4204 3142 4256 valde
3173 4203 3327 4255 dolco
3352 4216 3412 4254 ac

1868 4305 2092 4343 mmrore
2121 4291 2416 4356 langucSCO.
2463 4288 2776 4341 Cumetiam
2824 4291 2948 4343 illud
2997 4293 3061 4344 ad
3108 4296 3410 4347 memoriam

1871 4383 2062 4435 reduco
2103 4386 2240 4450 quod
2281 4386 2528 4438 Dominus
2577 4401 2666 4451 per
2718 4385 3044 4441 Ezecliielem
3098 4390 3405 4457 prolihetam

1874 4473 2197 4538 torpentibus
2252 4477 2325 4526 ac'
2353 4476 2731 4541 negligentbus
2773 4477 3122 4548 cmnminatur
3167 4481 3413 4532 sacerdo-

1874 4561 2010 4614 tibus
2045 4578 2056 4612 :
2091 4562 2168 4623 Si,
2211 4563 2407 4628 inquit,
2439 4580 2536 4615 non
2569 4566 2944 4617 auuuutiareris
2965 4566 3132 4634 iniquo
3162 4566 3406 4636 iniquita-

1872 4659 1998 4702 totes
2041 4667 2190 4714 suas,
2230 4654 2522 4720 conquiram
2571 4653 2678 4720 ejus
2724 4653 2786 4705 de
2831 4670 2981 4705 manu
3033 4666 3115 4708 tua
3158 4659 3407 4723 requiram

1874 4740 2078 4808 (E'eC/t.
2113 4742 2242 4806 ιιι.);
2273 4749 2326 4793 et
2355 4756 2437 4795 me
2465 4743 2665 4809 pigrum
2710 4757 2770 4795 ac
2797 4743 3026 4795 desidem
3056 4744 3123 4796 ad
3152 4744 3249 4798 hoc
3278 4761 3409 4813 opus

1870 4845 1987 4883 esse
2027 4843 2374 4895 recognosco,
2410 4832 2532 4884 totis
2565 4833 2846 4884 visceribus
2887 4834 3221 4886 contabcsco.
3276 4835 3404 4887 Dum

1871 4920 2008 4971 enim
2061 4919 2217 4971 timco
2264 4921 2328 4972 de
2360 4934 2460 4979 me,
2505 4927 2558 4971 et
2599 4921 2720 4971 dum
2763 4920 2986 4973 formido
3033 4924 3099 4974 de
3137 4922 3407 4976 animabus

1869 5009 1995 5061 mihi
2036 5010 2361 5074 conimissis,
2427 5011 2618 5078 duplici
2667 5012 2852 5064 timore
2890 5027 2950 5065 ac
2985 5013 3165 5066 do?ore
3217 5028 3407 5068 consu-

1871 5117 2002 5154 mor.
2036 5099 2100 5152 Et
2127 5101 2240 5153 ideo
2269 5118 2386 5154 cum
2426 5101 2696 5155 Psalmista
2725 5104 2895 5156 clamo
2925 5123 2937 5154 :
2969 5104 3066 5155 Cor
3095 5119 3252 5154 meum
3285 5121 3404 5158 cou-

1871 5196 2116 5248 turbatum
2146 5204 2240 5260 est,
2272 5195 2530 5262 dereliquit
2555 5210 2631 5245 me
2664 5196 2815 5246 virtus
2845 5210 2954 5244 mea
2980 5193 3146 5251 (Psal.
3185 5202 3401 5262 xxxvii).

1869 5285 2120 5348 Quocirca
2143 5325 2156 5344 ,
2192 5283 2289 5336 etsi
2318 5299 2420 5334 non
2450 5281 2775 5334 abundantes
2807 5283 2963 5344 rivos,
2991 5292 3132 5335 certe
3162 5285 3241 5336 vel
3269 5299 3400 5349 qua-

1869 5379 2151 5439 lescunque
2193 5382 2365 5439 guttas
2410 5371 2695 5438 poterimus
2726 5370 2995 5423 animabus
3019 5374 3202 5425 vestris
3231 5371 3404 5424 infun-

1868 5465 1990 5517 dere
2016 5480 2030 5524 ;
2061 5459 2454 5526 irocurabimus
2478 5470 2531 5511 ut
2554 5458 2819 5510 fructifera
2852 5461 3011 5512 nostri
3039 5462 3206 5513 cordis
3240 5468 3398 5523 terra,

1866 5558 2082 5617 accepto
2111 5549 2255 5602 verbi
2298 5548 2383 5601 Dei
2427 5547 2643 5605 semine,
2693 5549 2948 5613 germinet
2996 5542 3248 5600 bonorum
3275 5564 3400 5615 ope-

1867 5657 1976 5694 rum
2011 5655 2156 5693 inc-Si
2177 5655 2244 5702 ιιι,
2281 5649 2351 5690 ut.
2375 5637 2584 5690 veniens
2608 5637 2718 5689 Dor
2744 5638 2856 5690 inus
2883 5639 3148 5704 ropiosum
3180 5640 3229 5692 in
3260 5640 3402 5696 vobis
