3848 6382
457 449 489 501 ti
496 448 560 502 39

1633 440 1686 495 S.
1733 435 1937 491 ELlGll
1977 433 2251 491 Νυνιοιι.
2299 435 2513 492 EPISC.
3511 444 3520 458 ί
3571 433 3644 486 lilii

458 558 698 612 invenire
746 555 975 624 gaudeat
1004 553 1248 607 huctmu.
1300 552 1448 606 Nunc
1477 565 1690 617 quoque
1731 549 1908 604 multis
1928 560 2025 600 sar.
2057 547 2480 607 Asubstantiam
2524 564 2536 599 :
2583 561 2707 616 pars
2748 544 3058 601 substantia:
3100 560 3218 617 qua:
3248 546 3502 624 minorem
3525 547 3642 604 lilium

457 647 561 702 culi
593 645 1031 714 occupationibus
1084 643 1392 712 przepediti,
1447 641 1594 695 brevi
1624 652 1892 701 sermone,
1932 637 2025 691 sed

460 746 647 790 vestra:
676 735 833 790 saluti
891 734 1088 799 alioqui
1116 730 1517 785 accommodato
1555 730 1630 782 uti
1669 729 2023 782 decrevimus.

461 825 588 889 Qua:
613 838 740 890 ergo
771 823 838 875 sit
861 822 948 875 illa
979 821 1211 875 brevitas
1243 819 1529 888 Apostolus
1558 819 1786 871 insinuat
1807 817 2025 871 dicens:

463 912 608 966 Finis
637 915 876 982 priet-epti
905 923 978 965 est
1007 913 1232 965 clmritas
1260 912 1321 963 de
1355 911 1505 964 cei-de
1540 926 1666 977 puro
1692 920 1738 990 et
1767 911 2028 962 conscien-

461 1004 530 1055 tia
569 1004 700 1056 bona
726 1015 772 1055 et
803 1004 905 1071 [ille
947 1019 1047 1054 non
1092 1002 1212 1064 [icta
1258 999 1308 1069 (l
1338 999 1465 1052 Tim.
1498 1001 1558 1066 ι).
1617 998 1739 1062 Ista,
1793 998 2028 1053 breviter

459 1101 750 1144 attestante
793 1091 850 1144 Β.
884 1091 1212 1158 Augustino,
1245 1098 1299 1143 et
1329 1099 1385 1142 ut
1431 1098 1673 1141 teneatur
1701 1088 2025 1151 memoriter,

459 1190 541 1234 est
565 1182 778 1241 suavis;
812 1191 864 1233 et
911 1191 966 1232 ιιι
1004 1181 1330 1234 custodiatur
1377 1179 1620 1238 lidcliter,
1653 1179 1840 1232 dulcis.
1885 1177 2030 1230 llanc

459 1270 548 1339 qui
579 1271 750 1324 nescit
780 1281 998 1338 quierat,
1043 1278 1097 1322 ut
1127 1287 1196 1338 qu
1217 1270 1414 1323 urendo
1439 1270 1696 1322 inveniat.
1748 1268 1929 1322 Pulset
1960 1268 2026 1321 ad

459 1359 654 1415 ostium
697 1360 870 1418 amici.
903 1368 957 1412 et
985 1369 1129 1428 petat
1157 1374 1346 1427 panem
1373 1377 1384 1410 :
1412 1359 1604 1411 ostium
1635 1358 1786 1412 amici
1825 1358 2025 1425 allego-

458 1452 567 1505 rice
596 1450 759 1503 divini
784 1450 1128 1517 intelligentia
1147 1449 1407 1503 sermonis
1426 1460 1525 1502 est.
1556 1447 1660 1501 Pax
1684 1448 2025 1517 intelligenti,

457 1541 708 1605 Charitas,
765 1550 984 1610 propter
1040 1540 1292 1606 majorem
1343 1543 1634 1610 appetitum
1677 1543 2026 1596 necessitatis.

455 1629 589 1684 Nam
630 1632 766 1684 sicut
793 1631 910 1684 sine
958 1645 1093 1698 pa:.e
1133 1632 1246 1684 aliis
1294 1631 1425 1685 cibis
1475 1632 1720 1686 omnibus
1773 1635 2030 1701 appositis

455 1735 641 1774 mensa
685 1720 837 1787 inops
859 1734 978 1773 esse
1013 1720 1219 1772 videtur
1243 1761 1255 1783 ,
1287 1721 1364 1773 sie
1392 1721 1508 1774 sine
1533 1721 1797 1775 charitate
1824 1730 2029 1774 caetera:

456 1810 678 1862 virtutes
705 1808 854 1877 quasi
902 1808 1024 1860 nihil
1068 1823 1185 1862 esse
1231 1809 1542 1876 probantur.
1576 1807 1724 1862 lianc
1763 1809 1852 1876 qui
1882 1809 2027 1863 inve-

454 1898 612 1963 nerit,
657 1906 828 1966 gustet
858 1912 1016 1965 quam
1047 1899 1223 1948 suavis
1254 1905 1368 1961 est;
1419 1898 1666 1951 hortante
1704 1896 1968 1966 Propheta
2002 1915 2014 1949 :
2057 1881 2095 1940 Β

457 1986 666 2039 Gustate
705 1998 752 2039 et
798 1987 960 2038 videte
987 1986 1228 2053 quoniam
1254 1986 1422 2037 suavis
1447 1999 1520 2039 est
1560 1984 1808 2039 Dominus
1843 1985 2014 2053 (Psal.

452 2074 661 2150 xxxiii).
720 2074 866 2127 Hanc
895 2075 985 2142 qui
1040 2074 1234 2126 habere
1263 2082 1486 2140 possunt
1537 2073 1588 2125 iu
1623 2074 1730 2127 Deo
1781 2081 2018 2138 manent,
2067 2108 2073 2115 ι

449 2179 502 2220 et
554 2167 808 2220 Dominus
858 2167 909 2219 in
965 2165 1103 2230 illis,
1152 2165 1404 2232 quoniam
1458 2164 1597 2217 Deus
1643 2163 1877 2218 charitas
1916 2174 2016 2219 est.

451 2254 515 2306 Et.
553 2271 666 2310 vos.
703 2255 913 2317 fratres,
944 2255 988 2308 si
1016 2253 1209 2307 divites
1239 2267 1355 2306 esse
1383 2253 1604 2320 cupitis,
1638 2267 1786 2307 veras
1811 2254 2020 2308 divitias

448 2353 642 2404 amate,
674 2360 721 2412 q:
750 2345 796 2396 ia
848 2343 934 2396 ille
961 2358 1086 2397 vere
1134 2342 1282 2398 dives
1309 2353 1391 2396 est
1415 2384 1428 2405 ,
1458 2343 1509 2396 in
1549 2358 1654 2412 quo
1698 2343 1837 2400 Deus
1867 2345 2018 2399 habi-
2058 2392 2068 2402 .

449 2443 563 2487 tare
583 2435 849 2500 dignatur.
878 2433 931 2486 Si
974 2431 1308 2488 dulcedinem
1355 2443 1568 2487 :eternae
1595 2435 1872 2488 suavitatis
1897 2447 2020 2501 gus-

448 2534 562 2576 tare
592 2523 772 2585 vultis,
805 2537 984 2577 veram
1017 2523 1332 2599 eharitatem
1359 2532 1559 2590 tenete,
1604 2539 1709 2577 non
1734 2524 1877 2577 illam
1903 2538 2020 2592 qua:

449 2622 656 2667 tantum
689 2615 1015 2682 promittitur
1061 2629 1156 2669 ore
1199 2624 1254 2669 et
1299 2630 1402 2667 non
1440 2622 1684 2668 senatur
1729 2615 1782 2668 in
1829 2615 2019 2682 corde,

445 2704 537 2758 sed
573 2704 713 2756 illam
744 2719 862 2770 qtae
885 2705 961 2757 sic
988 2718 1051 2758 ex
1076 2717 1168 2757 ore
1186 2703 1476 2772 profertur,
1504 2712 1559 2758 ut
1588 2713 1762 2759 tamen
1786 2705 1836 2758 in
1858 2705 2022 2760 corde

448 2805 726 2854 tene.uur,
773 2791 978 2845 Joanne
1041 2794 1285 2861 apostolo
1325 2804 1615 2850 monente:
1653 2795 1860 2860 Filioli,
1918 2814 2022 2851 non

448 2884 722 2950 dilgnmus
770 2883 916 2936 verbo
960 2899 1122 2953 neque
1160 2886 1370 2955 lingua,
1413 2887 1505 2941 sed
1546 2903 1696 2957 opere
1731 2897 1777 2941 et
1815 2890 2025 2942 veritate

449 2971 501 3040 (Ι
542 2971 699 3023 Ιυιιη.
742 2975 844 3039 ιιι).
880 2970 1025 3026 Licet
1054 2987 1144 3042 erg
1184 3014 1200 3038 ,
1235 2975 1444 3041 fratres,
1491 2976 1853 3030 admonitione
1881 2977 2024 3030 salu-

451 3060 553 3113 tari
586 3075 772 3114 onmes
801 3073 1052 3128 egeamus
1074 3102 1088 3126 ,
1133 3073 1184 3115 et
1215 3063 1463 3117 onmil-us
1509 3064 1560 3116 in
1591 3078 1874 3118 commune
1900 3078 2025 3132 pro-

450 3148 594 3204 ticiat
615 3189 630 3215 ,
665 3150 766 3203 illis
795 3137 972 3204 tamen
997 3151 1166 3217 magis
1194 3159 1276 3204 est
1305 3149 1602 3204 necessaria
1630 3150 1717 3220 qui
1735 3151 2022 3219 majoribus

449 3213 754 3308 capitalium
783 3239 1064 3292 criminum
1088 3213 1312 3293 vinculis
1341 3239 1539 3307 alligati
1561 3213 1679 3294 esse
1707 3213 2018 3305 noscuntur,
2049 3213 2097 3276 θ

449 3340 506 3386 et
542 3332 632 3400 qui
663 3331 942 3385 diabolieis
983 3339 1174 3399 sponte
1215 3346 1274 3385 se
1324 3331 1654 3386 tradiderunt
1679 3331 1965 3397 illecebris,
1997 3347 2027 3386 a

447 3425 639 3490 quibus
664 3437 767 3474 non
792 3421 973 3476 valent
999 3436 1057 3476 se
1076 3438 1168 3491 per
1198 3437 1254 3476 se
1273 3423 1618 3500 exerere,nisi
1642 3422 1811 3476 valida
1841 3436 2029 3477 manus

452 3512 833 3566 misericordia:
879 3509 969 3566 Dei
1018 3527 1110 3567 eos
1138 3513 1414 3581 eripuerit.
1454 3514 1517 3565 Et
1558 3514 1811 3580 quoniam
1858 3512 2028 3566 medi-

453 3617 638 3656 cormn
668 3603 829 3668 vices,
881 3618 978 3656 nos
1011 3604 1266 3670 episcopi.
1299 3604 1540 3669 quamvis
1568 3603 1764 3666 indigni
1785 3643 1798 3667 ,
1846 3611 2028 3656 tenere

451 3693 724 3758 videmur,
756 3701 813 3744 ut
840 3692 978 3743 male
1011 3691 1328 3742 habentibus
1367 3689 1600 3744 remedia
1645 3689 2028 3745 consolationis

449 3781 834 3834 adhibeamus:
895 3787 1144 3833 converto
1171 3797 1200 3831 ιι
1255 3795 1338 3832 tne
1383 3774 1446 3832 ad
1497 3781 1614 3833 illos
1641 3779 1731 3849 qui
1785 3780 2028 3833 antidoto

451 3871 902 3925 reconciliationis
931 3878 986 3924 et
1015 3871 1376 3925 rctmrationis
1408 3871 1673 3936 indigent,
1703 3869 1826 3936 quia
1869 3883 2026 3922 reno-

450 3964 562 4017 vari
593 3963 911 4032 pOSsitsicut
941 3962 1126 4029 aquin
1169 3961 1403 4029 juventus
1462 3975 1648 4014 eorum
1699 3959 1869 4027 (Psul.
1910 3959 2024 4029 cn),

451 4058 569 4126 ipso
611 4055 896 4122 adjuvautc
931 4055 1021 4120 qui
1074 4054 1200 4104 vivit
1245 4063 1296 4105 et
1326 4064 1512 4120 regnat
1549 4053 1598 4106 in
1646 4054 1836 4112 secula
1871 4068 2029 4109 saecu-

451 4150 646 4202 lorum.
679 4147 866 4198 Amen.

1005 4213 1280 4268 llOMlLIA
1321 4215 1452 4269 ΧΙΞΙ.

927 4323 975 4359 ΙΝ
1018 4321 1101 4359 DIE
1139 4322 1311 4360 (2(ιίΝῶ
1354 4322 1551 4359 DOMINI.

790 4421 864 4472 De
893 4422 1000 4484 [ilio
1031 4421 1263 4489 prodigo,
1288 4421 1354 4472 nil
1375 4422 1684 4486 pwniten’es.

2128 639 2408 704 contingit,
2440 639 2554 707 ipse
2575 650 2764 691 sensus
2793 637 2844 689 in
2872 636 3084 690 homine
3115 635 3393 691 rationalis
3413 640 3504 702 est,
3527 652 3642 706 quem

2126 731 2301 784 minor
2325 730 2482 796 illius,
2532 745 2626 798 per
2651 743 2810 798 quem
2835 744 2930 782 vos
2967 728 3187 796 intelligi
3221 729 3462 796 potestis,
3495 734 3650 800 expetit-

2126 833 2154 871 a
2187 829 2359 887 patre,
2391 835 2508 870 cum
2554 819 2716 870 homo
2745 832 2838 870 sua
2882 824 3150 886 potestate
3175 817 3486 881 delectatus,
3508 833 3583 885 per
3600 820 3645 872 li-

2126 909 2311 962 bermn
2361 908 2635 961 arbitrium
2687 921 2806 960 sese
2851 919 3038 972 regere
3076 913 3240 974 atque
3282 921 3312 958 a
3358 905 3565 960 dominio
3585 911 3642 962 sui

2125 999 2416 1055 conditoris
2441 997 2686 1066 quaesivit
2706 998 2962 1050 eximere.
2988 994 3054 1049 Et
3075 1011 3180 1049 non
3205 1005 3327 1064 post
3350 997 3528 1050 multos
3544 999 3641 1059 dies.

2125 1087 2518 1142 adolescentior
2539 1086 2676 1140 filius
2699 1099 2921 1154 peregre
2948 1087 3217 1153 profectus
3237 1092 3319 1139 est
3348 1085 3400 1138 in
3427 1086 3641 1153 regionem

2123 1178 2482 1248 longinquam,
2500 1187 2554 1231 et
2571 1175 3450 1240 ibidissipavitsubstantiamsuam
3469 1176 3644 1230 vivendo

2125 1269 2416 1323 luxoriose.
2449 1269 2630 1337 Longe
2657 1267 2929 1337 profectus
2949 1275 3049 1330 est,
3081 1282 3189 1319 non
3222 1266 3396 1320 locum
3423 1267 3641 1326 mutando.

2123 1358 2220 1413 sed
2250 1359 2488 1412 animum
2541 1375 2554 1410 :
2597 1364 2800 1427 quanto
2829 1357 2972 1409 enim
3009 1357 3235 1424 quisque
3273 1356 3395 1427 plus
3438 1358 3483 1410 in
3523 1372 3645 1424 pravo

2126 1462 2287 1515 opere
2309 1445 2587 1514 delinquit,
2619 1454 2770 1500 tanto
2794 1459 2822 1498 a
2851 1431 2958 1512 [leo
2982 1444 3188 1512 longius
3219 1444 3438 1498 recedit.
3465 1447 3518 1496 Et
3541 1455 3649 1512 post-

2125 1553 2282 1604 quam
2314 1537 2488 1591 omnia
2512 1537 2873 1606 consumpsiss
2895 1545 2948 1598 -t,
2982 1533 3119 1589 facta
3153 1542 3236 1590 est
3265 1535 3429 1590 fames
3451 1537 3588 1591 valida
3611 1539 3646 1589 in

2128 1628 2344 1690 regione
2380 1627 2502 1692 ilia;
2537 1627 2718 1680 omnia
2764 1641 2900 1696 qntc'
2928 1627 3228 1694 dissipavit,
3265 1636 3555 1680 ornamenta
3581 1643 3643 1679 na-

2128 1725 2257 1768 tura:
2303 1730 2420 1783 qua:
2467 1717 2796 1784 consumpsit
2844 1717 3130 1783 significat.
3189 1718 3320 1781 Qum
3368 1725 3645 1778 ornamenta,

2125 1806 2274 1871 quasi
2305 1806 2524 1872 cvponit
2554 1805 2832 1859 Psalmista
2867 1807 2952 1859 ubi
2985 1807 3114 1860 dicit
3146 1824 3157 1856 :
3192 1805 3362 1859 Homo
3387 1823 3491 1860 cum
3515 1809 3556 1859 in
3581 1808 3644 1858 lao-

2123 1910 2248 1946 nore
2274 1904 2423 1953 esset,
2457 1911 2558 1946 non
2585 1894 2858 1958 intellexit,
2885 1889 3213 1962 coinparatus
3242 1905 3319 1946 est
3346 1894 3534 1962 jument
3551 1909 3569 1946 s
3591 1896 3648 1944 in-

2121 1985 2416 2052 sipientibus
2445 1993 2491 2034 et
2521 1984 2702 2036 similis
2733 1985 2897 2054 [actus
2926 1993 2999 2036 est
3028 1984 3132 2036 illis
3160 1983 3178 2052 (
3202 1983 3346 2036 Psal.
3384 1986 3562 2051 sum).
3605 1983 3650 2034 lt't

2121 2075 2228 2143 ipse
2263 2076 2410 2142 coepit
2439 2091 2607 2144 egere,
2633 2084 2682 2127 et
2709 2076 2926 2128 adlta'sit
2964 2077 3054 2127 uni
3093 2077 3279 2128 civium
3311 2075 3518 2144 regionis
3539 2078 3647 2127 illis:

2123 2165 2300 2232 (Joan.
2332 2166 2445 2231 inv)
2475 2183 2486 2223 ;
2534 2180 2671 2218 unus
2720 2165 2915 2219 civium
2962 2165 3196 2233 regionis
3233 2165 3376 2220 illius
3412 2165 3487 2217 cui
3521 2179 3650 2233 egens

2121 2255 2358 2318 adhzesit,
2389 2253 2477 2308 ille
2502 2263 2581 2308 est
2610 2254 2699 2322 qui
2728 2255 2976 2323 princeps
3007 2252 3186 2307 mundi
3220 2267 3250 2306 a
3281 2252 3496 2307 Domino
3518 2268 3643 2306 voca-

2120 2354 2221 2409 tur,
2254 2345 2355 2398 boc
2377 2353 2458 2398 est
2487 2343 2752 2398 diabolus.
2774 2379 2784 2386 »
2807 2342 2871 2396 Ει
2908 2345 3043 2396 misit
3072 2344 3218 2396 illum
3246 2345 3298 2396 in
3325 2341 3493 2398 villam
3514 2358 3646 2404 suam,

2121 2442 2173 2485 ut
2221 2442 2446 2500 pasceret
2481 2448 2697 2498 porcos;
2747 2431 2800 2485 in
2847 2431 3027 2485 villam
3077 2433 3213 2486 mitti
3261 2446 3342 2489 est
3392 2433 3649 2488 substantii-

2121 2522 2403 2576 mundialis
2454 2522 2755 2591 cupiditate
2787 2520 3062 2592 subjugari
3099 2541 3110 2576 :
3143 2540 3340 2594 porcos
3369 2539 3566 2594 pascere
3585 2531 3649 2579 est

2121 2612 2236 2680 ejus
2264 2627 2449 2682 opera,
2484 2613 2534 2666 id
2564 2622 2646 2668 est
2675 2624 2924 2682 peccata,
2958 2616 3173 2683 operari
3198 2657 3213 2681 ,
3246 2616 3438 2685 quibus
3463 2617 3650 2670 immun-

2119 2701 2217 2756 dus
2265 2703 2481 2769 spiritus
2531 2702 2776 2771 gaudeat.
2829 2701 2893 2755 1η
2946 2719 3001 2755 se
3047 2713 3218 2755 autem
3263 2720 3486 2763 reversus
3518 2705 3648 2756 dixit:

2126 2792 2322 2855 Quanti
2347 2794 2648 2845 iitercenar.i
2677 2794 2727 2844 in
2763 2793 2912 2846 domo
2936 2793 3099 2857 patris
3124 2794 3220 2845 mei
3248 2792 3506 2846 abundant
3527 2798 3655 2860 paui-

2121 2882 2231 2948 bus,
2257 2901 2345 2953 ego
2374 2891 2542 2936 autem
2569 2883 2650 2936 hic
2681 2887 2816 2953 [ante
2844 2901 3026 2954 pereo;
3076 2901 3285 2954 surgam
3323 2896 3373 2939 et
3403 2885 3479 2939 ibo
3501 2886 3560 2938 ad
3579 2903 3654 2953 μ-

2124 2983 2247 3025 trem
2263 2990 2424 3026 meum
2437 2984 2482 3025 et
2496 2974 2662 3026 dicam
2674 2977 2715 3024 ei
2731 2991 2746 3022 .'
2764 2973 2942 3036 Pater,
2959 2975 3163 3036 peccari
3185 2978 3236 3026 in
3258 2977 3436 3027 ctrlunt
3452 2984 3496 3027 et
3515 2989 3652 3027 rorat

2124 3072 2190 3122 te,
2207 3062 2316 3131 jam
2336 3077 2438 3114 non
2469 3079 2578 3123 sunt
2608 3064 2790 3130 dignus
2820 3066 2989 3114 vocari
3017 3064 3156 3130 [ilius
3185 3075 3320 3124 tuus,
3355 3070 3438 3133 fac
3463 3081 3533 3120 ire
3553 3064 3655 3118 sint

2123 3168 2278 3205 unum
2306 3169 2370 3206 ex
2408 3154 2733 3206 mercenariis
2758 3155 2877 3207 tuis.
2928 3153 3037 3207 Vox
3073 3155 3172 3208 ista
3211 3171 3314 3210 vox
3343 3163 3510 3210 vestra
3532 3154 3659 3210 debet

2127 3255 2265 3303 esse,
2304 3256 2437 3309 quos
2467 3241 2712 3296 diabolus
2741 3241 2884 3295 misit
2909 3241 2977 3295 ad
3008 3242 3188 3295 villam
3231 3257 3454 3312 pascere
3483 3257 3654 3311 porcos.

2128 3329 2190 3384 Et
2239 3342 2541 3400 propterea,
2581 3341 2864 3400 postquam
2907 3332 3040 3400 lapsi
3085 3331 3258 3387 fuistis
3295 3335 3347 3388 in
3395 3334 3656 3388 barathrum

2127 3425 2430 3493 capitalium
2453 3425 2755 3489 criminum,
2781 3439 2886 3477 non
2911 3423 3085 3477 fuistis
3115 3424 3234 3477 ausi
3260 3427 3494 3493 aspirare
3514 3431 3564 3478 ut
3587 3439 3656 3475 vo-

2127 3517 2382 3570 caremini
2411 3513 2504 3569 lilii
2529 3514 2734 3580 Patris;
2760 3514 2857 3569 sed
2888 3514 3210 3570 mercenarii
3241 3516 3416 3570 locum
3446 3515 3658 3570 hactenus

2127 3609 2408 3677 quaesistis.
2441 3608 2509 3662 At
2545 3608 2588 3662 si
2619 3623 2715 3663 vos
2743 3608 2937 3662 viderit
2965 3606 3126 3663 Pater
3155 3623 3254 3663 cor
3276 3609 3471 3664 habere
3496 3609 3660 3664 contri-

2130 3707 2261 3760 tum,
2290 3708 2338 3751 et
2366 3699 2618 3768 deinceps
2642 3699 2936 3755 dilexeritis
2959 3699 3230 3765 inimicos,
3255 3710 3310 3753 et
3329 3696 3659 3754 benefecu'itis

2129 3787 2434 3843 odicntibus
2460 3804 2578 3853 vos,
2610 3804 2708 3857 pro
2747 3779 3201 3846 calumniantibus
3229 3793 3523 3856 oraveritis,
3547 3790 3663 3847 οιτον

2128 3893 2401 3949 mosynam
2448 3883 2768 3949 pauperibus
2812 3883 3104 3938 secundum
3155 3885 3552 3951 possibilitatem
3593 3897 3660 3935 rc-

2127 3978 2290 4025 stram
2311 3973 2672 4038 porrexeritis,
2697 3985 2895 4040 egenos
2923 3973 2972 4024 in
3001 3973 3250 4028 domibus
3278 3975 3467 4028 vestris
3484 3986 3661 4040 recepe-

2128 4060 2261 4122 ritis,
2298 4060 2454 4112 faciet
2497 4061 2564 4114 de
2613 4060 2763 4116 vobis
2793 4061 2930 4115 sicut
2977 4062 3043 4116 de
3089 4062 3198 4118 lilio
3246 4057 3471 4132 prodigo
3510 4061 3662 4117 fecisse

2128 4149 2516 4215 subsequenter
2559 4149 2772 4215 legitur.
2816 4151 2939 4203 Cum
2971 4161 3140 4205 autem
3169 4151 3338 4204 adhuc
3365 4153 3512 4222 longe
3539 4157 3661 4206 md.

2129 4239 2250 4290 vidit
2276 4237 2419 4290 illum
2466 4247 2611 4307 pater
2631 4243 2760 4310 ejus.
2789 4251 2836 4292 et
2865 4241 3219 4296 misericordia
3239 4250 3408 4296 motus
3426 4250 3516 4316 est,
3539 4250 3662 4294 εισι·

2089 4340 2099 4344 ··
2130 4343 2336 4380 cttrrrus
2367 4327 2540 4380 (είίιΙίι
2566 4345 2718 4397 super
2744 4331 2927 4381 collum
2955 4330 3084 4398 ejus.
3115 4341 3162 4383 εἰ
3186 4333 3444 4384 osculatus
3469 4341 3534 4384 rs!
3555 4344 3662 4383 eu.

2132 4416 2342 4486 Etpost
2368 4433 2534 4487 pauca
2565 4417 2714 4472 fratri
2744 4419 2882 4471 illius
2909 4420 3100 4488 majori
3127 4420 3203 4472 ait
3229 4438 3241 4473 :
3277 4419 3550 4489 Epuluriet
3569 4434 3667 4488 gu-

533 4510 764 4564 Audistis
830 4523 971 4575 saepe
995 4550 1008 4574 ,
1090 4509 1276 4562 fratres
1299 4549 1313 4574 ,
1384 4512 1693 4578 Apostolum
1763 4509 2026 4563 dicentem
2059 4551 2109 4612 υ
2133 4509 2248 4562 (lere
2287 4514 2564 4578 oportebat,
2599 4512 2719 4579 quia
2759 4511 2920 4577 frater
2955 4523 3074 4565 tuus
3106 4521 3339 4565 mortuus
3367 4514 3664 4579 literature-

454 4598 595 4666 quod
628 4596 860 4650 Christus
889 4597 1041 4648 Jesus
1070 4597 1201 4648 venit
1230 4595 1282 4647 in
1307 4596 1438 4648 hunc
1469 4597 1713 4672 mutillum
1739 4609 2030 4664 peccatores

453 4688 620 4742 salvos
647 4690 835 4755 facere,
865 4702 1077 4754 quorum
1103 4689 1296 4754 primus
1326 4703 1414 4755 ego
1438 4703 1549 4739 sum
1574 4685 1623 4756 (1
1651 4686 1780 4740 Tim.
1807 4696 1866 4754 I);
1892 4687 2030 4740 unde

453 4779 794 4848 gaudendum
843 4788 924 4830 est
958 4778 1295 4843 generaliter,
1330 4788 1383 4830 ct
1414 4779 1565 4831 nobis
1607 4790 1657 4831 ct
1692 4779 1858 4831 vobis.
1886 4778 2030 4842 Quo-

453 4873 597 4926 circa
627 4872 790 4924 nolite
835 4871 1145 4938 desperare,
1179 4871 1343 4922 no‘ite
1379 4880 1652 4929 metuere.
1688 4863 1854 4924 nolite
1892 4870 2027 4922 dilli-

455 4964 607 5017 dere.
649 4961 760 5013 Non
792 4962 1013 5028 legimus
1043 4960 1319 5013 Dominum
1352 4961 1699 5016 manducasse
1729 4975 1846 5014 cum
1880 4962 2026 5028 prin-

456 5053 664 5122 civilius
689 5061 740 5104 et
765 5052 1068 5119 potentibus
1091 5051 1296 5112 sa'cttii;
1331 5053 1420 5106 sed
1438 5068 1558 5106 cum
1588 5053 1954 5121 peccatoribus
1975 5062 2029 5105 et

456 5144 773 5212 publicanis;
797 5151 1009 5194 venerat
1031 5143 1167 5193 enim
1183 5158 1406 5205 qnmrere
1428 5155 1475 5197 et
1500 5146 1690 5197 salvum
1710 5145 1878 5210 facere
1897 5147 2028 5215 quod

457 5235 678 5301 perierat
706 5232 852 5300 (Luc.
886 5235 1016 5298 xui).
1050 5233 1110 5283 lit
1140 5251 1248 5297 pro,
1274 5242 1416 5286 terea
1449 5234 1753 5301 parabolam
1795 5234 1861 5286 de
1889 5233 2020 5288 duo-

458 5326 556 5375 bus
580 5321 854 5388 cujusdam
891 5322 1028 5384 Iiliis,
1061 5339 1215 5388 quam
1250 5325 1358 5388 ipse
1399 5325 1668 5392 discipulis
1697 5328 1804 5380 suis
1833 5336 1884 5380 et
1918 5337 2028 5378 tur-

460 5417 539 5470 bis
567 5413 868 5467 Judarorum
899 5414 1164 5467 insinuare
1187 5416 1431 5480 dignatus
1461 5426 1558 5480 est,
1582 5417 1703 5484 quia
1727 5434 1821 5471 Vos
1845 5417 2030 5469 audire

458 5504 729 5572 congruit,
765 5513 820 5555 et
864 5505 926 5556 ad
954 5518 1045 5555 vos
1093 5505 1358 5567 ieztincre
1405 5504 1752 5572 dignoscitur;
1800 5507 2028 5559 breviter

459 5605 621 5664 persti
641 5597 726 5660 ing
751 5610 885 5646 mus.
910 5594 990 5645 llo
1015 5611 1074 5644 ιεο
1100 5597 1302 5661 qnidam
1318 5596 1489 5648 habuit
1510 5597 1635 5647 duo»
1662 5598 1874 5663 ﬁtios,et
1898 5598 2026 5649 dixit

460 5689 830 5741 mlolescentior
857 5704 917 5739 ως
941 5688 1042 5740 ttlis
1073 5690 1206 5750 patri
1253 5705 1268 5738 :
1306 5687 1481 5748 Pater,
1512 5688 1578 5737 da
1601 5689 1722 5739 mihi
1747 5690 2026 5752 portionem

461 5781 756 5832 substantia?
797 5795 907 5847 ηυιυ
937 5794 1015 5831 me
1041 5779 1287 5846 (Ottttngil
1315 5777 1462 5846 (Luc.
1499 5778 1583 5845 xv)
1611 5796 1620 5838 ς
1653 5788 1696 5818 et
1726 5778 1897 5829 dhisit
1929 5778 2026 5832 illis

2136 4604 2276 4666 vixit,
2306 4605 2524 4671 perierat
2552 4614 2597 4654 et
2625 4603 2852 4654 inventus
2873 4613 2964 4656 est.
2998 4600 3056 4655 Si
3083 4617 3213 4670 ergo
3239 4617 3331 4656 vos
3360 4599 3664 4656 ventilatis
3755 4631 3758 4646 ι

2133 4698 2336 4760 puriter
2365 4692 2592 4746 confessi
2623 4694 2751 4747 estis
2778 4703 2830 4746 et
2860 4692 3104 4746 conversi
3133 4691 3202 4746 de
3226 4707 3359 4745 vana
3381 4696 3546 4746 vestr:
3564 4701 3668 4743 utt-

2133 4783 2451 4844 versatione,
2483 4789 2534 4834 et
2563 4791 2800 4835 veterem
2833 4782 3104 4834 hominem
3130 4778 3392 4834 exuesisis
3423 4791 3538 4832 cum
3555 4775 3664 4831 scti-

2131 4874 2229 4927 bus
2255 4874 2364 4926 suis
2391 4891 2404 4937 ;
2449 4888 2680 4942 eumque
2707 4872 2796 4940 qui
2826 4871 3122 4926 secundum
3173 4870 3456 4924 Dominum
3493 4871 3668 4938 creatis

2132 4973 2234 5028 est,
2267 4963 2315 5014 in
2343 4963 2546 5030 justitia
2577 4968 2630 5015 et
2653 4962 2938 5025 sanctitate
2970 4960 3223 5014 inducere
3254 4957 3544 5020 volueritis.
3569 4963 3669 5010 tunc

2135 5068 2230 5106 nos
2256 5052 2459 5121 epulari
2506 5061 2558 5105 et
2589 5051 2822 5120 gaudere
2849 5057 3080 5116 oportet
3108 5047 3179 5103 ob
3212 5047 3430 5103 fratrem
3465 5049 3666 5101 nam

2131 5145 2224 5211 qui
2255 5152 2495 5197 mortuus
2527 5143 2696 5196 fuerat
2726 5149 2778 5193 et
2806 5139 3078 5194 reviviscit
3099 5180 3113 5203 ,
3148 5140 3242 5206 qui
3283 5137 3518 5208 perierat
3539 5131 3670 5198 etil-

2135 5244 2320 5288 vcntus
2347 5242 2446 5288 est.
2483 5232 2668 5285 Videte
2698 5243 2827 5299 ergo
2860 5237 2915 5283 ut
2940 5230 3118 5297 gravia
3152 5229 3418 5290 facinora,
3441 5233 3562 5293 qua
3591 5217 3669 5276 Ill-

2135 5326 2273 5379 lcnte
2301 5324 2510 5377 diabolo
2537 5322 2896 5385 commisiitis,
2915 5337 3036 5375 cum
3066 5321 3355 5388 gemitibus
3373 5307 3668 5384 etsuqﬁiis

2133 5415 2364 5483 quandiu
2392 5412 2652 5479 vixeritis,
2679 5411 2905 5480 lugentis
2931 5430 2946 5464 :
2980 5420 3036 5464 et
3059 5407 3334 5479 quomodo
3355 5421 3466 5462 non
3483 5395 3670 5462 άᾶιπι

2134 5510 2284 5564 vobis
2309 5506 2618 5576 quotidiana
2670 5517 3012 5575 peccatorum
3042 5505 3313 5558 minorum
3343 5489 3674 5564 vulnera.sic

2136 5614 2404 5666 nunquam
2436 5597 2608 5650 desint
2630 5597 3094 5666 eleemorynarum
3126 5601 3181 5645 et
3200 5592 3674 5648 οωιίοειιιιιη-ον
3735 5611 3744 5662 ῃ

2133 5691 2238 5745 dia.
2293 5689 2437 5743 Dicm
2487 5689 2672 5742 mortis
2715 5702 2930 5756 semper
2965 5699 3074 5753 pra!
3116 5681 3287 5738 oculis

2138 5797 2278 5834 mors
2311 5779 2486 5832 venire
2517 5794 2620 5831 non
2647 5775 2842 5842 tardat,
2867 5782 2920 5828 et
2941 5773 3030 5842 qui
3055 5786 3219 5843 usque
3238 5769 3410 5826 hodie
3427 5759 3671 5838 iopas!
