3848 6336
181 429 262 484 εἰ]

180 541 457 618 νωιὶιειιιίίι
485 539 656 594 cilicio
680 534 850 591 induti
879 533 1071 596 fuistis,
1101 531 1301 586 induite
1330 528 1585 596 deinceps
1612 542 1702 618 διι-
1733 530 1778 586 Λ

181 616 459 693 brietatem,
485 625 887 688 abstinentiam,
927 619 1376 690 temperantiam;
1422 624 1477 669 et
1507 630 1627 670 cum
1661 616 1712 668 in

180 733 386 779 vestrum
412 725 496 772 aut
525 717 757 770 alienum
783 714 1088 768 convivium
1114 709 1391 771 veneritis,
1421 705 1597 772 potius
1625 720 1709 758 re-

179 813 349 880 quirite
375 809 510 864 olera
535 816 590 858 ct
625 804 890 874 lcguniina
922 816 1082 870 quam
1120 799 1394 868 epularum
1423 792 1710 863 superﬂua,

179 917 236 956 ne
261 915 347 972 per
371 898 672 953 ebrietatem
704 902 798 946 aut
827 891 1005 960 gulam
1051 889 1292 942 inimicus
1321 896 1495 938 vester
1533 883 1714 936 invisi-

178 971 284 1047 bilis
305 1003 471 1044 verum
501 986 674 1039 locum
704 984 769 1046 iu
787 982 938 1035 vobis
963 980 1159 1034 habere
1183 977 1374 1030 valeat.
1403 974 1466 1027 Et
1489 989 1553 1027 ne
1587 971 1714 1024 liam

179 1083 324 1156 (quod
363 1080 508 1148 absit)
549 1079 825 1130 novissima
857 1083 1038 1128 vestra
1066 1072 1241 1140 pejora
1276 1068 1561 1135 prioribus,
1614 1067 1713 1117 hnc

177 1175 284 1228 ideo
307 1183 677 1240 premonemus
705 1173 763 1220 ut
787 1177 1000 1233 semper
1031 1161 1274 1238 timorem
1298 1167 1350 1211 et
1381 1156 1712 1209 formidinem

180 1260 264 1335 Qui
287 1256 397 1312 a'nte
422 1257 605 1311 oculos
633 1253 896 1307 habeatis.
922 1251 987 1304 Et
1011 1249 1130 1303 talis
1155 1250 1223 1303 sit
1255 1248 1414 1299 timor
1436 1253 1492 1296 ut
1519 1244 1632 1310 des,
1654 1257 1712 1295 c-

179 1350 299 1403 ratio
319 1363 411 1400 non
436 1362 494 1400 se
524 1345 918 1406 intermisceat,
947 1341 1072 1408 quia
1104 1337 1360 1390 Dominus
1390 1345 1605 1404 paratus
1634 1341 1715 1388 est

177 1451 368 1504 semper
387 1435 616 1502 recipere
643 1428 956 1500 peccatores
977 1429 1043 1481 ad
1075 1427 1446 1496 pmnitentiam
1471 1423 1717 1481 converti

177 1525 409 1578 volentes.
441 1521 516 1574 Ad
562 1522 699 1574 hanc
731 1526 907 1572 autem
956 1515 1391 1585 promis-ionem,
1425 1512 1475 1565 id
1513 1521 1616 1572 est,
1649 1526 1716 1564 ne

178 1607 443 1681 despef‘etis
467 1609 531 1663 de
557 1607 838 1662 clementia
870 1605 985 1666 Dei,
1015 1602 1456 1662 confirmandam.
1485 1603 1713 1657 referam

177 1702 313 1756 vobis
342 1703 433 1754 hoc
455 1698 593 1767 quod
623 1697 812 1750 beatus
837 1694 1128 1763 Gregorius
1158 1694 1208 1745 in
1239 1691 1465 1758 quadam
1501 1690 1716 1743 homi'tia

177 1808 259 1848 sua
278 1799 443 1845 narrat
465 1782 540 1844 (ιε
549 1788 798 1857 quodam,
821 1786 911 1854 qui
934 1785 986 1837 in
1017 1782 1346 1836 monasterio
1373 1798 1470 1834 suo
1495 1781 1560 1833 ad
1583 1795 1713 1834 con-

177 1880 498 1933 versationem
522 1855 684 1938 venit,
726 1875 914 1928 dicens
944 1891 956 1923 :
992 1871 1247 1948 Praesenti
1269 1885 1411 1924 anno
1441 1870 1492 1922 in
1524 1883 1709 1921 mona-
1743 1855 1783 1912 Β

177 1968 324 2022 sterio
352 1981 484 2026 meo.
514 1961 652 2032 quod
668 1963 824 2031 juxta
854 1961 1132 2014 beatorum
1165 1966 1461 2026 martyrum
1489 1952 1711 2008 Joannis

175 2070 223 2113 et
247 2057 380 2112 Pauli
398 2054 666 2112 ecclesiam
689 2054 922 2123 positum
944 2059 1029 2106 est
1057 2047 1220 2104 frater
1246 2047 1458 2118 quidam
1487 2045 1554 2099 ad
1585 2060 1710 2099 con-

179 2150 450 2202 versionem
476 2147 634 2211 venit,
683 2153 737 2198 et
766 2143 961 2198 devote
1005 2150 1284 2209 susceptus
1312 2147 1414 2205 est,
1460 2136 1554 2194 sed
1600 2137 1714 2206 ipse

179 2238 401 2291 devotius
426 2242 762 2289 conversatus
805 2240 889 2284 est
916 2230 1151 2298 quidem,
1180 2228 1272 2282 sed
1316 2228 1456 2279 hunc
1495 2225 1561 2278 ad
1594 2240 1711 2278 mo-

177 2327 438 2381 nasterium
460 2325 616 2377 frater
640 2336 769 2375 suus
786 2334 1014 2390 corpore
1045 2333 1148 2372 non
1175 2316 1338 2372 corde
1365 2324 1582 2369 secutus
1606 2321 1707 2367 est.

177 2418 294 2472 Nam
319 2414 460 2470 valde
485 2411 847 2469 conversionis
878 2411 1042 2464 vitam
1064 2417 1118 2462 et
1140 2408 1378 2462 habitum
1399 2406 1711 2466 detestatus,

178 2507 226 2560 in
251 2504 550 2560 monasterio
589 2512 650 2557 ut
697 2503 895 2569 hospes
922 2499 1217 2560 habitabat,
1249 2508 1302 2550 et
1327 2495 1710 2548 monachorum

177 2599 320 2653 vitam
346 2596 537 2664 fugiens
556 2592 814 2656 moribus,
837 2590 1093 2645 recedere
1113 2603 1141 2641 a
1168 2586 1478 2641 monasterii
1504 2584 1712 2637 habita-

178 2688 307 2742 tione
341 2701 436 2738 nan
465 2689 692 2753 poterat,
721 2681 847 2749 quia
871 2679 954 2734 vel
992 2677 1117 2748 quid
1146 2685 1327 2745 ageret
1358 2674 1440 2728 vel
1471 2673 1610 2728 unde
1636 2674 1710 2727 vi-

176 2786 308 2832 veret
321 2791 420 2831 non
433 2775 674 2829 habebat.
699 2770 828 2825 Erat
849 2771 964 2839 ejus
989 2770 1222 2840 pravitas
1243 2765 1447 2822 cunctis
1463 2779 1710 2827 onerosa,

176 2867 260 2923 sed
284 2867 412 2921 banc
435 2878 614 2920 omnes
637 2860 1017 2930 rquanimiter
1039 2874 1138 2926 pro
1167 2857 1345 2910 fratris
1375 2856 1492 2924 ejus
1529 2869 1714 2908 amore

179 2956 464 3013 tolerabant.
491 2953 618 3008 Nam
640 2952 902 3022 superbus
931 2957 984 3002 et
1011 2947 1260 3009 lubricus,
1284 2961 1400 3014 qua:
1426 2945 1570 3012 prius
1589 2955 1710 2996 cum

179 3046 270 3100 hoc
301 3043 536 3100 saeculum
579 3048 915 3111 sequeretur,
945 3036 1072 3091 vitia
1115 3035 1428 3090 nesciebat:
1461 3031 1715 3086 irridebat

177 3150 294 3191 vero
317 3135 360 3190 si
385 3133 500 3203 quis
519 3120 919 3201 reprehendere
955 3126 1229 3181 voluisset.
1261 3123 1442 3190 Itaque
1467 3137 1588 3176 eum
1618 3120 1711 3174 ba-

179 3225 277 3277 bitu
301 3221 524 3276 molari
537 3219 758 3274 vivebat
782 3217 836 3271 in
863 3215 1206 3278 monasterio,
1230 3212 1406 3266 verbis
1428 3211 1576 3275 levis,
1603 3225 1710 3264 mo-

179 3315 308 3368 r.bus
331 3309 596 3375 instabilis,
638 3315 817 3370 mente
847 3305 1078 3368 timidus,
1129 3311 1273 3355 veste
1304 3299 1706 3368 Incompositus,

178 3401 368 3456 actione
394 3399 665 3468 dissipatus
688 3414 704 3449 :
732 3409 916 3450 mense
939 3401 1117 3447 autent
1144 3389 1286 3445 Julio
1310 3404 1480 3458 nuper
1505 3387 1709 3456 elapso,

181 3490 318 3558 hujus
330 3503 480 3558 quam
495 3487 658 3542 nostis
671 3483 986 3556 pestilentia:
1010 3480 1162 3536 clade
1182 3493 1466 3548 percussus
1488 3485 1586 3531 est.
1614 3477 1710 3541 Qui

177 3580 237 3632 ad
259 3587 538 3634 extremum
567 3574 783 3630 veniens
822 3571 998 3639 urgeri
1042 3570 1206 3638 carpit
1235 3578 1296 3622 ut
1321 3569 1554 3623 animam
1587 3568 1707 3622 red-

178 3667 331 3734 deret,
345 3675 403 3720 et
423 3665 714 3732 ultimajam
727 3663 970 3730 corporis
990 3668 1141 3731 parte
1160 3669 1502 3729 pranuortua,
1515 3659 1712 3712 vitiatis

177 3757 400 3819 artubus,
429 3755 534 3810 sola
563 3753 830 3823 peccatori
874 3750 1051 3819 lingua
1098 3756 1452 3803 remanserat.
1498 3747 1712 3801 Fratres

179 3849 400 3911 aderant,
440 3846 649 3914 ejusque
678 3844 902 3902 exitum,
944 3842 997 3894 in
1025 3849 1284 3908 quantum
1316 3839 1423 3893 Deo
1454 3839 1712 3904 largiente

179 3947 424 4004 poterant,
453 3938 687 3991 oratione
703 3935 980 4002 juvabant.
1012 3933 1080 3984 At
1110 3930 1197 3984 ille
1224 3929 1400 3984 subito
1425 3929 1711 3981 draconem

179 4025 344 4079 venire
378 4023 730 4092 conspiciens,
781 4022 986 4089 magnis
1010 4020 1208 4089 quippe
1233 4018 1454 4073 vocibus
1481 4017 1713 4070 (laniare

180 4115 342 4183 «epit,
370 4113 542 4167 dicens
589 4129 602 4164 :
662 4112 799 4164 Ecce
825 4109 1043 4163 draconi
1071 4111 1137 4162 ad
1165 4108 1528 4162 devorandum
1557 4107 1713 4160 datus

179 4217 310 4264 sunt;
341 4213 545 4272 propter
571 4209 801 4255 vestram
830 4199 1165 4268 pnesentiam
1193 4196 1454 4260 devorare
1475 4212 1580 4251 non
1613 4209 1711 4266 po-

184 4299 289 4345 test.
313 4293 436 4358 Quid
457 4292 580 4346 tnihi
607 4304 785 4343 moras
814 4289 1022 4344 facitis?
1051 4289 1174 4342 date
1195 4280 1366 4342 locum
1392 4296 1449 4340 ut
1473 4288 1520 4341 ei
1550 4287 1714 4342 devo-

181 4395 287 4434 rare
313 4395 392 4435 me
416 4381 588 4437 liceat.
611 4378 858 4447 Cumque
903 4379 1009 4441 hic,
1038 4377 1250 4442 fratres,
1275 4385 1332 4431 ut
1357 4364 1562 4444 signum
1591 4392 1714 4432 san-

1737 3179 1784 3241 C

1558 409 1881 466 IIOMILIzE.

3276 407 3379 462 (ἱιέ

1807 537 1919 578 ctus
1951 533 2050 582 est.
2093 522 2182 575 sed
2222 521 2390 572 adhuc
2431 519 2638 587 plenius
2683 519 2800 571 vite
2834 521 3111 576 restitutus
3143 536 3248 577 non
3276 533 3377 577 est.

1817 619 1921 672 Vos
1951 617 2131 676 etiam.
2163 615 2373 678 fratres,
2404 621 2524 681 post
2550 614 2978 665 exhortationem
3000 629 3160 681 quam
3193 613 3380 668 habui-

1812 723 1929 761 mus
1954 707 2020 759 ad
2047 705 2383 773 ptenitentes,
2413 717 2619 755 nierum
2651 702 2909 754 admoneo
2933 710 2990 753 ut
3019 704 3383 774 unusquisque

1811 805 2050 847 nostrum
2083 801 2325 846 recurrat
2352 791 2415 843 ad
2454 792 2790 844 coviseientite
2814 807 2920 844 sua:
2942 801 3170 857 secreta,
3213 803 3267 845 et
3298 796 3380 847 in-

1814 894 2045 952 terroget
2100 883 2447 952 semetipsum
2497 883 2727 948 qualiter
2799 896 2894 949 per
2945 891 3113 934 totum
3162 897 3378 944 annum,

1813 976 2041 1027 maxime
2072 975 2153 1028 his
2182 973 2349 1027 sacris
2376 973 2584 1037 diebus,
2612 983 2958 1026 conversatus
2987 982 3098 1035 cst;
3150 981 3204 1026 et
3231 975 3275 1026 si
3303 973 3382 1026 in-

1812 1061 2016 1115 venerit
2048 1063 2098 1113 in
2141 1061 2302 1114 corde
2341 1075 2440 1114 suo
2479 1059 2662 1126 spinas
2700 1069 2751 1111 et
2793 1062 3013 1115 tribulos
3043 1061 3381 1128 delictorum,

1812 1150 2028 1203 studeat
2055 1149 2345 1202 auxiliante
2392 1149 2502 1201 Deo
2527 1151 2845 1216 quantocius
2877 1149 3125 1213 evellere,
3150 1160 3205 1205 et
3231 1153 3376 1206 evel-

1815 1241 1972 1294 lendo
2001 1240 2302 1300 eradicare;
2341 1239 2525 1306 hisque
2555 1239 2716 1290 eradi.
2738 1252 2837 1290 :tlts
2870 1240 3032 1292 fodiat
3059 1257 3272 1294 vomere
3297 1258 3384 1297 sa-

1815 1334 1991 1394 lutari,
2025 1346 2086 1385 ac
2111 1341 2372 1392 stercora,
2415 1332 2464 1384 id
2512 1343 2592 1385 est
2633 1333 2770 1384 bona
2823 1348 3002 1398 opera,
3047 1335 3298 1386 immittat
3330 1345 3385 1387 ut

1816 1423 1979 1491 possit
2010 1422 2184 1475 fact-re
2213 1421 2438 1474 fructum
2480 1438 2490 1473 :
2542 1432 2616 1484 et,
2647 1424 2691 1474 si
2724 1423 2803 1474 vel
2835 1422 2992 1475 hodie
3019 1426 3219 1490 pariter
3248 1441 3380 1477 cou-

1815 1512 1987 1563 fessus
2015 1525 2077 1563 ac
2102 1507 2294 1562 devote
2336 1524 2628 1561 conversus
2675 1510 2852 1572 fuerit,
2889 1519 2945 1560 nt
2985 1511 3160 1563 νηιοέιι
3199 1512 3385 1576 dignus

1816 1597 2074 1651 interesse
2113 1597 2438 1650 solemnitati
2467 1599 2740 1666 prtcsentis
2764 1599 2888 1658 dici,
2914 1613 3050 1667 quze,
3083 1603 3204 1666 quia
3233 1600 3281 1652 in
3320 1615 3384 1653 eo

1818 1688 2071 1742 Dominus
2099 1701 2219 1739 cum
2249 1701 2352 1754 apo
2387 1689 2507 1739 tolis
2536 1685 2644 1737 suis
2670 1687 2920 1750 coenavit,
2949 1686 3114 1741 Ctena
3141 1701 3380 1752 vocatur,

1816 1780 1993 1833 videat
2038 1776 2380 1847 sumuiopere
2430 1785 2486 1830 ut
2530 1784 2863 1830 sacramenta
2895 1779 3136 1844 corporis
3166 1788 3216 1829 ct
3264 1794 3387 1833 san-

1811 1872 1985 1939 guinis
2015 1870 2220 1923 Domini
2251 1870 2408 1937 digne
2435 1870 2673 1935 recipere
2703 1875 2886 1935 queat,
2918 1878 3180 1936 quatenus
3211 1881 3384 1936 potius

1811 1959 2034 2012 salutem
2101 1972 2260 2024 quam
2314 1958 2710 2009 damnationem
2759 1958 2858 2010 sibi
2909 1960 3172 2025 acquirat.
3226 1959 3386 2012 Lavet

1812 2047 1957 2116 prius
1984 2047 2232 2116 lacrymis
2261 2046 2418 2116 pedes
2450 2047 2647 2108 corda,
2683 2055 2731 2096 et
2767 2054 2951 2112 postea
2983 2048 3149 2116 pedes
3179 2064 3383 2117 paupe-

1812 2139 1902 2202 ris,
1920 2137 2040 2208 quia
2064 2145 2402 2206 peceatorqu
2425 2136 2528 2187 vita
2550 2136 2657 2198 jam
2684 2136 2895 2196 indigna
2915 2152 3032 2188 esse
3058 2153 3162 2188 non
3187 2148 3379 2205 potest,

1811 2242 1928 2296 quin
1957 2225 2167 2281 fletibus
2193 2228 2401 2280 lavatur
2437 2244 2448 2278 :
2479 2225 2636 2278 faciat
2663 2226 3056 2294 eleemosynam
3083 2229 3374 2280 secundum

1811 2330 1971 2384 posse
2013 2330 2186 2381 suum,
2237 2315 2494 2382 scriptum
2539 2325 2622 2366 εει
2671 2315 2811 2367 enim
2853 2332 2862 2365 :
2919 2315 3094 2385 Ignem
3125 2318 3385 2369 ιιι-ιιεηιεικ

1811 2405 2082 2475 exstinguit
2111 2405 2265 2473 aqua,
2296 2414 2343 2456 et
2372 2404 2691 2472 eleemosyna
2721 2407 2909 2457 resistit
2938 2412 3155 2474 peccatis
3182 2406 3375 2479 (Eccle.

1813 2495 1987 2559 xxix).
2039 2491 2174 2547 llinc
2203 2494 2394 2547 iterum
2435 2493 2632 2546 dicitur
2665 2511 2676 2545 :
2727 2494 2985 2549 Concfnde
3011 2500 3382 2569 elemtosynam

1812 2586 1862 2635 in
1893 2584 2013 2635 sirm
2039 2584 2297 2651 pauperis,
2346 2591 2394 2635 et
2439 2583 2545 2636 1ιαί)
2573 2599 2662 2650 μνο
2694 2591 2740 2636 te
2779 2585 3005 2636 exorabit
3029 2585 3237 2653 (ΗΜΛ).
3270 2589 3383 2642 Non

1811 2683 1939 2736 ergo
1968 2670 2354 2722 abhorreamus
2380 2670 2706 2737 pmnitentes
2727 2671 2856 2724 istos
2879 2681 3097 2740 propter
3125 2679 3386 2742 magnitu-

1811 2761 1989 2815 dinem
2018 2763 2284 2815 scelerum
2312 2776 2552 2825 suorum,
2576 2763 2698 2829 quia
2723 2773 2898 2830 potest
2932 2767 3042 2818 Ιὶιτί
3073 2767 3212 2834 quod
3234 2766 3383 2820 mulli

1809 2852 1920 2906 sint
1950 2851 2088 2906 inter
2115 2868 2212 2907 nos
2248 2851 2336 2920 qui
2371 2852 2552 2920 pejora
2599 2855 2994 2919 connnist-rint;
3049 2866 3104 2910 et
3139 2858 3383 2924 quamvis

1811 2939 1864 2992 in
1893 2939 2159 3008 ejusmodi
2190 2941 2422 2994 facinora
2450 2940 2640 3009 dilapsi
2665 2942 2789 3006 sint,
2825 2942 2875 2994 hi
2903 2944 3035 2996 tales
3061 2946 3304 3012 quamvis
3326 2960 3382 3001 se

1810 3048 1930 3089 esse
1958 3034 2292 3098 existimant,
2325 3034 2444 3087 illos
2470 3043 2644 3086 tamen
2671 3034 2933 3088 fe'iciores
2956 3035 3133 3089 dicere
3159 3051 3266 3091 non
3290 3037 3382 3092 du-

1812 3128 2041 3182 bitamus
2078 3127 2168 3195 qui
2199 3127 2250 3179 in
2288 3126 2482 3179 smenlo
2514 3125 2612 3177 τικο
2637 3127 2796 3179 nnino
2830 3127 3163 3194 Ilagellantur
3191 3143 3207 3183 :
3243 3129 3382 3195 Quos

1811 3217 1945 3271 enim
1966 3224 2124 3280 amnt,
2155 3218 2324 3281 arguit
2348 3225 2392 3266 et
2409 3218 2762 3284 castigmﬂag
2794 3217 2980 3283 fiatque
2999 3234 3196 3271 omum:
3218 3220 3382 3286 ﬁlium

1811 3324 1957 3377 quem
1984 3308 2162 3375 recipit
2197 3305 2382 3374 (ΙΝ-ν.
2414 3309 2529 3372 xu).
2576 3306 2679 3359 Sed
2707 3319 2960 3374 quan'utn
3003 3309 3071 3362 de
3105 3310 3218 3363 istis
3258 3324 3383 3378 gan-

1811 3396 2062 3459 dendum,
2097 3403 2301 3449 tantum
2332 3395 2398 3448 de
2422 3396 2524 3448 illis
2549 3396 2834 3461 lugendum
2860 3397 2947 3464 qui
2974 3412 3146 3464 neque
3170 3399 3236 3452 ad
3258 3413 3386 3452 con-

1813 3485 2009 3539 titenda
2051 3493 2307 3554 peccata,
2360 3500 2533 3551 neque
2576 3489 2641 3536 al
2691 3486 3076 3552 plenitudinem
3128 3489 3385 3553 agendam

1811 3575 2051 3631 converti
2076 3575 2383 3644 dignantur,
2411 3583 2465 3628 et
2495 3575 2712 3627 minime
2743 3577 2811 3628 ob
2841 3575 2942 3629 hoc
2970 3590 2998 3627 a
3029 3575 3255 3630 Domino
3286 3574 3384 3629 lla-

1810 3668 2092 3736 grllantttr.
2129 3665 2512 3728 “CSEI‘VDIHUI‘,
2560 3666 2692 3734 proli
2724 3664 2906 3720 dolor!
2960 3666 3024 3719 ad
3066 3665 3385 3735 supplicium

1814 3755 2066 3810 futurum.
2108 3755 2182 3809 De
2211 3756 2400 3824 quibus
2445 3754 2720 3808 Psalmista
2755 3774 2764 3806 :
2798 3753 2862 3807 In
2908 3755 3080 3808 labore
3120 3758 3380 3810 hominum

1812 3863 1912 3900 non
1941 3855 2059 3899 sunt
2095 3855 2142 3898 et
2173 3861 2284 3897 cum
2327 3846 2613 3898 hominibus
2664 3860 2766 3896 non
2807 3845 3229 3912 ﬂtrgcl.‘abunmr,
3273 3845 3388 3899 ideo

1812 3940 1972 3994 tenuit
2017 3955 2103 3992 eos
2145 3939 2384 4008 superbia
2430 3937 2598 4002 (Pani.
2646 3937 2832 4000 Lxxn).
2885 3937 2982 4001 Qui
3023 3950 3151 4004 ergo
3182 3937 3234 3989 in
3288 3937 3388 3990 hac

1813 4028 2257 4097 quadragesimali
2304 4027 2507 4080 dierum
2551 4028 2924 4080 observatione
2970 4027 3214 4081 dedimus
3241 4027 3386 4081 deci-

1814 4133 1928 4172 mas
1955 4118 2347 4186 possessionum
2387 4126 2710 4182 nostrarum,
2742 4115 3020 4170 debuimus
3050 4117 3177 4169 dare
3207 4125 3261 4169 et
3288 4117 3386 4168 de-

1812 4204 1978 4260 cimas
2004 4218 2287 4272 corporum
2327 4211 2630 4256 nostrorum
2677 4221 2690 4255 :
2738 4219 2860 4256 nam
2890 4205 3028 4258 sicut
3069 4205 3264 4257 multos
3294 4219 3388 4257 ve-

1813 4305 1983 4350 strum
2012 4296 2149 4349 scire
2174 4309 2280 4348 non
2314 4293 2631 4360 ambigimus
2652 4335 2666 4356 ,
2693 4303 2745 4346 ct
2770 4293 2906 4347 sicut
2933 4308 2962 4345 a
2996 4292 3242 4346 Patrilius
3271 4301 3383 4348 tra-

1813 4387 1979 4441 ditum
2007 4396 2106 4448 est,
2158 4387 2209 4440 hi
2262 4387 2375 4439 dies
2406 4385 2622 4439 decima-
2652 4393 2776 4437 sunt
2826 4386 2986 4437 totius
3017 4385 3162 4437 anni.
3205 4384 3388 4439 Annus

183 4478 271 4524 τίει
288 4470 446 4525 crucis
470 4470 813 4551 imprimeret,
837 4467 1201 4532 admonerent,
1231 4467 1711 4536 respondebat-vir-

1815 4478 2011 4546 qnippe
2041 4481 2090 4530 in
2138 4487 2405 4532 trecentos
2456 4478 2729 4543 sexaginta
2762 4490 2852 4529 sex
2897 4475 3010 4528 dies
3041 4476 3289 4540 volvitur,
3319 4476 3387 4530 de

185 4567 284 4612 tute
309 4575 404 4627 qua
428 4569 650 4629 poterat,
695 4560 910 4613 dicens:
950 4557 1081 4611 Volo
1111 4572 1196 4611 me
1223 4559 1454 4626 signare,
1484 4555 1576 4612 sed
1608 4570 1712 4609 non

185 4667 398 4720 possum.
443 4655 558 4724 quia
585 4654 819 4708 dracone
848 4668 1065 4724 premor
1091 4677 1100 4706 ;
1135 4667 1321 4721 spuma
1349 4655 1458 4708 oris
1485 4654 1602 4722 ejus
1635 4654 1713 4706 fa-

185 4745 305 4798 ciem
332 4758 491 4798 meam
515 4743 703 4807 linivit,
733 4752 914 4812 guttur
933 4758 1108 4798 meum
1137 4757 1232 4796 ore
1259 4741 1378 4810 ejus
1404 4742 1714 4810 suffocatur,

185 4843 298 4884 ecce
321 4830 384 4883 ab
409 4846 469 4885 eo
495 4829 715 4886 brachia
745 4843 859 4884 mea
899 4832 1342 4900 comprimuntur,
1372 4831 1494 4898 quia
1521 4831 1632 4899 jam
1663 4843 1716 4884 et

189 4928 333 4988 caput
373 4936 536 4976 meum
569 4923 623 4977 in
650 4936 750 4976 suo
775 4935 868 4975 ore
896 4921 1184 4976 absorbuit.
1231 4919 1471 4989 Cumque
1503 4921 1603 4974 hoc
1632 4921 1717 4974 ille

187 5007 388 5076 pallens,
405 5019 628 5067 tremens
651 5021 706 5066 et
733 5011 964 5065 moriens
983 5011 1201 5076 diceret,
1233 5019 1510 5079 coeperunt
1531 5009 1718 5063 fratres

190 5097 520 5154 vehementius
561 5101 894 5157 orationibus
921 5099 1165 5154 insistere
1194 5106 1247 5154 et
1273 5101 1338 5154 ab
1368 5099 1718 5170 oppressione

187 5182 409 5241 draconis
435 5190 705 5256 prtescntis
732 5190 842 5244 suis
870 5187 1113 5260 precibus
1143 5187 1430 5254 adjuvare;
1481 5205 1602 5242 cum
1636 5203 1719 5242 re—

189 5286 333 5344 pente
367 5279 610 5335 liberatus
655 5281 819 5349 cmpit
863 5278 1330 5347 magnis.vocibus
1374 5278 1609 5333 clamare
1635 5280 1716 5332 di-

189 5377 303 5418 cens
346 5385 358 5418 :
405 5369 510 5424 Deo
535 5369 756 5439 gratias,
786 5383 912 5424 ecce
939 5369 1212 5434 discessit;
1263 5382 1389 5424 ecce
1415 5368 1562 5431 exiit,
1596 5376 1720 5420 ante

191 5452 435 5510 orationes
457 5468 654 5513 vestras
690 5456 818 5525 fugit
846 5444 1009 5510 draco
1039 5458 1127 5524 qui
1152 5472 1236 5511 me
1265 5465 1564 5526 acceperat.
1597 5455 1718 5509 Mox

191 5551 350 5610 autem
391 5559 687 5603 secuturum
716 5565 774 5603 se
819 5545 1127 5614 Dominum,
1151 5557 1208 5601 et
1235 5564 1353 5604 esse
1401 5549 1717 5604 monachum

191 5633 408 5698 devovit;
433 5646 590 5706 atque
617 5656 647 5693 a
681 5648 920 5708 tempore
952 5638 1079 5703 illo,
1097 5653 1235 5692 nunc
1263 5637 1494 5696 febribus
1519 5639 1716 5710 premi-

193 5732 285 5791 tur,
314 5743 442 5783 nnne
468 5727 740 5782 doloribus
766 5728 1030 5798 fatigatur.
1079 5727 1233 5784 Morti
1261 5729 1473 5798 quidem
1511 5731 1717 5786 subtra-

1819 4566 2238 4634 qnadragenario
2256 4579 2382 4632 ergo
2403 4579 2626 4618 numero
2655 4564 2781 4617 tolle
2801 4578 2893 4618 sex
2927 4564 3226 4617 Dominicos
3250 4563 3383 4628 dies,

1818 4663 2096 4710 remanent
2124 4655 2338 4722 triginta
2367 4669 2482 4708 sex.
2535 4654 2591 4706 In
2622 4653 2938 4707 absnnentia
2973 4654 3021 4704 in
3056 4652 3169 4705 istis
3199 4652 3387 4706 diebus

1818 4745 2200 4815 prtcveniamus
2231 4744 2416 4798 faciem
2450 4745 2538 4796 Dei
2560 4745 2609 4796 in
2635 4741 2788 4795 eonfe
2819 4741 2968 4795 sione
2996 4750 3051 4795 et
3082 4742 3132 4795 in
3163 4743 3386 4810 psalmis

1813 4836 2100 4903 jnbilemus
2127 4835 2196 4887 ei.
2221 4834 2626 4887 Considercmus
2655 4846 2811 4899 quam
2846 4831 3097 4886 terribilis
3117 4831 3280 4899 judex
3318 4830 3383 4882 ad

1812 4924 2152 4992 judicanduni
2198 4922 2377 4976 veniat
2419 4941 2429 4973 :
2475 4935 2640 4990 prope
2685 4928 2766 4973 est
2813 4921 2953 4973 enim
2987 4929 3192 4988 tempus
3231 4918 3382 4982 illud,

1817 5015 2081 5067 clamante
2109 5009 2211 5063 hoc
2239 5011 2444 5064 Joanne
2475 5009 2718 5077 apOstolo
2751 5026 2764 5060 :
2799 5008 3112 5074 Charissimi,
3138 5024 3270 5060 nunc
3291 5024 3383 5062 no-

1817 5103 2021 5153 tissima
2050 5099 2175 5152 liora
2205 5108 2280 5152 est
2313 5097 2364 5168 (1
2394 5097 2549 5152 Joan.
2580 5100 2659 5164 ιι).
2692 5099 3102 5153 Considercnius
3123 5097 3381 5166 judicium

1819 5191 1851 5242 il
1880 5191 1943 5242 ιιι]
1969 5204 2128 5256 quam
2170 5190 2492 5250 districtum,
2519 5205 2676 5258 quam
2707 5206 2971 5252 sei-erum,
3021 5205 3287 5258 quamque
3316 5190 3385 5243 sit

1821 5278 2192 5341 metuendum;
2227 5281 2278 5331 in
2305 5294 2409 5346 quo
2438 5295 2540 5332 non
2573 5280 2740 5330 Solum
2766 5279 2933 5331 sancti
2962 5278 3078 5342 Dei,
3100 5279 3192 5331 sed
3220 5286 3272 5332 et
3294 5291 3385 5329 an-

1819 5371 1920 5437 geli
1947 5369 2470 5437 formidahuntjuxta
2503 5369 2626 5420 illud
2651 5368 2790 5420 beati
2813 5366 2911 5421 Job
2943 5385 2958 5419 :
2989 5368 3251 5418 Columna:
3270 5365 3380 5418 cwli

1821 5460 2238 5516 contremiscunt
2265 5470 2320 5514 et
2349 5469 2540 5529 pavent
2569 5459 2633 5511 ad
2668 5468 2851 5528 nutum
2880 5462 2995 5528 ejus
3026 5458 3162 5526 (Job.
3191 5458 3335 5526 xxvr)
3365 5475 3378 5522 ;

1821 5560 1875 5606 et
1907 5550 2158 5605 Dominus
2186 5551 2235 5603 in
2268 5549 2555 5617 Evangelio
2584 5567 2595 5600 :
2626 5549 2762 5602 Nam
2788 5553 2987 5602 rirmtcs
3015 5546 3251 5600 ca‘lorum
3274 5563 3382 5599 mo-

1820 5642 2064 5694 vebuntur
2093 5637 2238 5707 (an.
2273 5638 2381 5705 xxi)
2429 5655 2440 5690 :
2497 5641 2864 5700 movebuntur,
2897 5637 2946 5690 id
2977 5644 3078 5700 est,
3123 5633 3384 5688 timebunt

1822 5737 1876 5784 et
1906 5735 2274 5798 expavescent.
2306 5726 2456 5791 Qnrd
2489 5740 2542 5780 et
2573 5728 2668 5780 sub
2701 5729 2802 5780 alio
2830 5741 2985 5780 sensu
3017 5733 3194 5794 potest
3223 5724 3379 5778 intel-
