3886 6226
444 399 549 455 64⁸5

1569 393 1627 447 S.
1671 390 1868 447 ELlGll
1907 391 2176 449 NOVIOM.
2221 392 2430 449 EPISC.

3547 390 3665 445 6ιὸ

433 476 546 575 ligi,
578 502 945 565 movebuntur,
979 501 1028 555 id
1058 509 1158 565 est,
1189 499 1254 554 ad
1279 498 1567 553 vindictam
1592 499 1981 563 excitabuntur,
2013 509 2059 567 Α
2087 501 2238 556 nobis
2264 509 2372 556 tres
2412 515 2596 570 panes,
2640 501 2742 555 hoc
2787 507 2866 554 cst
2896 499 3110 555 infunde
3138 500 3388 556 cordibus
3428 501 3658 566 nostris,

436 593 558 662 quia
582 587 833 658 judicium
883 589 1006 643 illud
1051 603 1145 657 per
1170 587 1386 654 angelos
1416 586 1665 639 Dominus
1699 586 1988 649 exercebit,

437 695 484 737 et
512 693 630 736 tunc
651 682 884 735 videbunt
925 680 971 732 F
977 680 1363 734 ilin1-nhomt'nis
1393 681 1659 731 venientem
1700 694 1812 729 cum
1853 688 1989 743 pote-

435 777 771 842 state’magna
808 784 856 824 et
908 774 1166 840 majestate
1205 768 1414 836 (Matth.
1465 770 1610 834 xxv).
1657 767 1991 820 Postulemus

436 877 562 927 ergo
598 860 810 929 singuli,
844 858 1175 926 postulemus
1202 872 1407 919 omnes,
1452 863 1506 906 ut
1543 871 1646 906 non
1696 863 1817 905 tunc
1848 852 1990 904 inve-

435 952 545 1004 niat
575 951 624 1003 in
657 928 809 1002 nobis
837 948 976 1014 quod
1007 949 1237 1008 damnet,
1287 945 1378 998 sed
1422 945 1597 1011 potius
1643 943 1781 1010 quod
1814 957 1988 995 remu-

436 1046 585 1092 neret
629 1035 780 1090 Jesus
808 1036 1062 1098 thristus,
1099 1034 1347 1086 Dominus
1396 1040 1595 1093 noster,
1639 1031 1727 1098 qui
1767 1031 1894 1083 vivit
1937 1037 1992 1082 et

433 1134 619 1194 regnat
642 1141 759 1179 cum
792 1127 899 1178 Deo
935 1123 1090 1178 Patre
1133 1131 1187 1175 et
1216 1121 1414 1189 Spiritu
1455 1130 1640 1174 sancto
1669 1136 1760 1189 per
1786 1119 1988 1173 inﬁnita

433 1213 744 1268 szeculorutn
770 1211 982 1264 szncula.
1015 1209 1201 1262 Amen.

987 1296 1264 1349 IlUMlLIA
1303 1295 1462 1350 XIV.-

505 1389 820 1448 Debitorem,
837 1387 1043 1446 fratres,
1059 1400 1143 1438 me
1155 1400 1270 1438 esse
1284 1383 1451 1437 fateor
1464 1398 1558 1450 pro
1571 1381 1810 1449 obsequii
1827 1381 1986 1435 vestri

437 1480 743 1541 ministerio,
778 1487 834 1530 ιιι
861 1492 982 1531 cum
1006 1475 1359 1543 prmveniente
1383 1491 1478 1528 nos
1500 1484 1550 1527 et
1578 1474 1867 1527 comitante
1896 1473 1986 1525 Dei

376 1563 378 1565 ’
433 1569 617 1634 gratia:
637 1567 796 1628 dono,
827 1575 880 1618 et
905 1562 1321 1630 suggerenteori
1343 1573 1522 1615 nostro
1546 1561 1760 1624 fercula,
1791 1561 1868 1612 sic
1890 1574 1985 1613 ve-

431 1655 557 1709 stris
599 1653 810 1704 auribus
860 1649 1242 1703 exhortationis
1298 1657 1489 1701 nostr.e
1535 1650 1741 1700 insonet
1788 1661 1981 1711 sermo,

433 1742 670 1809 quamvis
698 1741 784 1793 ilio
830 1741 1017 1793 Vestris
1057 1739 1330 1805 animabus
1367 1738 1610 1790 salutaris
1639 1745 1852 1804 paretur
1881 1737 1982 1789 cibi

435 1829 673 1883 refectio.
697 1830 800 1883 Sed
825 1828 948 1895 quid
969 1828 1154 1894 agam?
1179 1842 1285 1894 quo
1309 1842 1392 1879 me
1417 1828 1654 1878 vertam?
1686 1826 1820 1878 unde
1843 1842 1987 1878 men-

435 1926 514 1970 tes
543 1925 740 1970 vestras
771 1913 1036 1966 reﬁciam?
1066 1913 1162 1991 Qui
1195 1921 1500 1981 paupertate
1521 1925 1574 1966 et
1598 1912 1842 1966 tarditate
1862 1914 1973 1966 elo-

435 2005 541 2072 quii
569 2011 902 2070 coangustor,
940 2002 1028 2070 qui
1057 2004 1107 2053 in
1137 2011 1270 2053 terra
1300 2002 1515 2065 deserta,
1557 2009 1604 2052 et
1633 2002 1787 2062 invia,
1818 2012 1864 2052 et
1895 2003 1975 2054 in-

435 2105 624 2157 aquosa
638 2104 918 2142 conversor
943 2088 1113 2154 (Psal.
1137 2091 1285 2156 Lxu),
1309 2089 1397 2155 qui
1425 2089 1648 2155 caligine
1668 2089 1975 2156 ignorantiae

439 2177 831 2230 etdiversarum
855 2177 1524 2231 tenebriscontrarietatmn
1539 2177 1694 2238 veluti
1722 2177 1975 2243 profunda

439 2279 596 2320 nocte
615 2267 1022 2320 circuml'undor.
1051 2266 1193 2318 Unde
1213 2264 1532 2318 sufﬁcientes
1557 2275 1636 2318 tot
1652 2265 1899 2320 fratribus
1925 2273 1978 2318 et

436 2360 617 2414 amicis
634 2361 812 2428 copias
828 2361 1075 2427 erOgaho,
1090 2361 1176 2426 qui
1195 2375 1350 2411 unum
1368 2359 1554 2412 saltem
1572 2359 1877 2419 amicunuid
1897 2367 1978 2413 cst

435 2451 666 2503 animum
698 2466 890 2514 meum,
920 2451 1006 2516 qui
1032 2465 1123 2517 per
1149 2450 1250 2501 lata
1280 2448 1434 2514 hujus
1453 2449 1631 2503 sznculi
1658 2444 1904 2514 evagatus
1927 2455 1978 2501 et

436 2552 621 2606 magna
651 2538 944 2596 defectione
982 2537 1206 2600 laxatus,
1241 2539 1445 2590 tandem
1472 2538 1534 2589 ad
1566 2551 1649 2590 me
1676 2539 1975 2602 revertitur,

436 2641 555 2679 cum
584 2642 688 2678 non
714 2627 933 2678 habeam
957 2627 1094 2679 unde
1119 2642 1214 2677 vos
1243 2634 1538 2679 sustentare
1564 2626 1785 2687 valeam,
1806 2642 1872 2680 ex
1895 2643 1979 2681 me

434 2718 672 2785 reperire
714 2732 936 2786 nequeo.
978 2718 1081 2770 Sed
1130 2719 1264 2770 inter
1305 2718 1397 2772 has
1427 2719 1656 2785 pectoris
1692 2720 1977 2783 angustias,

435 2803 630 2877 fratres
650 2805 748 2869 ntei
768 2844 781 2867 ,
802 2812 880 2857 est
905 2804 1052 2856 vobis
1080 2804 1413 2857 lottissimum
1442 2811 1600 2869 atque
1630 2802 1980 2856 ﬁrmissimum

435 2893 566 2946 certi
615 2893 799 2958 refugii
848 2892 1090 2946 solatium
1147 2892 1270 2944 illud
1321 2892 1546 2946 Davidici
1595 2891 1717 2947 dicti
1759 2892 1982 2951 et.facti

434 2980 736 3048 exemplum
762 2999 772 3031 :
806 2980 881 3030 Ad
913 2979 1198 3042 Dominum,
1229 2980 1414 3046 inquit,
1444 2995 1552 3030 cum
1583 2980 1852 3031 tribu/orer
1881 2980 1983 3033 cla-

434 3070 580 3130 suavi,
604 3078 650 3120 et
678 3068 929 3122 exaudivit
959 3084 1034 3118 me
1089 3067 1254 3135 (Psal.
1292 3068 1494 3134 crux);
1524 3069 1770 3134 itemque,
1801 3066 1865 3119 In
1895 3070 1982 3121 tri-

2094 588 2268 655 ﬁdem,
2292 604 2438 657 spem
2462 598 2516 643 et
2535 590 2866 657 charitatcm,
2891 588 3246 659 cognitionem
3268 591 3471 646 scilicet
3489 599 3666 658 atque

2090 693 2320 734 amorem
2369 686 2562 732 sancta:
2609 679 2900 743 Trinitatis,
2953 693 3019 732 ne
3044 678 3328 732 miserabili
3365 693 3662 748 pereamus

2093 765 2244 829 fame,
2278 776 2481 820 remoto
2511 767 2744 820 subsidio
2771 767 3032 820 alimonia:
3054 767 3324 840 spiritalis.
3357 768 3411 820 Si
3443 781 3570 835 ergo
3597 770 3660 820 in

2090 855 2170 907 his
2209 855 2451 921 precibus
2480 855 2736 908 instanter
2772 863 3170 922 perseverantes
3214 854 3488 920 fuerimus,
3518 870 3658 923 pro-

2088 942 2174 995 cul
2201 943 2361 994 dubio
2389 941 2646 1009 postulata
2678 942 3015 1009 accipiemus,
3056 943 3180 1010 quia
3205 942 3257 996 in
3289 945 3501 996 nomine
3531 950 3662 1009 eius

2089 1030 2354 1097 poscimus
2383 1030 2471 1096 qui
2501 1029 2669 1083 ﬁdelis
2695 1037 2776 1083 est
2803 1044 2857 1083 et
2894 1045 2999 1082 non
3029 1031 3303 1094 mentitur,
3332 1031 3513 1084 dicens
3538 1046 3554 1084 :
3588 1032 3658 1086 Si

2087 1119 2205 1184 quid
2252 1120 2495 1186 petieritis
2547 1117 2749 1171 Patrem
2797 1121 2848 1172 in
2900 1121 3104 1172 nomine
3150 1135 3278 1184 meo,
3324 1119 3465 1172 dabit
3513 1119 3663 1174 robis

2088 1206 2264 1273 (Joan.
2297 1207 2406 1271 xv).
2439 1205 2528 1258 Dei
2560 1206 2717 1272 igitur
2743 1206 3036 1273 largissitna
3064 1205 3302 1260 bonitate
3339 1205 3527 1261 confisi
3557 1207 3659 1274 qui

2085 1285 2274 1360 potens
2304 1301 2384 1346 est
2412 1306 2620 1344 omnem
2644 1295 2863 1357 gratiam
2887 1293 3058 1346 facere
3086 1292 3136 1346 in
3157 1293 3308 1346 nobis
3330 1303 3383 1347 et
3413 1295 3465 1347 in
3496 1294 3665 1348 vobis

2073 1379 2360 1432 abundare
2412 1386 2465 1430 et
2518 1379 2645 1432 dare
2699 1381 3191 1447 superabundanter
3231 1380 3484 1450 (II-Car.
3549 1395 3658 1448 txji,

2084 1481 2240 1534 quam
2286 1467 2510 1534 petimus
2541 1476 2632 1519 aut
2660 1468 3021 1536 intelligimus,
3069 1484 3129 1522 os
3159 1470 3334 1525 cordis
3361 1472 3425 1522 ad
3469 1470 3663 1524 Domi-

2085 1569 2208 1607 num
2236 1555 2553 1621 aperiamus,
2586 1564 2642 1608 ut
2667 1552 2781 1623 egus'
2807 1557 2990 1623 gratiae
3007 1557 3247 1624 spiritum
3269 1557 3610 1610 attrahamus
3639 1574 3656 1619 ;

2084 1659 2146 1698 os
2172 1645 2414 1714 corpOris
2438 1645 2588 1698 Vobis
2616 1661 2934 1712 reseramus,
2982 1656 3038 1700 ut
3077 1649 3127 1701 in
3173 1649 3385 1702 nomine
3433 1648 3659 1702 Domini

2084 1734 2359 1800 loquamur
2385 1733 2637 1801 quidquid
2661 1728 2896 1800 ejusdem
2923 1734 3138 1802 spiritus
3159 1749 3377 1787 munere
3405 1736 3662 1803 percepi-

2023 1829 2061 1886 Β
2090 1839 2225 1887 mus,
2258 1823 2396 1876 illius
2440 1824 2745 1892 apostolica:
2772 1824 3052 1878 sententiae
3097 1839 3356 1876 memores
3388 1825 3437 1877 in
3467 1825 3658 1878 omni-

2080 1914 2173 1965 bus
2203 1931 2212 1963 :
2249 1910 2430 1964 Omnia
2457 1921 2775 1982 qurecnmque’
2804 1913 2993 1978 facitis,
3020 1914 3070 1964 in
3103 1914 3247 1964 verba
3277 1922 3361 1962 aut
3384 1913 3432 1963 in
3465 1927 3658 1978 apere,

2080 2003 2248 2054 omnia
2275 2003 2324 2054 in
2373 2003 2578 2055 nomine
2613 2001 2817 2054 Domini
2847 2003 3006 2054 nostri
3031 2002 3187 2069 facile
3227 2000 3359 2069 (Col.
3390 2003 3492 2069 ιιι).
3538 2002 3661 2056 Vos

2081 2100 2279 2156 autem,
2310 2089 2518 2153 fratres,
2553 2090 2750 2144 intenta
2793 2105 2922 2144 aure
2967 2104 3084 2157 qua:
3123 2090 3367 2165 dicuntur
3397 2091 3652 2159 accipite.

2083 2178 2332 2230 Dominus
2373 2188 2427 2231 et
2466 2177 2787 2245 Redemptor
2835 2186 3017 2231 noster
3069 2185 3222 2230 vetus
3274 2175 3476 2230 Pascha
3524 2193 3657 2230 cum

2081 2271 2190 2324 suis
2236 2271 2392 2323 hodie
2443 2269 2710 2335 discipulis
2747 2283 3148 2342 consumimus,
3180 2277 3235 2323 et
3268 2284 3460 2323 novum
3487 2271 3660 2338 quod

2082 2360 2169 2412 illo
2199 2358 2452 2424 ﬁguratur
2481 2359 2729 2421 initialis;
2768 2372 2925 2424 quam
2957 2359 3113 2410 nimia
3140 2373 3237 2412 nos
3251 2358 3444 2425 ‘diligat
3468 2359 3652 2412 chari-

2085 2456 2209 2508 tate,
2261 2457 2621 2514 quantumque
2676 2454 2868 2500 nostra:
2915 2446 3248 2511 congaudeat
3297 2447 3452 2499 saluti
3505 2447 3656 2499 inter

2083 2534 2338 2600 agendum
2381 2535 2549 2602 aperit
2593 2549 2712 2587 cum
2749 2535 2822 2586 ait
2865 2553 2874 2585 :
2918 2533 3501 2586 Desideriadesiderari
3547 2537 3652 2587 hoc

2086 2621 2284 2673 Pascha
2335 2622 2640 2674 manducare
2688 2624 2933 2674 vobiscum
2975 2631 3240 2690 antequam
3279 2623 3443 2690 pmiar
3487 2622 3650 2688 (an.

2085 2711 2236 2777 χχιι).
2271 2711 2348 2763 L‘n
2370 2713 2417 2762 le
2444 2721 2498 2762 et
2523 2711 2754 2765 Joannes
2782 2713 3101 2777 evangelista
3133 2713 3273 2777 quod
3309 2713 3418 2765 haec
3450 2713 3532 2765 vis
3559 2713 3651 2766 di-

2087 2801 2328 2854 lecti-tuis
2359 2816 2522 2867 usute
2547 2802 2611 2853 ad
2637 2813 2858 2855 mortent
2891 2802 3035 2854 illum
3067 2802 3390 2868 perduxerit,
3413 2810 3466 2854 et
3494 2803 3648 2869 quod

2090 2889 2216 2943 il’ud
2248 2890 2448 2943 Pascha
2481 2889 2646 2958 (quod
2695 2892 2939 2944 transitus
2987 2889 3384 2958 interpretatur)
3418 2891 3646 2959 mysuce

2087 2978 2391 3042 signaverit,
2421 2979 2555 3031 sicut
2583 2980 2781 3031 audivit
2808 2980 2963 3032 modo
2986 2977 3284 3032 fraternitas
3309 2987 3501 3038 vestra,
3531 2978 3646 3030 ele-

2087 3066 2375 3133 gantisatis
2402 3067 2663 3118 sententia
2700 3067 2960 3132 expressit
2995 3065 3208 3119 dicens:
3241 3068 3364 3117 Ante
3391 3065 3528 3116 diem
3558 3065 3642 3130 [e-

433 3153 687 3206 bulatione
712 3157 932 3208 invocari
966 3155 1256 3220 Dominum,
1284 3165 1330 3208 et
1354 3157 1609 3208 exaudit-it
1637 3173 1713 3208 me
1736 3158 1788 3209 in
1814 3157 1984 3209 latitu-
2014 3138 2057 3196 Ο
2091 3161 2222 3205 stum
2251 3151 2464 3204 Pascha:
2484 3155 2644 3204 sciens
2672 3154 2816 3205 Jesus
2831 3156 2946 3226 quia
2971 3154 3097 3205 vt-nit
3120 3152 3226 3222 ejus
3253 3152 3376 3205 hora
3400 3163 3452 3202 ut
3473 3161 3645 3203 ttans~

431 3241 547 3292 dine
599 3241 765 3311 (Psal.
825 3245 1012 3310 cxvu).
1064 3243 1176 3295 Non
1216 3244 1372 3310 igitur
1401 3244 1451 3296 in
1481 3259 1793 3312 quacunque
1842 3245 1984 3297 difli-

433 3331 632 3382 cultate
660 3332 834 3398 positi,
860 3332 1030 3397 aliqua
1061 3331 1222 3397 (quod
1253 3331 1407 3400 absit)
1435 3332 1804 3398 desperatione
1835 3331 1981 3386 fran-

436 3427 618 3480 gantur
652 3434 662 3466 :
711 3419 800 3468 sed
831 3419 1014 3484 inquo
1047 3433 1141 3469 nos
1181 3418 1526 3471 succumbere
1569 3420 1848 3485 cernimus,
1888 3421 1982 3473 de-

439 3507 572 3559 votis
601 3507 918 3560 orationibus
938 3517 991 3560 et
1021 3509 1402 3561 instantissimis
1430 3509 1672 3576 precibus
1696 3511 1808 3575 ejus
1831 3511 1982 3563 auxi-

361 3607 378 3613 ·
436 3592 562 3645 lium
594 3594 883 3659 llagitentus
910 3597 1021 3647 sine
1043 3610 1148 3662 quo
1176 3596 1303 3647 nihil
1331 3596 1455 3648 boui
1487 3596 1660 3650 facere
1691 3598 1976 3661 valeamus,

435 3680 549 3749 ipso
577 3681 802 3746 dicente,
845 3684 967 3734 Sine
993 3699 1072 3733 me
1098 3683 1221 3734 nihil
1250 3685 1454 3750 potestis
1476 3684 1639 3750 facere
1661 3683 1836 3750 (Jonn.
1869 3687 1977 3752 xv).

433 3767 542 3820 Nec
589 3771 957 3837 ambigendum
989 3772 1137 3825 nobis
1168 3771 1232 3824 de
1259 3770 1447 3832 ell‘ectu
1489 3773 1656 3838 precis
1684 3782 1897 3829 nostrae.
1933 3775 1974 3825 s'i

428 3856 576 3922 juxta
616 3859 1020 3912 admonitionem
1067 3861 1377 3926 evangeliea:
1418 3859 1562 3929 (Luc.
1602 3863 1674 3922 λι)
1720 3861 1978 3926 par-dudm

431 3951 706 4010 surgentes
735 3945 903 3998 media
935 3953 1107 4014 nocte,
1139 3946 1330 3998 ostium
1379 3946 1532 3998 amici
1564 3948 1727 3998 nostri
1777 3946 1976 3999 orando

433 4030 704 4096 pulsemus
733 4033 958 4096 assidue,
1004 4043 1057 4086 et
1086 4033 1328 4092 omnibus
1361 4035 1638 4087 momentis
1665 4049 1765 4085 non
1810 4033 1974 4086 so'um

430 4122 636 4183 diebus,
666 4121 758 4174 sed
787 4109 946 4172 eiiam
976 4123 1220 4175 noctibus
1269 4137 1665 4187 perseverantes
1697 4125 1746 4175 iu
1777 4125 1977 4193 suppli-

429 4210 596 4264 candi.
643 4209 950 4272 intentione,
1008 4210 1382 4276 compellentes
1435 4225 1554 4262 eum
1606 4213 1970 4276 amicabiliter,

373 4353 381 4356 4
431 4300 519 4365 qui
551 4298 692 4350 solus
737 4298 976 4350 faciendo
1007 4298 1056 4349 in
1090 4314 1183 4351 nos
1210 4301 1640 4363 miscricordiam,
1676 4301 1971 4367 proximum

429 4399 489 4438 se
516 4384 664 4436 nobis
689 4392 742 4436 et
769 4384 989 4437 amicum
1020 4385 1258 4450 dignatus
1285 4395 1364 4438 est
1385 4387 1679 4439 ostendere.
1712 4389 1836 4440 Nam
1857 4390 1972 4456 quis

2080 3249 2245 3292 eatea:
2274 3243 2367 3292 hoc
2397 3241 2582 3293 mundo
2610 3242 2678 3294 ad
2706 3241 2909 3294 Patrem
2931 3284 2944 3302 ,
2986 3259 3098 3294 cum
3123 3243 3381 3294 dilexisset
3410 3258 3528 3293 suo:
3555 3242 3645 3309 qui

2080 3332 2292 3382 erantin
2323 3333 2530 3394 mundo,
2555 3335 2605 3383 in
2630 3333 2782 3400 ﬁnem
2804 3333 2978 3402 dilexit
3006 3350 3092 3386 eos
3114 3332 3291 3402 (lauit.
3324 3332 3460 3400 χιιι).
3501 3332 3642 3397 Quid

2080 3426 2182 3481 erit,
2211 3419 2261 3468 in
2291 3419 2443 3484 ﬁnem
2479 3418 2653 3470 dilexit
2677 3435 2784 3480 eos,
2813 3401 3089 3487 nisi-quod
3119 3421 3170 3472 in
3201 3429 3402 3472 tantum
3432 3435 3527 3474 eos
3555 3420 3642 3474 tli-

2080 3502 2224 3567 lexit,
2258 3512 2315 3555 ut
2341 3506 2568 3571 seipsum
2597 3520 2689 3572 pro
2711 3507 2786 3558 eis
2811 3507 3038 3560 traderet
3066 3514 3119 3560 et
3141 3514 3449 3573 prmsentem
3473 3507 3642 3560 vitam

2081 3589 2270 3654 finiret,
2301 3593 2479 3659 s‘cque
2507 3607 2603 3647 Suo
2643 3593 2902 3647 Paschate
2928 3635 2941 3657 ,
2973 3595 3024 3646 id
3055 3610 3084 3647 e
3116 3604 3134 3647 t
3167 3595 3390 3648 transitu
3419 3609 3489 3647 ex
3528 3594 3639 3648 hoc

2078 3681 2272 3732 mundo
2300 3681 2364 3733 ad
2397 3681 2623 3742 Patrem,
2653 3697 2747 3734 nos
2777 3683 2842 3735 de
2871 3683 3005 3735 vitiis
3035 3683 3098 3734 ad
3129 3685 3398 3749 virtutem,
3422 3681 3489 3735 de
3522 3690 3634 3736 ter—

2076 3767 2218 3821 renis
2247 3769 2309 3820 a.l
2335 3770 2590 3836 cmlestia,
2630 3771 2696 3824 de
2725 3772 2932 3826 caducis
2959 3772 3023 3825 ad
3048 3782 3244 3826 aeterna
3275 3773 3506 3826 transire
3531 3773 3630 3825 do-

2077 3860 2252 3914 ceret?
2280 3862 2382 3915 Sed
2413 3862 2547 3916 scire
2574 3849 2666 3916 vos
2692 3871 2903 3930 oportet
2931 3865 3156 3932 qualiter
3185 3875 3335 3916 vetus
3365 3864 3633 3915 institutio

2078 3947 2274 4010 Pascha
2305 3951 2556 4004 celebrari
2588 3953 2875 4019 prmcipiat,
2909 3961 2966 4004 ut
2993 3961 3244 4020 quantum
3268 3962 3458 4004 vestr-ae
3486 3950 3630 4002 salu-

2079 4039 2142 4090 tis
2171 4041 2472 4108 mysterium
2506 4040 2556 4092 itt
2589 4041 2685 4093 hac
2715 4041 3078 4093 atltttnbratum
3125 4031 3281 4093 fuerit
3312 4040 3629 4093 celebritate

2074 4131 2433 4197 unusquisque
2462 4140 2691 4182 vestrum
2723 4141 3082 4198 recognoscat.
3119 4130 3333 4197 Legitur
3365 4131 3412 4180 itt
3442 4129 3628 4182 Exodo

2076 4217 2223 4286 (Cap.
2255 4223 2372 4285 xu),
2418 4219 2552 4272 sicut
2589 4209 2820 4273 audituri
2851 4222 2974 4273 estis
3001 4222 3250 4285 crastino,
3303 4221 3423 4273 liliis
3466 4219 3629 4273 Israel

2072 4319 2166 4372 per
2191 4309 2413 4374 Moysem
2443 4309 2778 4374 prmcipiente
2807 4307 3047 4369 Domino,
3071 4318 3125 4358 ut
3145 4308 3347 4368 decima
3375 4305 3462 4358 die
3484 4321 3629 4359 men-

2072 4393 2142 4445 sis
2169 4396 2318 4467 primi
2367 4396 2574 4447 tolleret
2611 4395 2970 4462 unusquisque
3017 4411 3203 4461 agnum
3236 4395 3539 4446 anniculum
3571 4403 3629 4447 et

430 4473 583 4526 nobis
625 4473 882 4525 amicitior
911 4472 999 4525 illo
1037 4474 1123 4546 qui
1156 4489 1249 4540 pro
1277 4475 1424 4526 nobis
1454 4475 1680 4542 seipsum
1725 4478 1888 4529 voluit
1917 4480 1968 4532 in
2003 4465 2050 4522 Ῑ)
2072 4483 2184 4536 sine
2211 4465 2434 4547 macula,
2465 4499 2558 4550 per
2591 4482 2808 4536 familias
2837 4494 2891 4536 et
2920 4484 3102 4535 domos
3131 4497 3271 4539 suas.
3303 4491 3354 4534 et
3385 4489 3627 4534 servaret

432 4570 658 4613 mortem
709 4560 944 4614 tradere?
996 4561 1106 4627 ipse.
1136 4575 1260 4626 ergo
1291 4571 1467 4613 tantus
1497 4565 1697 4616 amicus
1736 4565 1976 4618 hortatur

433 4646 684 4714 iubetque
715 4660 809 4699 nos
837 4655 1015 4714 petere
1055 4647 1194 4714 quod
1233 4648 1491 4700 desiderat
1539 4649 1684 4711 dare,
1717 4661 1770 4702 et
1809 4653 1971 4718 impe-

454 4735 602 4786 randi
632 4736 718 4785 dat
742 4737 1097 4800 securitatem,
1123 4753 1224 4789 non
1247 4745 1446 4790 tantmn
1477 4754 1573 4806 pro
1599 4730 1973 4808 familiaritate,

430 4823 523 4876 sed
551 4822 706 4873 etiam
735 4839 826 4886 pro
857 4825 1272 4893 importunitate,
1319 4828 1500 4881 dicens
1529 4846 1538 4878 :
1573 4829 1735 4881 Petite
1760 4842 1806 4884 et
1838 4834 1970 4882 acci-

429 4912 596 4976 pietis,
637 4915 842 4978 qttwrile
869 4923 913 4964 et
941 4914 1219 4976 invrnietis,
1251 4915 1446 4983 pulsate
1474 4925 1520 4966 et
1549 4920 1801 4984 aperietur
1841 4918 1975 4972 vobis

434 4997 582 5065 (Luc.
619 5001 712 5067 χι).
764 5001 867 5052 llac
896 5015 1019 5066 ergo
1050 5011 1262 5069 accepta
1296 5003 1480 5055 fiducia
1512 5007 1576 5055 ab
1604 5019 1688 5064 eo,
1723 5021 1786 5057 ne
1829 5006 1976 5060 vobis

434 5086 765 5138 mortalitatis
810 5088 963 5151 hujus
1011 5089 1245 5139 anfractu
1293 5093 1519 5156 graviter
1570 5092 1796 5159 fatigatis
1839 5094 1975 5149 desit

432 5175 582 5240 panis
609 5176 904 5227 rcl'ectionis
930 5176 1015 5243 qui
1048 5178 1323 5229 conﬁrmat
1349 5194 1441 5231 cor
1488 5179 1733 5242 hominis,
1778 5184 1973 5236 excite-

431 5277 548 5315 mus
575 5277 666 5311 uos
695 5265 1004 5328 quantocius
1027 5282 1052 5314 a
1080 5281 1262 5317 somno
1284 5269 1534 5334 Corporis.
1560 5269 1704 5323 Hora
1727 5281 1794 5322 est
1818 5275 1968 5333 enim,

430 5352 504 5402 ait
532 5350 830 5416 Apostolus.
849 5355 960 5420 jam
987 5354 1046 5404 de
1065 5370 1238 5406 somno
1263 5371 1462 5424 surgere
1489 5358 1660 5423 (Rom.
1695 5363 1828 5427 xui).
1874 5364 1972 5415 Ac-

430 5440 680 5491 cedamus
710 5441 772 5491 ad
816 5441 953 5495 hunc
984 5453 1216 5497 nostrum
1249 5447 1473 5498 anticum
1514 5462 1630 5499 cum
1664 5448 1763 5499 ﬁde
1793 5459 1844 5500 et
1875 5453 1970 5517 piae

413 5526 766 5592 ,appetitionis
795 5532 1112 5606 reverentia,
1151 5542 1202 5584 et
1231 5534 1494 5600 pulsemus
1539 5542 1830 5601 opportune
1871 5539 1966 5589 im-

435 5620 675 5676 portune,
713 5615 943 5670 dicentes
978 5636 988 5668 :
1036 5621 1235 5684 Amice,
1277 5637 1374 5674 res.
1397 5638 1451 5674 ra
1499 5624 1645 5676 nobis
1677 5627 1888 5690 ostium,
1921 5628 1964 5669 ⁵ι¹

438 5710 538 5766 est,
583 5703 970 5772 intelligentiam
1024 5711 1094 5763 tui
1143 5711 1300 5765 divini
1352 5717 1624 5770 sermonis.
1680 5718 1965 5773 Connnoda

2073 4586 2191 4624 eum
2222 4586 2384 4638 usque
2415 4572 2477 4622 ad
2507 4581 2747 4640 quartum
2776 4573 3035 4626 decimum
3057 4572 3192 4623 diem
3215 4572 3447 4641 ejusdem
3474 4584 3627 4622 men-

2079 4659 2171 4719 sis,
2197 4659 2594 4727 immolaretque
2615 4676 2732 4713 eum
2761 4661 3019 4714 universis
3047 4659 3204 4713 ls-ael
3229 4661 3290 4710 ad
3318 4673 3622 4724 vesperum,

2075 4754 2127 4798 et
2170 4749 2353 4802 carnes
2381 4751 2494 4814 ejus
2520 4750 2856 4802 comedet-ent
2882 4760 3036 4804 nocte
3075 4751 3157 4802 illa
3182 4766 3324 4801 as~as
3355 4730 3622 4813 igni‘cum

2074 4836 2268 4903 azymis
2299 4836 2514 4902 panibus
2544 4845 2592 4888 et
2620 4837 2835 4892 lactucis
2861 4839 3170 4902 agrestibua,
3199 4848 3279 4891 etc
3333 4837 3460 4901 Qua:
3489 4852 3624 4891 run-

2073 4931 2155 4973 cta
2187 4922 2236 4973 in
2267 4938 2393 4975 vero
2423 4924 2512 4976 Dei
2554 4926 2699 4992 Agno
2728 4925 3085 4979 Jesu-Christo
3116 4926 3413 4992 adimplcta.
3445 4934 3499 4978 et
3519 4940 3624 4978 suo

2075 5020 2358 5080 nostroque
2409 5011 2618 5066 Pascha:
2669 5025 2791 5066 sunt
2842 5017 3154 5083 coaptanda,
3205 5025 3258 5067 ut
3297 5015 3435 5080 quod
3490 5024 3623 5068 tunc

2073 5100 2324 5168 agebatur
2356 5102 2589 5166 ﬁgurate,
2625 5117 2760 5154 nunc
2790 5103 2878 5154 liat
2907 5105 2954 5154 in
2990 5104 3229 5155 veritate.
3266 5107 3440 5170 Agnus
3464 5101 3623 5156 deni-
3707 5097 3710 5100 ’

2072 5203 2173 5256 que
2224 5189 2332 5253 ille,
2365 5197 2419 5240 ut
2465 5189 2706 5248 diximus.
2734 5191 2972 5242 Christus
3002 5198 3100 5253 est,
3149 5192 3235 5256 qui
3287 5190 3489 5242 decima
3529 5189 3626 5245 die

2071 5278 2221 5346 primi
2255 5277 2442 5329 mensis
2472 5277 2828 5339 llebrazorum,
2855 5277 2942 5343 qui
2974 5277 3107 5342 apud
3136 5277 3252 5328 illos
3284 5275 3455 5337 Nisan,
3476 5275 3624 5342 apud

2074 5380 2170 5417 nos
2200 5364 2415 5416 Martius
2447 5373 2679 5427 vocatur,
2713 5365 3124 5434 Hierosolymam
3165 5377 3408 5430 passurus
3449 5365 3621 5424 venit,

2070 5453 2256 5506 sedens
2285 5455 2462 5513 asino,
2498 5451 2747 5518 exceptus
2775 5469 2802 5504 a
2836 5455 3001 5506 turbis
3033 5467 3149 5504 cum
3197 5467 3382 5519 magno
3418 5458 3625 5504 sancta

2070 5542 2386 5594 laudationis
2415 5541 2640 5608 tripudio
2671 5542 2880 5608 (Matth.
2915 5544 3028 5608 xu).
3062 5540 3211 5605 Quod
3238 5555 3351 5600 nos,
3377 5539 3474 5591 etsi
3509 5552 3622 5590 non

2046 5631 2341 5695 .tondigue,
2357 5630 2543 5683 debitis
2561 5640 2732 5684 tamen
2751 5639 2949 5682 tantum
2965 5631 3120 5695 votis,
3137 5631 3220 5682 die
3234 5626 3625 5682 celebravimus

2071 5718 2367 5800 Dominico;
2415 5721 2697 5775 notandum
2733 5735 2856 5774 sane
2887 5720 3022 5788 quod
3048 5719 3254 5784 dicitur,
3286 5717 3426 5769 tollat
3453 5733 3620 5771 unus-
