3886 6226
27 145 400 528 FZ

1629 391 1951 450 IIOMILIIE.

3318 389 3424 443 616

203 518 423 585 quisque
445 529 649 583 agnum.
674 510 806 563 Dum
830 508 970 563 enim
992 504 1479 574 dicitunusquisque,
1505 502 1767 556 neminem
1801 503 1852 560 Α.
1873 497 2136 551 deriorum
2167 493 2303 548 fluxa
2353 493 2747 559 restringamus.
2789 489 3161 545 Calceamenta
3205 492 3256 545 in
3282 495 3426 561 pedi-

203 616 458 660 nOStrum
478 603 542 656 ab
569 603 669 656 hac
687 598 896 670 mystici
928 595 1137 650 Pasclne
1168 594 1453 648 festivitate
1476 592 1590 645 vult
1611 606 1765 646 esce-

205 708 362 764 ptum
408 692 616 756 haberi,
656 690 747 745 sed
791 703 975 742 omnes
1003 701 1099 740 nos
1137 675 1375 739 eamdem
1401 696 1606 736 summa
1646 695 1767 735 cum

203 783 499 836 devotione
526 778 812 834 celebrare.
844 772 1020 827 Simus
1043 785 1169 838 ergo
1198 785 1382 824 omnes
1413 780 1468 822 ut
1494 769 1648 821 decet
1676 782 1767 835 pa-

204 872 312 925 rati
336 872 402 923 ad
423 884 571 924 esum
599 865 727 921 tanti
747 863 878 932 Agni
905 882 921 917 :
947 862 1013 915 de
1034 876 1138 928 quo
1161 869 1346 928 aperte
1368 861 1605 925 sequitur
1626 857 1765 925 quod

203 958 482 1012 masculus
504 957 613 1018 fiet,
633 951 909 1006 anniculus
936 958 991 1004 et
1019 948 1218 1016 absque.
1251 947 1474 1001 macula.
1507 945 1767 1000 Masculus

201 1048 409 1115 quippe
432 1059 596 1112 agnus
619 1042 830 1103 dicitur,
854 1039 978 1107 quia
1023 1038 1074 1091 in
1097 1036 1306 1091 Christo
1361 1037 1501 1088 nulla
1545 1035 1764 1104 ‘peccati

201 1135 470 1191 mollities
489 1131 600 1195 fuit,
625 1129 715 1184 sed
744 1127 994 1182 omniain
1019 1125 1214 1178 virtute
1243 1123 1458 1190 Spiritus
1482 1160 1496 1184 ,
1546 1132 1648 1174 tam
1671 1121 1766 1175 do-

199 1222 382 1274 ctrina
413 1234 573 1288 quam
598 1230 778 1284 opere,
812 1213 1068 1268 exercuit.
1116 1211 1252 1265 ldem
1283 1225 1494 1278 quoque
1547 1210 1766 1261 annicu-

198 1307 308 1366 lus.
342 1305 450 1359 hoc
480 1312 556 1358 est
585 1301 828 1370 perfecta:
857 1299 1023 1352 artatis
1037 1299 1259 1359 exstitit,
1283 1297 1406 1365 quia
1453 1311 1571 1350 cum
1625 1303 1765 1348 esset

199 1393 424 1459 triginta
457 1395 608 1444 trium
637 1402 918 1452 annorum,
945 1400 1094 1438 suam
1145 1386 1443 1453 passionem
1490 1384 1758 1450 explevit,

194 1493 334 1532 vere
376 1479 499 1531 sine
544 1475 741 1528 macula
775 1472 995 1538 alicujus
1027 1471 1156 1524 vitii.
1189 1470 1303 1523 Non
1335 1471 1474 1524 enim
1503 1471 1637 1522 sicut
1668 1484 1764 1524 nos

195 1569 250 1622 in
300 1565 669 1633 iniquitatibus
696 1569 988 1630 conceptus
1036 1572 1090 1614 et
1122 1570 1277 1614 natus
1319 1570 1436 1625 est;
1495 1570 1549 1613 et
1592 1575 1762 1626 neque

191 1670 466 1722 peccatum
516 1654 648 1721 fecit,
679 1667 767 1703 nec
797 1651 1023 1702 inuentus
1065 1658 1138 1701 est
1168 1648 1313 1701 do'us
1354 1649 1408 1700 in
1450 1665 1536 1700 ore
1565 1649 1672 1716 ejus
1707 1647 1758 1717 (I

194 1741 347 1796 Petr.
378 1745 468 1808 ιι).
500 1743 593 1793 llic
609 1748 848 1793 servatus
877 1745 959 1789 est
988 1750 1151 1802 usque
1180 1735 1245 1787 ad
1269 1735 1408 1788 diem
1435 1734 1499 1786 H
1547 1738 1757 1797 mensis,

1865 592 1964 645 bus
2010 589 2302 641 habeamus
2329 628 2342 648 ,
2393 585 2442 638 id
2473 592 2590 647 est,
2633 597 2852 652 operum
2883 589 3179 635 nostrorum
3220 595 3429 650 gressus

1867 675 2124 743 exemplis
2170 682 2474 727 sanctorum
2519 673 2729 725 Patrum
2759 671 3075 725 muniamus.
3120 671 3249 724 Nam
3291 672 3429 728 sicut

1865 763 2256 823 calceunentis,
2289 775 2403 826 «line
2432 777 2498 812 ex
2517 759 2738 813 mortuis
2769 757 2898 811 fiunt
2950 758 3264 812 animalibus
3286 798 3300 824 ,
3328 775 3426 828 pe-

1863 850 1958 904 des
1980 849 2216 918 corporis
2239 846 2641 908 circumdamus,
2666 845 2742 898 sic
2769 853 3071 899 sanctorum
3094 842 3307 898 Patrum
3333 847 3426 912 qui

1859 939 1971 1007 jam
1995 940 2346 992 decesserunt
2374 935 2631 1002 exemplis
2680 947 2866 987 sensus
2895 934 3085 988 anima:
3108 943 3162 987 et
3211 942 3423 988 actuum

1865 1037 2026 1081 nostri
2050 1041 2164 1080 rum
2197 1025 2358 1093 pedes
2386 1023 2718 1078 circnnﬂare
2741 1022 3020 1088 debemus,
3041 1039 3107 1076 ne
3135 1023 3297 1077 fetido
3326 1032 3425 1076 ter-

1867 1132 2007 1171 rente
2040 1115 2315 1184 pravitatis
2333 1115 2445 1168 luto
2469 1116 2838 1182 deturpentur.
2889 1113 2954 1166 Et
2974 1114 3192 1168 baculos
3213 1129 3427 1170 necesse

1865 1214 1944 1260 est
1968 1206 2020 1258 in
2044 1204 2282 1256 manibus
2330 1210 2622 1264 teneamus,
2648 1211 2705 1255 ut
2751 1204 2801 1255 in
2839 1205 3044 1256 cunctis
3077 1218 3194 1271 qua:
3225 1205 3430 1271 agimus

1866 1295 2110 1347 timorem
2143 1293 2234 1346 Dei
2266 1293 2437 1345 vivum
2468 1307 2500 1360 p
2529 1305 2580 1343 se
2603 1291 2768 1344 oculis
2811 1291 3066 1344 habentes
3091 1330 3105 1354 ,
3135 1293 3426 1346 secundum

1865 1384 2036 1451 ipsum
2068 1396 2230 1449 opera
2288 1389 2468 1434 nostra
2496 1379 2647 1447 dirigi
2690 1378 3054 1446 postulemus,
3112 1393 3233 1432 cum
3279 1377 3427 1433 Psal-

1863 1472 2014 1524 mista
2031 1469 2266 1523 dicentes
2289 1486 2299 1519 :
2327 1470 2549 1537 Respice,
2581 1468 2813 1530 Domine,
2840 1467 2891 1518 in
2914 1483 3079 1520 servos
3103 1475 3236 1530 tuos,
3252 1475 3305 1521 et
3323 1483 3426 1521 c.13-

1863 1575 1995 1624 tera,
2027 1575 2192 1628 usque
2231 1560 2391 1627 dirige
2448 1558 2614 1625 (Pint.
2667 1561 2922 1623 xcxvnt),
2971 1565 3028 1610 ut
3067 1557 3258 1610 iterum
3305 1573 3426 1612 cum

1862 1652 2048 1706 eodem
2077 1653 2252 1703 dicere
2281 1666 2312 1716 p
2339 1649 2543 1701 ~ssimus
2569 1665 2580 1699 :
2610 1646 2764 1715 Virga
2787 1657 2871 1698 tua
2897 1655 2942 1699 et
2967 1647 3175 1700 baculus
3191 1647 3428 1715 tuusipsa

1863 1759 1951 1795 nos
1973 1742 2235 1795 consoiuta
2263 1748 2377 1791 sunt
2402 1736 2569 1806 (Psai.
2597 1740 2747 1803 un).
2774 1735 2879 1789 Nec
2897 1737 3319 1804 prmtereundum
3348 1747 3430 1790 est

193 1830 362 1896 quod,
396 1839 456 1880 ut
477 1827 827 1895 praediximus,
854 1824 938 1877 die
971 1824 1034 1875 lO
1054 1838 1110 1876 se
1132 1823 1180 1874 in
1209 1824 1325 1876 loco
1345 1824 1604 1890 passionis
1631 1839 1761 1891 pra:-

1868 1830 2196 1896 negligenter
2223 1826 2363 1892 quod
2396 1823 2607 1887 dicitur,
2628 1822 2896 1876 romedetis
2927 1824 3252 1891 festinantes;
3284 1823 3432 1877 festi-

190 1919 431 1972 sentavit
461 1919 658 1969 docens
677 1913 914 1982 quotidie
942 1914 993 1965 in
1019 1913 1242 1981 templo;
1294 1915 1602 1976 etquoniam
1633 1929 1756 1964 non-

191 2007 317 2060 dum
343 2016 552 2078 beneer
609 2009 731 2058 liora
774 2007 917 2074 ejrs,
967 2021 1108 2058 nemo
1147 2007 1199 2057 in
1251 2011 1366 2056 e..m'
1405 2005 1535 2057 misit
1580 2020 1758 2057 manus

193 2097 381 2166 (Joan.
418 2087 593 2164 xviii),
624 2111 894 2163 usquequo
925 2096 1036 2163 ipse
1066 2095 1268 2147 voluit:
1301 2094 1388 2162 qui
1440 2101 1757 2160 potestatem

193 2185 429 2254 ponendi
461 2194 516 2238 et
541 2184 775 2236 sumendi
807 2183 1034 2235 animam
1057 2197 1202 2234 suam
1225 2181 1408 2233 habuit
1437 2179 1607 2248 (Joun.
1639 2183 1758 2245 vn),

192 2291 366 2344 usque
395 2275 466 2328 ad
493 2274 561 2327 Η
588 2273 788 2334 scilicet
815 2272 952 2325 diem
980 2313 994 2334 ,
1034 2272 1134 2325 hoc
1163 2280 1240 2326 est
1267 2270 1518 2324 hodierna
1565 2269 1650 2322 die
1695 2270 1759 2322 ad

195 2378 499 2431 vesperam,
517 2362 749 2429 quando,
776 2371 986 2430 peracta
1015 2371 1348 2414 sacrosancta
1365 2375 1515 2414 caena
1545 2367 1595 2413 et
1621 2359 1762 2412 lava-

195 2457 342 2505 tioue
374 2453 574 2520 pedum
619 2450 993 2518 discipulorum
1033 2464 1270 2512 suorum,
1298 2463 1326 2500 a
1351 2449 1644 2501 miserrimo
1671 2447 1763 2500 mi-

194 2521 338 2595 seria
360 2541 509 2605 (sic),
536 2539 628 2592 sed
649 2554 675 2590 a
700 2555 802 2591 non
827 2538 1110 2592 miserabili
1134 2536 1264 2590 Juda
1284 2536 1504 2589 traditus
1524 2543 1578 2588 et
1600 2551 1630 2587 a
1660 2535 1760 2588 mi-

195 2627 380 2681 nistris
401 2627 818 2693 comprehensus
849 2625 900 2676 iu
930 2624 1213 2678 crastinum
1244 2631 1326 2677 est
1350 2612 1648 2678 crdcilixus.
1683 2623 1758 2676 Ad

193 2730 480 2784 vesperam
512 2724 688 2768 autem
712 2731 878 2783 agnus
909 2715 1166 2769 immolari
1201 2715 1522 2784 praecipitur,
1544 2715 1683 2782 quod
1709 2717 1761 2769 in

196 2806 298 2858 hac
325 2806 611 2858 novissima
626 2805 789 2857 seculi
811 2813 985 2866 (etate,
997 2803 1102 2870 jam
1125 2814 1532 2870 vesperascente
1545 2803 1758 2867 mundo,

179 2912 294 2966 'pro
325 2897 482 2950 nobis
507 2893 748 2948 Christus
770 2895 1027 2947 occiditur
1053 2911 1066 2956 ;
1101 2894 1252 2959 hujus
1290 2893 1410 2959 agni
1451 2894 1616 2946 nostri
1647 2907 1762 2945 car-

195 3003 293 3041 nos
318 3001 469 3058 a=sas
491 2986 649 3039 edere
680 2984 953 3049 debemus,
987 2994 1043 3038 ut
1065 2985 1190 3038 nihil
1214 2985 1279 3038 de
1310 3001 1374 3038 eo
1395 2987 1608 3039 carnaie
1636 3001 1760 3039 sen-

196 3078 412 3138 tiamus,
427 3075 519 3128 sed
537 3075 760 3140 Spiritus
782 3077 948 3127 sancti
974 3075 1282 3141 Operatioue
1298 3089 1415 3126 eum
1430 3075 1756 3128 inczirnatum

194 3178 387 3215 verum
411 3163 466 3214 in
521 3162 796 3228 majestate
824 3160 1008 3226 Deum,
1041 3176 1327 3228 verumque
1355 3162 1406 3214 in
1437 3162 1761 3215 humanitate
1788 3140 1834 3201 Ο

196 3252 497 3313 hominem,
521 3266 640 3304 vere
664 3266 759 3317 pro
777 3249 929 3304 nobis
950 3250 1159 3317 propria
1182 3251 1450 3303 voluuate
1473 3261 1760 3314 mortuum,

194 3355 329 3393 vere
346 3342 555 3409 propria
602 3346 866 3405 potestate
892 3339 1284 3402 resuscitatutn,
1316 3339 1610 3393 credamus.
1639 3325 1762 3392 Sive

195 3429 363 3482 e.iam
384 3429 463 3482 sic
492 3429 639 3481 istius
679 3428 813 3494 Agni
867 3441 1056 3481 carnes
1099 3442 1243 3481 assas
1280 3425 1620 3480 comedamus
1644 3436 1762 3489 ,Iut

197 3519 508 3587 percepturi
548 3525 882 3570 sacramenta
909 3517 1150 3585 corporis
1179 3518 1312 3583 ejus,
1335 3518 1402 3568 ab
1428 3517 1571 3570 omni
1619 3515 1762 3570 ﬂuxu

197 3605 651 3675 concupiscentia:
677 3606 906 3660 carnalis
953 3619 1049 3658 nos
1101 3605 1479 3667 emundemus;
1523 3611 1576 3656 et
1623 3611 1765 3657 totos

196 3711 300 3748 nos
358 3695 644 3748 virtutibus
705 3702 761 3748 et
809 3693 927 3760 igne
947 3694 1113 3747 sancti
1155 3692 1383 3762 Spiritus
1428 3692 1760 3747 roborcmus.

199 3781 435 3835 uenite
455 3787 578 3835 sunt
593 3793 817 3848 quoque
843 3794 1032 3834 carnes
1061 3779 1192 3844 istm,
1220 3795 1340 3834 cum
1386 3780 1582 3850 azymis
1609 3781 1761 3849 pani-

199 3871 302 3922 bus
354 3877 410 3922 et
457 3869 673 3923 lactu.is
710 3867 1025 3936 agrestibus.
1059 3872 1256 3937 Azyma
1300 3867 1524 3923 dicimus
1566 3869 1766 3935 absque

199 3958 493 4020 fermento,
525 3957 840 4011 fermentum
861 3969 989 4009 vero
1028 3955 1279 4009 malitiam
1310 3956 1550 4025 designat
1577 3965 1630 4011 et
1663 3957 1763 4011 do-

199 4046 334 4100 lum.
367 4045 576 4112 Absque
606 4043 866 4097 fermento
911 4043 1068 4111 igitur
1112 4059 1305 4111 agnum
1347 4046 1690 4109 comedimus,
1717 4044 1763 4099 si

199 4149 408 4188 sacram
431 4132 805 4186 eucharistiam
833 4132 950 4186 sine
997 4132 1226 4197 malitia,
1281 4132 1404 4187 dolo
1449 4141 1505 4186 et
1544 4132 1762 4189 simula-

202 4223 369 4285 tione,
391 4223 443 4274 in
472 4203 774 4275 sincerilate
804 4221 955 4280 bon-.2
998 4219 1114 4273 vita:
1143 4221 1494 4292 percepimus.
1538 4219 1762 4275 Lactuca

200 4324 420 4381 quoque
446 4309 667 4378 agrestis
683 4309 840 4363 valde
866 4325 1046 4364 amara
1077 4316 1244 4372 est,et
1273 4310 1325 4362 in
1352 4310 1478 4363 viris
1504 4311 1760 4364 luxuriam

201 4398 468 4468 reprimit.
495 4382 766 4466 Significat
787 4409 966 4453 autem
994 4399 1096 4454 hoc
1123 4408 1180 4454 ut
1213 4399 1421 4469 quando
1468 4399 1534 4453 ad
1572 4414 1762 4468 corpus

1862 1927 2050 1970 nantes
2081 1929 2308 1982 namque
2348 1911 2548 1975 Pascha
2575 1912 2903 1968 comedimus
2940 1926 3059 1966 cum
3085 1927 3181 1967 nos
3203 1912 3289 1966 hic
3319 1927 3426 1966 non

1862 2008 2058 2060 habere
2089 2013 2289 2059 certam
2321 2003 2650 2057 mansionem
2695 2003 2991 2057 recolentes
3017 2041 3034 2066 ,
3081 2002 3314 2070 quotidie
3364 2001 3431 2056 de

1861 2093 2126 2149 festinanti
2156 2103 2208 2145 et
2234 2092 2555 2159 jamjamque
2578 2089 2872 2156 imminenti
2903 2089 3006 2142 line
3033 2090 3426 2157 suspendimur.

1861 2184 2070 2236 assidue
2099 2183 2419 2234 meditantes
2448 2180 2697 2250 quoniam
2722 2180 2910 2233 incoho
2949 2193 3108 2247 super
3130 2186 3324 2232 terram
3373 2189 3428 2233 et

1859 2271 2124 2340 peregrini
2171 2285 2384 2332 sumus;
2424 2278 2484 2322 ut
2535 2269 2777 2323 enim-ait
2829 2267 3150 2336 Apostolus:
3184 2266 3305 2321 Non
3349 2268 3431 2321 hic

1859 2369 2236 2430 permanentem
2266 2357 2504 2412 habemus
2531 2359 2914 2433 civitatem,sed
2964 2361 3188 2427 futuram
3215 2359 3432 2428 inquiri-
3505 2404 3510 2409 .

1859 2467 1970 2503 mus
2002 2449 2184 2518 (Hebr.
2226 2449 2358 2514 ιιιιι.
2387 2447 2442 2501 Si
2473 2449 2567 2510 sic,
2602 2447 2810 2511 fratres,
2845 2463 2942 2502 nos
2989 2463 3288 2516 praeparare
3315 2456 3427 2502 stu-

1861 2538 2151 2601 duerimus,
2185 2547 2309 2591 tunc
2338 2536 2494 2602 digne
2516 2536 2687 2591 Phase
2704 2538 2813 2589 sive
2838 2535 3059 2602 Patella,
3083 2537 3132 2590 id
3163 2545 3244 2590 est
3279 2545 3426 2589 tran-

1859 2630 2037 2690 situm,
2074 2627 2277 2679 Dumini
2308 2627 2732 2690 celebravimus;
2761 2636 2958 2680 etcum
2991 2643 3121 2695 pttra
3147 2628 3429 2681 conscien-

1861 2717 1958 2780 tia,
1986 2715 2158 2770 securi
2189 2729 2251 2768 ac
2301 2714 2406 2767 la-ti
2456 2715 2522 2767 de
2567 2713 2930 2782 redemptione
2976 2723 3155 2768 nostra
3183 2755 3198 2780 ,
3242 2728 3432 2769 carnes

1861 2806 2016 2873 Agni,
2052 2806 2102 2858 id
2131 2814 2213 2858 est
2238 2819 2432 2872 corpus
2459 2803 2672 2868 Christi,
2696 2819 2798 2857 non
2821 2804 2886 2858 ad
2928 2804 3205 2879 judicium,
3233 2805 3326 2859 sed
3354 2805 3423 2857 ad

1816 2889 1832 2908 ί
1859 2893 2086 2946 salutem
2116 2895 2304 2947 anima:
2333 2903 2386 2946 et
2411 2894 2672 2961 corporis,
2705 2902 2757 2947 et
2791 2895 2854 2946 ad
2885 2893 3276 2963 percipiendam
3303 2910 3426 2949 cum

1865 2983 1980 3051 ipso
2025 2984 2401 3050 sempiternam
2432 2983 2674 3050 gloriam,
2705 2983 3091 3052 percipiemus;
3149 2985 3289 3053 quod
3317 2986 3431 3055 ipse

1862 3080 2116 3139 praestare
2141 3072 2404 3137 dignetur.
2438 3072 2621 3123 Amen.

2434 3158 2703 3212 llOMILIA
2750 3160 2859 3212 XV.

1935 3248 2163 3310 Fratres,
2193 3248 2330 3302 sicut
2361 3247 2582 3300 audistis
2599 3256 2718 3316 post
2744 3247 3098 3316 evangelicam
3115 3249 3425 3316 lectionem,

1862 3339 2162 3394 admonitus
2191 3344 2345 3394 venio
2367 3338 2430 3393 ad
2461 3354 2590 3394 oves
2638 3354 2754 3408 quae
2794 3346 3105 3393 erraverunt
3147 3339 3214 3392 de
3265 3353 3426 3408 grege

1865 3428 1990 3482 mihi
2023 3429 2308 3482 commisso
2334 3448 2345 3481 :
2375 3437 2430 3481 et
2460 3443 2562 3480 non
2587 3428 2757 3480 solum
2786 3437 3112 3494 erraverant,
3131 3428 3226 3482 sed
3256 3429 3419 3483 etiam

1864 3505 2259 3583 quodammodo
2289 3516 2576 3583 perierant.
2625 3517 2846 3584 Oportet
2877 3516 3054 3582 itaque
3085 3531 3180 3569 nos
3209 3531 3303 3584 per
3324 3517 3421 3570 im-

1863 3605 2180 3672 positionem
2214 3617 2398 3656 manus
2425 3611 2479 3656 et
2503 3618 2596 3673 per
2640 3604 2860 3670 gratiam
2881 3604 3047 3656 sancti
3079 3603 3304 3672 Spiritus
3327 3619 3421 3659 eas

1863 3707 1891 3744 a
1908 3692 2091 3746 morbo
2109 3706 2215 3745 sua:
2232 3689 2521 3760 putredinis
2536 3692 2794 3759 spirituali
2825 3691 3171 3750 medicamine
3192 3681 3421 3761 eripere,

1862 3789 1916 3834 et
1954 3780 2030 3834 sic
2062 3779 2127 3831 ad
2156 3782 2462 3848 praesepium
2496 3780 2650 3833 ovilis
2692 3780 2962 3842 reducere,
3000 3789 3083 3843 et,
3125 3781 3167 3835 si
3204 3795 3422 3835 necesse

1862 3879 1964 3938 est,
1987 3870 2216 3948 propriis
2241 3869 2472 3922 humeris
2501 3876 2796 3936 reportare,
2828 3869 2892 3923 de
2943 3883 3048 3936 quo
3077 3869 3284 3948 diabolo
3337 3869 3418 3923 fu-
3447 3899 3454 3906 -

1863 3944 2259 4028 rentesublata;
2282 3957 2503 4012 fuerant.
2535 3958 2682 4011 Nunc
2721 3971 2849 4023 ergo
2873 3971 3048 4010 sermo
3093 3944 3422 4033 exhortatio-

1863 4051 1962 4113 nis,
1995 4065 2092 4118 pro
2118 4049 2296 4105 debito
2319 4048 2597 4117 pastoralis
2626 4047 2894 4114 regimiuis
2920 4046 3047 4099 milii
3073 4046 3137 4099 ad
3190 4061 3283 4101 vos
3333 4039 3415 4100 in-

1862 4141 2152 4208 choandus,
2179 4150 2232 4193 et
2253 4141 2318 4192 ad
2371 4141 2488 4194 illos
2516 4137 2957 4193 consummaodus
2983 4145 3082 4190 est.
3132 4137 3236 4191 Sed
3286 4151 3416 4204 quo-

1863 4235 2004 4288 niam
2036 4233 2088 4285 in
2117 4246 2241 4298 agro
2270 4229 2440 4283 cordis
2467 4229 2566 4280 mei
2598 4227 2917 4280 fertilitatem
2964 4225 3183 4278 docendi
3217 4233 3413 4279 metere

1864 4339 1970 4377 non
2004 4321 2176 4383 valeo,
2207 4316 2448 4373 viscerali
2471 4316 2653 4370 dolore
2681 4313 2997 4382 ingemisco;
3029 4321 3084 4366 et
3112 4313 3228 4366 ideo
3274 4310 3415 4380 quod

1865 4422 2044 4464 tacere
2072 4424 2176 4462 non
2220 4406 2410 4469 audeo,
2429 4406 2664 4459 clamans
2712 4415 2763 4472 et
2791 4402 2976 4464 dolens
3028 4401 3093 4454 ad
3138 4399 3411 4456 Dominum

200 4487 401 4542 Christi
431 4489 543 4556 (qui
570 4496 624 4542 et
653 4503 811 4542 verus
833 4489 1010 4556 Agnus
1056 4489 1158 4558 est)
1207 4487 1520 4544 sumendum
1563 4487 1763 4542 accedi-

1867 4500 2008 4561 dico,
2034 4506 2088 4549 ut
2118 4499 2309 4564 aperiat
2352 4495 2486 4547 labia
2531 4506 2662 4556 mea,
2689 4502 2737 4545 et
2783 4509 2840 4546 os
2887 4508 3052 4545 meum
3100 4490 3418 4544 annuntiabit

203 4595 347 4645 mus,
360 4578 602 4648 quamvis
628 4579 695 4633 de
711 4578 1077 4647 redemptione
1100 4577 1354 4641 lzetemur.
1369 4577 1769 4633 amaritudinem

203 4677 388 4721 tamen
403 4683 472 4722 ex
497 4668 868 4723 recordatione
884 4654 1224 4740 peccatorum
1249 4669 1554 4732 habeamus,
1575 4678 1634 4724 ut
1657 4671 1770 4724 dul-

203 4767 388 4810 cescat
411 4771 482 4811 ex
500 4757 650 4811 venia
678 4757 821 4825 quod
837 4747 1116 4813 amare;cit
1133 4774 1193 4812 es
1215 4758 1556 4828 paenitentia;
1588 4759 1772 4812 simul-

204 4859 312 4912 que
341 4844 606 4900 reti-enata
654 4845 864 4900 luxuria
913 4855 1153 4902 servetur
1203 4848 1444 4917 corporis
1498 4855 1552 4900 et
1595 4849 1772 4902 cordis

205 4932 494 5000 munditia,
519 4949 586 4988 ne
605 4931 742 4990 forte
771 4933 934 5004 (quod
963 4935 1117 5004 ahsit)
1142 4937 1378 4991 incurrat
1414 4936 1604 5006 aliquis
1645 4937 1769 4991 illud

204 5024 564 5079 damnationis
589 5027 882 5094 periculum
914 5026 1054 5095 quod
1079 5027 1237 5081 modo
1256 5023 1410 5082 nobis
1431 5041 1498 5080 ex
1529 5027 1769 5093 Apostoli

205 5113 365 5168 dictis
412 5120 497 5167 est
522 5122 812 5168 ostensum.
846 5112 948 5178 Qui
984 5113 1274 5180 mandarat,
1297 5116 1501 5182 inquit,
1555 5124 1602 5168 et
1649 5112 1770 5166 bibit

205 5201 438 5270 indigne,
461 5201 708 5271 judicium
720 5200 818 5256 sibi
831 5203 1106 5256 manduca!
1125 5212 1173 5254 et
1193 5186 1315 5254 bibit
1326 5244 1339 5266 ,
1354 5187 1462 5255 non
1477 5204 1768 5271 dijudicans

207 5302 392 5357 cerrus
413 5288 685 5355 Domini“
715 5289 834 5344 Cor.
866 5292 965 5358 si).
999 5290 1150 5362 Unde
1187 5291 1359 5345 adhuc
1388 5291 1457 5364 in
1492 5291 1602 5364 ipsa
1632 5291 1766 5358 lege.

207 5389 330 5449 post
377 5395 546 5450 pauca
600 5382 970 5452 subiungitur:
1008 5383 1168 5437 Renes
1223 5381 1413 5439 vestros
1450 5385 1766 5453 arcingetis,

205 5464 833 5526 Wm'habebitis
869 5473 920 5524 in
970 5471 1194 5540 pedibus,
1220 5481 1441 5527 tenentes
1493 5471 1694 5526 baculus
1715 5473 1768 5526 in

211 5559 466 5624 auibus,
497 5569 544 5614 et
567 5563 839 5617 comedetis
868 5563 1182 5632 festinantes.
1214 5561 1279 5614 Et
1307 5579 1424 5631 nos,
1453 5564 1767 5631 cbarissimi,

208 5647 424 5714 unum
455 5655 698 5702 nostrum
726 5650 1035 5713 comessuri,
1070 5664 1223 5705 renes
1265 5633 1476 5706 nostros
1528 5653 1770 5719 accinga-

211 5748 354 5802 mus,
375 5735 430 5790 id
455 5745 562 5803 est,
583 5736 962 5792 delectationes
1016 5738 1200 5795 noxias
1227 5747 1280 5796 et
1304 5740 1594 5796 carnalium
1631 5741 1770 5798 desi-

1867 4586 2068 4639 laudem
2089 4586 2199 4654 ejus
2229 4582 2400 4651 (Psat.
2430 4581 2499 4648 L).
2529 4582 2862 4648 Quapropter
2883 4592 3095 4648 precum
3126 4583 3414 4631 vestrarum

1867 4675 2206 4730 devotionem
2230 4670 2535 4740 expastulo,
2565 4679 2620 4723 et
2666 4669 2916 4737 quo‘niam
2962 4669 3096 4722 inter
3123 4682 3217 4722 vos
3247 4666 3424 4736 plures

1865 4767 2040 4834 justos
2065 4779 2182 4818 esse
2212 4778 2316 4818 non
2347 4761 2558 4827 ambigo
2581 4801 2596 4825 ,
2639 4761 2764 4813 illud
2814 4759 2996 4814 Jacobi
3047 4759 3272 4826 apostoli
3326 4759 3425 4811 imo

1871 4855 2002 4923 pleri
2037 4868 2140 4906 non
2169 4852 2368 4913 diffide,
2399 4849 2617 4904 Multum
2651 4850 2782 4902 valet
2810 4849 3098 4916 deprecatio
3137 4851 3264 4917 justi
3293 4849 3423 4900 assi-

1871 4943 1970 4996 dua
2005 4939 2244 4994 Ecclesia
2271 4937 2405 5009 (Jac.
2432 4945 2504 5004 ν),
2533 4952 2648 5006 quae
2675 4938 2856 5004 quinta
2881 4935 3006 4990 feria
3034 4937 3234 4993 dierum
3263 4934 3423 4988 C(ena

1846 5029 2100 5094 ‘Domini,
2121 5045 2187 5083 ex
2211 5029 2425 5094 antiqua
2473 5025 2685 5080 Patrum
2717 5025 3096 5102 consuetudine
3115 5063 3130 5087 ,
3154 5038 3425 5094 nuncupa-

1870 5125 1976 5180 tttr,
2003 5133 2067 5170 eo
2091 5115 2230 5184 quod
2267 5115 2518 5169 Dominus
2573 5114 2624 5166 in
2670 5113 2768 5167 hac
2797 5120 2950 5165 nocte
3004 5125 3122 5163 cum
3173 5110 3428 5178 apostolis

1870 5206 1978 5258 suis
1995 5205 2303 5264 cmnaverit.
2325 5205 2596 5271 complens
2624 5201 2828 5256 Veteris
2851 5199 3172 5253 Testamenti
3201 5198 3424 5260 Pascha,

1874 5294 2191 5360 tradensque
2216 5293 2292 5345 eis
2323 5292 2572 5360 mysteria
2593 5289 2833 5355 corporis
2854 5303 2916 5342 ac
2942 5288 3208 5354 sanguinis
3229 5286 3329 5338 sui.
3354 5284 3426 5337 De

1874 5383 2024 5452 cujus
2051 5380 2216 5436 coena:
2238 5379 2604 5434 observatione
2631 5377 2897 5442 redarguit
2923 5374 3206 5443 Apostolus
3231 5372 3424 5426 Corin-

1875 5474 2032 5534 thios,
2056 5472 2269 5524 dicens:
2303 5467 2714 5522 Convenieutibus
2746 5466 2880 5519 robis
2904 5467 2954 5516 in
2991 5479 3167 5525 unum,
3181 5460 3293 5529 jam
3325 5477 3429 5516 non

1872 5568 1946 5612 est
1971 5558 2274 5617 dominicam
2303 5570 2496 5608 caenam
2522 5555 2827 5626 manducare
2871 5550 2923 5621 (I
2957 5549 3076 5603 Cor.
3109 5549 3184 5616 XI)
3210 5566 3222 5602 :
3251 5549 3300 5602 id
3323 5558 3424 5611 est.

1873 5659 1977 5697 non
1999 5653 2080 5697 est
2103 5644 2254 5698 vobis
2283 5643 2481 5696 licitum
2514 5641 2829 5695 dominicam
2858 5652 3063 5709 cmnam
3094 5637 3426 5693 taliterman-

1873 5735 2069 5792 ducare
2091 5736 2319 5804 qualiter
2345 5751 2438 5791 vos
2484 5735 2829 5790 manducatis.
2883 5732 3241 5802 Unusquisque
3288 5731 3422 5793 enim
3484 5732 3521 5792 ᾖ
