3886 6226
508 363 609 418 (5ζῖ

1638 364 1690 416 S.
1737 359 1930 412 ELlCll
1964 357 2238 411 NOVIO“;
2281 357 2486 411 EI‘ISC.

3601 358 3713 411 618

507 487 654 524 suum
683 487 786 522 twn
807 487 868 521 .m
895 471 1143 537 pra'sum'it
1166 466 1686 539 .d'manducandum;
1709 477 1752 518 et
1778 467 1904 518 auiis
1934 468 2043 534 qui-
2078 468 2124 522 Α
2151 464 2609 527 medicamentum,
2637 462 2686 513 in
2711 469 2960 529 quantum
2993 463 3270 530 prmvalet,
3318 479 3376 518 se
3426 465 3716 533 purificare

507 561 620 610 dem
650 561 838 621 esurit,
890 559 976 612 ille
1012 559 1210 612 scilicet
1257 558 1346 624 qui
1387 565 1696 624 paupertate
1748 557 2045 621 premitur:

509 647 637 698 alius
666 654 850 707 autem,
883 646 931 698 id
957 655 1039 698 est
1067 685 1081 708 ,
1122 645 1266 697 dives
1317 645 1537 711 quilibet
1565 657 1692 697 sane
1721 650 2044 710 praepotens,

508 736 671 788 ebrius
700 745 770 788 est
801 734 1005 803 (Ιὸἰά.).
1041 732 1160 787 [hcc
1185 735 1298 786 ideo
1327 733 1453 785 (ιιι-ιι
1506 733 1629 799 quia
1652 729 1928 793 Corinthii,
1960 727 2049 793 qui

512 840 604 891 per
627 824 1048 892 pzzcdicatiouem
1070 824 1182 890 ejus
1228 823 1294 874 ad
1325 820 1354 871 ii
1378 823 1475 874 lem
1508 827 1782 883 venerant,
1807 819 2050 872 solebant

509 916 561 965 in
587 914 685 966 hac
707 913 790 965 die
813 912 1016 967 deferre
1036 913 1101 965 ad
1129 913 1409 966 ecclesiam
1459 926 1644 979 panem
1675 921 1728 964 et
1751 911 1925 962 vinum
1950 949 1964 975 ,
1998 917 2051 962 et

509 1000 700 1052 dabant
725 999 985 1053 sacerdoti
1009 998 1076 1051 ad
1105 998 1541 1062 consecrandum,
1574 997 1899 1064 expletisque
1929 1012 2044 1070 my-

508 1089 681 1141 steriis
712 1089 1065 1156 unusquisque
1093 1087 1230 1155 quod
1255 1087 1470 1139 dederat
1513 1087 1819 1154 recipiebat.
1849 1087 1951 1138 Sed
2000 1093 2054 1136 et

509 1177 720 1244 qu'dam
751 1177 954 1229 illorum
985 1177 1036 1229 in
1084 1176 1281 1229 foribus
1324 1175 1504 1243 templi
1542 1175 1905 1243 praeparabant
1953 1174 2052 1226 sibi

511 1264 844 1328 convivia,in
901 1272 1186 1332 conspectu
1235 1277 1546 1332 pauperum,
1591 1262 1821 1326 nihilque
1868 1261 2052 1313 horum

509 1354 584 1407 eis
615 1353 1038 1420 exspectantibus
1087 1353 1402 1418 erogabant;
1461 1347 1598 1402 unde
1629 1355 1773 1400 notat
1806 1364 1927 1410 eos,
1976 1348 2052 1399 di-

509 1456 633 1494 cens
660 1440 800 1508 quod
851 1441 980 1491 alius
1011 1441 1179 1501 esurit,
1213 1449 1256 1491 et
1278 1439 1406 1489 alius
1445 1438 1603 1490 ebrius
1639 1445 1730 1488 est.
1764 1435 1826 1486 Et
1859 1435 2079 1488 idcirco.

507 1530 809 1596 subjungit:
848 1527 1094 1597 Nunquid
1119 1528 1288 1579 domos
1315 1527 1502 1578 habetis
1547 1526 1613 1580 ad
1649 1523 2055 1576 manducandum

509 1629 553 1669 et
583 1619 672 1668 bib.
693 1619 865 1677 mlum,
883 1629 964 1667 aut
989 1616 1045 1667 Ε.
1064 1616 1266 1667 cli'siam
1288 1613 1741 1666 Deicontcmnitis?
1765 1612 1811 1663 id
1839 1618 1937 1670 est,
1962 1623 2055 1676 pro

510 1709 676 1761 nihilo
705 1708 930 1760 ducitis:
959 1717 1005 1760 et
1035 1706 1343 1773 Conj‘unditis
1377 1720 1480 1766 eos,
1513 1704 1610 1754 ilOi,‘
1640 1710 1720 1754 est
1744 1741 1758 1764 ,
1799 1715 2055 1753 verecun-

2151 559 2417 618 procuret.
2441 551 2763 604 Conliteatur
2804 551 3064 620 adrersum
3104 567 3162 606 se
3206 555 3510 622 injustitiam
3554 571 3718 610 suam

2150 640 2406 702 Domino,
2454 650 2508 690 ut
2556 623 2772 691 remiitnt
2823 642 3128 706 impietatem
3181 643 3354 694 cords
3399 645 3479 696 sui
3534 644 3716 712 (l’sal.

2151 729 2319 790 XXX”,
2353 741 2404 780 et
2427 729 2647 795 reliquiae
2673 731 3030 797 cogitatio‘mm
3057 733 3164 799 ejus
3187 731 3316 783 diem
3347 735 3530 798 festum
3557 747 3718 803 agent

2153 817 2366 870 Domino
2407 816 2570 880 (I’sai.
2628 820 2809 883 μιν).
2862 819 3009 872 Tunc
3035 820 3175 872 enim
3219 821 3451 889 reliqui-.1:
3502 824 3718 888 cogita-

2153 905 2310 957 tionis
2337 903 2476 958 diem
2506 903 2692 956 festum
2723 913 2886 972 agunt
2916 906 3154 972 Domino,
3193 910 3411 976 quando
3458 917 3722 976 peccator

2153 993 2369 1061 quilibet
2400 1000 2516 1059 post
2545 994 2690 1060 prius
2726 995 2903 1048 datam
2933 997 3341 1061 confessionem,
3373 1014 3433 1052 se
3458 999 3723 1053 cohibere

2154 1079 2430 1146 pollicetur
2457 1079 2522 1132 ab
2569 1079 2845 1146 iniquitate
2887 1096 3000 1146 sua,
3033 1091 3276 1150 tomsque
3321 1087 3626 1153 prorumpit
3668 1088 3722 1139 in

2153 1168 2412 1238 Iacrymas
2442 1179 2494 1221 et
2521 1169 2571 1222 in
2599 1168 2934 1223 afﬂictionvm
2978 1171 3171 1236 cordis,
3203 1175 3453 1241 quoniam
3485 1191 3572 1225 rer
3595 1190 3726 1225 ion-

2155 1257 2326 1307 tritnm
2354 1271 2400 1308 et
2451 1257 2767 1310 humiliatum
2813 1258 2949 1311 Deus
2979 1277 3079 1312 non
3127 1263 3331 1328 spernit
3384 1262 3557 1326 (Paul.
3609 1267 3669 1328 ι.)
3706 1281 3720 1315 ;

2155 1351 2208 1396 et
2228 1342 2521 1410 hujusmodi
2552 1345 2808 1398 festivitas
2847 1347 3048 1415 angelis
3075 1348 3460 1401 exsultantibus
3501 1354 3580 1413 lit,
3617 1349 3724 1402 Ve-

2155 1433 2310 1486 ritate
2339 1443 2645 1497 attcslantc,
2671 1451 2783 1502 qua:
2825 1436 2899 1486 ait
2927 1453 2938 1486 :
2972 1438 3091 1502 quia
3119 1437 3249 1504 gand
3273 1453 3353 1487 um
3385 1449 3458 1488 at
3507 1441 3561 1490 in
3589 1437 3724 1489 ca'lo

2154 1537 2300 1589 super
2329 1539 2428 1573 uno
2452 1534 2710 1587 percutere
2729 1541 2899 1575 rerum
2927 1527 3116 1592 angelis
3141 1526 3230 1576 Dci
3260 1526 3405 1591 (Luc.
3443 1532 3556 1592 xv).
3585 1529 3725 1590 Quia

2156 1623 2281 1674 ergo
2309 1611 2507 1676 majora
2537 1611 2756 1662 crimina
2781 1612 3178 1666 :ulmittentibus
3208 1615 3408 1680 majcra
3454 1608 3594 1668 sunt'
3620 1617 3724 1669 ad-

2157 1696 2380 1748 hibenda
2417 1697 2664 1758 remedia,-
2695 1707 2999 1750 Convi-rtam
3027 1714 3110 1754 me
3150 1702 3214 1752 ad
3248 1718 3340 1754 vns
3360 1717 3492 1768 quos
3523 1703 3723 1756 Eccle-

511 1802 621 1854 dnri
664 1801 830 1854 facitis
873 1799 1015 1866 qnod
1063 1816 1165 1851 non
1230 1798 1456 1850 habent?
1504 1796 1638 1858 Quid
1675 1797 1835 1846 dirum
1882 1793 2054 1859 vobis?
2085 1779 2129 1836 Β
2154 1787 2228 1838 sia
2260 1801 2325 1838 ex
2357 1802 2499 1839 more
2522 1788 2838 1853 pumilcnles
2870 1797 3058 1851 vocat,
3089 1790 3302 1855 cupii-ns
3325 1792 3508 1843 audire
3533 1801 3590 1842 et
3643 1792 3724 1841 vi-

515 1891 690 1941 l.audo
744 1891 874 1939 vos?
919 1889 968 1938 in
1016 1889 1106 1938 hac
1147 1902 1245 1937 non
1284 1886 1471 1949 liiudo,
1516 1882 1758 1935 videlicet
1785 1881 1925 1948 quod
1980 1882 2055 1934 sic

514 1979 807 2032 inordinate
835 1987 888 2028 «ιι
913 1979 1025 2030 sine
1049 1977 1301 2029 charitale
1331 1960 1624 2028 comeditis.
1674 1973 1783 2041 Ego
1813 1975 1940 2024 enim
1971 1989 2055 2024 ac-

513 2068 617 2133 cepi
659 2083 688 2116 a
717 2065 930 2118 Domino
953 2065 1084 2132 quod
1122 2074 1168 2117 et
1224 2064 1409 2114 tradxdi
1439 2063 1573 2114 vobis
1601 2104 1614 2124 ,
1666 2063 1780 2129 quia
1808 2059 2054 2112 Dominus

511 2156 656 2207 Jcsus
683 2157 733 2206 in
763 2172 856 2222 qua
887 2167 1026 2205 nocfe
1070 2153 1354 2204 tradebatur
1375 2153 1563 2216 accepit
1589 2165 1784 2216 ,tslmem,
1819 2159 1866 2201 et
1895 2150 2054 2200 dixit:

517 2242 560 2293 ΙΙ
571 2260 626 2294 oc
641 2251 713 2293 est
731 2256 909 2306 corpus
927 2256 1106 2302 meum,
1125 2239 1255 2307 quod
1270 2239 1398 2290 votis
1417 2238 1641 2290 tradetur
1658 2235 1865 2304 (Ibid.).
1888 2235 2056 2289 Scito-

515 2341 588 2394 te,
617 2330 802 2381 fratres
833 2327 1178 2392 dilectissimi,
1201 2328 1478 2392 veraciter,
1495 2340 1557 2380 ac
1582 2325 1777 2378 credite
1805 2323 2022 2376 firmiter
2040 2362 2054 2387 ,

514 2416 654 2485 quod
682 2417 815 2469 sicut
837 2431 958 2469 caro
988 2415 1179 2468 Christi
1204 2430 1358 2482 quam
1381 2413 1662 2480 assumpsit
1688 2413 1738 2463 in
1762 2421 1909 2462 utero
1940 2410 2059 2461 Vir-

514 2506 666 2570 ginis,
687 2518 866 2558 verum
899 2518 1091 2569 corpus
1113 2502 1226 2569 ejus
1253 2511 1337 2554 est
1363 2509 1416 2554 et
1443 2516 1539 2568 pro
1568 2508 1743 2554 nostra
1766 2499 1935 2574 salute
1962 2514 2055 2552 oc-

515 2597 678 2645 cisum
709 2610 721 2654 ;
755 2595 823 2643 ita
872 2591 1022 2658 panis
1063 2606 1216 2658 quem
1249 2591 1460 2644 tradidit
1506 2589 1780 2656 discipulis
1819 2590 1962 2652 suis,
2007 2599 2060 2641 et

518 2699 673 2749 «μιι-ιιι
720 2681 956 2750 quotidie
1000 2688 1312 2735 coosecrant
1350 2681 1648 2733 sacerdotes
1697 2678 1750 2731 in
1799 2678 2018 2730 ecclesia
2044 2719 2056 2742 ,

519 2788 698 2824 verum
728 2786 918 2839 corpus
945 2779 1021 2824 est
1052 2770 1260 2823 Chrisvi.
1291 2769 1396 2824 Nec
1420 2777 1542 2822 sunt
1565 2771 1666 2822 duo
1686 2782 1908 2835 corpora
1937 2781 2059 2821 caro

522 2873 678 2930 quam
709 2858 986 2924 assumpsit
1033 2865 1086 2910 et
1131 2857 1227 2910 iste
1282 2856 1468 2924 panis,
1515 2857 1603 2909 sed
1661 2857 2058 2908 tantum‘unum

520 2959 745 3017 corpus:
777 2947 826 2998 in
861 2955 1057 2998 tantum
1091 2945 1229 3013 quod
1268 2945 1390 2996 dum
1425 2944 1508 2996 ille
1546 2943 1800 3011 frangitur
1825 2951 1878 2994 et
1917 2957 2062 2993 com-

525 3035 728 3097 editur,
779 3033 1018 3086 Cluistus
1076 3032 1377 3085 immolatur
1421 3041 1475 3084 et
1520 3032 1722 3094 editur,
1775 3039 1827 3084 et
1889 3039 2059 3084 tamen

521 3137 653 3175 unus
695 3130 748 3173 et
791 3122 990 3187 integer
1036 3129 1326 3189 permanet.
1388 3119 1546 3172 Certe
1603 3118 1918 3186 Redemptor
1968 3133 2063 3171 no-
2090 3088 2134 3149 ϐ

521 3221 648 3274 ster,
679 3211 955 3264 Consulens
1000 3195 1189 3262 nostin:
1229 3207 1512 3274 fragilitati,
1537 3206 1746 3259 tradidit
1769 3207 1920 3259 nobis
1965 3205 2065 3259 hoc

529 3311 934 3361 sacramentum,
967 3307 1020 3350 ut
1050 3313 1082 3364 q
1109 3299 1168 3350 .ia
1192 3297 1300 3364 ipse
1332 3297 1439 3363 jam
1466 3310 1567 3348 non
1598 3303 1770 3363 potest
1800 3295 1959 3356 muri.
2010 3303 2066 3348 ει

529 3402 622 3439 nos
649 3386 881 3452 quotidie
911 3399 1205 3452 peccamus,
1231 3385 1514 3436 habeamus
1553 3398 1729 3435 verum
1750 3382 2062 3434 sacrificium

525 3491 629 3542 quo
654 3475 912 3542 possimus
961 3473 1154 3540 eXpiari
1201 3488 1230 3524 a
1277 3471 1504 3539 peccatis
1551 3472 1760 3524 nostris.
1811 3457 2065 3535 Quocirca

531 3578 649 3615 cum
675 3563 860 3614 timore
887 3571 939 3613 et
964 3562 1370 3627 ronipnnctione
1397 3560 1604 3622 mentis,
1635 3561 1882 3627 omnique
1912 3574 2063 3613 reveo

529 3649 718 3709 rentia,
747 3649 994 3699 debemus
1041 3639 1290 3699 accedere
1336 3645 1402 3697 ad
1451 3645 1614 3698 altare
1650 3653 1704 3698 et
1732 3645 1796 3697 ad
1832 3660 2065 3698 mensam

531 3738 766 3805 corporis
792 3745 846 3791 et
899 3736 1163 3804 sanguinis
1210 3735 1453 3799 Domini,
1497 3744 1549 3788 et
1573 3735 1750 3788 dicere
1802 3733 2068 3788 humiliter

535 3842 654 3878 cum
683 3827 1024 3878 ccuturione:
1060 3823 1286 3887 Domine,
1326 3841 1421 3876 non
1453 3840 1562 3875 sum
1610 3823 1791 3891 dignus
1829 3833 1878 3875 ut
1914 3814 2073 3874 intres

513 3896 622 3967 ’διώ
653 3925 830 3966 tectum
861 3931 1017 3966 meum
1049 3913 1254 3983 (Matth.
1291 3911 1416 3980 vui).
1466 3911 1675 3964 Interim
1721 3919 1894 3962 autem
1943 3911 2065 3962 dum

533 4003 730 4068 cogito,
759 4005 984 4069 dumque
1005 4002 1056 4054 in
1077 4002 1235 4055 corde
1256 4016 1373 4053 meo
1405 4001 1614 4068 requiro
1666 4001 1855 4067 quibus
1895 4000 2068 4052 verbis

535 4105 630 4142 vos
661 4105 899 4143 moneam
926 4090 1100 4156 fugere
1122 4105 1150 4141 a
1181 4101 1398 4144 ventura
1420 4089 1518 4152 ira,
1542 4089 1678 4140 nulla
1707 4098 1861 4155 pnest
1897 4073 2070 4140 ntinra

536 4182 642 4233 visa
664 4190 783 4233 sinit
809 4195 965 4248 quant
1007 4195 1066 4232 ea
1105 4173 1294 4246 quibus
1349 4180 1598 4233 Dominus
1653 4179 1702 4231 in
1764 4179 1910 4231 initio
1961 4194 2070 4230 sua:

539 4270 920 4336 pi-zrdicationis
939 4269 1178 4322 omnibus
1209 4267 1525 4336 persuadere
1553 4267 1822 4323 contendit
1849 4269 2028 4322 dicens
2055 4287 2066 4320 :

540 4359 889 4410 Pwnituntiant
917 4359 1044 4425 agite
1073 4373 1087 4408 :
1116 4356 1530 4426 appropinquabit
1567 4359 1695 4407 enim
1741 4371 1944 4422 reJunm
1975 4371 2065 4407 cu:-

541 4450 702 4499 torum
728 4447 934 4513 (Matth.
961 4447 1054 4512 tv).
1100 4445 1403 4512 Quicunque
1426 4459 1552 4512 ergo
1574 4454 1803 4499 vestrum
1845 4445 1922 4497 his
1943 4461 2072 4511 qua-

544 4538 828 4600 dragenum
866 4537 1066 4590 dierum
1113 4535 1562 4589 observationibus
1615 4532 1977 4601 pmnitentiam
2023 4544 2070 4586 et

545 4627 890 4680 confessionis
915 4641 1022 4679 sua:
1047 4625 1275 4680 debitum
1299 4640 1356 4678 se
1381 4623 1677 4677 exercuisse
1719 4623 1922 4683 recolit,
1957 4631 2076 4687 agat

553 4717 770 4768 Domino
800 4720 1009 4782 gratias,
1035 4723 1089 4768 et
1134 4714 1381 4782 quidquid
1411 4713 1658 4780 templum
1689 4713 1779 4765 Dei
1831 4713 2076 4766 violando

551 4807 600 4857 in
630 4820 686 4857 se
711 4803 1040 4864 destruvcril,
1066 4818 1164 4855 non
1188 4805 1448 4869 desperet,
1472 4801 1564 4854 sed
1591 4801 1696 4854 cito
1724 4801 1790 4854 de
1813 4802 1949 4853 malo
1980 4800 2078 4852 ini-

551 4892 763 4958 quitatis
787 4906 891 4942 su:c
915 4897 1217 4957 consurgat.
1247 4889 1359 4942 Non
1384 4889 1519 4941 enim
1551 4887 1689 4956 quod
1717 4894 1901 4954 peccat
1927 4926 1939 4947 ,
1989 4889 2077 4940 sel

553 4981 690 5044 quod
717 4980 763 5030 ia
807 4986 1022 5046 peccato
1077 4987 1413 5045 perseverat,
1457 4978 1560 5031 Deo
1606 4977 1816 5031 odibilis
1869 4989 1966 5031 est.
2018 4977 2082 5031 Ut

553 5079 678 5130 ergo
709 5067 880 5118 verbis
910 5066 1110 5118 Domini
1134 5067 1415 5118 secundum
1443 5066 1667 5118 Marcum
1697 5074 1813 5117 utar
1837 5105 1852 5128 ,
1897 5065 2084 5131 quibus

556 5154 682 5206 dicit
708 5171 717 5202 ;
746 5154 888 5216 Quod
908 5153 1038 5214 dico,
1066 5153 1288 5206 erunibus
1317 5154 1448 5213 diro,
1475 5150 1688 5219 Vigilate
1720 5151 1907 5220 (Marc.
1937 5151 2081 5215 xm);

546 5243 800 5295 similiter
819 5244 953 5309 quod
975 5243 1089 5295 diro
1120 5283 1132 5303 ,
1181 5242 1422 5295 omnibus
1449 5242 1596 5294 vobis
1623 5244 1738 5294 dico
1770 5259 1783 5294 :
1840 5241 2043 5304 clericis
2070 5284 2082 5301 ,

563 5330 712 5383 laicis
734 5345 794 5381 ac
823 5344 931 5382 san:
956 5330 1331 5392 Iinionialilms,
1363 5339 1417 5381 ut
1437 5329 1668 5395 quisquis
1695 5344 1751 5381 se
1778 5341 1961 5382 recont
2007 5330 2082 5381 in-

564 5418 716 5472 vidia:
740 5427 828 5469 aut
856 5417 1209 5490 detractionis,
1239 5417 1342 5470 odii
1372 5432 1580 5484 quoque
1609 5426 1659 5469 et
1686 5418 2040 5471 fornicationis
2074 5461 2087 5481 ,

564 5507 677 5561 sive
717 5509 945 5562 incestus
1001 5507 1078 5561 vel
1116 5506 1330 5575 pet-jurii
1361 5552 1372 5570 ,
1428 5517 1798 5560 czrterorunive
1849 5509 2090 5560 vitiorum

565 5598 872 5662 contagione
898 5605 1164 5660 attactum,
1189 5596 1372 5650 saltem
1394 5596 1548 5650 holie
1579 5611 1670 5663 per
1700 5597 1883 5650 divina:
1912 5597 2092 5650 salutis

2153 1878 2278 1930 dere
2301 1886 2494 1944 quanta
2525 1878 2818 1942 intentione
2868 1877 3064 1930 deflere
3105 1879 3380 1931 studuistts
3429 1881 3724 1934 commissa

2153 1977 2349 2027 vestra,
2376 1975 2427 2017 et
2456 1975 2656 2031 quanto
2677 1964 2850 2018 studio
2873 1966 3120 2032 deinceps
3151 1981 3437 2033 procurare
3463 1968 3631 2019 vultis
3655 1982 3725 2021 ne

2155 2055 2204 2107 in
2227 2055 2526 2109 barathrum
2541 2054 2844 2122 perditionis
2865 2054 3049 2105 animm
3069 2063 3256 2107 vestra:
3268 2054 3595 2107 relabantur.
3636 2056 3715 2108 Ex

2156 2142 2279 2209 ipsis
2309 2157 2535 2208 namque
2568 2142 2812 2194 tracturis
2843 2141 2923 2193 vel
2971 2141 3274 2193 vulneribus
3300 2156 3590 2209 corpomm
3635 2144 3724 2194 in-

2156 2229 2428 2281 ﬁrmitates
2455 2228 2676 2295 potestis
2703 2240 3023 2293 cognoscere
3068 2227 3359 2279 animarum
3380 2239 3721 2283 vestrarum.

2157 2318 2210 2371 Si
2233 2319 2370 2370 enim
2400 2316 2557 2368 alicui
2581 2331 2698 2367 erus
2726 2313 2992 2380 frangatur
3015 2350 3029 2376 ,
3071 2324 3162 2367 aut
3194 2326 3244 2366 m
3265 2330 3378 2368 unus
3403 2356 3417 2377 ,
3479 2332 3609 2369 cum
3645 2318 3727 2370 la-

2157 2405 2284 2458 bore
2311 2406 2444 2457 Solet
2470 2404 2531 2455 ad
2557 2402 2833 2470 pristinum
2859 2403 3092 2455 revocari
3106 2402 3372 2473 cilicium;
3401 2403 3444 2455 si
3475 2420 3607 2456 vero
3635 2420 3722 2457 sc-

2156 2496 2328 2546 cumlo
2353 2502 2408 2546 et
2438 2494 2594 2545 tertio
2624 2491 2810 2544 eodem
2835 2489 2954 2544 loco
2977 2492 3207 2544 membra
3235 2492 3344 2558 ipsa
3377 2492 3719 2559 frangantur,

2157 2592 2331 2652 potest
2356 2581 2652 2645 intelligere
2677 2581 2906 2633 chartas
2927 2587 3101 2633 vestra
3133 2596 3249 2632 cum
3273 2581 3483 2648 quantis
3512 2582 3725 2633 dolori-

2159 2672 2254 2723 bus
2281 2679 2334 2723 et
2388 2669 2704 2722 cruciatibus
2754 2669 2969 2721 vulnera
3020 2670 3127 2736 ipsa
3171 2670 3401 2722 curanda
3446 2681 3605 2733 sunt;
3661 2678 3719 2722 et

2162 2769 2332 2811 tamen
2365 2766 2482 2826 post
2503 2758 2686 2825 longos
2706 2769 2760 2811 et
2781 2757 2975 2810 multos
2997 2757 3226 2824 labores,
3244 2759 3326 2810 vix
3352 2759 3452 2810 erit
3476 2772 3721 2824 unquam

2160 2857 2214 2900 ut
2245 2849 2309 2898 ad
2339 2847 2611 2915 pristinum
2642 2854 2834 2899 statum
2883 2847 3117 2899 membra
3161 2847 3272 2914 ipsa
3316 2848 3527 2899 valeant
3556 2863 3725 2900 revo-

2160 2938 2288 2990 cari.
2313 2936 2507 2988 Similis
2535 2937 2668 2987 ratio
2692 2935 2742 2986 in
2775 2937 3064 2987 animarum
3096 2935 3336 2988 fiat-luris
3357 2936 3719 2989 existimanda

2164 3034 2263 3078 est.
2294 3024 2345 3075 Si
2377 3038 2502 3090 ergo
2532 3024 2694 3075 semel
2723 3022 2928 3089 aliquis,
2960 3021 3189 3075 secundo
3217 3023 3459 3092 cppitalia
3491 3025 3727 3077 crimina

2164 3109 2468 3174 admiserit,
2518 3116 2572 3162 et
2619 3109 2682 3161 ad
2732 3111 3055 3177 poenitentia:
3103 3110 3323 3163 fructum
3379 3111 3724 3179 confugerit,

2163 3200 2570 3252 incolumitatem
2597 3195 2754 3285 quam
2786 3201 3083 3266 perdiderat
3109 3203 3358 3268 recipiet;
3389 3203 3430 3255 si
3453 3218 3586 3256 vero
3619 3205 3723 3257 cri-

2164 3291 2302 3343 mina
2323 3290 2627 3343 criminibus
2655 3292 2877 3356 coeperit
2904 3289 3128 3352 addere,
3168 3301 3221 3343 et
3277 3292 3570 3344 animarum
3601 3296 3714 3345 vul~

2162 3391 2290 3432 nera
2321 3378 2544 3444 tegendo
2574 3378 2873 3445 permiserit
2904 3385 3205 3445 putrescere
3229 3417 3241 3440 ,
3296 3379 3584 3432 tnnendnm
3611 3404 3614 3407 -
3641 3395 3725 3434 est

2163 3467 2351 3519 mirum
2373 3467 2426 3519 in
2455 3466 2666 3519 modum
2689 3480 2755 3518 ne
2781 3469 2829 3518 in
2859 3467 2947 3518 illo
2967 3465 3244 3534 impleatur
3263 3467 3388 3520 illud
3411 3469 3717 3535 prophetae,

2163 3551 2578 3619 Computruerum
2591 3554 2817 3618 jumenta
2835 3554 2885 3604 in
2905 3562 3117 3606 stercom
3137 3570 3227 3605 suo
3247 3555 3398 3622 (Joel.
3420 3555 3458 3623 ι)
3479 3572 3498 3619 ;
3520 3565 3579 3608 et
3598 3555 3726 3607 illud

2119 3670 2122 3674 ι
2163 3640 2400 3706 Apostoli
2426 3659 2436 3691 :
2473 3640 2760 3692 Secundum
2788 3642 3027 3691 duritiam
3057 3644 3178 3692 τινα
3198 3659 3222 3693 s
3249 3644 3321 3694 tui
3341 3654 3389 3695 et
3418 3659 3503 3695 cor
3530 3645 3726 3710 impae-

2164 3733 2322 3782 nitens
2343 3731 2651 3782 thesaurizas
2673 3739 2697 3794 t_
2712 3729 2760 3782 bi
2789 3731 2912 3781 iram
2937 3733 2982 3780 in
3008 3731 3088 3783 die
3116 3731 3207 3784 ira:
3230 3742 3278 3783 rt
3305 3736 3622 3785 reuelationis
3642 3735 3728 3802 ju-

2165 3821 2229 3870 sti
2250 3819 2429 3886 judicii
2461 3818 2550 3870 Dei
2589 3811 2762 3886 (Rom.
2793 3826 2870 3885 It).
2901 3817 3055 3884 Nam,
3083 3827 3140 3870 ut
3170 3819 3234 3872 de
3263 3819 3590 3887 indulgentia
3645 3821 3726 3874 di-

2167 3908 2282 3959 vina
2312 3921 2465 3960 nemo
2489 3907 2707 3967 diflidat,
2740 3905 2988 3959 Dominus
3033 3916 3217 3960 noster
3269 3923 3363 3977 per
3400 3910 3720 3977 prophetam

2166 3998 2468 4052 consolatur
2489 4013 2602 4060 nos,
2635 3995 2769 4050 Nolo
2785 3997 3067 4067 (inquiens)
3088 4007 3294 4050 mortem
3313 4002 3616 4065 peccatoris,
3631 4000 3722 4050 sed

2167 4095 2220 4138 ut
2240 4094 2554 4138 convertatur
2573 4096 2618 4138 et
2647 4088 2780 4138 vivat
2809 4085 3014 4154 (Exerit.
3033 4103 3148 4159 an
3176 4091 3257 4152 ιι).
3289 4086 3376 4139 Sic
3406 4097 3586 4140 tatnen
3617 4103 3725 4140 non

2170 4175 2218 4227 ei
2237 4174 2380 4237 lldat,
2404 4181 2459 4225 ut
2477 4176 2590 4226 sine
2606 4187 2751 4226 mora
2783 4173 2942 4242 ipsius
2968 4165 3195 4226 animum
3214 4175 3548 4242 repropitiari
3578 4175 3726 4228 ωδιὶ-

2172 4273 2318 4329 met,
2361 4279 2427 4316 ne
2479 4263 2613 4316 forte
2639 4264 2683 4317 si
2709 4263 3140 4316 consuetudinem
3185 4266 3415 4330 graviter
3466 4263 3724 4332 peccandi

2172 4354 2415 4418 tenuerit,
2440 4353 2643 4406 etiamsi
2667 4345 2808 4412 velit,
2819 4349 2927 4417 jam
2953 4353 3021 4404 de
3046 4353 3237 4404 diaboli
3256 4352 3456 4420 laqueis
3487 4353 3721 4407 evadere

2175 4463 2276 4500 non
2307 4446 2488 4514 possit.
2521 4444 2702 4510 David,
2720 4445 2807 4512 qui
2835 4453 2888 4496 rt
2913 4458 3002 4496 rex
3027 4443 3281 4511 propheta
3308 4445 3484 4499 divino
3499 4460 3722 4500 munere

2176 4537 2286 4589 tieri
2319 4535 2528 4599 meruit,
2555 4543 2675 4602 post
2696 4543 2890 4586 tantam
2920 4534 3140 4599 gratiam
3172 4533 3242 4585 ita
3269 4534 3502 4600 perditus
3533 4549 3634 4596 εει,
3663 4542 3720 4586 ut

2175 4641 2278 4677 non
2305 4624 2472 4676 solum
2495 4622 2805 4675 adulterium
2827 4620 3202 4681 committeret,
3244 4620 3339 4673 sed
3360 4620 3524 4672 etiam
3550 4620 3726 4691 homi-

2175 4713 2367 4766 cidium
2399 4718 2721 4778 perpetraret
2767 4707 2850 4776 (II
2887 4707 3004 4776 Reg.
3052 4709 3187 4776 xu):
3222 4722 3321 4761 nec
3365 4715 3548 4760 tamen
3573 4723 3633 4762 se
3659 4711 3724 4763 ad

2177 4803 2278 4855 hoc
2303 4801 2588 4854 reservavit
2618 4809 2672 4852 ut
2693 4800 2744 4852 in
2767 4807 3037 4852 senectute
3061 4813 3153 4851 sua
3182 4798 3244 4849 ad
3272 4797 3600 4864 pmnitentim
3615 4812 3728 4851 mc-

2178 4892 2475 4943 dieamenta
2505 4890 2812 4956 confugeret
2837 4929 2850 4951 ,
2905 4888 2996 4942 sed
3027 4889 3077 4941 in
3106 4888 3278 4940 cilicio
3324 4895 3628 4955 prostratus
3676 4895 3730 4940 et

2181 4995 2494 5047 conspersus
2525 4982 2718 5042 cinere,
2747 4994 2866 5030 cum
2919 4977 3112 5044 ingenti
3143 4977 3310 5042 rugitu
3337 5017 3350 5036 ,
3411 4977 3634 5043 planctu
3677 4983 3732 5028 et

2181 5069 2396 5132 gemitu,
2429 5066 2785 5133 paenitentiam
2839 5079 2998 5130 agens
3030 5064 3262 5132 implevit
3311 5065 3434 5118 illul
3485 5063 3633 5131 quod
3677 5064 3730 5116 in

2185 5151 2688 5207 Psalniis’dixerat:
2722 5154 2918 5206 Lavabo
2959 5169 3045 5219 per
3082 5152 3306 5221 singulas
3348 5160 3517 5202 noctes
3554 5154 3730 5202 letum

2183 5263 2367 5308 meum,
2392 5247 2626 5314 lacrgmis
2650 5245 2767 5296 meis
2799 5247 3013 5294 stratum
3035 5247 3194 5295 meum
3228 5240 3400 5310 rigabo
3435 5237 3608 5305 (Ραέι.
3640 5238 3730 5308 vt).

2189 5336 2252 5388 Et
2282 5337 2469 5388 iterum
2496 5353 2508 5384 :
2543 5333 2765 5383 Cincmn
2791 5333 2916 5382 sicut
2946 5347 3123 5395 panem
3145 5329 3537 5394 mandantem,
3570 5343 3621 5382 ιε
3647 5343 3729 5397 po-

2193 5434 2295 5475 tum
2329 5438 2491 5474 meum
2521 5437 2630 5470 cum
2651 5423 2770 5488 ﬂetu
2820 5421 3082 5472 miscebant
3112 5417 3284 5484 (Psal.
3323 5415 3415 5484 Ct).
3468 5417 3737 5470 Manasaes

2191 5525 2399 5576 quoque
2424 5524 2532 5569 rex,
2560 5518 2616 5561 ut
2644 5509 2692 5561 in
2717 5508 3002 5575 Scripturis
3028 5506 3246 5571 legimus
3268 5503 3315 5572 (Ι
3335 5504 3367 5549 ι’
3407 5504 3542 5572 Reg.
3588 5519 3644 5566 t;
3673 5499 3734 5554 ΙΙ

2197 5598 2320 5650 Par.
2347 5600 2519 5666 uin),
2545 5605 2647 5651 tam
2676 5596 2960 5663 sacrilegus
2999 5603 3054 5646 et
3080 5609 3092 5645 ι
3156 5594 3269 5665 pius
3299 5592 3416 5657 fuit,
3444 5599 3506 5644 ut
3535 5590 3607 5647 de
3648 5589 3736 5644 illo
