3848 6336
104 457 200 508 610

1535 449 1858 502 ιιοιιξῌτε,

3224 459 3325 504 ιὶηοι

100 568 342 634 scriptum
365 565 459 616 fuit
486 564 631 631 quod
662 570 824 615 tutam
845 560 1135 615 Jerusalem
1174 562 1317 613 onmi
1365 561 1646 628 iniquitate
1682 571 1720 617 Α
1753 561 2103 623 coiiiediams,
2129 563 2169 614 si
2196 563 2321 615 nihil
2348 564 2396 615 in
2427 564 2580 617 nubis
2612 564 2826 616 ﬂuidum
2849 565 3324 635 rcliiiqiiiiiinis,sul

103 655 401 723 repleverit;
424 664 482 706 et
505 664 686 706 tamen
714 653 799 705 hic
827 653 878 705 in
907 651 1266 719 captivitatem
1295 652 1486 704 ductus
1514 659 1568 703 et
1593 652 1644 704 in

97 759 352 798 carcerem
370 743 585 802 missus.
610 757 734 795 cum
759 740 942 808 grandi
955 740 1254 794 humilitate
1276 741 1644 810 pmtiitentiaui

96 848 251 900 agens
275 875 291 899 ,
339 835 406 887 ita
438 832 668 900 gratiam
699 831 790 884 Dei
824 829 1009 898 optimi
1041 831 1372 898 promeruit,
1431 838 1491 882 nt
1514 819 1645 882 'nae-

96 934 293 978 reretur
324 924 459 976 inter
484 922 691 975 amicos
720 920 809 974 Dei
847 918 1185 989 postmodum
1213 919 1504 973 numerari.
1537 918 1648 972 Me-

94 1015 245 1066 retrix
267 1014 424 1067 etiam
450 1013 560 1075 illa,
590 1027 710 1080 que
740 1010 898 1078 pedes
931 1011 1138 1065 Domini
1165 1010 1415 1080 lacrymis
1442 1009 1571 1063 lavit
1595 1019 1650 1064 et

92 1103 289 1171 capillis
321 1103 560 1163 extersit,
593 1102 778 1154 audire
827 1102 1022 1155 meruit
1058 1105 1200 1170 quod
1232 1103 1282 1154 ei
1307 1103 1484 1156 omnia
1516 1118 1642 1170 pec-

89 1203 202 1246 cata
237 1192 426 1246 fuerint
450 1190 669 1245 dimissa
707 1190 857 1258 (Luc.
890 1199 1004 1254 vn).
1039 1191 1276 1258 Denique
1303 1205 1417 1254 vos,
1467 1205 1646 1244 sacer-

87 1283 255 1344 dotes,
275 1283 360 1349 qui
389 1291 442 1335 et
469 1283 757 1336 sanctuarii
785 1282 982 1349 ltpides
1003 1280 1376 1349 nuncupamini
1404 1320 1420 1340 ,
1474 1281 1648 1334 scien-

87 1373 208 1424 tiam
233 1372 629 1440 Scripturarum
675 1388 886 1440 semper
911 1372 1201 1440 exquirite,
1259 1380 1477 1439 propter
1509 1373 1647 1425 illius

89 1462 342 1514 llalacltia:
375 1463 647 1529 prophetae
696 1463 934 1516 dictitat:
969 1459 1129 1513 Labia
1169 1461 1449 1512 sacerdotis
1473 1472 1642 1512 custo-

85 1555 219 1602 diunt
242 1553 519 1614 srieutimn,
551 1563 599 1605 et
626 1554 785 1620 legem
814 1554 1066 1620 requirent
1094 1567 1156 1604 ex
1202 1568 1288 1603 ore
1315 1554 1424 1616 e,'us
1454 1591 1469 1614 ,
1527 1553 1644 1610 «,uia

84 1645 282 1710 angelus
319 1642 518 1695 Domini
543 1647 854 1697 exercituum
877 1653 948 1696 ut
976 1643 1225 1697 tﬂalach.
1251 1649 1327 1704 ιι),
1362 1652 1417 1694 ut
1442 1645 1645 1696 anima-

85 1731 191 1789 lms,
218 1733 374 1784 nobis
398 1732 713 1791 commissis,
746 1731 965 1784 verbum
997 1734 1113 1783 vite
1143 1731 1458 1783 annuntiare
1487 1746 1644 1798 quea-

83 1830 162 1881 llS,
192 1821 442 1874 timentes
493 1822 620 1874 illud
675 1821 953 1887 cujusdam
1008 1822 1315 1874 incurrere:
1363 1819 1454 1874 Va:
1494 1822 1636 1879 milii,

1759 656 1929 700 totum
1959 649 2239 705 virtutibus
2270 652 2586 713 solidatum,
2636 664 2690 707 et
2741 654 2861 721 igne
2884 656 3052 709 sancti
3097 654 3328 726 Spit-.tus

1756 736 2036 793 decoctum
2083 744 2476 810 approbanuts.
2528 747 2671 799 velut
2723 746 3033 800 Psalmistu:
3090 747 3325 809 It'rnruit,

1755 831 1945 898 iuquit,
1965 836 2070 885 tutu
2119 843 2247 886 testa
2277 837 2432 887 virtus
2455 853 2565 888 mea
2590 836 2763 906 (Psat.
2796 839 2965 903 χχχι).
3011 837 3149 904 Quid
3177 854 3325 890 nam-

1754 940 1858 992 que
1885 935 1966 978 est
1994 935 2126 980 testa
2149 935 2271 980 ante
2299 928 2494 993 ignem.
2530 929 2625 981 nisi
2659 929 2817 982 inulte
2849 929 3061 982 lutum?
3109 928 3201 982 sed
3257 928 3326 982 de

1755 1015 1875 1082 Igne
1902 1016 2091 1084 agitur,
2122 1025 2180 1070 nt
2234 1018 2509 1069 solidetur.
2573 1017 2750 1071 Virtus
2803 1033 2930 1086 ergo
2983 1018 3326 1070 humanitatis

1753 1103 1948 1158 Christi
1979 1107 2120 1158 velut
2150 1117 2280 1159 testa
2305 1109 2536 1167 exaruit,
2561 1107 2681 1173 quin
2715 1106 2780 1158 ab
2805 1109 2923 1174 igne
2951 1106 3215 1159 Passionis
3259 1122 3287 1157 tt
3313 1107 3326 1154 l

1757 1199 2003 1252 virtutem
2037 1200 2448 1268 inci-rruptionis
2477 1217 2600 1252 crev
2627 1209 2666 1251 t.
2690 1199 2806 1251 Ca"
2855 1201 3016 1251 ctiam
3046 1199 3166 1265 agni
3202 1213 3322 1251 cum

1754 1289 1953 1357 azymis
1975 1291 2199 1356 panibus
2228 1298 2280 1342 et
2312 1289 2532 1341 lactucis
2556 1288 2855 1356 agrestibus
2884 1297 2967 1339 est
3004 1291 3138 1341 edcn
3162 1289 3233 1345 la.
3267 1301 3325 1338 ut

1751 1393 1871 1431 cum
1900 1392 2094 1445 corpus
2123 1377 2496 1444 Redemptoris
2546 1376 2853 1444 accipimus,
2885 1390 2984 1428 nos
3011 1390 3107 1442 pro
3135 1389 3325 1442 pecca-

1754 1468 1822 1518 tis
1843 1468 2038 1520 nostris
2067 1468 2116 1518 in
2147 1468 2359 1520 ﬂetibus
2386 1466 2700 1534 amigamus,
2735 1476 2999 1533 quatenus
3041 1465 3152 1532 ipsa
3179 1479 3326 1515 ama-

1752 1555 1795 1607 ri
1824 1559 1926 1608 udu
1955 1554 2277 1624 panitentia:
2306 1559 2574 1620 abstergat
2603 1571 2632 1608 a
2662 1557 2855 1609 mentis
2876 1555 3151 1607 stomacho
3197 1568 3320 1619 per-

1753 1660 1917 1696 versm
1961 1660 2196 1698 amorem
2236 1653 2291 1698 et
2343 1645 2656 1711 pravitatem
2687 1645 2845 1705 vitae,
2895 1651 2953 1693 ut
3014 1640 3325 1693 festinanter

1753 1733 1952 1786 Pascha
1977 1734 2306 1787 coinvdendo
2337 1735 2401 1785 ad
2429 1734 2596 1790 solum
2634 1732 2815 1796 patri-.e
2845 1731 3078 1784 cmlestis
3102 1728 3322 1782 anhele-

1752 1838 1885 1884 tuus,
1913 1833 1968 1875 et
1997 1824 2064 1877 de
2089 1824 2359 1891 pejoribns
2388 1821 2453 1874 ad
2487 1823 2705 1873 meliora
2736 1829 3040 1887 pergentes,
3071 1816 3322 1870 tenebro-

80 1912 192 1976 7in'a
221 1912 360 1962 tacui
389 1910 522 1978 (Ira.
554 1912 658 1978 vi):
689 1911 998 1979 perpendite
1038 1924 1157 1979 quae
1201 1910 1336 1963 mala
1373 1910 1643 1978 negligens
1680 1897 1719 1953 Β
1750 1927 1864 1963 sam
1889 1908 2177 1980 Egyptqu
2198 1910 2578 1977 relinquamus,
2604 1908 2960 1974 intelligentes
2990 1921 3085 1958 nos
3114 1907 3321 1958 hicnou

82 1999 189 2052 lleli
214 2000 466 2054 sacerdos
495 2015 779 2068 perpessus
817 2010 935 2064 est,
979 2009 1033 2054 et
1060 2016 1222 2069 quam
1244 2001 1465 2070 gloriam
1519 2003 1642 2054 Phi-

80 2105 200 2143 necs
218 2091 315 2158 qui
344 2091 455 2144 zelo
494 2092 585 2144 Dei
616 2101 919 2148 commotus
961 2104 1075 2154 est,
1130 2093 1245 2160 ipso
1272 2107 1536 2145 remuner:
1575 2103 1643 2145 μω

78 2184 371 2250 perceperit
396 2181 445 2251 (1
479 2182 606 2251 lteg.
630 2185 710 2248 ιι).
740 2181 806 2234 Et
835 2183 974 2242 ideo,
997 2191 1200 2248 quanto
1223 2183 1445 2250 potestis
1467 2183 1641 2234 sltttliu

79 2280 356 2336 procurate
385 2280 440 2323 ut
467 2272 660 2323 anima:
689 2270 842 2324 vobis
887 2271 1183 2323 commissa:
1224 2269 1276 2324 in
1307 2270 1482 2325 futuro
1499 2271 1614 2338 jndi

77 2365 155 2413 cio
183 2363 363 2430 potius
385 2371 584 2416 aeterna
615 2363 783 2428 gloria
824 2362 1022 2430 perfrui
1052 2368 1356 2415 mereantur
1377 2376 1538 2430 quam
1587 2362 1640 2416 in

76 2452 366 2506 exteriores
389 2453 636 2506 tenebras
669 2451 1039 2524 projiciantur.
1087 2449 1290 2505 Vulnus
1317 2465 1446 2505 sane
1496 2453 1639 2520 quod

77 2541 234 2594 rideri
265 2549 441 2607 potest
482 2550 535 2594 et
585 2543 789 2609 palpari
838 2543 996 2594 citius
1043 2551 1261 2594 sanatur
1313 2555 1473 2609 quam
1511 2541 1639 2594 illud

71 2630 207 2696 quod
229 2630 545 2682 occultatur.
599 2631 711 2682 lloc
761 2630 882 2682 ideo
913 2630 1036 2683 dico
1085 2631 1207 2697 quia
1235 2643 1358 2683 sunt
1399 2629 1640 2698 plerique

71 2721 118 2770 in
149 2718 307 2771 nobis
331 2727 383 2770 et
410 2733 475 2772 ex
498 2719 670 2784 vobis,
691 2733 918 2785 quorum
955 2719 1176 2774 crimina
1227 2719 1300 2772 ita
1355 2726 1634 2788 teguntur,

70 2819 124 2860 ut
150 2808 216 2861 ad
245 2810 695 2864 reconciliationis
724 2811 949 2874 gratiam
995 2824 1098 2862 non
1151 2809 1514 2862 admittautur.
1572 2808 1635 2860 lli

67 2901 198 2951 tales
223 2898 436 2966 lugendi
464 2907 520 2952 et
541 2899 608 2952 ab
640 2897 891 2951 Ecclesia:
921 2899 1221 2952 interventu
1252 2898 1468 2952 arcendi
1491 2907 1635 2964 sunt,

66 2998 122 3041 ut
146 2988 390 3055 quamvis
415 3004 520 3043 non
553 2989 968 3043 reconcilientur
994 3005 1088 3057 per
1117 3003 1309 3043 manus
1341 2988 1632 3058 impositio-

63 3094 182 3133 nem
204 3089 257 3133 et
279 3081 642 3143 absolvantur,
675 3088 854 3134 tamen
882 3095 976 3148 per
1004 3081 1266 3135 bonorum
1297 3096 1517 3148 Operum
1541 3095 1636 3134 ex-

63 3172 372 3226 hibitionem
388 3179 441 3225 et
469 3171 733 3241 castigent
761 3186 956 3239 corpus
975 3187 1128 3224 suum
1157 3180 1212 3224 et
1241 3172 1481 3224 servituti
1512 3173 1637 3224 sub.
1667 3221 1706 3244 η

63 3262 264 3324 jiciant.
295 3263 530 3312 Arcrtant
593 3264 768 3314 oculos
827 3277 947 3313 suos
1008 3276 1072 3313 ne
1123 3263 1321 3313 videant
1365 3263 1636 3313 t‘anitutem
1666 3261 1708 3281 “

60 3349 287 3410 (Psatm.
318 3354 522 3415 cum),
546 3351 800 3406 obturcnt
827 3367 983 3407 aures
1010 3369 1136 3406 suas
1183 3370 1250 3407 ne
1269 3353 1490 3407 audiant
1541 3356 1638 3407 lin-

59 3455 219 3505 gnam
260 3440 642 3509 derogantem;
683 3451 905 3496 exorant
965 3458 1151 3496 manus
1202 3459 1324 3498 suas
1388 3443 1454 3496 ad
1503 3445 1639 3499 bene

59 3531 410 3597 operantium,
438 3542 495 3586 et
516 3532 678 3601 pedes
731 3548 858 3587 suos
889 3533 955 3586 ad
981 3534 1298 3588 currendum
1327 3535 1381 3588 in
1422 3537 1505 3588 via
1534 3536 1637 3589 Du-

57 3623 210 3676 mini.

127 3733 313 3788 Omnis
328 3731 628 3802 Scriptura,
645 3730 835 3786 fratres
863 3733 988 3795 mei,
1007 3733 1259 3787 divinitus
1281 3733 1537 3797 instituta,
1554 3749 1634 3787 se-

56 3823 290 3876 cundum
318 3823 563 3891 Apostoli
593 3825 933 3889 sententiam,
956 3825 1098 3876 utilis
1133 3831 1211 3877 est
1239 3826 1305 3899 ad
1331 3824 1630 3886 docendum,

54 3919 120 3963 ml
145 3914 486 3982 urguendum,
500 3914 570 3964 ad
589 3914 962 3981 corrigendum,
978 3916 1044 3966 ad
1063 3914 1394 3966 erudiendum
1416 3915 1631 3982 injusti-

55 4007 123 4056 tia
167 4003 255 4067 (Il
287 4006 424 4068 Tim.
453 4006 556 4074 ιιι).
594 4005 930 4073 Quapwpter
952 4004 1419 4072 quisquissedulus
1446 4019 1630 4056 earum

55 4103 136 4145 est
161 4093 479 4158 meditator,
521 4103 572 4148 et
606 4095 814 4146 iuterne
841 4108 932 4146 eas
961 4093 1260 4159 conspicit,
1315 4093 1549 4146 inveniet
1580 4095 1630 4146 in

53 4199 301 4237 sermone
326 4199 491 4238 suave
517 4186 917 4249 documentum,
941 4195 994 4237 ct
1023 4188 1073 4237 in
1096 4200 1254 4238 sensu
1273 4183 1485 4237 salubre
1499 4199 1630 4237 con-

53 4273 252 4335 silium,
285 4273 337 4326 in
392 4274 651 4342 mysterio
683 4273 995 4326 honorabile
1039 4282 1455 4328 sacramentum.
1515 4273 1627 4326 Non

57 4362 196 4416 enim
225 4361 572 4416 solummodo
597 4361 798 4415 sufzicit
820 4363 1106 4415 lectoribus
1132 4363 1432 4416 divinorum
1465 4364 1627 4417 libro-

57 4469 170 4505 rum
190 4467 381 4507 sensus
403 4453 694 4529 historicus
717 4492 732 4514 ,
782 4450 876 4504 sed
909 4451 1069 4505 etiam
1112 4452 1393 4519 diligenter
1418 4454 1496 4505 eis
1545 4462 1627 4506 est

1747 2002 1943 2054 habere
1975 2009 2282 2055 manentem
2313 2000 2605 2061 civitatem,
2646 2001 2738 2052 sed
2770 1999 2998 2051 futuram
3049 1997 3314 2064 inquiren-

1745 2092 1887 2144 dam.
1921 2090 1998 2142 Ad
2019 2105 2180 2158 quam
2209 2089 2515 2142 Mediatoris
2555 2087 2647 2139 Dei
2679 2095 2732 2140 et
2762 2086 3036 2140 hominum
3071 2088 3320 2154 pa~siuue

1747 2181 2155 2246 interveniente,
2179 2189 2292 2234 toto
2314 2178 2507 2232 mentis
2537 2176 2728 2232 aliectu
2755 2191 3034 2230 curramus
3060 2218 3073 2236 ,
3123 2186 3181 2229 ut
3210 2192 3317 2228 non

1745 2274 1982 2340 hospites
2011 2282 2064 2325 et
2099 2272 2317 2324 advena:
2340 2310 2353 2333 ,
2413 2277 2504 2322 sed
2539 2270 2681 2322 cives
2723 2276 3028 2321 sanctorum
3060 2277 3114 2319 et
3136 2269 3320 2319 dome-

1741 2366 1861 2420 stici
1885 2364 1979 2417 Dei
2013 2364 2080 2416 ibi
2121 2376 2239 2415 esse
2263 2375 2526 2429 possmus
2553 2399 2566 2421 ,
2626 2359 2992 2412 rollaudantcs
3037 2357 3181 2408 ἱιιιιιιι
3225 2357 3318 2425 qui

1743 2471 1880 2524 pane
1907 2454 2114 2508 caelesti
2139 2454 2192 2505 in
2232 2451 2331 2504 hac
2363 2450 2791 2518 peregrinatione
2823 2464 2918 2500 nos
2947 2448 3125 2508 satiat,
3161 2456 3215 2498 ut
3239 2446 3315 2498 vi-

1741 2545 1945 2598 sionem
1971 2539 2453 2595 :etcrnaeclaritatis
2475 2538 2589 2590 sine
2620 2535 2829 2590 defectu
2857 2535 3070 2589 luminis
3095 2549 3316 2588 cernere

1743 2636 2027 2703 possimus,
2055 2649 2148 2698 pcr
2168 2633 2344 2684 omnia
2367 2629 2555 2682 saecula
2586 2626 2918 2680 smctzltirum.
2950 2629 3136 2679 Amen.

2271 2738 2569 2793 NOMILIA
2605 2737 2743 2792 XVI.

1810 2834 2024 2888 Fratres
2052 2830 2610 2897 cbarissimi,Spiritus
2627 2835 2844 2881 sanctus
2860 2841 2956 2896 per
2972 2826 3162 2881 Isaiam
3189 2842 3314 2894 pro-

1741 2924 1978 2992 phetam,
2001 2921 2372 2977 sacerdotibus
2393 2927 2446 2972 et
2468 2917 2664 2982 levitis,
2693 2918 3049 2984 omnibusque
3075 2917 3311 2970 doctori-

1742 3018 1840 3069 bus
1866 3014 2117 3069 Ecclesize
2139 3012 2376 3081 przecipit
2402 3010 2585 3065 dicens
2609 3029 2620 3062 :
2648 3009 2845 3072 Clama,
2869 3025 2932 3062 ne
2956 3024 3136 3069 resres,
3160 3011 3306 3075 quasi

1740 3105 1857 3159 tuba
1886 3105 2054 3155 multa
2087 3117 2253 3154 vocem
2273 3110 2434 3163 tuum,
2466 3109 2511 3152 et
2550 3103 2801 3153 annuntio
2845 3104 3033 3168 populo
3058 3115 3163 3152 meo
3200 3114 3311 3152 sce-

1741 3195 1846 3248 lera
1866 3209 2059 3253 rarum,
2081 3203 2124 3244 rt
2145 3192 2318 3242 domui
2340 3188 2500 3241 Iacob
2522 3203 2725 3262 perm'a
2747 3205 2920 3242 eorum
2942 3186 3100 3255 (Isu.,
3125 3190 3272 3256 Lvnt)
3296 3207 3307 3249 ;

1748 3288 1812 3338 lit
1839 3301 1936 3354 per
1965 3281 2294 3336 Ezechielent
2329 3280 2638 3346 prophetam
2668 3296 2677 3329 :
2711 3279 2792 3342 Si,
2825 3279 2993 3343 inquit
3018 3319 3032 3340 ,
3087 3293 3186 3332 non
3216 3296 3312 3329 (tu-

1741 3371 2049 3428 uuntiai'eris
2078 3376 2246 3437 iniquo
2283 3374 2596 3439 iuiquitutmt
2626 3387 2791 3431 suam,
2843 3373 3139 3437 sanguinem
3194 3374 3307 3440 ejus

1741 3469 1804 3517 de
1829 3482 1982 3515 manu
2013 3474 2099 3514 tua
2126 3478 2376 3526 requirant
2403 3459 2613 3529 (lizeclt.
2639 3461 2742 3528 ιιι).
2763 3460 2866 3513 Sed
2895 3462 3015 3525 quia
3045 3460 3191 3511 multi
3217 3475 3307 3525 qut

1742 3558 1875 3606 intra
1906 3562 2091 3605 matris
2122 3551 2369 3605 Etclesite
2396 3566 2591 3602 VISt‘et'a
2620 3558 2760 3610 sunt,
2793 3548 3036 3604 catholici
3062 3547 3308 3600 videntur

1738 3657 1792 3700 et
1822 3644 2239 3701 Christianitatis
2290 3642 2504 3696 nomine
2552 3649 2882 3700 censentur,
2925 3641 2995 3692 ita
3061 3641 3110 3691 iu
3159 3648 3310 3691 cxte-

1738 3735 1970 3788 rioribus
1992 3733 2124 3792 dati,
2151 3741 2207 3783 ut
2240 3746 2337 3784 uec
2366 3745 2544 3784 verum
2580 3730 2733 3782 tidem
2763 3727 3189 3783 Christianorum
3220 3745 3307 3782 re-

1738 3825 1937 3876 tineant
1969 3822 2133 3876 corde
2161 3858 2176 3882 ,
2211 3835 2382 3890 neque
2426 3821 2576 3872 bonis
2611 3818 2860 3886 operibus
2911 3832 2969 3870 se
3007 3832 3124 3869 esse
3152 3816 3310 3870 Clui-

1735 3914 1941 3966 stianos
1955 3910 2268 3964 ostendant:
2299 3911 2542 3961 nesciunt
2570 3908 2708 3962 enim
2732 3915 3124 3960 sacramentum
3152 3906 3307 3973 hujus

1736 4019 1766 4055 n
1809 4003 1966 4055 minis
1990 4017 2052 4054 ac
2080 4002 2326 4054 virtutem
2354 4016 2367 4061 ;
2399 4009 2452 4052 et
2472 3999 2720 4066 quoniam
2739 4013 2930 4052 nomen
2945 3997 3302 4050 Christianum

1734 4108 1764 4144 a
1795 4092 2007 4145 Christo
2037 4091 2127 4143 Dei
2161 4091 2292 4143 Filio
2325 4089 2640 4143 vocabulum
2670 4089 2917 4156 sumpsit,
2942 4096 2997 4140 et
3046 4102 3144 4155 per
3172 4103 3299 4139 san-

1733 4191 1849 4236 ctos
1872 4181 2247 4249 przedicatores
2277 4177 2567 4232 crescendo
2601 4191 2766 4243 usque
2822 4177 2873 4228 in
2906 4176 3119 4228 ultimos
3169 4173 3302 4226 lines

1734 4282 1887 4326 terrm
1913 4269 2172 4338 pervenit,
2199 4269 2398 4319 idcirco
2428 4275 2532 4317 tam
2563 4265 2869 4317 doctoribus
2895 4278 3053 4330 quam
3085 4262 3300 4315 audito-

1730 4362 1876 4416 ribus
1900 4363 2036 4413 scire
2063 4371 2281 4411 necesse
2303 4365 2384 4408 est
2404 4355 2473 4407 ob
2521 4369 2678 4420 quam
2706 4368 2921 4406 causam
2974 4352 3062 4405 Dei
3097 4352 3257 4404 Filius
3283 4392 3296 4409 .

1729 4451 1817 4522 qui
1851 4468 2007 4504 verus
2031 4460 2112 4503 est
2138 4449 2274 4502 Deus
2305 4464 2368 4500 ex
2399 4447 2506 4499 Deo
2539 4445 2718 4510 Patre,
2749 4445 2801 4496 in
2853 4445 2992 4496 hunc
3046 4442 3298 4495 mundum

57 4540 498 4594 considerandum
527 4541 654 4610 quid
686 4555 780 4610 per
815 4541 1122 4610 allegoriam
1159 4542 1236 4595 eis
1283 4541 1625 4610 propheticus
1655 4551 1700 4608 Ι)
1728 4545 1932 4599 venerit
1951 4551 2004 4595 et
2033 4555 2209 4595 veram
2232 4555 2447 4593 carnem
2475 4549 2666 4589 nostrae
2689 4534 2934 4595 similem,
2959 4547 3023 4585 ex
3045 4533 3296 4584 substan-

57 4646 229 4684 sermo
259 4630 480 4684 innuere
509 4632 674 4683 velit:
717 4632 852 4686 sient
897 4633 1124 4684 habetur
1169 4631 1336 4685 series
1383 4631 1646 4700 lectionis,

59 4721 178 4786 agni
200 4719 470 4774 Paschalis
496 4719 586 4786 qui
619 4720 816 4786 populo
845 4718 1135 4773 Israelitico
1183 4719 1334 4788 legali
1375 4720 1627 4773 observa-

62 4812 204 4862 tione
224 4809 404 4877 jussus
417 4817 504 4864 est
531 4809 816 4871 immolari,
837 4809 1011 4877 typice
1032 4807 1403 4862 demonstrans
1423 4809 1626 4876 Agnum

61 4899 454 4953 immaculatum
485 4899 580 4952 Dei
607 4893 786 4950 Patris
809 4895 1019 4960 Filium,
1051 4879 1203 4963 cujus
1225 4897 1381 4950 hodie
1411 4895 1625 4952 Passio-

60 4991 140 5043 nis
163 4987 387 5044 Cia-nam
415 4989 772 5041 celebramus.
809 4987 881 5041 De
904 5002 1011 5056 quo
1065 4987 1331 5040 Joannes:
1367 4986 1514 5049 Eae,
1540 4988 1623 5038 in-

57 5079 190 5147 quit,
203 5079 378 5147 Agnus
403 5077 644 5142 Dei,ecce
658 5078 742 5146 qui
767 5078 900 5137 tollit
920 5089 1121 5144 peccata
1151 5077 1326 5130 mundi
1346 5075 1519 5143 (Joon.
1542 5083 1622 5141 ιι).

58 5172 156 5236 Qui
175 5169 424 5225 videlicet
451 5182 620 5235 agnus
650 5165 920 5221 Paschalis
965 5169 1030 5221 ad
1061 5183 1335 5238 vesperam
1385 5170 1624 5223 immola~

59 5273 166 5327 tur,
179 5263 318 5331 ‘quia
335 5261 514 5315 ultima
543 5258 724 5313 uzundi
755 5267 912 5312 aetate
941 5274 1039 5328 pro
1065 5261 1220 5315 nobis
1237 5260 1478 5315 Christus
1528 5276 1624 5314 oc-

58 5349 273 5404 ciditur.
307 5350 382 5402 De
408 5349 560 5418 cujus
583 5346 840 5414 sanguine
882 5356 1064 5415 postes
1087 5347 1366 5402 domorum
1415 5351 1624 5415 tingun-

59 5451 164 5510 tur,
184 5439 238 5494 id
265 5446 350 5493 est
374 5453 600 5508 corpora
631 5420 866 5491 lidelium
890 5478 906 5503 ,
958 5436 1081 5504 quia
1105 5448 1319 5507 oportet
1376 5438 1623 5493 Euchari-

58 5534 216 5586 stian
268 5539 600 5584 assumentes
627 5570 644 5592 ,
711 5531 870 5584 castis
922 5529 1333 5597 cogitationibus
1376 5541 1432 5584 ct
1476 5540 1622 5584 recta

60 5620 522 5677 intentiouebonaa
551 5620 835 5675 voluntatis
885 5621 1122 5675 munitos
1152 5619 1514 5674 l'ornicatioois
1570 5621 1622 5674 in

61 5727 158 5766 nos
181 5711 435 5767 cohibere
468 5709 757 5770 incursum,
804 5718 859 5762 ut
885 5712 937 5763 in
961 5708 1209 5764 omnibus
1257 5710 1623 5779 redemptione

59 5805 256 5857 Christi
281 5817 377 5857 nos
401 5802 634 5856 sciamus
653 5815 771 5855 esse
789 5800 1092 5854 salvandos.
1119 5800 1242 5869 Ejus
1264 5817 1451 5857 carnes
1478 5820 1621 5859 assas

382 5895 654 5952 l‘sTnOL.
700 5892 868 5954 LXX
885 5890 1054 5953 XVII

1731 4636 1802 4688 tia
1829 4632 2006 4686 Maria:
2036 4630 2246 4698 virginis
2274 4629 2478 4694 absque
2505 4633 2726 4694 peccato
2756 4621 3051 4689 susceperit
3075 4660 3090 4684 ,
3143 4627 3195 4670 et
3218 4617 3293 4670 di-

1728 4724 1933 4778 vinitati
1960 4737 2066 4776 sure
2091 4721 2352 4780 uuiverit;
2376 4727 2432 4770 ut
2451 4718 2540 4783 qui
2568 4724 2692 4772 erat,
2713 4729 2776 4766 ex
2811 4711 2965 4763 Patre
2988 4711 3068 4778 (ut
3095 4708 3292 4762 dictqu

1727 4818 1828 4880 est)
1854 4827 2012 4866 verus
2030 4812 2185 4873 Deus,
2202 4813 2313 4878 ipse
2337 4808 2489 4860 lleret
2515 4819 2579 4857 ex
2613 4812 2780 4856 matre
2802 4815 2958 4853 verus
2981 4800 3140 4852 homo
3164 4815 3297 4851 unus

1728 4912 1889 4969 atque
1918 4902 2088 4960 idem;
2124 4915 2230 4952 non
2259 4891 2589 4948 admittendo
2615 4892 2758 4958 quod
2787 4899 2904 4942 erat
2933 4931 2945 4952 ,
3003 4888 3096 4941 sed
3141 4901 3290 4937 assu—

1729 4992 1921 5047 mendo
1943 4989 2085 5057 quod
2113 5002 2219 5040 nou
2251 4993 2385 5045 erat,
2412 4983 2524 5049 ipse
2582 4982 2631 5033 in
2662 4987 2929 5046 assumpta
2966 4974 3296 5028 humanitate

1728 5090 1943 5151 propter
1974 5077 2276 5131 unctionem
2317 5072 2545 5140 Spiritus
2585 5071 2756 5123 sancti
2786 5065 3028 5121 Christus
3065 5071 3149 5114 est
3195 5077 3288 5126 ap-

1727 5173 1971 5240 pellatus,
1995 5181 2024 5220 a
2047 5181 2153 5234 quo
2182 5176 2366 5216 omnes
2386 5161 2663 5214 credentes
2713 5158 2764 5206 iu
2814 5169 2934 5203 eum
2969 5167 3062 5216 ινι-
3091 5151 3292 5216 bap:is-

1726 5275 1869 5312 mum
1897 5253 2217 5323 regenerati,
2249 5252 2530 5306 Christiani
2554 5255 2674 5300 sunt
2703 5242 2972 5310 appellati.
3007 5240 3071 5290 Et
3100 5253 3287 5305 quem-

1726 5347 2008 5402 admodum
2062 5346 2208 5413 prior
2261 5341 2486 5412 populus
2526 5336 2826 5388 .ludasormn
2856 5348 2916 5383 es
2971 5329 3108 5382 tribu
3152 5325 3288 5379 Juda

1728 5440 2040 5493 vocabulum
2071 5437 2287 5490 trahens
2315 5431 2478 5486 Judaei
2507 5436 2632 5479 sunt
2663 5423 2948 5492 appellati,
2985 5423 3051 5471 ita
3082 5427 3136 5470 et
3188 5432 3287 5468 nuo

1725 5532 1972 5585 \issimus
1997 5529 2222 5598 populus
2250 5525 2346 5578 sub
2372 5519 2656 5590 Evangdio
2687 5534 2714 5570 a
2744 5516 2970 5572 Christo,
2999 5519 3055 5562 ut
3083 5510 3283 5562 dictum

1724 5632 1828 5685 est,
1851 5597 2138 5674 Christiani
2171 5623 2292 5669 sunt
2335 5612 2527 5665 vorati.
2560 5608 2730 5672 Unde,
2756 5605 2875 5672 quia
2903 5597 3184 5650 Christiani
3206 5598 3287 5648 di-

1724 5714 1911 5772 cimur,
1936 5709 2127 5760 Christi
2151 5717 2311 5771 opera
2345 5700 2515 5752 facere
2545 5699 2818 5751 debemus.
2867 5689 2925 5740 Et
2962 5687 3079 5740 ideo
3115 5686 3202 5754 qui
3230 5700 3290 5738 se

1724 5798 2035 5869 culpabilem
2061 5810 2174 5848 esse
2204 5792 2557 5858 recognoscit,
2591 5789 2651 5839 ad
2695 5800 2790 5836 emt
2816 5779 3118 5833 titlatiouczu
3169 5777 3282 5829 vitx

2693 5875 2763 5932 ‘21

2049 6035 2068 6064 /
