3886 6226
509 332 614 386 ’651

1719 347 1774 399 s.
1816 343 2014 399 sucu
2055 328 2323 396 Novum.
2370 342 2573 395 EPISC.

3627 343 3727 394 65"!

510 471 570 514 et
599 457 1009 514 satisfactionem
1044 456 1365 516 omnitentiaa
1387 469 1554 510 recur.
1570 463 1649 518 at,
1673 463 1848 508 certus
1888 455 1955 506 de
1983 453 2074 509 Dei
2111 459 2147 510 Α
2180 460 2368 503 Vttates
2396 461 2450 503 ct
2473 451 2723 505 Dominici
2761 450 2872 505 dies
2890 459 3192 518 occurrant,
3222 461 3343 506 ante
3370 453 3576 522 aliquot
3595 455 3728 515 dies,

510 549 876 602 irrisericordia
910 565 919 596 :
953 561 1135 614 quam,
1163 546 1216 620 si
1239 561 1305 599 ex
1341 553 1454 598 toto
1484 543 1644 598 corde
1667 543 1990 610 paenituerit,
2018 550 2074 596 et

508 641 657 693 mala
679 652 796 706 qua:
823 646 978 692 antea
1006 646 1258 696 operatus
1315 633 1473 689 fuerit
1514 635 1646 688 ultra
1693 650 1798 687 non
1849 633 2069 696 fecerit,

517 729 722 781 veniam
752 742 780 780 a
805 726 916 780 Deo
952 734 1325 792 consequetur.
1365 723 1453 778 Sic
1481 724 1620 778 enim
1669 723 1782 792 ipse
1821 720 2074 774 Dominus

515 833 613 886 per
642 817 826 871 Isaiam
857 815 1168 883 prophetam
1213 813 1471 882 promittit
1519 814 1702 865 dicens
1726 829 1739 864 ε
1767 810 1891 864 Cum
1944 825 2074 862 con-

508 921 685 960 uersus
710 905 1028 972 innumeris,
1050 903 1226 956 saluus
1262 903 1361 954 eris
1409 901 1542 967 (lsa.
1571 899 1752 967 sun);
1785 906 1839 952 et
1880 897 2072 952 iterum

521 1009 618 1061 per
671 991 916 1045 eumdem
955 990 1264 1059 prophetam
1295 1011 1305 1041 ;
1339 988 1448 1057 Ego
1491 1005 1625 1052 sum,
1663 1003 1750 1055 ego
1798 1003 1926 1048 sum,
1953 985 2073 1037 dicit

513 1081 785 1140 'Doutinus,
807 1081 893 1149 qui
915 1079 1057 1133 deleo
1082 1079 1369 1149 iniquitates
1400 1087 1527 1131 tuas.
1542 1085 1742 1144 propter
1761 1092 1854 1138 me,
1879 1083 1930 1127 et
1951 1090 2070 1141 pec-

519 1180 749 1224 catorum
779 1182 975 1222 tuorum
1003 1185 1103 1221 non
1144 1184 1231 1220 ero
1259 1183 1477 1228 memor;
1517 1166 1599 1218 dic
1629 1178 1680 1217 tu
1710 1165 1845 1230 prius
1881 1165 2070 1233 iniqui-

520 1268 645 1312 tates
667 1268 779 1310 tuas
801 1271 852 1309 ut
861 1256 1162 1327 justiﬁcrris
1176 1256 1194 1319 (
1206 1254 1386 1322 lbid.).
1411 1254 1510 1307 Per
1524 1253 1849 1306 Ezechietem
1861 1265 2071 1318 quoque

521 1345 1054 1414 prophetam,rursus
1080 1343 1330 1396 Dominus
1359 1343 1462 1394 ait:
1491 1341 1549 1396 Si
1579 1343 1761 1408 impius
1783 1341 1936 1406 egerit
1966 1355 2067 1407 pae-

518 1436 778 1488 nitentiain
804 1435 866 1486 ab
893 1433 1124 1486 omnibus
1151 1433 1287 1500 inin
1311 1432 1489 1484 tatibus
1541 1433 1646 1484 suis
1672 1447 1796 1493 quas
1835 1438 2070 1496 operatus

521 1529 700 1590 fuerat,
729 1535 775 1575 et
801 1524 971 1591 fecerit
986 1523 1234 1596 judicium
1259 1531 1306 1574 et
1323 1523 1597 1588 justitiam,
1629 1520 1852 1572 omnium
1880 1518 2068 1584 iniqui-

521 1623 680 1665 talum
695 1612 802 1680 ejus
823 1627 922 1664 non
950 1611 1250 1664 recordabar
1271 1609 1480 1674 (E.ech.
1505 1612 1677 1675 xvui).
1707 1608 1760 1660 lu
1787 1606 2070 1674 Evangelia

519 1715 730 1769 quoque
771 1701 1014 1755 Salvator
1055 1701 1314 1768 promittit
1334 1699 1522 1753 dicens
1547 1717 1559 1750 :
1585 1697 1837 1767 Gaudium
1885 1699 1977 1750 erit
2018 1699 2068 1749 in

2173 540 2333 592 etiam
2362 556 2389 590 a
2433 541 2657 608 propriis
2685 527 2940 595 uxoribus
2964 544 3153 596 vestris
3176 557 3273 597 vos
3300 543 3572 598 abstinere
3599 558 3729 598 eorr-

2173 630 2335 693 venit,
2367 639 2425 683 ut
2451 631 2661 698 possitis
2687 632 2885 686 mundo
2912 634 3074 687 corde
3100 642 3156 688 et
3205 642 3355 688 casto
3383 650 3636 703 corpore,
3663 635 3728 685 ad

2173 717 2386 786 missam
2405 718 2605 770 Domini
2624 719 2896 786 accedere,
2916 731 2970 774 et
2991 735 3185 792 corpus
3203 732 3257 774 et
3276 723 3590 789 sanguinem
3613 723 3728 790 ejus

2173 805 2286 857 sine
2303 804 2503 871 judicio
2525 805 2880 861 damnationis
2903 810 3160 875 accipere.
3181 811 3372 864 Diebus
3392 820 3572 865 autem
3594 810 3729 876 Qua-

2173 895 2478 962 dragcs'ma:
2507 912 2598 951 vos
2625 899 2868 953 omnibus
2896 902 3065 954 modis
3100 918 3127 955 a
3157 903 3438 971 coniugum
3467 905 3728 958 commis-

2173 985 2317 1038 tione
2347 995 2656 1049 vestrarum,
2681 987 2817 1040 sicut
2872 989 3404 1055 dccctCIiristianos,
3456 993 3729 1046 abstinere

2169 1080 2411 1142 oportet;
2446 1089 2588 1137 nam,
2623 1085 2678 1127 ut
2703 1077 2916 1142 quidam
2958 1079 3167 1144 satiens
3207 1080 3299 1145 ait,
3331 1081 3520 1134 similis
3549 1091 3730 1134 reatus

2171 1171 2250 1214 est
2273 1161 2407 1215 lidcli
2429 1163 2727 1218 Christiano
2749 1165 2933 1219 diebus
2959 1167 3382 1236 Quadragesimte
3417 1172 3582 1224 etiam
3607 1186 3728 1224 eun

2171 1251 2381 1318 propria
2409 1266 2570 1304 uxore
2592 1255 2966 1322 concumbere,
2981 1257 3116 1310 sicut
3136 1267 3190 1310 et
3206 1273 3391 1313 carnes
3413 1261 3461 1313 in
3492 1261 3619 1315 cibo
3642 1277 3728 1313 su-

2170 1353 2336 1392 mere.
2353 1337 2450 1403 Qui
2473 1348 2588 1392 crat
2612 1355 2810 1404 scurra,
2844 1341 2892 1396 id
2913 1353 2996 1399 est
3016 1345 3244 1399 minator
3267 1346 3366 1416 [ita
3390 1349 3723 1412 mimator‘?|,

2172 1431 2341 1499 turpia
2379 1440 2588 1486 sectans
2609 1441 2664 1485 et
2691 1432 2958 1486 immunda
2999 1433 3238 1500 loquens,
3267 1435 3496 1502 corrigat
3526 1446 3731 1502 semct-

2169 1523 2356 1588 ipsum,
2375 1531 2428 1574 et
2449 1521 2654 1575 desinat
2681 1538 2797 1576 esse
2815 1524 2956 1591 quod
2983 1523 3116 1578 fuit:
3148 1525 3318 1578 discat
3348 1527 3545 1578 bonum
3577 1526 3725 1592 loqui

2139 1677 2142 1680 ἠ
2167 1611 2254 1676 qui
2279 1611 2422 1678 prius
2451 1625 2581 1663 vana
2627 1620 2680 1662 et
2708 1620 2877 1679 turpia
2912 1611 3191 1680 loquendo,
3218 1621 3321 1664 tam
3351 1628 3410 1666 se
3430 1628 3595 1680 quain
3631 1628 3725 1664 au-

2167 1696 2366 1751 ditores
2390 1713 2514 1753 suos
2543 1699 2862 1752 maculabat.
2885 1699 2984 1766 Qui
3038 1709 3153 1754 erat
3175 1716 3366 1754 avarus
3396 1711 3487 1753 aut
3541 1711 3726 1758 tenax.

521 1793 644 1845 coelo
697 1792 888 1858 angelis
932 1791 1020 1841 Dei
1061 1805 1239 1856 super
1285 1806 1382 1842 uno
1429 1799 1686 1856 peccatore
1729 1790 2065 1854 penitentiam
2097 1797 2139 1856 Β
2171 1786 2220 1839 id
2247 1795 2330 1840 est
2349 1788 2436 1854 qui
2463 1787 2630 1841 aliena
2653 1789 2920 1857 cupiebat,
2953 1795 3007 1841 et
3042 1789 3132 1857 qui
3171 1805 3262 1842 sua
3294 1791 3508 1844 minime
3537 1791 3731 1856 largie-

519 1891 717 1946 agente,
750 1894 1096 1946 quam-supra
1123 1879 1395 1946 nonaginta
1432 1893 1604 1930 novrm
1642 1878 1796 1945 justis
1835 1878 1920 1945 qui
1963 1891 2063 1928 non

519 1969 740 2036 iudigtnt
770 1966 1056 2031 pmniteutia
1085 1963 1232 2032 (Luc.
1269 1968 1376 2032 sv).
1404 1965 1650 2019 Salomon
1680 1981 1887 2034 quoque
1916 1966 1987 2016 ait
2012 1966 2064 2017 in

518 2058 822 2113 Proverbiis
844 2075 858 2111 :
879 2058 1055 2110 Justus
1075 2061 1209 2125 prior
1233 2067 1304 2109 est
1319 2067 1581 2109 accusator
1600 2055 1868 2117 suitProu.
1895 2060 2063 2118 xvni).

514 2146 731 2201 Certum
755 2156 834 2200 est
864 2150 1002 2198 enim
1037 2145 1178 2211 quod
1226 2143 1397 2196 nullus
1421 2143 1593 2210 justus
1621 2143 1717 2196 nisi
1771 2144 2061 2212 paenitens,

521 2249 675 2288 nemo
699 2243 873 2286 autem
897 2232 1231 2298 impaenitens
1273 2231 1446 2300 justus
1471 2249 1482 2284 :
1513 2233 1762 2301 quoniam
1803 2232 1938 2287 sicut
1967 2232 2064 2284 im-

520 2323 769 2390 possibile
792 2330 874 2375 est
900 2321 1164 2375 hominem
1188 2322 1300 2377 sine
1322 2331 1538 2391 peccato
1565 2338 1681 2376 esse
1701 2361 1716 2384 ,
1766 2325 1832 2375 ita
1861 2323 2060 2390 abstiue

517 2411 828 2480 poenitentia
859 2410 1184 2479 impossibile
1237 2421 1321 2463 est
1370 2410 1572 2463 salvum
1616 2410 1765 2471 tieri,
1818 2412 2063 2478 quoniam

517 2502 724 2557 dicente
743 2500 947 2554 Joanne
967 2500 1208 2566 apostolo
1235 2518 1246 2550 :
1280 2499 1339 2552 Si
1364 2501 1633 2552 dixerimus
1681 2501 1916 2570 quoniam
1956 2515 2070 2566 pec-

521 2600 686 2641 catum
715 2605 813 2641 non
847 2588 1103 2649 habemus,
1125 2590 1221 2656 ipsi
1254 2605 1341 2642 nos
1381 2590 1659 2641 reducimus
1707 2599 1756 2640 et
1794 2591 1977 2641 veritas
2014 2589 2066 2641 ia

517 2677 658 2730 nobis
683 2693 782 2730 non
809 2685 915 2738 est;
953 2677 994 2727 .-i
1028 2693 1141 2730 vero
1171 2680 1496 2742 confiteantur
1542 2689 1747 2745 peccata
1769 2685 1976 2738 nostra,
2013 2678 2068 2741 ﬁ-

518 2768 643 2819 delis
663 2775 802 2818 estet
831 2770 989 2832 iustus
1026 2775 1080 2818 ut
1110 2767 1331 2819 remittat
1374 2767 1516 2820 nobis
1557 2779 1758 2836 peccata
1802 2777 1974 2819 nostra
2020 2776 2068 2818 et

524 2858 725 2908 inundet
749 2872 835 2907 nos
880 2856 942 2907 ab
989 2856 1124 2908 omni
1151 2857 1414 2924 iniquitate
1441 2855 1492 2922 (I
1524 2856 1680 2908 Joau.
1708 2862 1766 2921 l).
1815 2855 1870 2908 lu
1922 2856 2068 2910 libris

517 2959 724 3013 quoque
753 2954 1055 2998 sanctorum
1090 2944 1295 2997 Patroni
1326 2945 1390 2996 de
1412 2946 1771 2998 satisfactione
1795 2947 2060 3014 pmniten.

520 3037 620 3099 tim,
647 3033 782 3087 inter
811 3042 1000 3087 uetera
1025 3034 1134 3087 lrzec
1151 3034 1343 3100 scripta
1367 3045 1515 3086 sunt:
1548 3035 1913 3088 Pmnitentiam
1938 3049 2065 3102 ergo

2166 1883 2343 1939 natur,
2365 1885 2555 1930 conten
2585 1892 2644 1930 us
2673 1877 2780 1930 suis
2821 1877 3049 1946 propriis
3097 1879 3288 1941 rebus,
3327 1880 3394 1932 sit
3441 1880 3626 1946 largus
3679 1891 3732 1931 ct

2169 1965 2456 2029 beneficus,
2491 1966 2542 2018 id
2576 1977 2675 2030 est,
2695 1968 2864 2020 aliena
2895 1984 2998 2021 non
3025 1971 3384 2038 concupiscat,
3402 1987 3507 2024 non
3533 1973 3728 2040 rapiat,

2170 2070 2272 2107 non
2306 2052 2601 2121 fraudetur,
2632 2063 2686 2109 et
2745 2058 2794 2110 in
2852 2067 3105 2125 quantum
3146 2059 3283 2112 vires
3307 2059 3356 2112 ei
3395 2069 3688 2126 suppetunt
3713 2105 3725 2121 ,

2169 2145 2420 2213 porrigat.
2457 2145 2550 2206 Qui
2583 2143 2863 2210 furabatur,
2888 2149 3000 2214 jam
3028 2163 3128 2200 non
3165 2149 3380 2216 furetur,
3431 2156 3520 2200 sed
3563 2155 3731 2214 magiis

2169 2231 2361 2282 tubiiret
2389 2234 2644 2299 operando
2685 2235 2916 2286 manibus
2970 2237 3073 2287 suis
3120 2240 3252 2305 quod
3299 2238 3480 2290 bonum
3521 2246 3635 2297 est,
3677 2248 3730 2287 ut

2177 2319 2353 2371 habeat
2379 2323 2512 2372 unde
2554 2322 2742 2372 tribuat
2784 2324 3028 2374 uccessita
3052 2340 3128 2375 en
3183 2325 3392 2389 patienti
3425 2325 3590 2393 (Eph.
3625 2341 3726 2386 III).

2173 2408 2270 2474 Qui
2301 2419 2415 2463 erat
2439 2420 2780 2472 coniessator,
2813 2411 2864 2464 id
2902 2421 2982 2464 est
3006 2411 3174 2479 glutto
3203 2422 3293 2466 aut
3322 2416 3564 2467 ebriosus
3592 2455 3609 2477 ,
3664 2428 3732 2466 sit

2172 2512 2359 2564 parcus
2376 2507 2429 2551 et
2450 2499 2673 2553 sobrius.
2699 2498 2797 2564 Qui
2818 2511 3166 2554 consueverat
3194 2511 3410 2571 propter
3439 2505 3729 2556 liuinanam

2171 2581 2362 2633 latinam
2393 2581 2675 2636 indiscrete
2705 2598 2788 2636 res
2809 2598 2932 2636 suas
2979 2585 3029 2636 in
3059 2586 3179 2638 cibo
3211 2595 3263 2639 et
3299 2596 3424 2654 potu
3453 2588 3730 2656 superﬂue

2170 2669 2458 2732 effundere,
2486 2671 2653 2725 discat
2702 2672 3085 2727 rationabiliter
3121 2689 3210 2728 eas
3236 2676 3564 2743 dispensare,
3596 2695 3731 2745 qun-

2170 2761 2307 2813 niam
2338 2762 2474 2814 sicut
2498 2762 2821 2815 abominatio
2847 2772 2928 2816 est
2981 2765 3116 2831 apud
3147 2765 3425 2820 Dominum
3454 2769 3686 2821 avaritia
3715 2808 3728 2824 .

2170 2851 2220 2903 id
2249 2859 2331 2903 est
2358 2853 2632 2912 tenacitas,
2658 2853 2726 2905 ita
2756 2863 3028 2920 peccatum
3058 2863 3138 2908 est
3167 2855 3448 2910 indiscreta
3491 2857 3686 2910 eﬂ'usio
3715 2875 3726 2910 :

2166 2927 2264 2994 nec
2292 2949 2502 2993 tenaces
2529 2943 2668 2992 enim
2698 2956 2793 2993 nos
2819 2956 2934 2995 esse
2962 2943 3072 2992 vult
3104 2943 3258 3005 Deus,
3281 2958 3381 2996 nec
3425 2944 3683 3011 prodigos
3712 2985 3726 3003 .

2169 3029 2216 3082 id
2247 3039 2328 3083 est
2354 3028 2546 3082 clfusos
2591 3027 2688 3093 Qui
2717 3039 2829 3082 erat
2859 3031 3082 3084 mendax
3103 3040 3193 3083 aut
3213 3031 3474 3097 falsarios,
3499 3033 3732 3100 corrigat

519 3121 811 3190 peccatoris
846 3121 981 3174 Deus
1009 3131 1305 3188 exspectat.
1337 3120 1646 3174 Pwoitentia
1665 3131 1840 3175 autem
1871 3122 1957 3175 illa
1987 3130 2068 3175 est
2097 3110 2141 3168 C
2172 3118 2365 3173 malum
2395 3135 2565 3182 suum,
2597 3130 2650 3173 et
2677 3130 2848 3173 cesset
2874 3135 2990 3174 esse
3029 3121 3200 3188 qualis
3227 3121 3344 3180 fuit,
3375 3123 3551 3188 sitque
3585 3139 3734 3176 ama-

519 3219 743 3271 vera,ut
786 3209 897 3274 jam
937 3209 1160 3277 amplius
1201 3215 1305 3261 neu
1363 3208 1517 3261 faciat
1562 3209 1721 3261 homo
1768 3209 1904 3261 mala
1948 3223 2065 3276 qua:

518 3303 694 3370 gessit,
724 3301 817 3354 sed
843 3300 910 3354 de
943 3301 1220 3365 pra-teritis
1248 3302 1500 3367 pteniteat
1551 3311 1604 3351 et
1650 3300 1716 3352 de
1767 3299 1952 3355 futuris
1979 3314 2069 3352 ca-

517 3400 657 3452 veat,
691 3406 788 3446 nec
809 3391 874 3444 ad
905 3392 1016 3460 ipsa
1060 3391 1245 3444 iterum
1273 3400 1586 3443 revertatur.
1618 3389 1678 3440 Et
1703 3391 1838 3452 idco,
1869 3391 2068 3444 charis-

519 3485 658 3547 simi,
699 3481 848 3551 juxta
878 3481 1168 3536 Psalmisue
1213 3498 1418 3548 vocem,
1451 3483 1753 3534 declinemus
1795 3498 1826 3530 a
1855 3481 1988 3531 malo
2021 3492 2069 3532 et

521 3576 771 3642 {aciamus
797 3573 980 3625 bonum
1011 3572 1180 3638 (I'sal.
1218 3575 1436 3636 xxxiii);
1489 3583 1541 3624 et
1590 3580 1644 3622 ut
1672 3572 1811 3623 scire
1857 3569 2068 3636 pessitis

520 3660 784 3728 quomodo
815 3659 864 3712 id
892 3657 1006 3711 ﬁeri
1031 3666 1293 3724 Oporteat,
1323 3659 1500 3710 audite
1527 3673 1642 3725 qua:
1668 3659 1857 3710 dicturi
1886 3671 2067 3709 sumus

521 3747 792 3800 attentius.
822 3746 1134 3812 Quicunque
1155 3745 1410 3812 superbus
1440 3743 1532 3794 fuit
1566 3753 1651 3795 aut
1680 3745 1869 3807 elatus,
1901 3745 2066 3810 repri-

521 3842 627 3885 mat
649 3833 945 3901 superbiam
975 3847 1144 3893 suam,
1171 3842 1225 3883 et
1253 3832 1322 3884 sit
1351 3832 1565 3883 liuuii.is
1596 3841 1649 3882 et
1678 3832 1918 3898 simplex,
1948 3831 2066 3898 quia

529 3925 662 3978 Deus
688 3926 914 3991 superbis
962 3924 1168 3985 resistit,
1199 3923 1465 3973 humilibus
1505 3931 1671 3973 autem
1725 3923 1812 3971 dot
1853 3922 2066 3988 gratiam

529 4013 575 4071 il
612 4013 749 4064 Petr.
768 4021 843 4079 ν).
865 4011 962 4076 Qui
993 4019 1106 4063 erat
1138 4009 1435 4071 iracundus,
1461 4009 2067 4077 vel,quodestdctcrius,

523 4101 832 4156 furibundus
862 4109 915 4152 et
946 4100 1145 4165 minax,
1179 4108 1456 4165 protervus
1479 4107 1636 4165 atque
1657 4097 1901 4160 crudelis,
1927 4113 2067 4150 com-

523 4198 702 4257 pescat
729 4188 982 4240 szevitiam
1023 4202 1171 4238 suam
1218 4195 1272 4237 et
1295 4186 1485 4238 mentis
1507 4186 1892 4248 crudelitatem,
1925 4195 1975 4237 et
2005 4186 2072 4238 sit

523 4278 748 4343 patiens,
782 4274 920 4325 mitis
945 4283 1103 4337 atque
1131 4272 1268 4338 pius,
1300 4272 1548 4336 quoniam
1592 4273 1671 4324 ira
1710 4273 1802 4323 viri
1821 4273 2068 4340 justitiam

525 4365 614 4417 Dei
646 4381 740 4416 non
763 4371 994 4429 opcratnr
1019 4361 1153 4428 (Jac.
1180 4362 1244 4426 ι),
1273 4369 1325 4411 et
1363 4361 1559 4427 absque
1605 4362 1855 4428 patientia
1879 4372 1933 4414 et
1963 4363 2072 4428 pie-

2169 3217 2252 3262 tor
2279 3212 2518 3264 veritatis
2547 3210 2960 3264 etrectitudinis.
2991 3211 3096 3264 Nec
3121 3221 3424 3266 nostrorum
3447 3213 3733 3266 vulnerum

2168 3297 2447 3350 multitudo
2477 3313 2573 3349 nos
2602 3299 2652 3350 in
2683 3297 3108 3361 desiveratiouem
3148 3300 3428 3368 deprimat,
3460 3303 3584 3370 quia
3612 3318 3728 3355 rna—

2164 3385 2249 3450 jor
2275 3394 2350 3438 est
2401 3387 2636 3453 potentia
2668 3388 2854 3440 medici
2897 3403 3052 3455 quam
3105 3390 3409 3456 magnitudo
3457 3392 3732 3458 languoris

2171 3475 2356 3526 nostri.
2383 3475 2512 3538 Quid
2540 3484 2619 3527 est
2647 3477 2782 3528 enim
2828 3478 2968 3542 quod
3000 3491 3246 3544 reparare
3273 3478 3337 3530 ad
3365 3479 3592 3533 salutem
3625 3497 3730 3533 non

2171 3552 2352 3631 possit,
2383 3565 2471 3630 qui
2505 3566 2867 3631 potuitomnia
2885 3581 2949 3614 ex
2975 3566 3136 3618 nihilo
3166 3569 3385 3621 creare?
3418 3567 3734 3636 Uuigenitus

2169 3652 2360 3720 quippe
2389 3663 2469 3705 est
2492 3655 2837 3732 omnipotenti
2886 3653 3024 3706 Patri
3075 3665 3404 3717 coa'teruus,
3455 3672 3577 3711 cum
3624 3672 3731 3724 quo

2172 3742 2297 3792 vivit
2319 3751 2373 3793 ct
2395 3754 2572 3806 regnat
2618 3743 2665 3793 in
2695 3743 2890 3794 unitate
2922 3743 3146 3808 Spiritus
3193 3745 3358 3797 sancti
3408 3747 3544 3798 Deus
3569 3784 3585 3808 ,
3640 3761 3732 3813 per

2170 3832 2342 3883 omnia
2369 3833 2555 3885 secula
2589 3835 2918 3884 sa-culoruui.
2955 3835 3138 3886 Anien.

2245 3922 2382 3974 Duos
2413 3934 2688 3988 prretcrea,
2721 3924 2908 3976 fratres
2939 3926 3077 3988 uici,-
3102 3925 3439 3992 alloquimur,
3471 3940 3608 3992 quos
3635 3941 3729 3992 pu-

2172 4010 2300 4060 blica
2332 4011 2470 4062 actio
2507 4011 2793 4064 criminalis
2824 4012 3085 4077 publicani
3133 4015 3305 4076 corgit
3353 4026 3512 4078 agere
3559 4013 3729 4079 pretii-

2173 4097 2406 4159 tentiam,
2443 4097 2577 4148 unde
2610 4099 2964 4166 unusquisque
2992 4108 3220 4151 vestrum
3256 4098 3319 4150 ad
3365 4114 3426 4151 se
3470 4100 3685 4153 rediens
3710 4136 3725 4159 .

2173 4184 2472 4236 conisidcret
2499 4184 2539 4236 si
2581 4199 2670 4250 per
2701 4185 3097 4237 :unaritmlineui
3130 4187 3453 4252 paenitentia:
3481 4189 3592 4240 Deo
3641 4204 3727 4240 sa-

2175 4272 2421 4325 tisfecerit
2471 4287 2566 4340 pro
2604 4274 2712 4325 suis
2757 4274 2968 4325 olli-usis
3009 4285 3063 4326 ct
3113 4276 3423 4329 delictorqu
3471 4279 3726 4332 maculis!

2176 4363 2301 4411 Nam
2331 4361 2456 4413 licet
2504 4362 2853 4414 lllllll>l€f|ﬂlll
2885 4364 3254 4417 reconciliandi
3303 4366 3592 4432 episcopali
3635 4381 3729 4418 au-

525 4465 628 4506 tate
657 4466 869 4518 regnum
904 4452 988 4502 Dei
1019 4450 1264 4515 consequi
1291 4462 1444 4501 nemo
1464 4458 1656 4515 potest.
1678 4450 1775 4513 Qui
1809 4450 2064 4516 fnitgras-
2101 4450 2141 4503 i)
2168 4451 2412 4502 ctoritate
2457 4449 2504 4502 in
2558 4451 2706 4501 vobis
2759 4451 3026 4517 complere
3087 4451 3333 4515 VCllllllb;
3402 4462 3578 4507 tamen
3629 4455 3728 4508 nisi

523 4552 665 4592 sator
695 4540 831 4593 idem
857 4537 1112 4599 carnifex,
1145 4537 1427 4602 sivc,quod
1458 4547 1534 4589 est
1581 4536 1812 4591 deterius
1835 4579 1848 4602 ,
1901 4540 2066 4591 homi-

524 4630 657 4690 cida,
681 4643 965 4682 conversus
989 4635 1106 4694 agat
1130 4627 1336 4692 dignam
1360 4628 1716 4693 paenitentiam
1749 4638 1803 4680 et
1827 4631 1892 4680 sit
1923 4647 2069 4682 man-

524 4728 703 4771 suetus
748 4728 803 4769 et
833 4719 965 4783 pius,
985 4716 1236 4783 quioniatu
1259 4719 1395 4767 sicut
1420 4718 1711 4781 liOllllCldiU,
1737 4718 1832 4768 nisi
1861 4719 2066 4784 dignam

524 4808 728 4873 egerint
758 4806 1142 4874 paenitentiam,
1187 4806 1342 4854 vitam
1372 4812 1620 4856 mternam
1659 4809 1907 4871 consequi
1966 4823 2068 4859 non

528 4904 767 4961 p0ssunt,
802 4895 873 4946 ita
899 4907 996 4946 nec
1043 4902 1371 4956 grassatores
1401 4892 1486 4958 qui
1526 4892 1638 4945 sine
1691 4897 1887 4960 pietate
1916 4897 2071 4948 misc-

529 4999 704 5037 rorum
737 4985 968 5034 membra
991 4981 1246 5034 dilaniant
1274 4981 1384 5033 sive
1427 4981 1759 5034 detruncant.
1811 4983 1910 5048 Qui
1958 4993 2071 5036 erat

528 5073 735 5127 invidus
764 5073 872 5123 sive
896 5072 1129 5133 odiosus,
1157 5085 1443 5121 conversus
1470 5085 1497 5121 a
1527 5072 1720 5123 malitia
1752 5088 1862 5134 sui,
1894 5075 1960 5126 sit
1983 5075 2069 5126 be-

531 5170 717 5235 nignus
739 5173 895 5231 atque
919 5164 1232 5224 misericors,
1257 5164 1424 5216 discat
1448 5165 1662 5230 diligere
1685 5167 1896 5217 fratrem
1921 5179 2070 5216 suum

528 5272 687 5326 quem
711 5258 853 5322 prius
870 5255 990 5306 odio
1014 5254 1253 5306 habebat.
1271 5255 1365 5317 Qui
1400 5253 1491 5306 fuit
1515 5254 1796 5307 fornicator
1819 5266 1907 5308 aut
1923 5257 2072 5308 adul-

533 5355 630 5405 ter,
655 5360 745 5396 seu
789 5345 1036 5402 incestus,
1065 5341 1357 5394 immundus
1380 5383 1392 5403 ,
1445 5358 1724 5394 Conversus
1747 5356 1862 5410 agat
1913 5348 2072 5411 pteui-

534 5435 774 5494 tcnliam,
806 5442 857 5483 et
885 5431 1134 5495 deinceps
1158 5431 1295 5480 vivat
1323 5432 1495 5482 sobrie
1523 5441 1680 5495 atque
1721 5434 2069 5488 continenter.

534 5521 842 5586 Quicunque
893 5520 1020 5572 e~tis
1044 5516 1330 5582 conjugati,
1363 5520 1656 5570 viventibus
1690 5519 1938 5572 uxoribus
1991 5537 2073 5572 ve-

535 5609 814 5668 stris,cum
864 5608 978 5658 aliis
1024 5605 1228 5657 fcininis
1279 5605 1436 5658 nolite
1481 5610 1806 5660 counnisccri
1858 5618 1910 5659 et
1966 5607 2073 5660 fieri

541 5697 759 5751 adulteri
791 5697 867 5750 vel
899 5697 1180 5749 loruicarii.
1213 5695 1263 5746 Si
1295 5696 1502 5761 quando
1530 5697 1895 5752 anniversarite
1925 5699 2075 5752 festi-

1111 5788 1150 5801 ν

2170 4541 2646 4605 Spiritu-sanctus,
2674 4555 2766 4603 rer
2795 4539 2944 4605 cujus
2995 4539 3383 4594 invocationem
3425 4544 3564 4595 istud
3606 4543 3728 4595 olli-

2168 4631 2304 4680 ciuui
2336 4629 2527 4694 agitur,
2558 4628 2718 4680 corda
2753 4638 2925 4681 vestra
2953 4630 3265 4684 intrinsecus
3314 4612 3594 4700 puritica‘ta
3653 4634 3727 4687 in-

2172 4722 2388 4782 venerit,
2419 4735 2445 4771 a
2485 4721 2929 4772 reconcdiazionis
2982 4723 3147 4788 gratia
3173 4722 3324 4774 vacui
3359 4723 3726 4777 reniancbitis.

2170 4811 2498 4874 Quapmpter
2519 4808 2560 4858 si
2584 4809 2832 4874 deinceps
2861 4808 2925 4858 ad
2955 4822 3016 4860 ea
3067 4823 3182 4874 qua:
3208 4809 3528 4875 pcenituistis
3553 4809 3728 4864 redire

2171 4912 2274 4948 nou
2303 4897 2478 4958 vultis,
2509 4910 2677 4962 neque
2708 4895 2808 4945 alia
2840 4896 3082 4960 crimina,
3127 4898 3462 4952 custodiente
3505 4908 3561 4952 et
3601 4913 3726 4967 pro-

2173 4993 2287 5048 tcge
2331 4993 2380 5034 te
2416 4986 2542 5044 Deo,
2564 4993 2872 5050 perpetrare
2904 4984 2954 5035 in
2983 4988 3158 5038 animo
3186 4986 3409 5049 habetis,
3431 4991 3555 5042 date
3575 4989 3728 5041 nobis

2171 5074 2372 5139 signmn
2408 5089 2511 5140 quo
2540 5086 2918 5138 cognoscamus
2941 5073 3076 5140 quod
3114 5076 3277 5141 magis
3304 5077 3539 5128 crelestizi
3566 5091 3725 5145 quam

2174 5172 2378 5214 terrena
2406 5163 2626 5224 ametis;
2665 5163 2770 5212 Deo
2792 5163 2991 5228 optimo
3039 5163 3231 5228 gratias
3286 5163 3602 5232 referamus,
3633 5167 3722 5234 qui

2172 5252 2581 5306 misericorditer
2610 5250 2766 5303 corda
2790 5261 2958 5303 vestra
2991 5251 3198 5317 tetigit,
3243 5261 3297 5304 ut
3336 5255 3590 5308 mandata
3613 5255 3728 5320 ejus

2173 5347 2329 5396 corde
2358 5360 2416 5397 ac
2439 5350 2612 5395 mente
2631 5342 2845 5409 exsequi
2877 5341 3066 5405 velitis,
3091 5357 3187 5394 nec
3216 5344 3279 5395 ad
3309 5347 3573 5410 prmterita
3602 5345 3726 5398 vitia

2175 5449 2344 5486 recuri
2361 5449 2465 5492 crc,
2493 5435 2583 5485 sed
2607 5434 2654 5485 in
2682 5433 2794 5499 ejus
2817 5432 3099 5484 dilectione
3121 5442 3277 5499 atque
3302 5436 3583 5503 pnnccptis
3607 5450 3723 5503 per

2176 5521 2358 5571 si-tere
2390 5520 2519 5571 wlle
2566 5535 2657 5572 vos
2677 5505 2981 5578 lostcoditi-,
3011 5528 3245 5585 petentes
3269 5522 3466 5589 jugiter
3496 5533 3550 5574 et
3578 5523 3726 5578 obse-

2177 5620 2381 5659 crantcs
2401 5609 2644 5674 pietatem
2664 5609 2861 5660 Domini
2891 5610 3052 5659 nostri
3080 5607 3201 5661 Jesu
3231 5611 3424 5661 Christi
3449 5617 3506 5661 ul
3528 5609 3723 5664 bonum

2177 5701 2315 5766 quod
2347 5702 2505 5769 ctepit
2535 5703 2584 5754 in
2608 5701 2753 5757 vobis
2789 5712 2943 5768 agere
2978 5701 3217 5767 dignetur
3245 5710 3298 5753 et
3325 5703 3584 5768 perlicere
3605 5715 3722 5755 ctua
