3886 6226
545 361 647 414 5’55

1731 362 1785 415 S.
1833 361 2027 415 ELIGll
2067 362 2343 416 NOVIO“.
2388 363 2593 417 EI‘ISC.

3558 130 3862 360 Ἴ

3661 372 3752 423 6'36

543 471 677 535 pius,
711 471 764 523 in
792 470 1114 541 pauperibus
1142 470 1465 533 misericors,
1486 469 1736 524 Dominus
1758 472 1971 537 augebit
1999 488 2093 525 an-
2123 479 2169 534 Α
2197 489 2403 541 regnum
2444 473 2539 527 Dei
2563 491 2665 530 non
2697 474 3040 543 possitt'ebnn'.
3081 474 3305 547 Attende
3356 473 3652 544 diligenter,
3702 490 3752 532 ut

543 575 640 614 nos
671 568 789 614 tuos
839 560 1123 628 longaevos,
1170 560 1308 614 sicut
1353 559 1479 614 fecit
1525 561 1948 615 antecessoribus
1986 563 2088 616 tuis

542 647 776 714 regibus,
817 648 903 715 qui
936 648 989 700 in
1028 648 1128 703 hoc
1182 648 1379 703 steculo
1435 648 1681 702 nobiliter
1708 659 2090 717 regnaverunt.

541 736 617 792 fl‘u
647 739 886 807 quidem,
916 739 1151 802 domine,
1180 742 1224 793 si
1257 740 1308 793 in
1337 740 1435 793 ista
1459 740 1679 809 juvenili
1707 750 1866 795 vetate
1888 739 2096 809 perfec-

540 841 625 881 tus
670 828 853 895 fueris,
904 843 1091 883 omnes
1121 836 1308 895 gentes
1340 829 1433 882 tibi
1486 829 1829 884 adversantes
1882 829 1949 884 de
2005 840 2095 884 tuo

536 926 683 971 iccto
728 925 782 972 et
807 917 947 986 justo
979 917 1234 984 regimine
1269 917 1552 983 pavebant,
1587 932 1774 971 omnes
1806 918 1989 972 lileles
2020 922 2096 972 tui

534 1017 711 1061 tecum
741 1007 1065 1075 gaudebunt,
1099 1006 1329 1059 universi
1377 1015 1428 1059 te
1459 1006 1734 1069 timebunt,
1770 1015 1827 1060 ct
1878 1008 2097 1061 audient

530 1104 587 1148 et
616 1098 852 1165 diligent.
885 1097 1062 1152 cuncti
1114 1096 1313 1163 gratias
1341 1105 1499 1164 agent
1524 1097 1704 1149 divino
1735 1098 1929 1151 rectori
1979 1097 2092 1153 Do-

532 1186 677 1241 mino
722 1194 905 1240 nostro
933 1187 1054 1240 .Iesu
1083 1184 1300 1239 Christo
1352 1199 1418 1239 eo
1467 1184 1609 1253 quod
1656 1186 1814 1238 talem
1851 1200 2012 1255 super
2036 1201 2094 1241 se

531 1284 839 1329 meruerunt
867 1275 1061 1329 lubere
1087 1288 1287 1341 regem.
1320 1272 1450 1327 Cum
1481 1284 1610 1326 Inter
1643 1272 1787 1341 ipsOs
1834 1273 1884 1326 in
1916 1274 2093 1328 consi-

530 1363 657 1419 lium
688 1367 913 1433 veneris,
944 1381 1157 1434 semper
1183 1380 1373 1419 sereno
1406 1365 1549 1418 vultu
1570 1379 1752 1418 eorum
1787 1367 1961 1418 verbis
1993 1379 2091 1417 au-

529 1471 642 1510 tem
691 1457 1190 1525 praebc;sollicitus
1246 1454 1524 1511 considera
1577 1455 1847 1524 quomodo
1892 1456 2087 1524 singuli

528 1549 666 1603 circa
698 1557 748 1603 te
773 1549 1080 1616 loquantur,
1111 1563 1209 1618 pro
1237 1548 1525 1602 stabilitate
1554 1547 1759 1616 patriae,
1787 1562 1881 1616 pro
1910 1547 2087 1601 causis

527 1639 890 1705 emendandis,
920 1654 1013 1704 pro
1039 1648 1125 1691 tua
1150 1637 1339 1702 salute,
1358 1652 1453 1706 pro
1485 1637 1545 1689 iis
1568 1651 1686 1704 qua:
1710 1636 2001 1690 ordinanda
2033 1644 2089 1689 et

528 1729 799 1783 tractanda
851 1737 971 1782 sunt
1003 1728 1052 1781 in
1083 1728 1229 1794 regio
1273 1727 1490 1795 palatio.
1541 1725 1729 1779 Omnia
1779 1726 1887 1778 haec
1941 1724 2084 1779 oeuli

2198 581 2303 617 non
2334 564 2632 618 inordinate
2656 566 2810 619 alicui
2855 566 3047 620 reddas
3079 580 3413 633 responsum,
3458 566 3549 619 sed
3579 567 3627 619 in
3676 577 3751 619 tua

2197 651 2409 719 loquela
2437 652 2509 706 sis
2530 652 2769 706 ernlitus
2798 660 2853 706 et
2900 667 3080 715 verax,
3110 652 3232 719 quia
3263 651 3334 704 ita
3375 652 3583 719 sapiens
3611 654 3755 706 Salo.

2202 755 2326 793 nion
2356 739 2470 793 ait:
2505 739 2750 795 Eruditus
2779 743 2830 794 in
2873 739 3033 794 verbis
3079 743 3290 809 reperiet
3338 740 3491 795 bona.
3538 742 3752 806 Quando

2198 828 2291 879 tibi
2324 828 2515 896 aliquis
2539 838 2631 882 aut
2657 846 2755 899 pro
2786 839 2871 884 tua
2901 830 3130 883 utilitate
3159 840 3251 883 aut
3282 846 3379 899 pro
3417 844 3510 882 sua
3537 832 3755 884 necessi-

2199 926 2312 971 tate
2332 918 2527 986 aliquid
2550 920 2801 987 suggerit,
2828 935 2932 973 non
2964 920 3016 973 in
3047 920 3226 973 animo
3257 930 3351 973 tuo
3379 929 3562 974 contra
3590 920 3750 989 ipsum

2201 1006 2431 1072 maligne
2458 1007 2656 1075 aliquid
2687 1014 2780 1060 aut
2807 1007 3036 1075 superbe
3068 1015 3279 1072 teneas,
3335 1009 3426 1062 sed
3478 1011 3552 1062 sic
3584 1009 3756 1062 mode-

2195 1106 2311 1152 rate
2337 1108 2390 1152 et
2412 1100 2633 1153 licueste
2660 1113 2757 1166 age
2782 1099 2918 1151 sicut
2956 1098 3109 1152 decet
3160 1114 3363 1165 regem,
3394 1109 3447 1152 et
3491 1099 3754 1168 δηίων-ιι

2193 1189 2351 1240 docet
2387 1204 2398 1239 :
2434 1188 2528 1241 Sol
2556 1202 2656 1239 non
2700 1188 2900 1242 occidat
2950 1204 3100 1253 super
3146 1189 3467 1240 iracundiam
3498 1202 3756 1259 vestram:

2192 1275 2288 1330 sed
2324 1277 2367 1330 si
2398 1278 2598 1347 aliquid
2629 1278 2913 1346 contigerit
2942 1280 3081 1332 nmle
3126 1279 3201 1331 ira
3250 1291 3548 1333 connnotus
3579 1280 3753 1341 fueris.

2193 1366 2301 1438 cito
2333 1368 2540 1422 animus
2570 1368 2793 1437 recipiat
2824 1384 3029 1438 pacem,
3059 1369 3181 1437 quia
3210 1369 3480 1432 Dominus,
3514 1372 3655 1423 sicut
3684 1370 3755 1423 le-

2190 1458 2332 1525 gitur
2360 1458 2409 1510 in
2440 1458 2756 1526 Striptnris,
2787 1476 2946 1528 super
2970 1463 3255 1527 patientem
3280 1460 3513 1513 animum
3542 1461 3753 1515 verbum

2189 1548 2557 1616 prornissionis
2578 1562 2687 1603 sua:
2728 1550 2976 1617 dignatur
3006 1551 3204 1618 largiri.

2260 1638 2412 1702 Quod
2443 1653 2589 1699 vero,
2618 1638 2998 1707 gloriosissime
3025 1640 3258 1702 domine,
3285 1648 3310 1685 b
3343 1640 3608 1693 rusticitas
3638 1655 3748 1691 nua

2191 1727 2340 1780 vobis
2368 1727 2600 1781 scribere
2629 1727 2919 1795 praesumit,
2953 1727 3145 1796 regalis
3173 1727 3427 1780 industria
3454 1728 3552 1780 hoc
3583 1740 3753 1780 nzente

526 1821 600 1873 tui
627 1820 884 1874 instanter
912 1818 1215 1885 inspiciaut,
1250 1826 1305 1869 et
1329 1828 1488 1867 aures
1521 1823 1623 1868 tne
1668 1812 1955 1884 prudenter
1985 1828 2082 1865 au-
2120 1812 2157 1869 Β
2188 1818 2379 1871 devota
2414 1826 2740 1884 pertractet,
2793 1827 2847 1870 et
2888 1816 3095 1869 interro
3151 1817 3333 1870 animo
3379 1831 3408 1869 a
3466 1816 3573 1869 Deo
3615 1826 3752 1884 petat

524 1913 691 1966 diant.
724 1912 949 1977 Quoties
981 1924 1109 1963 vero
1137 1908 1348 1961 veneris
1378 1908 1518 1961 inter
1546 1907 1686 1973 illos,
1716 1907 1793 1961 sic
1828 1922 1900 1962 srs
1930 1907 2075 1961 solli-

528 2004 666 2056 citus
694 2001 843 2069 quasi
872 2014 1003 2069 puer
1042 1997 1130 2067 qui
1160 1998 1431 2065 sapienter
1456 1997 1569 2050 vult
1596 1996 1801 2051 discere
1833 1998 2074 2061 litteras;

524 2100 777 2161 tantaque
808 2090 1084 2161 prudentia
1116 2098 1206 2142 tua
1236 2089 1374 2142 inter
1415 2088 1560 2157 ipsos
1605 2100 1881 2156 appareat,
1912 2097 1970 2142 ut
1999 2090 2077 2141 eis

526 2183 878 2253 loquentibus,
932 2189 1117 2234 tunon
1162 2179 1235 2234 sis
1262 2178 1572 2248 discipulus,
1627 2178 1721 2233 sed
1783 2180 2076 2247 magister;

524 2275 609 2327 ubi
638 2281 814 2328 autem
847 2271 1039 2326 videris
1068 2271 1365 2340 sapientem
1412 2269 1700 2333 hominem,
1734 2271 2079 2339 peculiariter

521 2379 641 2419 cum
674 2364 885 2433 recipe,
916 2368 970 2415 et
1013 2361 1219 2416 fabulas
1245 2360 1484 2414 diversas
1534 2375 1655 2414 eum
1712 2360 1804 2413 illo
1858 2360 2074 2413 l-aheas.

517 2453 638 2523 quia
668 2452 805 2508 sicut
835 2436 1092 2521 scriptum
1117 2461 1197 2504 est
1224 2466 1236 2501 :
1264 2444 1326 2503 Si
1354 2464 1541 2518 arguas
1576 2449 1882 2516 sapientein,
1906 2448 2078 2515 diliqit

516 2551 598 2603 te;
642 2549 688 2593 et
717 2543 759 2594 si
784 2542 998 2592 irridens
1029 2538 1305 2590 derisorem
1334 2536 1420 2605 qui
1446 2553 1546 2589 non
1574 2535 1835 2605 intelligit,
1883 2537 2078 2605 injuria

516 2643 587 2684 est
610 2641 658 2685 te
676 2632 870 2683 audire.
898 2629 962 2681 Et
982 2630 1106 2682 item
1129 2627 1289 2681 dicit:
1317 2628 1415 2692 Qui
1436 2641 1546 2678 cum
1568 2625 1882 2694 sapientibus
1904 2626 2077 2696 gradi-

514 2733 614 2787 tur,
640 2726 848 2792 sapiens
878 2723 973 2775 erit
1002 2720 1202 2789 quando
1226 2720 1417 2773 locutus
1450 2719 1621 2790 fuerit.
1649 2716 1913 2772 Jocularis
1959 2720 2078 2787 quis

515 2814 740 2870 curiales
769 2826 1042 2866 sermones
1072 2810 1229 2863 habet
1254 2809 1319 2863 ad
1344 2809 1707 2879 loquendum?
1738 2824 1804 2861 ne
1851 2808 2077 2862 libenter

515 2920 632 2958 cuzn
684 2902 885 2957 audias.
925 2900 991 2953 Et
1017 2898 1229 2968 quando
1259 2908 1311 2952 tu
1341 2915 1461 2953 cum
1490 2899 1819 2968 sapientibus
1866 2898 2075 2951 locutus

516 2996 695 3059 lucris,
752 3002 843 3048 aut
879 3007 1000 3048 cum
1032 2992 1136 3045 tuis
1164 2990 1593 3043 mimsterialibus
1647 2988 1815 3042 bonas
1869 2987 2075 3041 fabulas

512 3085 781 3149 habueris,
802 3082 1070 3152 ioculares
1098 3086 1329 3143 taceant,
1362 3079 1483 3148 quia
1515 3080 1633 3147 plus
1660 3086 1711 3131 te
1740 3087 1953 3146 oportet
1979 3092 2067 3131 re-

2180 1907 2455 1970 auxilium,
2470 1908 2554 1970 qui
2574 1907 2663 1960 dat
2686 1908 2920 1961 omnibus
2940 1906 2991 1959 in
3013 1904 3113 1959 lide
3137 1906 3523 1975 postulantibus
3543 1906 3753 1975 nﬂluen-

2181 2007 2275 2061 ter,
2302 1999 2441 2052 sicut
2486 2000 2745 2066 scriptum
2795 2007 2899 2063 est,
2930 2006 2978 2050 et
3030 2013 3132 2051 non
3164 2000 3497 2066 improperat.
3536 1999 3601 2052 Et
3633 2015 3746 2051 cum

2182 2089 2263 2141 his
2283 2088 2596 2156 hujusmodi
2622 2101 2673 2143 te
2701 2088 2893 2142 ofticiis
2922 2088 3081 2156 regia!
3133 2088 3315 2158 pietati
3345 2090 3751 2156 rongrucntibus

2178 2192 2431 2231 exercere
2456 2177 2740 2242 studueris,
2762 2192 2853 2231 rex
2886 2192 3005 2232 esse
3034 2176 3303 2247 perfectus
3325 2178 3547 2247 poteris,
3574 2179 3749 2229 simul-

2180 2280 2285 2333 que
2338 2274 2395 2319 et
2447 2266 2615 2332 gloria
2662 2266 2870 2320 Domini
2900 2266 2968 2320 de
3009 2265 3146 2320 cmlo
3186 2282 3349 2336 super
3399 2276 3449 2320 te
3475 2268 3671 2325 veniet,
3698 2278 3748 2319 ut

2180 2367 2363 2410 sermo
2400 2353 2679 2408 Davidicus
2721 2353 2841 2421 jure
2882 2355 3167 2422 impleatur
3195 2355 3249 2408 in
3294 2363 3370 2421 te,
3400 2367 3661 2424 quatenus
3700 2357 3747 2408 iu

2180 2446 2383 2499 virtute
2416 2444 2623 2498 Domini
2666 2443 2880 2507 laeteris,
2915 2462 2946 2497 o
2974 2459 3088 2507 rex,
3118 2453 3172 2498 et
3195 2460 3355 2512 super
3381 2446 3614 2498 salutare
3640 2446 3747 2514 ejus

2179 2536 2414 2588 exsulles
2442 2535 2785 2601 vehementer
2821 2534 3152 2589 Desiderium
3183 2537 3375 2588 anima:
3428 2544 3528 2589 tua:
3558 2537 3745 2591 tribuet

2178 2627 2274 2681 tibi
2307 2626 2579 2693 Dominus,
2604 2629 2911 2684 voluntates
2938 2628 3199 2683 labiorum
3231 2636 3444 2682 tuorum
3474 2642 3581 2682 non
3610 2627 3745 2681 iraa.

2146 2792 2149 2795 _
2176 2719 2345 2774 dabit.
2371 2719 2648 2789 Equitate
2661 2722 2862 2777 directa
2883 2722 2952 2776 sit
2973 2722 3142 2789 gloria
3166 2731 3256 2774 tua
3278 2722 3585 2776 insalutare
3605 2722 3744 2799 ejus;

2177 2809 2397 2874 gloriam
2420 2821 2473 2864 et
2501 2824 2747 2879 maguum
2780 2810 3032 2866 decorem
3065 2812 3485 2881 imponatsuper
3510 2819 3597 2873 te;
3630 2812 3743 2864 illii-

2175 2900 2341 2955 tninet
2369 2909 2423 2955 te
2456 2901 2727 2965 Dominus,
2758 2911 2811 2955 ct
2834 2902 3051 2970 impleat
3071 2916 3258 2954 omnes
3276 2910 3451 2955 rectas
3470 2902 3743 2969 petitiones

2176 2992 2352 3046 cordis
2376 2993 2471 3057 tui,
2500 3002 2553 3045 et
2582 2993 2863 3045 consilium
2886 3003 3031 3045 tuum
3061 2992 3113 3045 in
3144 2991 3300 3046 bonis
3328 2992 3533 3046 actibus
3554 2993 3742 3046 contir-

2179 3089 2309 3145 met,
2345 3090 2397 3133 ut
2449 3097 2544 3150 pro
2578 3091 2628 3135 te
2676 3080 2852 3135 dicant
2908 3080 3084 3134 cuncti
3126 3079 3460 3134 Christiani:
3517 3079 3740 3139 Domine.

510 3176 741 3233 condere
796 3169 1111 3243 sapientiam
1162 3168 1214 3223 in
1248 3167 1491 3223 cubiculo
1534 3166 1708 3223 cordis
1757 3167 1855 3233 tui,
1910 3182 2070 3235 quam

2179 3178 2369 3229 salvum
2396 3177 2479 3246 [ac
2509 3176 2640 3228 hunc
2668 3191 2834 3245 regem
2862 3188 3109 3238 uos:rum,
3138 3182 3185 3228 et
3211 3172 3400 3226 exaudi
3428 3186 3522 3225 nos
3573 3174 3624 3224 in
3666 3174 3741 3224 die

509 3265 686 3319 fatuos
723 3272 777 3317 ct
813 3261 1006 3315 stultos
1033 3272 1308 3314 sermones
1361 3257 1640 3327 loquentes
1693 3256 1919 3319 audire;
1949 3258 2095 3325 quia,

510 3355 601 3410 ubi
632 3340 894 3421 sapientia
921 3364 1045 3405 vera
1075 3349 1298 3415 habitat,
1327 3347 1582 3404 Dominus
1610 3346 1805 3402 ibidem
1834 3348 2071 3399 mansio-

506 3461 628 3499 nem
657 3443 804 3498 facit.

578 3548 601 3572 υ
644 3533 925 3588 Lotharius
970 3538 1157 3585 atavus
1196 3539 1318 3582 tuus
1357 3538 1461 3583 ll‘LS
1490 3528 1623 3581 lilios
1652 3528 1857 3594 habuit,
1894 3526 2071 3581 llilde.

507 3628 733 3691 bertum,
772 3624 1126 3685 Clodovcum,
1167 3628 1222 3675 et
1270 3618 1649 3672 Clodomirum.
1678 3618 1734 3670 In
1766 3616 2071 3672 llildelzcrto

506 3718 717 3783 quidem
741 3724 887 3786 tanta
907 3712 1165 3781 sapientia
1188 3719 1241 3764 et
1264 3710 1518 3778 patientia
1547 3708 1665 3772 fuit,
1696 3718 1751 3761 ut
1779 3724 1882 3762 non
1900 3709 2070 3762 solum

505 3808 766 3871 seniores,
791 3804 884 3859 sed
916 3805 1075 3856 etiam
1104 3811 1159 3855 et
1182 3802 1443 3869 juniorcs,
1476 3809 1697 3869 paterno
1734 3800 1925 3852 all'cctu
1948 3799 2071 3852 ιι.Ιί-

504 3910 691 3969 geret;
719 3906 775 3952 et
801 3896 1103 3965 quicunque
1142 3894 1317 3949 adhuc
1345 3909 1408 3948 ex
1441 3894 1566 3963 ipsis
1614 3892 1729 3963 ejus
1771 3905 2071 3949 memorant

505 4002 720 4052 nomen,
751 3986 987 4040 extensis
1037 3985 1279 4037 manibus
1307 3990 1412 4036 tam
1450 3983 1753 4037 sacerdotes
1806 4000 1965 4053 quam
2017 3994 2071 4039 ct

502 4078 625 4134 laici
644 4076 759 4146 ejus
787 4076 1029 4144 spiritum
1058 4071 1453 4133 commendant,
1488 4088 1552 4126 eo
1580 4075 1722 4141 quod
1772 4076 1884 4143 ipSe
1939 4075 2070 4130 locis

501 4179 805 4235 sanctorum
835 4183 930 4221 seu
961 4165 1203 4220 tiJelibus
1231 4165 1341 4219 suis
1366 4180 1578 4234 semper
1611 4166 1787 4233 largus
1820 4166 1977 4220 fuerit
2016 4171 2065 4221 in

499 4260 689 4315 dandis
719 4258 1046 4312 muneribus.
1101 4256 1367 4310 Clotarius
1411 4265 1589 4310 autem
1632 4256 1814 4311 senior
1866 4257 2068 4311 habens

500 4351 737 4419 quinque
786 4348 942 4413 lilios,
991 4363 1059 4400 ex
1113 4348 1263 4414 cujus
1312 4348 1479 4416 stirpe
1528 4354 1581 4399 tu
1629 4348 1888 4415 procedis,
1918 4350 2068 4404 l'ortis

500 4439 600 4492 l'uit
630 4438 681 4491 in
710 4436 943 4503 eloquio,
990 4436 1280 4503 acquisitor
1308 4437 1509 4502 patriae,
1553 4438 1780 4489 nutritor
1810 4438 2061 4492 litlelinm.

2176 3283 2274 3334 qua
2300 3267 2699 3321 illvucal'él‘imu8
2741 3278 2805 3319 te.
2838 3263 2896 3319 Si
2919 3264 3219 3334 speraveris
3254 3265 3306 3317 in
3340 3264 3563 3319 Domino
3591 3272 3645 3317 ct
3672 3262 3739 3318 le-

2180 3358 2319 3411 tteris
2347 3358 2660 3421 bonitatem,
2693 3371 2874 3411 coram
2904 3356 3018 3420 illo,
3044 3354 3280 3425 pasceris
3301 3354 3354 3407 in
3375 3353 3571 3407 divitiis
3607 3354 3735 3422 ejus.

2177 3447 2371 3502 Revela
2405 3446 2628 3501 Domino
2655 3446 2905 3500 interiora
2934 3444 3110 3500 cordis
3136 3443 3236 3511 tui,
3261 3451 3317 3498 et
3345 3458 3503 3512 spera
3527 3443 3578 3496 in
3598 3459 3734 3507 eum,

2175 3548 2227 3593 et
2254 3540 2369 3608 ipse
2388 3536 2566 3600 faciet,
2594 3539 2896 3593 ctdcducet
2921 3538 3071 3605 quasi
3092 3536 3269 3590 lumen
3291 3534 3550 3604 justitiam
3576 3542 3733 3598 tuam,

2173 3642 2227 3684 et
2252 3615 2508 3699 judicium
2542 3640 2690 3683 tuum
2721 3631 2900 3683 lucere
2928 3630 3087 3683 l'aciet
3109 3629 3251 3682 sicut
3276 3626 3572 3681 meridiem.
3604 3623 3735 3692 Ergo

2174 3731 2228 3775 tu
2257 3724 2500 3777 subditus
2526 3724 2600 3777 sis
2626 3738 2837 3790 semper
2867 3721 3115 3786 Domino,
3154 3730 3209 3775 et
3256 3723 3478 3775 obsecra
3506 3734 3649 3783 eum,
3681 3728 3734 3770 ut

2174 3815 2316 3867 dono
2344 3816 2528 3881 gratia:
2550 3794 2660 3867 sine
2690 3814 2849 3866 vitam
2881 3822 3021 3865 tuam
3050 3814 3310 3879 gubernet
3360 3821 3415 3866 et
3457 3811 3730 3880 disponat;

2172 3905 2295 3970 quia
2322 3903 2364 3955 si
2395 3903 2497 3955 hoc
2528 3918 2632 3955 non
2690 3901 2897 3962 l'etcris,
2947 3901 3077 3954 nihil
3124 3902 3226 3955 erit
3283 3901 3432 3963 utile,
3474 3900 3614 3967 quod
3660 3901 3730 3952 sic

2174 4000 2398 4046 testatur
2421 3989 2697 4059 Scriptura
2731 4009 2740 4041 :
2772 3989 2871 4052 Qui
2892 3991 3060 4059 inique
3090 3997 3265 4059 agunt,
3322 3987 3726 4042 exterminabitu-

2173 4093 2286 4146 tur;
2320 4085 2404 4153 qui
2454 4098 2571 4136 vero
2601 4101 2770 4153 erspet
2789 4094 2896 4137 t..nt
2927 4084 3193 4137 hominum
3212 4123 3227 4146 ,
3258 4085 3354 4154 ipsi
3389 4087 3441 4138 in
3470 4084 3727 4139 heredita-

2172 4188 2267 4229 tem
2298 4175 2625 4244 possidebunt
2657 4193 2886 4243 regnum.
2910 4177 3047 4244 Ergo
3072 4186 3123 4229 ιιι
3151 4191 3405 4245 exspecta
3434 4176 3724 4241 Dominum,

2172 4279 2228 4319 ut
2260 4268 2369 4333 ipse
2397 4267 2663 4321 custodiat
2693 4269 2827 4320 viam
2864 4276 3026 4331 tuam,
3062 4278 3115 4320 ut
3147 4277 3199 4323 ct
3229 4277 3282 4320 tu
3316 4283 3435 4320 cum
3466 4282 3599 4336 pace
3648 4269 3722 4321 iti-

2170 4360 2376 4413 habites
2400 4368 2619 4414 terram.
2662 4359 2883 4415 Custodi
2920 4369 3099 4414 autem
3156 4359 3457 4421 veritatem,
3511 4370 3568 4413 et
3610 4360 3724 4415 vide

2168 4450 2487 4516 aequitatem,
2512 4450 2631 4519 quia
2661 4451 2802 4504 salus
2823 4460 2906 4504 est
2926 4452 3190 4517 justorum
3222 4466 3250 4502 a
3272 4449 3516 4517 Domino,
3540 4460 3591 4505 et
3621 4454 3723 4520 ipse

500 4526 615 4582 Hoc
643 4535 818 4581 autem
843 4526 979 4579 illlCl‘
1029 4525 1229 4592 reliqua
1259 4524 1387 4577 satis
1415 4524 1567 4577 dulce
1612 4534 1694 4578 est
1738 4540 2065 4583 connuemo-
2098 4539 2141 4595 D
2168 4548 2437 4608 protector
2466 4550 2549 4593 est
2576 4555 2761 4594 eorum
2786 4543 2834 4593 in
2864 4549 3105 4609 tempore
3156 4541 3530 4596 tribulationis,
3564 4544 3718 4611 Adju-

501 4620 606 4673 rari
646 4619 712 4672 de
741 4618 928 4671 eodem
961 4630 1060 4667 avo
1092 4624 1181 4666 tuo
1211 4612 1465 4677 Clotario,
1499 4613 1621 4680 quia
1654 4624 1799 4668 tanta
1830 4614 1929 4669 fuit
1949 4619 2064 4685 ejus

498 4709 792 4776 benignitas
814 4706 1109 4760 secundum
1141 4704 1440 4767 Dominum,
1472 4711 1529 4756 ut
1556 4719 1660 4757 non
1692 4704 1863 4759 solum
1888 4706 2063 4774 justus

502 4806 767 4856 videretur
791 4814 907 4853 esse
936 4801 984 4851 in
1014 4797 1283 4865 operibus,
1316 4799 1409 4851 sed
1430 4798 1580 4867 quasi
1614 4799 1866 4853 sacerdos
1890 4800 1941 4853 in
1961 4801 2063 4856 hoc

498 4894 695 4947 saeculo
727 4900 1078 4946 conversatus
1096 4898 1179 4944 est
1211 4906 1225 4942 :
1258 4889 1348 4944 ille
1376 4891 1512 4945 rexit
1556 4891 1807 4955 Francos,
1834 4891 2060 4946 nidiﬁca-

500 4998 573 5037 ιιι
600 4984 875 5038 ecclesias.
922 4980 1061 5048 Ergo
1092 4988 1167 5041 tu,
1201 4980 1507 5035 dulcissime
1536 4981 1771 5048 domine,
1802 4982 1925 5050 quia
1965 4998 2057 5051 pa-

501 5084 679 5129 rentes
724 5074 796 5126 tui
856 5083 962 5125 tam
1012 5070 1265 5141 grandem
1314 5071 1611 5125 habuerunt
1659 5073 2058 5142 intelligentiam

499 5176 657 5233 atque
686 5163 1001 5227 doctrinam,
1031 5163 1107 5216 sic
1134 5174 1231 5229 age
1249 5174 1342 5229 per
1367 5162 1567 5229 singula
1588 5163 1852 5232 quomodo
1883 5178 2059 5231 regem

498 5261 650 5311 decet
684 5274 694 5306 :
728 5271 833 5308 non
858 5254 908 5305 in
941 5254 1156 5307 levitate
1179 5254 1250 5306 sis
1273 5254 1495 5321 positus,
1516 5269 1619 5305 non
1646 5254 1919 5308 iracundia
1947 5255 2059 5307 aui-

500 5365 585 5401 mo
618 5356 707 5399 tuo
744 5345 1067 5403 dominetur,
1122 5344 1245 5411 quia
1295 5345 1371 5397 sic
1421 5343 1548 5395 dicit
1594 5344 1915 5411 Apostolus:
1970 5344 2058 5398 Ira

501 5440 629 5489 enim
659 5437 750 5489 viri
773 5436 1030 5505 justitiam
1081 5433 1173 5485 Dei
1203 5450 1302 5486 non
1351 5444 1609 5502 aperatur.
1664 5434 1777 5487 Non
1837 5438 2060 5491 ebriosis

499 5529 859 5597 conjungazis,
911 5525 1165 5594 quoniam
1195 5526 1446 5593 scriptum
1478 5534 1558 5578 est
1605 5524 1669 5577 de
1710 5526 1786 5579 eis
1816 5546 1824 5577 :
1860 5527 2058 5583 Ebriosi

569 5692 589 5715 υ
618 5680 865 5732 (ἶιοάυνρί
894 5679 930 5731 II
967 5679 1117 5732 Pater
1152 5680 1495 5747 Dagobcrtus,
1540 5697 1667 5733 avus
1706 5682 1969 5735 Clotarius
1994 5684 2054 5747 ll,

498 5766 723 5815 pri-avus
753 5750 1102 5815 Chilpericus,
1138 5759 1321 5801 atavus
1352 5760 1464 5815 (seu
1502 5752 1720 5809 abavus,
1757 5766 1873 5801 natu
1900 5768 2057 5805 Voca-

501 5819 995 5890 iniuznproanscue
1040 5820 1300 5873 interdum
1354 5824 1565 5888 [vinitor
1616 5841 1641 5869 a
1688 5818 1725 5868 L
1767 5822 1907 5889 tuis)
1958 5822 2057 5875 L0-

2169 4630 2312 4683 vabit
2334 4645 2426 4683 eos
2458 4630 2735 4695 Dominus,
2766 4638 2820 4684 et
2851 4629 3098 4684 liberabit
3140 4646 3253 4695 eos,
3285 4643 3339 4685 et
3368 4634 3547 4687 salvos
3576 4634 3719 4689 laciet

2166 4738 2277 4782 cos.
2312 4731 2366 4775 et
2392 4731 2542 4776 eruet
2573 4738 2668 4777 eos
2696 4738 2725 4777 a
2772 4725 3004 4793 peccatis
3032 4740 3235 4778 eorum.
3263 4722 3520 4780 Ostendet
3550 4726 3716 4781 Domi-

2165 4826 2262 4864 nus
2293 4812 2714 4883 misericordiam
2766 4829 2916 4869 suam
2962 4814 3273 4867 timentibus
3311 4829 3408 4879 se;
3438 4815 3580 4869 sicut
3631 4816 3716 4869 tibi

2164 4900 2338 4966 faciet,
2366 4902 2407 4954 si
2432 4901 2591 4957 fueris
2621 4904 2737 4972 pius
2765 4912 2820 4958 et
2869 4902 3170 4958 misericors
3210 4912 3266 4957 et
3317 4904 3508 4958 timens
3540 4904 3714 4969 Deum,

2162 4991 2465 5046 consolator
2488 5008 2802 5061 pauperum,
2835 4994 2958 5060 quia
3006 4994 3083 5047 sic
3114 4994 3183 5057 in,
3222 4994 3429 5061 psalmo
3481 4994 3713 5051 dicitur:

2167 5084 2207 5135 Β
2234 5095 2348 5136 atus
2374 5086 2458 5152 qui
2488 5084 2721 5152 intelligit
2744 5100 2895 5152 super
2923 5100 3133 5153 egenum
3159 5093 3206 5137 et
3222 5101 3526 5154 pauperem;
3558 5088 3610 5139 in
3636 5087 3711 5140 die

2161 5176 2296 5226 mala
2325 5174 2554 5226 liberabit
2591 5192 2700 5228 eum
2734 5174 2997 5226 Dominus.
3032 5176 3280 5228 Dominus
3306 5185 3566 5237 conseruet
3589 5193 3711 5241 aut,

2161 5273 2207 5313 et
2236 5263 2446 5331 vit-ilicet
2468 5282 2597 5325 eum,
2633 5274 2677 5313 et
2705 5266 2903 5315 beatum
2931 5264 3090 5332 faciat
3105 5279 3237 5316 eum.
3270 5261 3335 5315 Et
3362 5263 3434 5316 illi
3463 5263 3560 5318 viri
3586 5263 3712 5319 beati

2161 5360 2303 5416 sunt,
2334 5353 2420 5419 qui
2456 5352 2504 5405 iu
2538 5352 2640 5405 hoc
2668 5353 2926 5421 principio
2970 5351 3118 5419 regni
3150 5352 3244 5414 tui,
3285 5351 3430 5420 quod
3458 5354 3713 5415 modernis

2160 5448 2195 5490 ιι
2217 5442 2503 5506 inperitius,
2564 5440 2786 5495 Domino
2834 5440 3084 5503 donante,
3116 5440 3278 5509 regis,
3322 5443 3461 5496 bona
3508 5451 3708 5513 gemat,

2161 5539 2304 5584 recta
2328 5542 2743 5601 prosequuntur,
2773 5542 2932 5603 atque
2956 5516 3215 5601 justitiam
3262 5533 3484 5601 faciunt,
3515 5537 3634 5607 quia
3670 5534 3709 5589 si

2162 5686 2365 5738 thurios
2390 5684 2429 5737 1.

2232 5757 2254 5791 δ
2285 5756 2649 5829 llustit-ita'mn
2692 5756 2898 5828 atlstvli
2951 5757 3342 5829 simplicitatem
3375 5756 3574 5819 refero,
3613 5771 3705 5807 non

2164 5825 2226 5877 ad
2252 5840 2391 5893 persi
2411 5840 2490 5879 na:
2521 5825 2892 5882 hui-ili.:xtcin.
