3848 6384
106 500 187 555 657

1536 498 1831 555 CIIAR'I‘A.

3199 506 3302 557 633

108 618 149 668 in
170 610 267 665 'utis
288 607 626 672 meditantur,
650 614 705 661 et
728 606 819 660 tibi
850 606 1054 660 vivendi
1071 606 1323 662 solatium
1350 616 1628 675 praestant,
1662 614 1708 669 Α
1737 625 1910 678 neque
1930 624 2050 663 eum
2073 611 2221 665 odias
2248 627 2403 680 quem
2422 612 2563 669 Deus
2592 613 2780 679 diligit,
2811 614 2913 667 lue
2940 626 3043 677 est,
3070 618 3158 684 qui
3184 618 3306 683 ejus

108 713 151 755 ct
172 702 359 767 insuper
387 696 694 750 mercedem
719 693 951 747 futuram
977 695 1029 747 in
1059 695 1271 748 cunctis
1319 696 1419 748 sibi
1451 696 1636 763 acqui-

108 799 207 841 mat
224 786 353 856 quod
380 785 540 851 longe
570 784 783 852 lateque
814 794 923 835 tam
954 783 1004 836 in
1035 791 1128 836 tuo
1177 798 1342 852 regno
1373 799 1536 851 quam
1584 796 1639 839 et

110 879 150 929 in
174 876 459 943 longinquis
481 875 670 941 patriis
726 888 970 941 magn-im
1001 888 1118 925 esse
1146 874 1479 928 nobilitatem
1515 890 1637 943 per-

108 978 320 1021 sonarum
350 964 405 1016 in
435 962 633 1034 palatio
660 962 983 1027 gaudebunt,
1011 961 1097 1014 ubi
1128 963 1324 1015 veritas
1354 978 1457 1015 non
1480 962 1643 1016 abne-

108 1063 250 1119 gatur.
272 1051 359 1105 sed
383 1050 587 1117 iustitia
610 1050 1008 1120 pronuntiatur,
1025 1058 1102 1113 ut,
1120 1050 1359 1109 abstersa
1377 1050 1639 1103 mundana

110 1141 385 1208 cupiditate,
423 1138 689 1206 mquitatis
741 1139 984 1192 radiante
1031 1138 1259 1203 lumine,
1315 1139 1394 1194 sic
1439 1137 1645 1206 justitia

110 1231 351 1299 procedat,
387 1238 447 1282 ut
465 1245 586 1283 cum
630 1229 783 1283 laude
812 1229 1135 1283 clariﬁcetur
1163 1230 1437 1292 Dominus,
1474 1230 1650 1298 justo-

112 1336 197 1388 qne
217 1319 409 1386 judicio
437 1321 488 1371 in
512 1328 671 1372 cauto
698 1319 898 1386 palatio
939 1320 1179 1385 judicato
1208 1318 1564 1383 lmtiﬂcentur,
1595 1329 1653 1374 et

110 1409 344 1461 exsultent
387 1423 672 1477 pauperes,
698 1409 866 1464 vidua:
886 1411 1253 1467 defensionem
1277 1412 1533 1478 habeant,
1564 1428 1653 1469 or-

112 1499 249 1567 pbani
271 1500 487 1553 tutelam
517 1502 835 1570 suscipiant.

168 1589 395 1658 Semper,
421 1604 561 1644 orex
584 1589 909 1646 Francorum
948 1593 1174 1658 illuster,
1221 1595 1527 1651 dulcissime
1558 1596 1651 1663 liii,

115 1679 226 1733 time
249 1680 429 1743 Deum,
462 1696 581 1734 ama
612 1682 783 1747 illum,
814 1698 1031 1753 semper
1074 1684 1167 1738 tibi
1218 1694 1567 1754 praesentem;
1603 1697 1656 1742 et

115 1770 336 1834 quamvis
396 1770 709 1826 iuvisibilem
739 1774 989 1828 humanis
1040 1775 1209 1829 oculis
1236 1778 1445 1842 credas,
1478 1788 1657 1833 tamen

112 1860 313 1915 devotus
337 1863 506 1925 adora
536 1879 688 1928 eum;
719 1875 773 1918 et
803 1874 1062 1932 quantum
1094 1866 1208 1934 ipse
1237 1867 1330 1922 tibi
1377 1868 1445 1923 de
1488 1869 1575 1923 die
1602 1869 1657 1924 in

1742 702 1988 755 mandata
2020 702 2265 757 custodit.
2292 702 2406 755 Noli
2432 703 2648 769 diligere
2680 704 3036 769 adulatorum,
3068 712 3161 760 sed
3184 723 3306 760 auia

1742 806 1862 846 eum
1890 793 1979 860 qui
2004 792 2096 846 tibi
2142 793 2281 848 dicet
2330 795 2639 847 veritatem.
2701 794 2909 847 llonora
2962 795 3310 855 sacerdotes;

1745 882 2021 951 magnillca
2048 881 2211 936 Deum
2240 884 2522 945 timentes;
2553 883 2831 935 veritatem
2871 896 2990 935 ama
3032 892 3087 937 et
3114 899 3309 952 sequo-

1746 985 1837 1032 re;
1888 969 2154 1024 clamores
2203 968 2383 1037 pOpnli
2435 970 2713 1025 moderate
2755 985 3067 1039 compesce;
3105 970 3316 1038 judices

1747 1075 1939 1129 pravos
1964 1059 2176 1127 corripe
2219 1059 2459 1112 viriliter.
2496 1059 2585 1112 Sic
2617 1067 2692 1122 te,
2733 1059 2957 1113 Domino
3006 1059 3318 1126 adiuvante,

1749 1163 1983 1220 tempera
2007 1152 2058 1204 in
2085 1151 2351 1212 omnibus,
2379 1150 2547 1219 utqui
2579 1150 2701 1202 mali
2735 1159 2860 1203 sunt
2888 1151 2939 1203 in
2980 1150 3121 1205 omni
3151 1149 3313 1221 gradu

1749 1244 1981 1312 regalem
2006 1244 2225 1296 timeant
2252 1243 2645 1303 auctoritatem,
2694 1240 2885 1307 legem,
2916 1249 2972 1295 et
3019 1241 3316 1307 rationem;

1751 1332 1879 1387 boni
1910 1346 2036 1386 vero
2060 1339 2240 1385 ament
2269 1331 2421 1384 tidem
2446 1339 2499 1383 ct
2527 1328 2976 1394 miscricordiam;
3016 1331 3210 1399 singuli
3231 1332 3317 1399 ju-

1752 1424 1932 1477 dicent
1949 1423 2149 1491 jnstum
2168 1422 2444 1489 judicium.
2468 1421 2547 1475 Tu
2576 1435 2706 1475 vero
2736 1434 2993 1473 cunserva
3032 1421 3188 1474 unius
3214 1422 3319 1475 tori

1756 1511 2077 1565 castitatem.
2122 1510 2452 1579 Sapientiam
2506 1510 2647 1563 dicta
2695 1510 2984 1575 prudenter
3014 1508 3319 1575 interroga;

1757 1616 1856 1655 nec
1883 1611 1934 1653 te
1964 1600 2159 1669 pudeat
2188 1602 2519 1668 interrogare
2548 1599 2689 1667 quod
2714 1599 2905 1659 nescis,
2946 1613 3044 1651 nec
3072 1599 3319 1666 prmscire

1758 1692 1967 1745 coneris
1995 1690 2139 1759 quod
2166 1691 2403 1757 ignoras,
2452 1706 2517 1742 ne
2544 1688 2681 1744 forte
2721 1705 2816 1756 per
2852 1704 3042 1741 vanam
3092 1688 3316 1755 gloriam

1762 1780 1999 1836 oﬂ'endas
2026 1781 2247 1848 gloriam
2280 1780 2402 1844 Dei;
2435 1781 2657 1834 multum
2696 1779 2836 1832 enim
2870 1778 2988 1832 talis
3029 1778 3189 1831 homo
3214 1776 3323 1829 dis-

1764 1872 1923 1939 plicet
1948 1872 2077 1925 Deo.
2108 1868 2299 1923 Parum
2324 1884 2538 1923 sensum
2566 1868 2702 1921 habe
2724 1884 2819 1935 per
2841 1866 3076 1935 singula;
3118 1866 3322 1919 stabilis

111 1950 235 2002 diem
263 1952 376 2018 plus
390 1952 611 2006 honoris
636 1952 860 2018 dederit,
893 1964 1041 2009 tanto
1058 1956 1448 2025 ampliusillum
1477 1958 1655 2029 dilige,
1690 1938 1735 1996 Β
1764 1938 1833 2014 sit
1852 1974 2032 2013 sermo
2059 1969 2210 2023 tuus;
2234 1958 2509 2011 censidera
2540 1972 2661 2012 eum
2685 1965 2971 2025 antequam
3000 1955 3238 2016 deiiuias,
3270 1972 3286 2005 ι
3305 1967 3327 2005 ιν

113 2047 160 2089 ct
184 2053 297 2107 roga
324 2054 447 2093 eum
470 2041 705 2109 quotidie
726 2043 858 2099 satis
884 2043 1177 2107 humilter,
1207 2055 1265 2100 ut
1290 2046 1382 2100 det
1429 2048 1521 2102 tibi
1573 2064 1660 2103 sa-

112 2128 341 2194 pientiam
365 2130 699 2211 gubernandi
725 2146 965 2200 regnum,
980 2136 1122 2203 quod
1139 2136 1206 2188 ab
1228 2136 1262 2201 ί,
1283 2151 1345 2190 so
1366 2138 1620 2205 accepisti
1645 2155 1660 2199 ;

112 2224 161 2266 et
182 2218 407 2282 quandiu
437 2218 510 2272 illi
542 2218 804 2287 placuerit
824 2222 968 2287 quod
998 2235 1207 2289 regnes,
1234 2238 1447 2291 semper
1472 2226 1520 2279 ei
1545 2226 1660 2293 pla-

112 2320 221 2360 cere
241 2306 541 2372 desideres;
564 2310 688 2376 quia
719 2324 881 2364 omne
901 2311 1107 2367 donum
1157 2314 1355 2367 bonum
1386 2314 1663 2370 desursum

110 2404 181 2447 est
209 2396 589 2452 descemlensa
639 2399 793 2453 Patre
823 2400 1116 2472 luminum;
1146 2404 1401 2470 quoniam
1431 2421 1536 2459 nun
1567 2422 1662 2474 po-

113 2492 207 2535 test
230 2484 385 2538 homo
412 2488 654 2557 accipere
674 2488 987 2558 quidquam,
1036 2492 1139 2545 nisi
1188 2493 1237 2545 ei
1278 2493 1459 2549 datum
1506 2494 1667 2549 fuerit

110 2574 170 2624 de
193 2574 344 2629 caelo.
376 2576 502 2632 Ideo
528 2579 669 2632 cnim
688 2581 992 2635 hominibus
1007 2568 1208 2635 dantur
1220 2582 1359 2637 dona
1383 2598 1413 2636 a
1438 2584 1667 2639 Domino

112 2675 169 2714 ac
183 2672 491 2729 potestates,
514 2676 574 2719 ut
590 2668 811 2721 Auctori
834 2670 1018 2737 gratia:
1031 2670 1349 2726 referantur.
1373 2673 1668 2728 Ministrum

112 2761 159 2804 te
189 2754 274 2806 Dei
298 2769 419 2809 esse
445 2757 583 2811 scias
609 2758 677 2812 ad
706 2760 811 2814 hoc
830 2763 1178 2815 constitutum
1201 2764 1268 2816 ab
1289 2762 1429 2832 ipso,
1453 2772 1511 2817 ut
1551 2764 1669 2833 qui-

109 2853 306 2907 cunque
330 2842 468 2897 bona
501 2843 716 2909 faciunt,
743 2855 797 2900 te
810 2847 1044 2904 habeant
1072 2849 1477 2903 misericordem
1509 2850 1667 2917 adju-

111 2935 290 2991 torem,
320 2932 580 2986 vindicem
604 2921 793 2989 furiem
820 2944 872 2989 te
901 2945 1230 3004 cognoscant
1259 2937 1311 2990 hi
1337 2940 1426 3005 qui
1468 2940 1670 2994 faciunt

110 3018 263 3081 mala,
293 3030 353 3073 ut
377 3030 667 3089 antequam
698 3024 916 3087 faciant,
946 3034 998 3081 te
1020 3027 1260 3080 timeant.
1304 3027 1467 3083 Plena
1496 3028 1672 3082 cordis

111 3108 294 3163 timore
320 3111 500 3177 cogita
529 3112 755 3167 sollicite
778 3114 1013 3181 qualiter
1061 3115 1115 3168 in
1166 3117 1313 3170 omni
1364 3117 1469 3170 vita
1520 3126 1607 3171 tua
1638 3132 1669 3170 a

112 3200 215 3250 lico
242 3201 576 3266 gnberneris,
629 3210 685 3255 ut
710 3202 798 3254 diu
826 3212 883 3256 et
930 3202 1157 3262 feliciter
1207 3212 1260 3257 tu
1313 3206 1446 3261 alios
1492 3221 1665 3275 regas.

1760 2057 2041 2115 postquam
2074 2046 2287 2108 linieris,
2315 2062 2418 2099 non
2442 2053 2613 2099 mutes
2635 2059 2753 2097 eum
2774 2060 2788 2106 ;
2809 2044 2854 2096 si
2886 2050 3061 2095 tamen
3086 2058 3189 2095 non
3214 2056 3325 2094 nia-

1764 2135 1845 2188 lus
1864 2138 1932 2189 sit
1961 2146 2053 2188 aut
2074 2135 2281 2197 noxius,
2308 2149 2411 2188 non
2434 2134 2585 2187 decet
2612 2146 2789 2199 regem
2832 2131 3140 2184 mutabilem
3173 2145 3333 2195 esse;

1763 2225 1901 2278 scias
1929 2239 2057 2278 vero
2086 2225 2225 2293 quod
2259 2225 2432 2279 nullus
2468 2231 2645 2290 potest
2670 2237 2792 2277 esse
2840 2220 3007 2275 lidelis
3033 2220 3144 2286 regi
3173 2219 3328 2287 cujus

1763 2329 1943 2368 sermo
1982 2330 2087 2368 non
2136 2321 2259 2367 stat.
2303 2313 2445 2367 Cave
2492 2314 2701 2365 calcare
2747 2326 2847 2365 ova
2894 2310 3133 2380 aSpidum
3188 2308 3338 2360 nuda

1765 2402 1978 2471 planta;
2012 2402 2290 2455 recordare
2318 2402 2608 2470 prantet‘ita,
2638 2410 2692 2453 et
2721 2401 2899 2477 cogita
2938 2397 3134 2451 futura.
3168 2397 3328 2451 Intel-

1764 2492 1870 2559 lige
1888 2491 2033 2559 quod
2058 2490 2312 2556 scriptum
2342 2497 2422 2542 est
2454 2506 2465 2540 :
2500 2486 2701 2547 Divitiis
2720 2488 2764 2540 si
2793 2488 3035 2555 afﬂuant,
3064 2487 3221 2540 nolite
3239 2502 3328 2538 cor

1766 2596 2039 2651 apponere.
2062 2580 2246 2647 Cogita
2271 2579 2409 2632 diem
2434 2580 2796 2641 novissimum,
2822 2586 2879 2630 ut
2904 2593 3008 2631 non
3026 2593 3216 2647 pecces
3237 2593 3330 2645 per

1767 2671 2129 2725 securitatem.
2176 2669 2479 2737 Sapientior
2518 2679 2602 2723 est
2646 2668 2736 2738 qui
2782 2668 2994 2721 inautea
3043 2675 3326 2735 praeparat,

1767 2775 1926 2829 quam
1945 2760 2036 2826 qui
2062 2767 2208 2812 retro
2238 2758 2510 2825 relinquit.
2534 2757 2687 2811 Nutri
2716 2772 2854 2811 nunc
2884 2757 3132 2825 reliquias
3160 2754 3328 2807 Fran-

1768 2862 1974 2910 corum,
2017 2846 2119 2901 hoc
2165 2854 2247 2900 est
2292 2846 2427 2898 ﬁlios
2464 2861 2650 2900 eorum
2682 2856 2904 2913 paterno
2934 2845 3110 2915 potius
3135 2842 3331 2898 allecto

1768 2952 1928 3007 quam
1956 2935 2159 2990 crudeli
2188 2936 2430 3003 imperio.

1842 3028 1963 3082 Ilaec
1991 3035 2169 3080 autem
2216 3026 2532 3094 paucissima
2578 3025 2738 3079 verba
2787 3039 2947 3092 supra
2996 3024 3137 3079 vires
3184 3039 3335 3079 meas

1770 3118 1961 3187 scripsi
1988 3125 2208 3172 coactus
2255 3131 2438 3169 amoue
2488 3125 2579 3168 tuo
2608 3126 2661 3169 et
2704 3113 2743 3168 F
2749 3128 3029 3168 raucorum
3070 3113 3330 3167 omnium.

1771 3207 2057 3276 Sciasquia
2078 3206 2122 3259 si
2152 3206 2251 3259 ista
2272 3220 2433 3273 super
2460 3205 2656 3273 scripta
2672 3207 2769 3258 sub
2795 3214 2885 3257 tuo
2908 3203 3164 3270 regimine
3183 3210 3332 3268 gesta

112 3288 242 3340 Ante
266 3290 447 3341 omnia
469 3299 524 3343 et
551 3298 670 3358 post
691 3293 867 3345 omnia
888 3307 1019 3347 cave
1049 3309 1332 3363 pravorum
1354 3266 1593 3364 consilia,
1614 3305 1669 3351 et
1694 3266 1739 3327 ϐ
1771 3266 1986 3360 ΐυειιίιιί,
2018 3295 2105 3349 ille
2133 3295 2254 3347 vita:
2278 3266 2379 3345 tua:
2426 3303 2480 3346 et
2510 3266 2657 3361 regni
2700 3292 2773 3345 tui
2800 3266 3102 3358 dignabitur
3140 3266 3336 3356 augere

110 3392 453 3443 personarum
479 3380 836 3449 acceptiones.
868 3382 995 3436 Sine
1016 3385 1281 3437 bonorum
1311 3386 1539 3439 consilio
1585 3388 1667 3440 ni-

111 3464 177 3516 hil
201 3466 378 3530 facias,
402 3468 499 3521 sed
534 3471 814 3538 unicuique
842 3487 970 3526 suus
992 3472 1164 3545 honor
1178 3485 1439 3529 servetur.
1467 3476 1669 3529 Unum-

108 3568 369 3623 quetnque
396 3570 495 3611 sua
530 3556 658 3610 ﬁdes
683 3557 1040 3627 commendet.
1076 3558 1206 3623 Vide
1251 3574 1319 3613 ne
1365 3575 1512 3629 ames
1547 3576 1668 3615 eum

109 3657 258 3711 quem
278 3628 431 3701 Deus
455 3646 589 3709 odit,
621 3645 673 3699 id
689 3655 789 3711 est,
813 3648 905 3715 qui
926 3647 1040 3717 ejus
1056 3651 1346 3715 contemnit
1377 3661 1639 3720 princepta
1658 3694 1673 3717 ,

1771 3384 1965 3453 spatia,
1992 3382 2081 3451 qui
2111 3391 2193 3436 ter
2223 3384 2415 3451 quinos
2452 3396 2619 3435 annos
2659 3379 2897 3434 Ezechia:
2933 3381 3043 3448 regi
3078 3379 3336 3446 superad-

1773 3476 1904 3528 deus
1919 3473 2187 3527 conces~it
2206 3472 2272 3524 ad
2294 3473 2474 3524 vitam.
2502 3470 2737 3525 Salutem
2764 3470 3031 3525 humiliter
3058 3483 3091 3519 a
3110 3467 3335 3520 Domino

1775 3571 2086 3633 perpetuam
2112 3562 2204 3615 tibi
2234 3572 2290 3615 et
2319 3561 2565 3616 omnibus
2613 3561 2716 3614 tuis
2739 3558 2969 3612 dandam
3018 3555 3270 3625 imploro,
3300 3571 3336 3609 ο

1782 3654 2083 3708 dulcissime
2104 3669 2215 3707 rex.

1031 3900 1137 3961 SS.
1185 3901 1428 3962 ELIGII
1460 3902 1560 3962 ET
1592 3902 1940 3963 AUDOENI
1979 3904 2407 3981 ΕΡΙΒΪΙὈΙΑἘ⁸

1322 4105 1645 4161 EPISTOLA
1682 4100 1920 4159 SANCTI
1959 4096 2158 4156 ELlGll

994 4213 1059 4252 ιι)
1098 4212 1337 4253 δικοτῠι
1366 4213 1678 4253 υεειυειιιυιι
1709 4206 2080 4250 οΑυυιιοειιεειι
2121 4200 2426 4241 EPISCOPUI.

1111 4286 1270 4358 (Vide
1300 4304 1474 4355 supra,
1503 4288 1709 4357 hujusce
1736 4284 1858 4337 tona"
1887 4279 1984 4334 col.
2025 4276 2173 4341 259.)

1227 4418 1506 4480 SANCTI
1560 4416 1804 4478 ELIGII
1851 4414 2171 4475 CHARTA
2205 4418 2227 4447 ⁸

112 4542 243 4615 Ossa
276 4541 547 4601 ecclesia
578 4560 615 4598 a
650 4559 710 4599 se
743 4539 1005 4609 condita
1048 4540 1111 4599 in
1160 4556 1313 4617 agro
1364 4538 1842 4617 Solemniaccnsi'
1879 4536 2069 4617 donat
2096 4534 2313 4617 ipsum
2366 4544 2581 4617 agnam
2632 4503 3214 4617 Spl‘emniacrnif‘m‘.
3274 4543 3347 4581 σα

216 4598 347 4693 lege
380 4598 455 4675 ιιι
476 4598 579 4677 ibi
597 4598 1246 4703 habitantesrcgulatia
1286 4623 1528 4694 teneant
1552 4598 1756 4675 sancti
1783 4610 2108 4679 Benedicti
2137 4598 2191 4667 ct
2225 4598 2425 4664 sancti
2452 4603 2814 4665 Columbam‘
2848 4606 3019 4677 (ann.
3052 4598 3219 4674 63H).

175 4732 483 4789 Innomiue
532 4726 706 4788 Patris
728 4741 786 4788 et
808 4732 933 4802 Filii
961 4742 1017 4789 et
1045 4734 1271 4804 Spiritus
1314 4734 1508 4790 sancti.
1565 4733 1677 4799 Ego
1708 4734 1755 4792 Ι)
1784 4728 2032 4799 Remigii]
2078 4737 2239 4798 atque
2286 4724 2530 4782 Germani
2577 4724 2939 4777 confessorum
2991 4720 3042 4773 in
3085 4721 3347 4774 subat-bin

112 4823 331 4893 Bligins,
356 4839 552 4879 servus
580 4824 822 4878 omnium
869 4838 1145 4883 servorum
1177 4826 1401 4890 Christi,
1448 4825 1680 4879 domina:

110 4924 467 4969 sacrosancta:
495 4914 759 4979 ecclesiae,
791 4928 952 4981 quam
982 4915 1032 4966 in
1082 4914 1340 4968 honorem
1368 4922 1679 4972 sanctorum

112 4998 253 5053 Petri
281 5008 340 5053 et
389 4999 544 5053 Pauli
572 4999 968 5069 apostolorum,
997 4997 1267 5053 Pancratii
1317 5009 1373 5052 et
1418 4999 1681 5069 Dionysii,

111 5100 235 5142 cum
270 5087 447 5144 sociis
487 5090 621 5153 su's,
672 5088 923 5157 Martini,
966 5086 1226 5153 Iedardi,
1266 5087 1469 5151 Nevidii
1513 5086 1679 5161 [Πρὸ.

180 5227 212 5290 ξ
247 5217 479 5275 Edimns
500 5219 653 5289 juxta
699 5218 1060 5290 apographum
1090 5237 1232 5275 anno
1267 5220 1405 5275 1664
1444 5220 1683 5289 legaliter

111 5287 375 5359 collatum
404 5305 475 5344 ex
502 5287 941 5359 inanitatacnriie
970 5291 1401 5359 Burdegalensis,
1433 5287 1516 5341 ab'
1531 5304 1633 5343 uno
1654 5306 1684 5341 e

108 5356 391 5426 indicibus
413 5356 740 5413 senescallia:
761 5356 1179 5423 Lemovicensis,
1193 5376 1315 5414 cum
1332 5360 1686 5413 instrumento

114 5440 184 5494 ex
229 5427 461 5494 archiva
505 5428 949 5483 Solemniacensis
995 5430 1309 5483 monasterii
1344 5429 1685 5494 deprompto.

116 5491 281 5565 ’τινες
298 5494 695 5565 mandaverunt
732 5497 1084 5565 Mabillonius,
1109 5497 1160 5550 in
1190 5498 1338 5551 Artis
1365 5491 1461 5549 SS.
1490 5491 1689 5550 ordinis

116 5562 517 5647 giliegedicti,
554 5578 677 5647 εἶναι.
701 5579 963 5647 ‘11,“pag.‘
989 5563 1135 5647 tos.”
1157 5575 1220 5647 et_
1258 5573 1503 5647 auctores
1532 5566 1692 5619 Neue

116 5630 253 5687 Gali.
284 5630 449 5695 ειη..
497 5632 648 5685 instr.
699 5643 738 5687 t.
786 5630 851 5699 ll',
880 5630 984 5690 col.
1034 5632 1155 5686 185.
1203 5633 1345 5688 Inter
1389 5651 1556 5688 uncos
1601 5650 1691 5689 va-

117 5702 227 5770 rias
252 5702 525 5770 icctioues
564 5704 880 5770 apponimus
908 5712 1186 5769 excerptas
1214 5718 1280 5756 ex
1309 5701 1555 5757 Editione
1583 5703 1694 5756 Ma-

120 5769 268 5848 billa,
294 5769 393 5849 qui
421 5769 995 5849 chartam-eruerat?
1026 5778 1136 5849 ius._
1152 5770 1347 5825 Codice
1395 5772 1694 5828 Soleinnia-

122 5838 293 5893 censi.
312 5838 642 5896 ‘Accuratior
669 5839 822 5904 huius
851 5840 1025 5897 Editio
1053 5840 1259 5897 videtur
1281 5856 1438 5908 quam
1470 5852 1692 5908 apogra-

1782 4818 2173 4879 Lemovicensi,
2205 4820 2255 4871 in
2285 4826 2421 4871 terra
2446 4821 2500 4867 et
2544 4810 2706 4865 fundo
2731 4810 2843 4879 agri
2869 4808 3340 4869 Solemuiacensis,

1784 4909 1895 4963 Deo
1926 4916 2165 4969 auctore,
2198 4903 2491 4963 eonstruxi,
2524 4901 2631 4962 ubi,
2663 4900 2948 4967 etauspice
2970 4895 3181 4950 Christo
3204 4910 3343 4964 prm-

1786 5012 1902 5050 esse
1946 4995 2268 5065 dignoscitiu
2311 4993 2389 5043 vir
2433 4989 2751 5044 venerabilis
2800 4986 3099 5041 Remaclius
3148 4983 3338 5053 [Mab..

1788 5085 2080 5154 Rimaclus]
2102 5084 2285 5143 abbas,
2318 5096 2439 5134 cum
2481 5079 2696 5147 reliquis
2726 5077 2989 5130 fratribus.
3023 5072 3220 5143 Legum
3264 5075 3341 5126 la.-

1790 5222 1949 5289 phum
1971 5234 2078 5286 quo
2095 5216 2307 5289 utimur,
2326 5215 2447 5267 licet
2462 5206 3343 5289 authenticacollatione-sitpraedi-

1791 5277 1921 5347 iiiiii,
1975 5277 2131 5352 prout
2176 5285 2343 5353 l-quet
2390 5295 2496 5335 Iuni
2540 5297 2602 5334 ex
2655 5279 2834 5353 variis_
2861 5277 3181 5353 lectionibus.
3211 5288 3345 5353 quas

1792 5344 2131 5410 ascribendas
2158 5344 2407 5406 duximus
2427 5393 2441 5413 ,
2471 5362 2577 5402 tum
2617 5362 2682 5401 ex
2728 5348 2866 5401 uotis
2894 5344 3042 5398 inl'ra'
3066 5344 3339 5413 subjectis.

1794 5427 1950 5479 Certe
1977 5425 2097 5477 hinc
2125 5432 2207 5476 est
2241 5410 2551 5487 conjiciendi
2570 5417 2717 5487 locus
2746 5416 3047 5487 exemplum
3090 5410 3232 5476 quod
3261 5425 3345 5487 se-

1794 5477 2004 5561 quimur
2031 5508 2136 5545 non
2160 5506 2224 5544 ex
2247 5477 2503 5561 originali,
2528 5484 2621 5561 sed
2642 5500 2706 5537 ex
2722 5477 3015 5561 adulterata
3030 5477 3345 5561 apographo

1801 5546 2120 5631 éXSt'riplllm
2140 5599 2153 5622 ,
2185 5561 2280 5631 pvel
2312 5546 2378 5610 a'b
2399 5546 2728 5631 exscriptore
2754 5554 2867 5631 ipso
2897 5546 3133 5631 vitiatum
3166 5546 3345 5631 fuisse.

1803 5630 1927 5683 Ideo
1957 5618 2389 5682 autem-dianam
2417 5640 2480 5676 ex
2514 5618 2614 5693 hoc
2642 5618 2885 5693 exemplo
2913 5618 3135 5693 edimus,
3169 5624 3223 5667 ut
3250 5630 3341 5682 pa-

1807 5708 1914 5752 teat
1949 5702 2156 5763 qualcin
2188 5705 2490 5765 mereantur
2519 5692 2670 5765 Iidem
2699 5689 3009 5765 collationes
3034 5689 3223 5765 quibus

1803 5770 1917 5836 pius
1939 5758 2240 5833 avpographa
2265 5763 2588 5818 vallaverant
2617 5761 2710 5814 viri
2734 5758 2798 5812 ab
2827 5763 2941 5810 artc
2976 5758 3154 5810 critica
3199 5769 3335 5819 PFU!"

1801 5853 1886 5893 5υὰ
1910 5836 2083 5889 alicui.
