3886 6226
563 292 666 351 689

1597 283 1654 339 s.
1693 279 1887 336 EL‘lGll
1925 256 2193 331 novicii.
2241 271 2454 330 EPISC.
2495 270 2779 327 CHAIt'l‘A.

3653 276 3747 329 660

563 401 792 460 ,ιη-θεὼ
817 399 1032 467 singulis
1053 397 1348 465 quibusque
1380 394 1536 448 rebus
1563 392 1687 459 qttid
1716 390 1943 441 humana
1989 386 2097 438 fra-
2127 390 2173 443 Α
2202 388 2512 457 rumpatur;
2544 382 2571 421 ἀ
2599 381 2776 435 veniat
2801 395 2959 449 super
2982 360 3205 436 eumira
3234 383 3324 437 Dei
3354 382 3749 455 omnipotentis,

560 493 732 559 gilius
742 490 1002 546 custodiat
1017 472 1317 556 expressius
1330 485 1694 538 decreverunt.
1712 480 1767 533 lu
1782 472 2105 559 cessionibus

560 600 688 639 vero
710 582 881 640 solum
910 589 1112 635 tantum
1138 577 1383 630 dixerunt
1414 572 1799 642 possessionem
1839 567 2101 621 sufficere.

560 670 791 737 ideoque
826 676 882 722 et
922 681 1022 735 ego
1049 665 1272 733 supplex
1301 670 1498 723 vester,
1538 657 1883 713 considerans
1910 654 2105 737 molem

559 734 921 826 peccaminum
946 734 1204 816 meorum,
1235 761 1289 806 ut
1316 765 1526 807 merear
1552 749 1622 803 ab
1664 748 1778 816 ipso
1825 746 1968 809 exui,
1998 734 2103 798 et‘a

563 849 786 901 Domino
832 843 1111 905 sublevari,
1160 841 1289 895 cedo
1341 839 1490 895 vobis
1539 852 1697 906 parva
1745 851 1841 904 pro
1871 833 2101 900 magnis,

561 946 774 990 terrena
829 948 926 1003 pro
994 930 1312 994 celestibus,
1361 927 1670 996 temporalia
1721 940 1818 993 pro
1870 923 2100 977 :eteruis.

560 1024 778 1078 Cossum
808 1035 924 1075 esse
950 1019 1087 1084 volo,
1118 1033 1181 1073 ac
1202 1018 1269 1073 de
1291 1032 1409 1073 meo
1430 1005 1551 1084 ju‘re
1579 1016 1630 1069 in
1652 1022 1831 1067 vestro
1866 1012 2104 1065 dominio

562 1112 889 1173 trsnsfundo,
912 1109 1017 1165 hoc
1062 1117 1158 1171 est,
1185 1108 1543 1177 supradictum
1572 1119 1754 1172 agrum
1802 1097 2102 1157 Solemnis-

560 1214 792 1265 consero,
840 1200 927 1265 qui
977 1199 1105 1252 mihi
1151 1209 1218 1250 es
1246 1196 1605 1249 munificentia
1658 1193 2023 1259 gloriosissimi
2051 1200 2105 1246 et

561 1285 779 1351 piissimi
807 1284 1003 1338 domini
1032 1280 1313 1348 Dagoberli
1356 1280 1493 1347 regis
1520 1278 1752 1342 obvenit,
1787 1292 1903 1330 cum
1932 1276 2100 1329 (edifi-

562 1376 655 1429 ciis
683 1389 799 1441 quae
846 1375 895 1427 in
948 1374 1061 1440 ipso
1111 1385 1238 1438 agro
1265 1370 1347 1424 vel
1373 1370 1507 1423 intra
1558 1383 1741 1422 muros
1787 1367 2103 1435 supradictae

561 1463 789 1516 civitatis
827 1474 945 1516 esse
992 1467 1299 1522 noscuntur,
1334 1469 1453 1511 cum
1506 1455 1751 1510 omnibus
1794 1455 2104 1522 adjacentiis

560 1551 689 1614 suis,
720 1564 837 1603 cum
877 1548 1150 1617 mancipiis
1180 1546 1417 1601 fidelibus
1453 1544 1640 1616 [Mab.,
1687 1543 2101 1619 mansionariis],

562 1638 801 1698 coloniis.
828 1637 1146 1706 origiuariis,
1175 1637 1444 1704 inquilinis
1491 1651 1553 1688 ac
1579 1636 1765 1697 servis,
1792 1635 1874 1688 vel
1903 1649 1964 1687 ac
2010 1649 2099 1688 co-

2200 481 2276 535 et,
2321 469 2459 523 sicut
2485 470 2649 523 Datan
2697 479 2752 523 et
2796 471 3012 539 Abiron,
3039 473 3224 527 vivens
3247 475 3300 527 in
3350 475 3614 529 infernum
3641 478 3753 532 des-

2200 562 2432 623 cendat;
2464 559 2706 613 deleatur
2731 559 2799 611 de
2838 560 2974 612 libro
3004 561 3308 625 viventium.
3340 572 3396 617 et
3442 580 3563 618 eum
3607 566 3756 633 iustis

2202 664 2307 703 non
2342 648 2634 712 scribatur;
2663 647 2839 715 sitque
2885 662 3047 717 super
3072 664 3192 703 eum
3240 661 3507 722 peccator,
3562 664 3621 707 et
3647 655 3755 707 dia.

2200 738 2360 792 belus
2382 744 2489 790 stet
2518 751 2545 789 a
2576 736 2778 790 dextris
2806 737 2958 803 ejus;
2982 753 3102 792 cum
3124 738 3417 806 judicatur,
3447 750 3607 796 exeat
3635 757 3758 795 con-
3852 740 3853 815 ἦ

2201 826 2506 885 demnatns,
2536 832 2590 877 et
2616 826 2788 879 oratio
2813 826 2930 895 ejus
2959 826 3044 879 liat
3071 826 3124 879 in
3150 839 3428 895 peccatum
3452 846 3465 892 ;
3500 833 3632 883 liant
3650 830 3758 884 dies

2202 913 2317 980 ejus
2344 912 2518 978 pauci,
2536 924 2591 967 et
2610 914 2916 979 dignitatem
2938 915 3055 981 ejus
3076 916 3303 981 accipiat
3328 916 3493 982 alter;
3520 916 3653 971 liant
3673 919 3757 971 lilii

2201 1006 2319 1070 ejus
2349 1002 2597 1067 orpltaui,
2646 1010 2699 1055 et
2731 1016 2865 1057 uXor
2892 1003 3006 1068 ejus
3060 1002 3254 1067 vidua;
3310 1005 3561 1058 commoti
3609 1020 3755 1059 amo-

2201 1099 2430 1144 veantur
2478 1090 2571 1143 lilii
2617 1090 2753 1158 ejus,
2805 1098 2860 1143 et
2913 1091 3219 1145 mendieent
3266 1102 3323 1145 et
3366 1094 3657 1162 ejiciantur
3698 1096 3761 1149 de
3852 1104 3853 1165 ξ

2202 1180 2617 1234 habitationibus
2635 1180 2744 1233 suis
2762 1197 2777 1245 ;
2793 1190 3069 1245 scrutetur
3089 1180 3382 1236 fwnerator
3401 1198 3615 1241 omnem
3646 1186 3763 1238 sub-

2202 1269 2449 1324 stantiam
2494 1271 2629 1336 ejus,
2654 1278 2709 1323 et
2732 1270 2984 1341 diripiant
3012 1286 3200 1327 omnes
3238 1273 3454 1330 labores
3479 1276 3631 1342 ejus;
3658 1291 3761 1332 non
3852 1294 3853 1297 η

2200 1358 2270 1410 sit
2297 1357 2375 1409 illi
2402 1357 2634 1423 adjutor,
2676 1374 2776 1412 nec
2802 1358 2873 1412 sit
2908 1361 2997 1427 qui
3024 1362 3340 1416 misereatur
3362 1364 3576 1434 pupillis
3604 1379 3718 1432 ejus
3744 1385 3757 1419 :

2205 1446 2338 1497 fiant
2384 1446 2490 1497 nati
2538 1446 2653 1513 ejus
2701 1448 2752 1499 in
2795 1449 3142 1513 exterminio;
3173 1452 3223 1503 in
3274 1468 3377 1505 una
3419 1456 3759 1520 generatione

2203 1536 2444 1589 deleatur
2472 1550 2664 1591 nomen
2687 1537 2802 1605 ejus
2841 1542 2892 1590 in
2926 1548 3213 1608 conspectu
3252 1540 3481 1606 Domini,
3503 1553 3556 1596 et
3578 1558 3760 1612 pecca-

2206 1636 2317 1679 tum
2343 1628 2525 1690 matris
2564 1642 2678 1693 ejus
2706 1644 2810 1682 non
2840 1629 3116 1695 deleatur;
3149 1634 3241 1684 liat
3267 1640 3458 1690 contra
3486 1633 3757 1689 Dominum

564 1724 924 1795 Iuniislllab.,
956 1723 1241 1791 aecnlanis]
1264 1723 1459 1776 ibidem
1488 1723 1956 1784 commorantibus,
1983 1737 2103 1775 cum
2139 1708 2184 1764 Β
2209 1731 2423 1785 semper
2467 1726 2524 1770 ut
2570 1716 2839 1786 dispereat
2878 1719 2944 1772 de
2996 1729 3136 1774 terra
3185 1724 3441 1777 memoria
3490 1724 3675 1793 ipsius,
3712 1738 3760 1781 et

562 1816 805 1869 dominiis
826 1815 1009 1887 [Mab.,
1035 1810 1407 1883 condominis],
1435 1813 1619 1877 vineis,
1652 1813 1813 1881 pratis
1833 1854 1847 1877 ,
1876 1813 2134 1881 pascuish

562 1905 727 1969 silvis,
760 1905 1036 1959 arboribus
1067 1904 1335 1972 pomiferis
1380 1919 1473 1957 seu
1522 1904 1881 1971 imponiiferis,
1925 1906 2103 1971 aquis.

564 2008 885 2062 aquarumve
908 1995 1173 2059 ductibus,
1219 1994 1378 2048 ilibus
1406 2010 1469 2049 ac
1516 1996 1788 2058 reditibus,
1820 2010 1937 2048 cum
1983 2010 2106 2063 spe-

563 2084 743 2141 ciebus
770 2083 854 2137 vel
879 2084 1123 2141 omnibus
1149 2086 1307 2139 rebus
1333 2087 1614 2140 mobilibus
1647 2096 1701 2140 et
1729 2086 2104 2151 immobilibus,

562 2189 682 2227 cum
711 2173 853 2228 omni
887 2175 1110 2229 termino
1136 2183 1192 2229 et
1239 2175 1445 2243 integro
1465 2190 1563 2230 suo
1592 2184 1754 2237 statu,
1804 2191 1923 2228 eum
1974 2190 2105 2242 qua-

564 2262 884 2331 drupedibus
910 2264 1154 2318 omnibus
1181 2272 1236 2318 et
1271 2264 1525 2332 jupentis
1551 2273 1604 2317 et
1633 2254 1955 2332 pecoribus,
1986 2280 2104 2318 cum

562 2354 703 2406 omni
755 2354 1068 2421 supellectili
1112 2362 1167 2407 et
1212 2353 1459 2423 pmsidio
1512 2354 1843 2423 inexquisitae
1894 2353 2107 2424 domus,

560 2443 696 2500 sicut
720 2457 749 2500 a
777 2457 863 2501 me
908 2455 1073 2516 usque
1104 2457 1241 2500 nunc
1266 2442 1583 2516 possidetur,
1618 2444 1695 2497 vel
1752 2443 2005 2517 quidquid
2041 2448 2107 2501 ad

561 2536 705 2603 ipsos
724 2548 880 2601 agros
910 2535 1178 2602 pertinere
1204 2535 1430 2604 videtur,
1462 2546 1521 2590 ut
1548 2537 1791 2606 superius
1818 2553 1933 2592 sum
1961 2552 2102 2607 pro-

562 2624 750 2689 fessus,
776 2637 897 2678 meo
922 2624 1113 2678 exinde
1141 2625 1411 2680 subtracto
1441 2627 1696 2691 dominio,
1729 2637 1917 2682 vestrae
1936 2628 2108 2680 domi-

564 2712 763 2767 nationi
810 2712 875 2768 de
901 2715 1144 2782 praesenti
1172 2716 1304 2769 cedo
1346 2715 1743 2786 perpetualiter,
1794 2715 1843 2769 in
1876 2716 1967 2770 Dei
2013 2729 2108 2768 no-

564 2803 725 2869 mine,
761 2818 790 2858 a
818 2803 967 2858 vobis
994 2805 1077 2859 vel
1106 2806 1292 2860 vestris
1316 2806 1707 2860 successoribus
1736 2808 1787 2859 in
1828 2806 1938 2873 jam
1966 2806 2107 2859 dicto

563 2895 883 2948 monasterio
910 2894 1270 2948 habitantibus
1290 2893 1656 2963 possidendas,
1686 2895 1922 2962 exceptis
1951 2894 2109 2948 liber-

564 2982 633 3034 tis
658 2982 809 3045 meis,
833 2989 857 3016 ⁸
888 2981 1077 3049 quibus
1106 2996 1200 3050 per
1228 2982 1480 3036 cartulam
1504 2982 1778 3050 dignarum
1806 2980 1993 3053 [Mab.,
2024 2982 2107 3034 vel

561 3070 855 3142 denarium]
896 3087 1106 3125 manum
1138 3073 1277 3137 misi,
1308 3082 1400 3126 aut
1439 3073 1491 3126 in
1538 3072 1862 3141 ingenuitate
1906 3074 2108 3141 integra
2138 3062 2180 3118 C

564 3170 828 3226 maneant,
852 3169 904 3215 et
953 3171 1179 3217 vestram
1229 3163 1503 3217 tuitionem
1532 3168 1615 3219 vel
1645 3163 2025 3219 deifensionem
2055 3165 2107 3218 in

565 3251 806 3307 omnibus
854 3252 1119 3307 habeant:
1149 3268 1210 3306 ea
1243 3262 1418 3307 tamen
1441 3256 1746 3309 conditione
1774 3256 2106 3323 interposita,

566 3351 623 3393 ut
666 3355 761 3395 vos
804 3343 883 3394 vel
932 3357 1265 3397 successores
1311 3344 1471 3396 vestri
1528 3346 1792 3398 tramitem
1843 3346 2111 3411 religionis

566 3433 1015 3488 sanctissimorum
1078 3435 1309 3487 virorum
1374 3429 1724 3490 Luxoviensis
1800 3438 2107 3491 monasterii

566 3523 957 3589 consequamini
985 3562 1001 3591 ,
1049 3524 1367 3591 et_regulam
1414 3525 1840 3580 beatissimorum
1895 3526 2110 3580 Patrum

565 3610 833 3666 Benedicti
882 3622 936 3666 et
981 3613 1289 3668 Columbani
1343 3614 1563 3673 firmiter
1608 3617 1853 3676 teneatis.
1901 3615 2109 3671 Nullam

563 3706 880 3764 potestatem
930 3699 1233 3767 nullumque
1274 3701 1363 3770 jus
1424 3704 1701 3772 episcopus
1750 3705 1829 3758 vel
1878 3706 2112 3772 qualibet

566 3786 664 3847 alia
692 3800 937 3855 persona,
969 3789 1021 3844 in
1051 3786 1267 3857 prtefato
1296 3792 1636 3855 monasterio,
1656 3806 1826 3857 neque
1846 3794 1896 3845 in
1928 3795 2105 3857 rebus,

567 3892 737 3947 neque
762 3879 814 3932 in
867 3880 1124 3948 personis,
1157 3881 1255 3935 nisi
1290 3888 1493 3936 tantum
1524 3883 1931 3951 gloriosissimus
1968 3887 2111 3954 prin-

565 3980 709 4036 ceps,
743 3968 953 4038 penitus
978 3969 1048 4023 sit
1079 3968 1371 4025 habiturus.
1404 3971 1459 4025 Si
1489 3972 1607 4039 quis
1650 3986 1799 4036 sane,
1827 3972 1968 4039 quod
2000 3972 2111 4028 fieri

564 4075 669 4117 non
700 4060 879 4121 credo,
911 4068 1094 4114 contra
1121 4060 1225 4115 hoc
1254 4059 1280 4097 θ’
1301 4062 1556 4117 cessionis
1582 4076 1713 4117 mete
1744 4065 2111 4117 munusculum

564 4148 702 4215 quod
730 4163 824 4217 pro
868 4146 1117 4203 felicitate
1145 4162 1347 4217 regum,
1380 4160 1434 4205 et
1478 4152 1665 4205 anima:
1694 4168 1823 4206 meze
1851 4153 2105 4217 remedio,

566 4246 619 4291 et
645 4252 742 4307 pro
765 4238 1032 4293 exoranda
1058 4238 1236 4306 populi
1269 4254 1398 4307 pace
1420 4280 1434 4303 ,
1467 4248 1523 4293 et
1548 4256 1644 4308 pro
1692 4256 1965 4295 servorum
2019 4240 2111 4294 Dei

565 4327 761 4394 quiete,
794 4326 1141 4396 omnipotenti
1172 4327 1334 4381 obtuli
1364 4328 1496 4398 (Deo
1531 4332 1551 4359 ο
1576 4329 1759 4384 dolose
1785 4346 1877 4384 seu
1903 4330 2112 4399 propria

566 4418 838 4471 voluntate
866 4426 955 4471 aut
983 4418 1219 4483 cujusvis
1256 4419 1426 4485 gentis
1448 4419 1668 4488 imperio
1697 4432 1939 4475 cessante
1969 4420 2113 4489 dolo)

565 4506 775 4571 venire,
806 4514 899 4558 aut
946 4507 995 4560 in
1041 4507 1218 4574 aliquo
1277 4505 1568 4573 refragatur
1616 4522 1731 4561 esse
1793 4508 2118 4569 tr‘ntaverit,

562 4597 648 4651 vel
702 4596 933 4663 repletus
975 4596 1160 4662 spiritu
1214 4595 1523 4659 immundo,
1555 4597 1643 4664 qui
1691 4595 2112 4651 Christianorum

564 4701 775 4754 semper
802 4692 1023 4737 conatur
1048 4684 1278 4738 evellere
1306 4684 1464 4747 facta,
1490 4683 1770 4739 consilium
1794 4685 2003 4738 dederit
2024 4689 2121 4736 aut

568 4777 936 4831 adminiculum
968 4774 1267 4842 przcbuerit,
1316 4773 1399 4827 vel
1443 4773 1819 4840 quodcumque
1869 4773 2119 4827 solatium

575 4876 827 4935 praestare
856 4869 998 4920 visus
1036 4864 1214 4928 fuerit,
1240 4871 1299 4923 ut
1329 4873 1382 4917 et
1404 4865 1701 4919 devotionis
1738 4878 1867 4916 mea:
1914 4863 2115 4917 oblatio

571 4958 624 5011 in
654 4956 849 5025 aliquo,
881 4957 1024 5023 quod
1054 4954 1229 5021 divina
1260 4954 1496 5021 potentia
1526 4969 1632 5007 non
1664 4954 1958 5022 permittat,
1990 4967 2117 5005 cor-

641 5119 665 5145 α
695 5107 1155 5176 Corruptissimam
1188 5107 1467 5161 lectionem
1525 5106 1743 5160 feliciter
1784 5106 2118 5163 Mabillonius

571 5178 834 5241 emendat,
864 5178 989 5245 dum
1017 5176 1160 5241 legit,
1183 5178 1358 5245 quibus
1380 5193 1468 5244 per
1486 5181 1735 5236 cortu/am
1760 5178 1833 5229 vel
1854 5178 2116 5229 d-vnarium

570 5262 775 5300 manum
805 5244 937 5298 misi.
991 5244 1201 5311 Duplex
1245 5249 1381 5298 enim
1408 5256 1523 5299 erat
1571 5246 1964 5300 tnnnutnittemli
1998 5262 2114 5298 tuo-

571 5318 689 5378 dus,
721 5329 813 5381 per
832 5314 1085 5373 chartam,
1112 5314 1329 5375 scilicet,
1356 5314 1436 5367 vel
1460 5328 1683 5366 excusso
1714 5315 1955 5377 denario;
1984 5330 2116 5381 pos-

572 5384 820 5435 teriorem
846 5392 969 5435 tunc
997 5383 1047 5434 in
1068 5381 1283 5433 Francia
1306 5384 1467 5446 moris
1492 5382 1668 5444 fuisse,
1692 5382 1835 5434 locus
1867 5384 1947 5435 hic
1970 5386 2114 5435 lucu-

574 5452 742 5502 lenter
760 5451 969 5514 indicat,
992 5454 1165 5517 neque
1186 5450 1341 5502 alium
1366 5452 1578 5504 modum
1600 5466 1887 5518 agnoscere
1910 5454 2115 5505 videtur

596 5533 661 5571 ex
690 5520 881 5579 Salica.
936 5519 1151 5573 Eccaril.
1186 5529 1237 5572 et
1268 5519 1489 5573 Feucrb.
1524 5538 1664 5583 xxvi,
1688 5520 1871 5573 Schilt.
1926 5536 2111 5581 xxxvi;

602 5584 793 5655 icrold.
825 5604 958 5652 xxx;
990 5586 1209 5644 Emend.
1244 5604 1423 5645 xvvm.
1475 5598 1527 5641 et
1578 5607 1692 5643 cum
1730 5589 1960 5645 Mart-ulli
2011 5589 2114 5644 fur~

2209 1810 2424 1878 insuper
2455 1808 2646 1864 inferat
2688 1811 2799 1864 Iisci
2824 1812 3031 1878 juribus
3054 1814 3168 1868 auri
3192 1814 3358 1868 libras
3376 1816 3562 1871 decem
3584 1827 3641 1872 et
3681 1833 3758 1873 ar-

2207 1899 2349 1963 genti
2376 1898 2551 1965 pondu
2584 1899 2784 1967 viginti,
2803 1909 2979 1953 stante
3006 1901 3348 1957 nihilominus
3372 1906 3423 1957 in
3454 1916 3757 1979 perpetuum

2209 1988 2362 2055 hujus
2414 1990 2670 2043 cessionis
2718 2005 2846 2043 mem
2893 1992 3130 2047 decreto.
3163 1992 3237 2048 Te
3270 2009 3415 2067 vero,
3466 1999 3757 2056 clementis-

2207 2079 2340 2130 sime
2366 2078 2631 2145 princeps,
2667 2094 2759 2146 per
2788 2093 2963 2145 regem
3014 2094 3195 2147 regum
3224 2097 3450 2136 exorare
3479 2100 3753 2152 ραιιευιιιο,

2207 2167 2296 2236 qui
2350 2167 2529 2219 omnia
2575 2180 2736 2233 regna
2780 2181 2880 2220 suo
2924 2169 3123 2237 pugillo
3151 2172 3485 2238 constringit,
3527 2182 3586 2227 ut
3633 2174 3758 2227 hanc

2211 2258 2492 2312 voluntatis
2513 2273 2641 2311 mea'
2654 2259 2947 2313 cessionem
2970 2276 3254 2328 numquam
3274 2263 3489 2330 patiaris
3518 2264 3569 2318 in
3592 2265 3757 2333 aliquo

2209 2347 2478 2418 relragari.
2501 2348 2629 2403 Simi
2654 2348 2669 2403 i
2694 2358 2872 2414 modo,
2908 2360 2978 2414 te,
3027 2350 3331 2406 beatissime
3361 2362 3531 2421 pater,
3568 2352 3759 2407 Rema—
3852 2420 3853 2427 γ

2208 2443 2290 2495 cle
2319 2440 2477 2505 abba,
2501 2449 2727 2507 tuosque
2750 2454 3088 2494 successores
3114 2441 3195 2494 vel
3220 2441 3514 2507 subjectos,
3554 2444 3756 2509 posuiI.)

2210 2548 2303 2602 per
2330 2522 2608 2587 individua:
2630 2530 2907 2585 Trinitatis
2935 2530 3291 2599 majestatem,
3322 2532 3563 2586 obtestor
3590 2541 3647 2583 et
3667 2544 3755 2599 per

2210 2624 2352 2677 illam
2385 2620 2879 2678 iuuuarcessibiletn
2918 2620 3109 2690 (Mab.,
3144 2622 3611 2694 innumerabilem]
3640 2640 3749 2679 om-

2211 2718 2354 2768 nium
2399 2722 2724 2776 sanctorum,
2777 2712 3107 2780 angelorum,
3158 2713 3618 2783 archangelorum,
3672 2730 3755 2785 pa-

2208 2806 2584 2870 triarcharum,
2617 2804 3019 2873 prophetarum,
3048 2804 3444 2871 apostolorum,
3476 2814 3751 2876 martyrum

2210 2906 2264 2947 et
2297 2894 2661 2950 confessorqu
2688 2902 2958 2951 catervam
2988 2907 3177 2959 exoro,
3210 2902 3267 2945 ut
3295 2894 3529 2961 regulam
3576 2908 3752 2963 supra-

2209 2986 2469 3038 dictorum
2501 2982 2741 3047 Patrum,
2773 2998 2931 3052 quam
2961 2984 3011 3036 in
3067 2998 3208 3055 saepe
3236 2996 3531 3043 memoratu
3584 3002 3752 3040 monu-

2211 3078 2372 3128 sterio
2404 3075 2737 3128 Luxovieuse
2780 3084 2980 3137 tenent,
3009 3076 3234 3128 teneatis
3258 3075 3449 3147 [διαίτη
3483 3080 3625 3130 omni
3647 3091 3753 3131 eus-

2211 3163 2645 3234 todiateueatis],
2686 3174 2742 3217 et
2786 3165 2991 3231 vigilias
3039 3175 3199 3236 atque
3247 3167 3644 3220 obsecrationes
3691 3168 3750 3221 ad

2210 3255 2518 3325 placandam
2549 3255 2680 3308 iram
2726 3255 2920 3309 furoris
2949 3252 3188 3307 Dominis
3216 3254 3423 3309 assidue
3454 3255 3745 3308 iuteudatis.

2211 3346 2360 3411 Quod
2408 3348 2452 3398 si
2482 3346 2659 3413 aliqua
2692 3344 2968 3412 tepiditate
2998 3344 3255 3407 faciente,
3280 3359 3375 3399 seu
3403 3345 3746 3410 subjectorum

2210 3447 2416 3491 tumore
2442 3436 2782 3505 impediente,
2807 3451 2837 3488 a
2870 3444 2925 3489 te
2964 3436 3045 3488 vel
3072 3436 3470 3489 successoribus
3500 3436 3600 3490 tuis
3626 3450 3750 3502 saepe

2211 3536 2500 3580 memorata
2526 3526 2705 3591 regula
2756 3523 2916 3577 fuerit
2942 3523 3175 3588 dempta,
3207 3524 3287 3576 vel
3316 3523 3367 3576 in
3419 3524 3595 3592 aliquo
3634 3538 3751 3590 pm:-

2213 3615 2481 3674 terrnissa,
2538 3621 2593 3665 et
2620 3610 2890 3668 ferventer
2920 3625 3014 3678 pro
3048 3610 3140 3663 Dei
3186 3612 3375 3664 timore
3404 3626 3433 3663 a
3466 3612 3611 3665 vobis
3655 3627 3747 3664 non

2211 3704 2367 3775 fuerit
2384 3703 2665 3770 adimpleta
2682 3740 2699 3767 ,
2713 3700 2979 3755 licentiam
3003 3701 3198 3753 habeat
3221 3700 3565 3755 Luxoviensis
3584 3703 3747 3761 abbas,

2211 3797 2298 3863 qui
2330 3805 2452 3847 tunc
2501 3793 2751 3860 temporis
2803 3791 2987 3855 fuerit,
3020 3799 3076 3845 et
3128 3806 3191 3844 ex
3248 3806 3473 3859 quorum
3504 3792 3673 3859 regula
3699 3800 3747 3843 tu

2214 3885 2364 3940 nobis
2414 3885 2751 3951 complacens
2793 3882 2908 3934 aliis
2946 3879 3149 3952 [Mab.,
3196 3880 3247 3933 in
3298 3881 3400 3934 hoc
3446 3881 3747 3934 monasterio

2214 3974 2351 4044 aliis]
2381 3988 2438 4026 es
2466 3973 2732 4041 prmlatus,
2768 3972 3123 4039 negligentem
3173 3986 3332 4045 quem
3364 3971 3743 4042 viderit[lab..

2215 4057 2450 4128 videris],
2482 4076 2577 4114 seu
2604 4060 2870 4121 abbatem,
2926 4073 3020 4111 seu
3049 4062 3350 4124 subjectum
3380 4061 3447 4113 de
3498 4058 3601 4113 hoc
3642 4074 3743 4111 mo-

2214 4151 2472 4213 nasterio,
2508 4148 2649 4218 quod
2700 4146 2950 4203 constitui
2977 4147 3123 4202 bono'
3151 4149 3349 4210 animo,
3392 4148 3672 4217 castigare;
3699 4156 3745 4200 ut

2214 4246 2465 4300 continuo
2494 4251 2789 4307 correctus,
2812 4240 2931 4293 talis
2952 4242 3251 4296 inveniatur
3276 4243 3365 4311 qui
3398 4257 3494 4315 pro
3535 4242 3740 4297 fclicita-

2223 4346 2273 4388 te
2293 4346 2345 4388 et
2375 4335 2539 4402 gloria
2574 4331 2848 4403 principis,
2879 4337 2933 4383 et
2967 4330 3303 4387 absolutione
3322 4340 3584 4386 scelerum
3621 4346 3745 4385 meo-

2225 4440 2362 4487 rum,
2398 4422 2600 4477 Domini
2631 4421 2988 4474 indesinenter
3017 4422 3188 4473 valeat
3217 4437 3442 4477 exorare
3471 4424 3743 4476 misericor-

2222 4513 2382 4566 diam.
2416 4512 2502 4565 Sic
2534 4522 2706 4563 tamen
2754 4519 2811 4562 ut
2838 4510 2981 4563 nulla
3030 4509 3310 4564 diminutio
3340 4511 3391 4563 in
3444 4512 3601 4564 rebus
3624 4551 3638 4573 ,
3676 4510 3743 4562 vel

2224 4606 2472 4659 facultate
2501 4604 2631 4670 ipsa,
2660 4610 2851 4668 praeter
2882 4602 3023 4667 quod
3050 4615 3208 4667 supra
3239 4592 3465 4653 habetur
3492 4601 3739 4659 insertum,

2222 4710 2250 4747 a
2293 4709 2430 4762 saepe
2460 4698 2751 4744 memorato
2799 4691 2990 4744 abbate
3035 4688 3352 4743 Luxoviensi
3400 4691 3592 4762 [ιιιαὸη
3618 4692 3742 4760 prin-

2221 4786 2379 4855 cipe],
2414 4785 2521 4838 ullo
2550 4796 2779 4849 unquam
2810 4790 3046 4849 tempore
3094 4780 3373 4850 inferatur.
3425 4779 3490 4833 Et
3534 4783 3668 4849 quia,
3694 4787 3741 4831 ut

2220 4877 2464 4943 superius
2491 4886 2606 4925 sum
2636 4870 2923 4937 pollicitus,
2952 4872 3262 4922 munuscula
3292 4870 3402 4938 ipsa
3433 4884 3496 4922 ex
3523 4870 3740 4937 largitate

2181 4961 2643 5021 -cltristianissitui
2692 4970 2745 5015 et
2793 4960 3012 5029 piissimi
3060 4959 3241 5014 domui
3295 4959 3579 5024 Dagoberti
3626 4955 3738 5023 regis

2220 5098 2372 5147 mulis
2397 5093 2699 5151 ronrordat.

2292 5169 2314 5201 ιι
2348 5163 2681 5216 Mabilionitts
2710 5164 2821 5215 ita‘c
2852 5181 2862 5215 ε
2894 5163 3136 5219 cessionis
3158 5175 3281 5214 mea:
3307 5165 3603 5219 ntunnsrula
3640 5168 3735 5229 (qua

2219 5249 2447 5294 δελεαηέ
2472 5234 2536 5294 vi,
2569 5235 2705 5289 dolo.
2739 5232 2826 5283 sed
2851 5232 3059 5298 promt'a
3088 5232 3293 5284 rolunta
3316 5247 3364 5292 ε,
3390 5242 3437 5283 et
3464 5232 3644 5284 nullius
3668 5244 3737 5279 co-

2218 5304 2612 5373 gentisimperio
2642 5317 2733 5373 pro
2760 5302 3017 5373 j'elicitole,
3047 5308 3149 5353 etc.
3288 5368 3301 5373 _
3388 5369 3420 5373 __
3533 5369 3545 5373 _
3572 5364 3577 5369 ἱ

2292 5385 2311 5409 c
2358 5366 2526 5423 Voces
2567 5366 2753 5423 dolose.
2779 5409 2859 5428 ...
2908 5370 3046 5433 dolo,
3099 5368 3505 5434 parenthesibus
3531 5366 3733 5425 ίικιιιςε,

2218 5442 2409 5496 desunt
2436 5455 2521 5505 ap.
2556 5439 2697 5491 Mali.
3620 5462 3629 5505 ν.

2288 5512 2310 5548 ά
2346 5510 2433 5628 llul;
2459 5504 2858 5576 itnprecationes
2879 5514 3126 5565 mutuate
3148 5514 3294 5577 sunt,
3315 5507 3428 5565 fere
3441 5507 3509 5563 ad
3528 5504 3735 5569 πωπω.

2315 5596 2402 5628 usa
2433 5595 2515 5628 tuo
2546 5594 2685 5628 cvm.

2219 5598 2279 5637 cs
2314 5594 2515 5649 psalmo
2546 5594 2685 5643 cvm.
