3886 6226
542 363 643 415 667

1237 372 1642 427 CLODOVEUS
1683 373 1721 426 ll
1766 371 1902 427 REX
1943 372 2358 428 FRANCURUM
2402 373 2487 429 ET
2527 374 2583 429 S.
2627 374 3047 435 DALTIIILDIS.

1610 629 2182 752 INCIPIT
2281 627 2707 761 VITA.

3358 517 3734 545 ——"—--d

603 893 655 946 ἓ,
688 889 1006 945 Benedictus
1037 888 1288 943 Dominus
1335 888 1422 954 qui
1469 887 1580 940 vult
1625 901 1810 940 omnes
1851 887 2091 939 homines
2123 892 2162 942 Α
2195 894 2323 937 tunc
2351 886 2582 939 honores
2607 901 2772 940 vanos
2800 889 3005 953 fugiens
3045 899 3099 942 et
3126 892 3474 948 humilitatem
3513 897 3737 963 diligens,

533 983 708 1035 salvos
733 979 866 1041 fleri,
897 987 951 1031 et
977 977 1042 1029 ad
1068 978 1393 1044 agnitionem
1428 976 1664 1028 veritatis
1686 975 1897 1036 venire,
1928 974 2016 1042 qui
2042 983 2098 1028 et

532 1075 787 1134 Operatur
806 1066 980 1120 omnia
1008 1066 1058 1118 in
1085 1066 1332 1118 omnibus
1353 1064 1491 1118 velle
1512 1071 1566 1118 et
1587 1061 1858 1130 perlicere.
1892 1063 1956 1114 Et
1975 1061 2095 1115 ideo

532 1161 724 1213 merito
752 1158 914 1226 ipsius
945 1157 1058 1210 laus
1101 1157 1340 1208 canenda
1387 1165 1469 1209 est
1512 1155 1656 1223 prius
1704 1156 1755 1208 in
1787 1171 1897 1210 sani
1918 1164 2092 1207 torum

531 1249 735 1301 meritis
763 1247 874 1300 sive
901 1246 1202 1309 virtutibus,
1228 1246 1316 1312 qui
1357 1245 1424 1299 de
1463 1247 1636 1314 parvis
1661 1245 1824 1300 eﬂicit
1851 1259 2092 1312 magnos,

531 1341 639 1393 imo
665 1338 749 1402 qui
779 1338 844 1391 de
871 1346 1106 1391 stercore
1131 1339 1306 1391 elevat
1336 1351 1652 1404 pauperem,
1678 1345 1733 1390 et
1760 1350 1880 1388 eum
1905 1347 2098 1389 eonse-‘

528 1429 655 1482 dere
684 1428 808 1480 facit
851 1442 971 1481 cum
1000 1427 1327 1495 principibus
1355 1426 1532 1494 populi
1563 1426 1664 1490 sui,
1695 1426 1832 1479 sicut
1876 1433 1931 1480 et
1962 1439 2093 1491 pra:-

525 1525 734 1570 sentem
767 1515 1121 1569 venerabilem
1155 1515 1436 1582 magnique
1466 1515 1638 1568 meriti
1671 1515 1918 1566 feminam
1942 1515 2093 1567 dom-

527 1623 647 1660 nam
679 1605 995 1659 Dalthildem
1043 1605 1278 1671 reginam
1313 1622 1324 1655 :
1357 1620 1514 1670 quam
1546 1604 1611 1656 de
1637 1605 1871 1671 partibus
1919 1613 2092 1658 trans-

524 1695 742 1748 marinis
786 1694 964 1746 divina
1003 1691 1341 1745 Providentia
1374 1693 1660 1755 advocatis,
1692 1703 1747 1744 et
1787 1693 1875 1744 vili
1919 1693 2091 1760 pretio

499 1783 823 1838 .venundata
853 1785 956 1836 huc
994 1783 1208 1835 advenit
1245 1785 1358 1851 ipsa
1410 1785 1640 1850 pretiosa
1671 1792 1722 1836 et
1752 1784 1949 1850 optima
2000 1784 2090 1836 Dei

529 1875 848 1941 margarita;
883 1881 1204 1943 receptaque
1233 1881 1315 1926 est
1342 1887 1371 1925 a
1399 1873 1636 1941 principe
1667 1872 1985 1926 Francorum
2017 1875 2092 1926 vi-

525 1979 692 2032 roque
723 1964 912 2017 illustri
943 1963 1294 2018 Erchinoaldo
1315 1963 1580 2030 quondam
1603 1965 1654 2016 in
1679 1963 1830 2030 cujus
1857 1963 2090 2016 ministe—

522 2056 605 2108 rio
635 2056 745 2122 ipsa
773 2053 1086 2108 adole~eens
1130 2053 1504 2105 honestissime
1530 2061 1845 2106 conversam
1887 2064 1986 2116 est,
2019 2053 2090 2104 ita

521 2154 580 2198 ut
621 2147 706 2213 pia
733 2145 846 2209 ejus
875 2145 1213 2198 conversatio
1255 2151 1310 2197 et
1348 2143 1676 2196 admirabilis
1723 2135 2098 2213 complaceret

2198 974 2434 1024 tentabat
2471 983 2529 1026 ut
2577 984 2785 1048 poterat
2829 977 3113 1031 humanum
3161 981 3399 1036 devitarc
3441 983 3661 1048 Iliorum,
3691 1000 3740 1040 ιιι

2195 1075 2492 1118 mereretur
2554 1069 2618 1118 ad
2667 1069 2996 1134 spiritualem
3052 1072 3429 1140 caelestemque
3484 1079 3740 1143 perwnire

2194 1157 2479 1224 Sponsum.
2501 1156 2606 1211 Sed
2640 1167 2694 1210 et
2724 1160 2850 1212 illud
2876 1161 3059 1228 procul
3088 1163 3249 1215 dubio
3270 1164 3446 1216 divina
3471 1169 3737 1234 perageba-

2192 1256 2277 1299 tur
2305 1248 2654 1314 providentia,
2689 1258 2745 1302 ut
2775 1250 2887 1317 ipse
2932 1251 3179 1319 princeps
3221 1253 3387 1320 ipsam
3421 1264 3536 1307 tunc
3564 1260 3743 1323 qua‘si-

2192 1340 2299 1384 tam
2349 1332 2564 1385 minime
2613 1334 2895 1398 inveniret,
2933 1345 2988 1386 et
3030 1336 3128 1388 sibi
3173 1337 3234 1387 ad
3265 1340 3566 1404 eoujugium
3599 1341 3741 1391 aliam

2189 1421 2439 1473 sociaret.
2473 1421 2538 1473 Et
2559 1430 2684 1475 tunc
2711 1424 2779 1475 ita
2810 1425 3021 1477 demum
3051 1426 3324 1480 Baltbildis
3350 1429 3517 1494 puella
3541 1431 3738 1482 inventa

2191 1519 2274 1563 est
2299 1519 2428 1562 nutu
2458 1525 2582 1563 vere
2609 1511 2719 1573 Dei,
2745 1521 2804 1564 ut
2829 1527 2948 1579 qua:
2971 1515 3221 1582 principis
3242 1517 3453 1583 nuptias
3473 1517 3736 1577 devitarat,

2193 1608 2378 1666 postea
2423 1599 2747 1654 Clodoveum
2800 1602 3080 1670 Dagoberti
3129 1606 3395 1672 quondam
3424 1607 3558 1671 regis
3591 1606 3737 1659 lilium

2199 1689 2246 1741 in
2292 1689 2594 1757 conjugium
2637 1693 2921 1760 acciperet,
2972 1703 3027 1746 ut
3074 1695 3320 1747 meritum
3351 1695 3653 1749 humilitatis
3676 1697 3736 1750 ad

2191 1781 2436 1833 altiorem
2465 1781 2688 1846 gradum
2721 1798 2836 1835 eam
2868 1785 3155 1838 attolleret.
3189 1785 3242 1837 lu
3273 1802 3381 1853 quo
3403 1788 3558 1855 gradu
3583 1790 3737 1856 ipsam

2190 1871 2363 1922 divina
2393 1872 2717 1938 dispensatio
2745 1868 3054 1929 decreverat
3083 1876 3366 1937 honorare,
3403 1887 3458 1930 ut
3498 1878 3617 1931 dum
3647 1880 3737 1931 mi-

2191 1959 2414 2012 nistrum
2455 1962 2592 2026 regis
2621 1971 3034 2030 contempserat,
3064 1966 3130 2017 ad
3162 1967 3300 2032 regis
3345 1967 3584 2034 copulam
3632 1983 3741 2034 per-

2189 2048 2415 2109 veniret,
2448 2058 2606 2116 atque
2631 2065 2697 2104 ex
2738 2051 2848 2119 ipsa
2877 2050 2903 2086 δ
2934 2053 3122 2119 regalis
3163 2054 3375 2107 soboles
3420 2056 3737 2122 procederet.

2191 2136 2342 2200 Quod
2374 2153 2513 2191 nunc
2543 2146 2814 2207 peractum
2856 2149 2958 2204 est,
2993 2142 3126 2194 sicut
3155 2142 3400 2195 omnibus
3442 2151 3604 2210 patet,
3634 2143 3738 2210 ipsa

522 2243 630 2286 tam
661 2234 884 2301 principi
927 2247 1083 2300 quam
1113 2241 1168 2285 et
1194 2233 1494 2286 hominibus
1521 2234 1639 2302 ejus
1670 2234 1938 2288 ministris.
1967 2235 2093 2288 Erat
2125 2228 2309 2296 Kt‘jus
2338 2246 2478 2284 nunc
2507 2231 2668 2297 regali
2695 2238 2950 2298 regnante.
2978 2232 3252 2300 progenie.

521 2327 664 2376 enim
697 2323 918 2390 benigna
950 2323 1126 2375 animo
1149 2331 1204 2376 et
1231 2323 1465 2377 moribus
1485 2324 1730 2376 omnibus
1751 2325 1949 2385 sobria,
1976 2341 2092 2388 rru-

521 2412 649 2464 dens
674 2421 727 2463 et
764 2419 932 2466 cauta.
976 2412 1101 2464 nulli
1135 2411 1447 2465 machinans
1490 2413 1704 2464 malum.
1738 2413 1849 2465 Non
1878 2413 2010 2466 levis
2038 2414 2089 2467 in

523 2503 758 2569 eloquio.
793 2515 899 2556 non
927 2511 1350 2571 prmsumptuosa
1390 2501 1440 2552 in
1469 2501 1660 2562 verbo,
1689 2501 1778 2554 sed
1811 2502 1860 2553 in
1887 2518 1950 2555 cu
1969 2505 2091 2558 ιι-ιίε

521 2593 726 2645 actibus
771 2593 880 2645 suis
919 2591 1315 2644 honestissima.
1351 2591 1416 2642 Et
1458 2606 1576 2644 cum
1624 2599 1763 2645 esset
1791 2609 1854 2644 ex
1895 2607 2088 2660 genere

523 2679 794 2733 Saxonum
823 2687 846 2714 ⁸
873 2677 1039 2732 forma
1083 2678 1323 2747 corporis
1366 2685 1513 2745 grata
1545 2693 1607 2731 ac
1647 2679 1879 2732 sul-tiliss
1903 2696 2005 2743 ma,
2037 2691 2090 2734 et

519 2776 739 2837 aspectu
783 2769 1000 2830 decora,
1039 2770 1185 2820 vultu
1229 2767 1429 2831 hilaris,
1475 2777 1530 2821 et
1561 2768 1768 2822 incessu
1799 2770 1996 2834 gravis.
2027 2769 2091 2822 Et

522 2877 642 2915 cum
669 2862 788 2916 talis
817 2872 978 2926 esset,
1008 2860 1102 2913 fuit
1123 2861 1343 2915 omnino
1365 2870 1514 2925 grata
1541 2860 1784 2929 principi,
1811 2869 1865 2913 et
1891 2862 2090 2914 itnenit

522 2951 743 3016 gratiam
775 2951 826 3004 in
869 2951 1044 3005 'oculis
1073 2952 1205 3016 ejus.
1241 2950 1406 3014 Quam
1452 2949 1677 3002 instituit
1705 2958 1760 3002 ut
1789 2951 1886 3003 sibi
1918 2951 1967 3002 in
1997 2966 2089 3004 cu-

522 3040 700 3095 biculo
731 3041 914 3108 pocula
946 3041 1260 3118 porrigeret,
1284 3047 1337 3091 et
1361 3049 1415 3090 ut
1439 3039 1687 3104 pincerna
1713 3039 2088 3093 honestissima

522 3131 713 3199 saepius
755 3145 986 3198 przesens
1013 3139 1204 3184 astare!
1248 3132 1299 3182 in
1341 3129 1633 3183 ministerio
1672 3135 1805 3197 ejus.
1839 3131 1910 3183 De
1939 3130 2088 3198 cujus

522 3219 793 3284 dignitatis
822 3220 988 3284 gratia
1020 3218 1214 3271 nullam
1246 3218 1430 3271 habuit
1460 3218 1840 3279 extollentiam,
1872 3220 1962 3272 sed
1995 3235 2089 3285 po-

524 3312 630 3361 tius
660 3309 710 3360 in
743 3309 1037 3362 humilitate
1069 3307 1299 3372 fundata,
1343 3309 1590 3360 omnibus
1615 3318 1729 3359 erat
1757 3309 1864 3359 suis
1895 3323 2089 3360 conso-

523 3397 731 3451 dulibus
777 3399 1030 3451 obediens
1077 3407 1237 3464 atque
1285 3397 1554 3462 amabilis;
1607 3397 1808 3450 honore
1851 3411 2086 3464 congruo

525 3489 830 3542 ministrans
854 3489 1170 3551 senioribus,
1215 3489 1284 3540 ita
1333 3498 1386 3541 ul
1416 3490 1482 3542 de
1521 3505 1701 3543 earum
1734 3490 1950 3555 pedibus
1977 3489 2085 3542 cal-

2265 2318 2317 2370 4.
2351 2318 2454 2372 Sed
2480 2327 2534 2372 et
2561 2321 2672 2386 ipsa
2703 2321 2896 2374 collata
2927 2321 3026 2376 sibi
3056 2337 3083 2372 a
3117 2322 3223 2375 Deo
3247 2322 3537 2389 prudentia:
3561 2324 3740 2390 gratia,

2193 2406 2427 2472 vigilanti
2471 2407 2648 2460 studio
2686 2414 2740 2461 et
2785 2410 2891 2475 regi
2921 2410 3326 2481 obtemperabat
3356 2419 3412 2462 ut
3440 2411 3667 2473 domino,
3695 2421 3741 2463 et

2191 2495 2514 2564 princnpibus
2542 2511 2601 2550 se
2628 2497 2941 2550 ostendebat
2981 2508 3036 2554 ut
3063 2506 3260 2560 mater,
3301 2499 3665 2553 sacerdotibus
3691 2511 3740 2551 nt

2194 2587 2320 2646 lilia,
2350 2588 2633 2654 juvenibus
2660 2604 2754 2641 seu
2784 2588 3217 2659 adolescentibus
3241 2600 3294 2644 ut
3321 2592 3523 2658 Optima
3553 2593 3740 2651 nutrix,

2190 2683 2414 2741 eratque
2432 2670 2683 2729 amabilis
2711 2679 2976 2730 omnibus.
3012 2679 3240 2746 Diligens
3269 2681 3425 2732 valde
3452 2682 3739 2735 sacerdotes

2193 2776 2250 2819 ut
2283 2777 2481 2831 patres,
2510 2778 2564 2821 et
2590 2771 2877 2823 monachos
2903 2779 2961 2822 ut
3005 2772 3213 2836 fratres,
3267 2786 3525 2840 pauperes
3570 2781 3625 2825 ut
3664 2773 3738 2839 pia

2191 2857 2389 2915 nutrix.
2422 2857 2703 2925 largasque
2749 2859 3111 2928 eleemosynas
3156 2862 3475 2914 distribuens
3511 2861 3734 2927 singulis.

2191 2939 2495 3010 Principum
2545 2946 2800 2998 honorem
2839 2962 3182 3007 conservans.
3214 2949 3540 3017 consiliaque
3566 2966 3736 3004 eorum

2191 3046 2422 3100 congrua
2451 3036 2703 3089 retinens.
2728 3037 2956 3092 .lui'enes
2984 3039 3047 3092 ad
3077 3041 3320 3106 religiosa
3348 3043 3519 3095 studia
3541 3057 3736 3109 semper

2189 3123 2506 3187 exhortans,
2539 3125 2648 3192 regi
2680 3125 3032 3180 humiliter’et
3072 3129 3280 3182 assidue
3311 3145 3406 3196 pro
3435 3131 3668 3184 ecclesiis
3691 3140 3736 3183 et

2189 3211 2515 3278 pauperibus
2542 3228 2848 3281 suggerens.
2881 3216 2994 3268 Jam
3020 3219 3159 3269 enim
3187 3219 3286 3270 sub
3311 3219 3542 3270 surculari
3571 3219 3736 3271 habitu

2187 3299 2394 3352 Christo
2419 3303 2716 3354 ministrare
2746 3304 2984 3370 cupiens,
3028 3305 3400 3371 frequentabat
3429 3309 3734 3368 orationem,

2189 3391 2424 3452 quotidie
2466 3393 2844 3448 commendans
2887 3410 2946 3448 se
2970 3411 3091 3449 cum
3123 3396 3369 3464 lacrymis
3398 3397 3608 3452 Christo
3636 3401 3736 3466 regi

2188 3481 2410 3536 caelesti.
2441 3481 2608 3547 Quam
2635 3485 2750 3552 ipse
2772 3500 2867 3538 rex
2889 3485 3004 3553 pius
3028 3483 3310 3540 causolaus
3336 3485 3486 3555 juna
3517 3487 3663 3541 fidem
3688 3501 3736 3542 et

522 3587 797 3632 ceamenta
827 3579 1136 3632 detraheret
1159 3593 1224 3632 ac
1263 3579 1509 3639 dilueret,
1539 3593 1731 3644 aquam
1775 3592 1989 3646 quoque
2018 3578 2083 3630 ad
2114 3562 2157 3622 Ο
2187 3577 2526 3632 devotionem
2556 3579 2691 3646 ejus,
2725 3580 2869 3634 dedit
2910 3582 2959 3634 ei
2990 3581 3308 3648 adjutorium
3349 3598 3497 3634 suum
3539 3579 3734 3635 ﬁdelem

523 3667 807 3722 lavandum
838 3667 1071 3732 afferret,
1101 3678 1157 3723 et
1185 3670 1498 3723 vestimenta
1548 3684 1730 3721 earum
1776 3669 2089 3722 festinanter

525 3766 762 3825 pararet.
791 3759 855 3810 Et
884 3758 985 3812 hoc
1009 3757 1208 3826 absque
1230 3759 1517 3814 murmurio
1542 3759 1682 3813 bono
1708 3766 1763 3812 et
1793 3759 1880 3827 pio
1900 3759 2086 3821 animo

524 3847 814 3901 exercebat
840 3849 917 3901 eis
947 3848 1322 3902 ministerium.

594 3934 648 3987 3.
685 3936 758 3987 Ex
789 3950 893 4002 qua
921 3937 1041 4004 ejus
1088 3938 1248 3990 nobili
1291 3938 1718 4002 conversatione,
1767 3940 1996 3991 maxima
2036 3940 2084 3994 ei

521 4025 663 4079 inter
698 4028 873 4079 socias
905 4025 1018 4079 laus
1061 4039 1220 4094 atque
1247 4042 1397 4082 amor
1422 4027 1669 4082 adolevit.
1712 4027 1774 4082 Et
1801 4031 1852 4083 in
1882 4040 2085 4085 tantum

519 4118 725 4174 felicem
756 4117 948 4171 famam
996 4119 1314 4187 promeruit,
1350 4127 1408 4172 ut
1452 4128 1694 4174 matrona
1740 4122 2084 4191 suprascripti

522 4209 775 4278 principis
804 4208 1139 4265 Erchinoaldi
1169 4207 1414 4264 defuncta
1433 4251 1448 4276 ,
1488 4211 1536 4263 ei
1577 4212 2002 4281 complacuisset,
2031 4221 2087 4265 ut

519 4300 696 4354 denuo
738 4300 837 4353 sibi
881 4300 1195 4354 Balthildem
1245 4300 1666 4354 lionesussimam
1720 4301 1974 4369 virginem
2033 4301 2084 4356 iu

524 4393 680 4445 thoro
708 4390 988 4443 matronali
1019 4391 1117 4444 sibi
1145 4391 1393 4445 sociaret.
1411 4391 1541 4456 (Qua
1573 4406 1634 4446 re
1662 4391 1760 4459 ipsi
1789 4401 2081 4459 comperta,

523 4483 750 4537 latenter
777 4497 835 4535 se
864 4489 919 4535 et
947 4480 1185 4535 studiose
1211 4482 1278 4535 ab
1316 4481 1430 4550 ejus
1456 4483 1718 4538 subtraxit
1754 4492 1992 4551 aspectu.
2025 4481 2086 4534 Et

521 4587 640 4624 cum
667 4571 779 4640 jam.
806 4583 1087 4625 vocaretur
1113 4569 1178 4624 ad
1207 4571 1456 4640 principis
1495 4571 1828 4636 cubiculum,
1880 4581 2086 4626 secreto

520 4677 576 4716 se
603 4663 714 4730 ipsa
759 4663 1037 4716 abscondit
1086 4662 1137 4716 in
1167 4661 1381 4728 angulo,
1412 4662 1723 4728 superjrCIis
1765 4661 1862 4715 sibi
1895 4660 2084 4714 vilibus

523 4755 884 4823 pannusculis,
909 4756 980 4809 ita
1009 4763 1065 4808 ut
1093 4754 1287 4809 nemini
1312 4761 1515 4822 pateret
1539 4753 1643 4806 illic
1666 4753 1894 4822 aliduem
1917 4754 2086 4807 latere

2189 3668 2441 3721 famulum
2488 3669 2734 3725 abbatem
2784 3670 3090 3736 Genesium,
3137 3687 3232 3740 per
3259 3672 3409 3740 cujus
3436 3688 3620 3725 manus
3647 3673 3733 3724 mi-

2188 3759 2417 3812 nistrans
2466 3759 2578 3826 ipsa
2632 3762 3002 3815 sacerdotibus
3037 3771 3093 3814 et
3135 3764 3475 3830 pauperibus,
3505 3762 3737 3830 pascebat

2185 3859 2404 3911 egenos,
2435 3854 2490 3898 et
2517 3846 2768 3899 induebat
2806 3847 3040 3900 vestibus
3067 3849 3258 3911 nudos,
3305 3850 3640 3917 studioseque
3663 3866 3736 3902 se-

2185 3936 2353 4003 pelire
2382 3936 2662 3990 ordinabat
2691 3946 2949 4003 mortuos,
2975 3938 3207 4005 dirigens
3233 3955 3328 4009 per
3356 3940 3526 4008 ipsum
3551 3941 3614 3993 ad
3639 3955 3733 3994 caa-

2185 4028 2603 4095 nobia_virorum
2634 4043 2696 4083 ac
2723 4030 2984 4097 virginum
3013 4031 3127 4084 auri
3157 4031 3240 4085 vel
3279 4033 3484 4099 argenti
3517 4031 3732 4098 largissi-

2187 4134 2269 4170 ma
2299 4135 2539 4171 munera.
2565 4119 2666 4185 Qui
2699 4119 2811 4187 ipse
2849 4119 3044 4174 Christi
3077 4120 3304 4176 famulus
3331 4121 3556 4176 domnus
3575 4121 3732 4179 Gene-

2185 4212 2295 4264 sius
2321 4221 2503 4280 postea
2525 4211 2736 4266 Christo
2751 4210 2973 4278 jubente
2995 4210 3250 4280 Lugduno
3269 4211 3455 4267 Gallia:
3473 4212 3732 4268 ordinatus

2186 4308 2268 4354 est
2297 4302 2602 4368 episcopus.
2629 4299 2775 4354 Tunc
2805 4300 2944 4353 enim
2976 4301 3025 4353 in
3053 4301 3253 4368 palatio
3284 4301 3605 4356 Francorum
3629 4310 3731 4353 erat

2186 4392 2447 4456 assiduus,
2496 4407 2590 4459 per
2616 4407 2772 4456 quem
2805 4398 2864 4442 ut
2901 4391 3130 4446 diximus
3159 4391 3270 4460 ipsa
3300 4391 3494 4446 domna
3526 4391 3725 4445 Balttiil-

2185 4482 2265 4535 dis
2296 4497 2398 4534 una
2428 4496 2545 4533 cum
2594 4494 2732 4547 regis
2759 4479 3015 4535 Clodovei
3067 4480 3290 4549 imperio
3336 4490 3393 4534 et
3434 4489 3728 4550 suggerente

2186 4573 2300 4637 ipso
2332 4573 2423 4626 Dei
2453 4571 2647 4623 famulo
2677 4572 2728 4624 in
2758 4572 2969 4625 cunctis
2999 4572 3318 4639 pauperibus
3364 4571 3506 4640 larga
3555 4586 3724 4639 proce-

2185 4662 2345 4716 debat
2372 4662 2512 4728 regis
2540 4661 2877 4730 eleemosyna
2907 4675 3002 4729 per
3027 4661 3141 4714 lora
3167 4661 3350 4714 multa.

2258 4763 2280 4790 ε
2331 4752 2465 4818 Quid
2497 4750 2703 4818 plura?
2747 4750 2855 4803 Deo
2895 4750 3116 4816 jubente
3159 4764 3253 4802 rex
3304 4748 3600 4802 Clodoveus
3652 4750 3711 4800 vii

519 4846 773 4917 potuisse.
808 4843 922 4913 Ipsa
972 4860 1098 4899 vero
1129 4853 1185 4898 ut
1214 4844 1446 4912 prudens
1488 4850 1542 4897 et
1581 4847 1754 4895 astuta
1799 4843 1947 4912 virgo
1973 4843 2082 4911 jam
2112 4901 2157 4917 ἢ
2187 4845 2430 4912 egregius
2457 4843 2700 4908 migravit
2727 4857 2757 4894 a
2786 4855 3042 4910 corpore;
3079 4839 3367 4908 relictaque
3391 4840 3575 4895 sobole
3602 4839 3721 4894 lilio-

593 4989 618 5014 ι
641 4977 781 5044 Lege
801 4974 1078 5030 Observat.
1108 4977 1348 5043 prmvias.

590 5046 618 5084 δ
643 5048 942 5100 Clodoveus
960 5061 1027 5100 ex
1055 5056 1234 5098 sancta
1261 5045 1514 5101 llalthilde
1537 5055 1646 5100 tres
1675 5045 1810 5098 ﬁlios
1824 5061 1883 5098 su
1916 5045 2078 5113 cepit,

522 5117 752 5170 vicissim
808 5130 959 5184 reges
1005 5115 1228 5184 futuros,
1273 5115 1586 5173 Clotarinm.
1627 5113 1980 5184 Childericum
2027 5124 2082 5166 et

522 5183 932 5249 Theodericum,
958 5185 1025 5239 de
1064 5183 1255 5247 quibus
1293 5184 1511 5251 legenda
1565 5184 1680 5237 Vita
1707 5186 1876 5238 sancti
1907 5183 2077 5250 Eligii,

523 5257 611 5322 qui
645 5270 747 5306 non
792 5254 964 5307 solum
993 5252 1242 5306 Clotharii
1273 5263 1445 5305 ortum
1475 5255 1568 5320 pia:
1599 5256 1792 5321 regina:
1817 5253 2075 5321 promisit,

520 5324 612 5378 sed
638 5325 800 5376 etiam
826 5331 1170 5389 utrarumque
1192 5331 1390 5375 sortem
1415 5330 1466 5374 et
1492 5338 1643 5376 casus
1667 5324 1845 5376 divino
1872 5323 2080 5374 afllatus

523 5394 723 5462 Spiritu
768 5392 1028 5459 praedixit,
1060 5392 1133 5443 uti
1181 5393 1467 5444 Audoeuus
1516 5391 1565 5444 iu
1620 5393 1710 5446 lib.
1754 5408 1812 5457 ll,
1844 5407 1960 5461 cap.
1986 5390 2075 5451 3i,

521 5469 930 5518 Commemorat.

595 5543 618 5571 ε
637 5533 985 5601 Interpolator
1005 5551 1014 5584 :
1037 5549 1054 5580 ι
1078 5529 1281 5584 Interea
1300 5531 1543 5584 dominus
1560 5544 1646 5582 rex
1665 5529 1980 5601 Clodovrus,
1999 5529 2078 5601 vir

522 5602 655 5668 ejus,
682 5600 849 5668 gratia
877 5613 1138 5656 evocante
1159 5601 1355 5662 divina,
1375 5600 1818 5666 septimmlecimo
1833 5600 1975 5664 regni
1995 5600 2073 5650 sui

521 5688 683 5735 anno,
713 5673 867 5726 rebus
910 5681 1187 5735 exemptus
1218 5670 1459 5723 humanis
1508 5669 1752 5736 migravit
1789 5683 1816 5719 a
1847 5668 2071 5728 sa'culu;

523 5743 806 5812 relictaque
833 5744 1018 5800 sobole
1041 5742 1264 5797 liliorum
1290 5755 1406 5794 cum
1436 5750 1624 5806 matre,
1656 5739 1884 5807 suscepit
1933 5738 2072 5792 illico

2132 5217 2135 5228 ι
2181 5187 2325 5239 siai-o
2345 5194 2402 5240 et

2112 4901 2160 4959 D

2185 4979 2321 5032 lilius
2341 4979 2455 5042 ejus
2476 4976 2758 5030 Lotbarius
2785 4991 2875 5029 rex
2901 4974 3222 5037 Francorum
3247 4973 3504 5039 regimen.
3535 4973 3612 5042 Et
3631 4969 3725 5025 sui-

2184 5041 2507 5114 fraganlihus
2536 5043 3390 5114 praecellentissimisprincipibus
3418 5050 3506 5102 (cn
3536 5041 3722 5114 episco-

2181 5121 2232 5197 p‘i
2265 5108 2552 5237 principes
2575 5115 2846 5182 appellati)
2877 5108 3249 5166 Chrodoberto
3286 5112 3538 5191 episcopo
3570 5108 3720 5189 Pari-

2181 5202 2325 5239 δικ-ο
2345 5194 2402 5240 et
2458 5199 2620 5238 omno
2645 5184 2900 5237 Audoeno
2925 5179 3360 5250 Rothomagensn,
3385 5195 3479 5233 seu
3509 5181 3721 5234 Ebromo

2184 5256 2386 5324 majore
2416 5255 2607 5324 domus
2633 5268 2751 5324 cum
2778 5250 3002 5324 reliquis
3049 5250 3347 5324 senioribus
3397 5251 3480 5303 vel
3533 5257 3720 5324 emergi

2182 5315 2578 5410 quamplurimas
2607 5322 2752 5400 regni
2778 5315 3441 5410 honorem‘qugrentibtus,
3459 5331 3556 5410 Lau
3600 5315 3698 5410 regi

2187 5386 2306 5446 men
2331 5386 2651 5464 Francorum
2672 5389 3270 5464 in_pace_cons_titui_tur.
3304 5406 3322 5439 ι
3459 5387 3560 5441 hoc
3587 5393 3718 5464 utrq-

2144 5469 2152 5477 “
2180 5477 2288 5528 que
2318 5460 2625 5516 testimonio
2667 5455 2813 5512 solus
2850 5457 3114 5514 Clotarius
3142 5455 3265 5528 jam
3313 5457 3382 5528 ab
3408 5455 3718 5528 ipso_patris

2184 5524 2330 5584 obitu
2360 5531 2657 5600 suscepisse
2707 5528 2914 5600 videtur
2967 5525 3271 5600 imperium,
3320 5524 3626 5600 Childericg
3670 5531 3718 5600 et

2184 5592 2608 5666 Theoderico-ob
2632 5597 2950 5654 teneriorem
2962 5592 3174 5652 inuitem
3193 5598 3292 5652 sub
3312 5603 3552 5651 materna
3575 5592 3717 5650 disci-

2183 5667 2319 5742 plina
2347 5667 2776 5725 consistentibus.
