3886 6226
212 329 307 383 669

1442 335 1593 391 VITA
1634 337 1689 390 Si
1737 336 1816 390 DA
1829 338 2151 394 LTIIILDIS.

3281 352 3384 407 670

215 463 319 504 rum
344 459 460 500 eum
481 455 668 508 matre,
698 444 930 512 suscepit
961 444 1098 497 illico
1144 455 1262 512 post
1300 461 1416 498 eum
1467 447 1599 498 lilius
1627 447 1741 511 ejus
1774 453 1814 506 Α
1844 459 1917 498 est
1944 447 2020 498 illi
2056 447 2227 517 (Prol.
2257 464 2416 515 vau,
2460 450 2579 518 56),
2606 453 2741 506 sicut
2763 461 2816 507 et
2845 454 2926 507 isti
2959 469 3161 524 magna:
3185 458 3392 516 feminae

212 536 745 604 Clotarins'quondam
767 536 1084 594 Francorum
1111 553 1345 604 regnum.
1379 539 1526 592 'l‘uuc
1552 542 1745 593 ctenim

212 626 617 698 procedentibus
676 625 1002 694 principibus
1069 624 1438 678 Cltrodoberto
1493 629 1745 694 episCOpo

213 718 464 770 Parisiaco
486 725 536 768 et
563 715 762 769 domno
782 715 1059 780 Audocno,
1086 730 1179 768 seu
1209 725 1264 768 et
1284 715 1515 769 Ebroiuo
1545 717 1745 784 majore

209 809 387 859 dmuus
405 821 519 859 cum
550 805 771 870 reliquis
797 805 1090 858 senioribus
1114 804 1198 857 vel
1231 805 1435 858 czeteris
1466 806 1742 873 quamplu-

209 896 361 956 ribus,
390 903 440 947 et
464 906 624 960 regno
651 893 865 960 quidem
921 891 1245 944 Francorum
1299 893 1350 945 in
1389 908 1519 960 pace
1567 893 1743 945 ροητί-

205 984 374 1039 uenti.
401 984 540 1038 Tunc
562 985 704 1036 enim
731 998 898 1050 nuper
943 989 996 1033 et
1036 983 1290 1035 Austrasii
1338 980 1556 1049 paellico
1602 983 1738 1036 ordi-

206 1092 266 1132 ne
290 1076 554 1129 ordinante
581 1075 775 1127 domna
815 1072 1074 1125 Baltbilde
1107 1087 1198 1138 per
1227 1073 1499 1124 consilium
1527 1073 1739 1140 quidem

203 1167 454 1219 seniorum
475 1171 793 1231 receperunt.
817 1161 1166 1214 Cbildericutn
1209 1161 1371 1212 lilium
1401 1160 1516 1227 ejus
1564 1176 1738 1227 regem

205 1253 387 1314 Austri,
420 1251 813 1318 Burgundiones
834 1265 960 1305 vero
983 1258 1037 1302 et
1069 1249 1251 1301 Franci
1275 1248 1398 1301 facti
1421 1249 1733 1317 sunt_nuiti.

205 1341 261 1392 Et
282 1341 532 1396 credimus
555 1340 662 1393 Deo
685 1342 1012 1406 gubernante
1046 1336 1192 1405 juxta
1234 1339 1440 1391 domum
1472 1339 1738 1393 llalthildis

202 1444 425 1488 magnam
455 1428 604 1480 Iidem
637 1429 748 1495 ipsa
774 1428 873 1480 tria
904 1442 1062 1495 regna
1093 1435 1216 1480 tunc
1239 1427 1374 1480 inter
1395 1442 1453 1480 se
1487 1429 1734 1482 tenebant

204 1535 337 1589 pacis
365 1518 720 1572 concordiam.
1377 1501 1382 1506 ’

259 1609 307 1661 6.
342 1608 654 1674 Factumque
675 1617 756 1660 i-st
786 1615 908 1660 tunc
934 1620 1027 1674 per
1047 1621 1161 1659 eam
1193 1615 1320 1659 nutu
1348 1605 1439 1658 Dei
1467 1616 1522 1660 et
1542 1607 1734 1660 exhor-

200 1700 416 1753 tantibus
442 1697 590 1750 bonis
613 1706 635 1730 ·
661 1695 1044 1756 sacerdotibus,
1095 1704 1153 1747 ut
1198 1695 1414 1750 hzeresis
1442 1696 1730 1758 simoniaca

1848 545 2056 589 constat
2099 539 2356 592 veraciter
2404 540 2585 595 fuisse.
2635 542 2699 596 Ut
2749 544 2886 596 enim
2937 545 3142 612 praefati
3188 564 3387 615 sumus,

1846 640 2017 693 neque
2046 635 2245 686 nostra,
2275 643 2444 696 neque
2483 631 2784 697 cujuslibet,
2830 644 2886 686 ut
2911 635 3160 700 arbitror,
3215 639 3390 706 lingua

1843 715 2083 780 quamvis
2107 715 2311 770 erudita
2366 733 2616 772 enarrare
2654 721 2770 788 ejus
2796 725 2970 777 omnia
3017 727 3153 780 bona
3201 731 3385 783 valet:

1841 814 2067 871 quantas
2098 809 2489 864 consola‘tiones
2516 811 2596 865 vel
2625 813 2888 880 adjutoria
2923 816 2988 870 ad
3015 832 3162 871 casas
3192 817 3282 873 Dei
3305 823 3387 874 vel

1841 893 1956 960 ejus
1986 898 2304 964 pauperibus
2333 915 2428 968 pro
2450 900 2641 953 Christi
2684 918 2864 957 amore
2917 916 3247 974 quantasque
3288 924 3387 977 op-

1843 984 2194 1048 portunitates
2219 994 2272 1039 et
2293 991 2568 1041 commoda
2595 992 2703 1057 ipsa
2734 992 2918 1058 largita
2968 1004 3070 1061 est,
3123 997 3385 1066 qualeque

1842 1074 2217 1126 monasterium
2238 1076 2381 1143 quod
2405 1089 2622 1131 vocatur
2643 1079 2899 1148 Corbegia
2944 1083 2996 1135 in
3042 1084 3383 1140 Ambiauensi

1840 1162 2085 1229 parochia
2109 1178 2206 1216 suo
2250 1158 2409 1232 'operc
2449 1170 2763 1232 construxit,
2820 1169 2905 1222 ubi
2955 1173 3269 1226 venerabilis
3307 1175 3388 1227 vir

1838 1252 2060 1307 domnus
2073 1254 2453 1317 Teudofredns,
2479 1274 2618 1311 nunc
2641 1259 2777 1312 enim
2793 1261 3094 1329 episcOpus,
3117 1272 3240 1316 tunc
3257 1280 3386 1317 vero

1837 1343 1969 1392 abba
2005 1355 2194 1408 magno
2222 1345 2366 1410 gregi
2391 1344 2610 1398 fratrum
2639 1346 2848 1413 prtefuit
2882 1365 2894 1399 :
2920 1362 3075 1414 quem
3117 1349 3183 1402 de
3212 1351 3384 1402 Luxo-

1837 1428 1920 1481 vio
1950 1432 2271 1484 mouaSIerio
2306 1433 2517 1498 praefata
2561 1435 2754 1487 domna
2783 1434 3052 1489 Balthildis
3087 1452 3113 1488 a
3139 1452 3384 1491 reveren-

1839 1526 2042 1580 tissimo
2065 1527 2178 1581 viro
2199 1528 2392 1580 doumo
2421 1527 2673 1596 Galberto
2700 1531 2966 1598 quondam
2994 1544 3015 1570 ε
3049 1532 3240 1585 abbate
3287 1549 3382 1585 ex-

1836 1615 2040 1682 petivit,
2074 1625 2128 1670 et
2150 1615 2460 1670 mirabiliter
2489 1617 2551 1668 ad
2583 1618 2751 1686 ipsum
2778 1619 3075 1672 emnobium
3108 1619 3132 1654 ¹⁵
3163 1619 3379 1672 fratrem

1834 1704 2150 1768 condirexit,
2173 1707 2261 1774 qui
2291 1723 2428 1759 nunc
2461 1708 2571 1774 ipse
2597 1717 2649 1760 et
2680 1708 3014 1761 laudabiliter
3043 1719 3274 1762 constat.

197 1801 300 1852 qua:
324 1801 476 1850 pravo
498 1800 593 1837 usu
613 1783 909 1835 maculabat
935 1783 1026 1836 Dei
1051 1781 1336 1836 Ecclesiam
1389 1783 1457 1835 ita
1479 1792 1536 1835 ιιι
1559 1785 1723 1837 dando

1830 1799 1834 1802 “
1904 1795 1954 1845 8.
1987 1793 2120 1858 Quid
2149 1811 2287 1848 enim
2316 1797 2337 1847 ’ἐ
2382 1796 2448 1847 ad
2481 1797 2807 1850 Getneticum
2854 1797 3050 1872 dpmuo
3081 1797 3382 1853 Pliilebetto

199 1876 394 1944 pnemia
443 1882 620 1928 contra
669 1873 909 1926 ordinem
957 1873 1290 1941 episcopatus
1331 1874 1613 1940 acciperet,
1672 1885 1727 1926 ut

199 1965 396 2032 [uariata
417 1966 604 2016 domna
636 1961 908 2017 Daltbildis
937 1963 1039 2017 hoc
1060 1963 1274 2030 impium
1304 1963 1450 2017 nefas
1473 1965 1725 2031 probibe-

197 2064 286 2114 ret,
316 2062 372 2106 ut
398 2052 588 2105 nullum
620 2053 891 2120 prmmium
915 2066 1011 2119 pro
1040 2051 1392 2120 percipiendis
1411 2053 1575 2106 sacris
1603 2069 1725 2118 gra-

195 2145 333 2196 dibus
371 2143 578 2196 omnino
624 2143 1022 2195 iutercurreret.
1052 2139 1326 2193 Ordiuavit
1369 2141 1590 2204 etenim,
1621 2142 1724 2196 imo

195 2251 280 2303 ιιι-ι’
307 2251 417 2288 eam
441 2233 706 2291 Dominus.
728 2244 783 2287 et
813 2243 869 2286 nt
891 2233 990 2286 alia
1021 2234 1245 2302 pessima
1275 2243 1329 2286 et
1356 2234 1512 2303 impia
1549 2251 1721 2289 cessa-

195 2323 638 2386 mteousuetudo,
674 2339 772 2393 pro
800 2339 903 2396 qua
962 2323 1138 2390 plures
1191 2323 1433 2376 homines
1483 2325 1721 2377 sobolem

194 2431 326 2468 suam
351 2415 560 2469 interire
589 2415 768 2482 potius
795 2429 953 2481 quam
984 2415 1184 2467 nutrire
1205 2415 1506 2481 studebant,
1530 2415 1555 2452 ιι
1599 2415 1722 2468 dum

193 2503 438 2556 dividebat
460 2503 695 2558 actiones
715 2502 953 2570 publicas
971 2517 1087 2570 quae
1116 2502 1194 2556 eis
1217 2517 1286 2555 ex
1333 2504 1720 2557 consuetudine

195 2592 543 2658 ingerebantur
568 2591 834 2661 accipere,
879 2599 936 2644 ut
977 2591 1077 2644 illis
1105 2606 1172 2644 ex
1220 2592 1320 2644 hoc
1357 2592 1720 2658 gravissimum

194 2695 351 2733 rerum
379 2695 582 2734 suarum
613 2679 872 2733 inferrent
895 2679 1160 2733 damnum.
1194 2677 1471 2734 Proltibuit
1492 2681 1591 2734 hoc
1611 2682 1719 2748 ipsa

193 2772 364 2824 domna
396 2787 482 2838 pro
502 2771 749 2826 mercede
769 2786 883 2834 sua,
904 2779 960 2824 ut
988 2771 1087 2826 hoc
1117 2771 1290 2825 nullus
1320 2772 1493 2826 facere
1517 2787 1717 2838 pransu-

194 2870 361 2924 mcret,
390 2877 449 2914 ex
476 2877 580 2931 quo
607 2852 1040 2932 facto'copiosam
1066 2863 1292 2918 et-valde
1321 2877 1560 2930 magnam
1586 2879 1720 2917 mer-

193 2952 356 3004 cedem
403 2960 693 3020 exspectat.

252 3061 296 3112 7.
325 3060 442 3126 Quis
467 3061 604 3114 enim
638 3061 810 3114 valeat
837 3062 1011 3115 dicere
1037 3069 1232 3129 quanta
1255 3070 1311 3115 et
1338 3077 1495 3128 quam
1529 3078 1715 3128 magna

191 3153 439 3205 commoda
464 3167 556 3221 per
575 3151 944 3219 religiosorum
967 3152 1202 3205 cteuobia
1224 3152 1492 3218 largiendo
1517 3154 1718 3219 integra

190 3241 426 3309 prasidia,
449 3248 500 3294 et
525 3240 686 3294 silvas
717 3253 934 3306 magnas
961 3241 1024 3294 ad
1047 3242 1264 3295 cellulas
1284 3258 1376 3295 seu
1400 3244 1720 3296 monasteria

189 3330 514 3383 construenda
535 3332 847 3386 concessit?
869 3335 983 3395 Quo
1014 3333 1172 3385 etiam
1203 3343 1258 3385 et
1296 3333 1405 3401 ipsa
1430 3335 1572 3386 velut
1602 3351 1720 3402 pro-

190 3420 312 3487 prias
354 3435 443 3472 seu
472 3428 524 3472 et
567 3421 866 3487 peculiares
906 3420 996 3473 Dei
1045 3435 1254 3482 causas.
1305 3422 1477 3484 idest,
1511 3421 1636 3475 Kala
1670 3425 1720 3476 in

192 3514 433 3566 l'arisiaco
463 3514 568 3567 Deo
602 3523 841 3568 sacratas
881 3513 1081 3581 puellas
1125 3514 1425 3568 cmuoblum
1471 3529 1720 3581 maguum

188 3604 422 3669 virginum
439 3601 735 3667 aedificavit,
761 3603 849 3656 ubi
872 3604 960 3658 Dei
979 3605 1222 3658 famulam
1246 3605 1547 3673 religiosam
1571 3609 1721 3662 valde

193 3694 402 3760 puellam
431 3694 676 3748 Bertilam
703 3695 756 3748 in
782 3695 958 3750 locum
984 3698 1168 3750 matris
1195 3712 1311 3752 esse
1339 3699 1561 3765 primam
1592 3715 1721 3752 cou-

187 3787 356 3838 stituit.
397 3786 452 3841 In
505 3803 610 3860 quo
654 3797 709 3840 et
737 3788 847 3856 ipsa
878 3789 1194 3844 venerabilis
1223 3789 1414 3843 domna
1451 3792 1721 3847 Baltbildis

186 3876 241 3925 de
263 3891 290 3928 u
312 3877 606 3930 conversari
639 3877 738 3930 sub
764 3876 966 3942 integra
1016 3879 1194 3945 regula
1248 3878 1537 3944 religionis,
1583 3890 1636 3934 et
1667 3881 1717 3934 in

187 3979 299 4029 pare
326 3964 657 4030 requiescere
687 3971 1061 4029 consueverat,
1083 3973 1138 4018 et
1174 3967 1224 4018 in
1275 3967 1498 4021 veritate
1526 3968 1717 4022 devota

187 4052 228 4100 id
257 4052 511 4106 mluntate
538 4053 850 4121 complevit.
877 4053 1302 4110 Praetereundum
1333 4071 1438 4110 nou
1468 4044 1549 4110 est
1596 4059 1718 4125 quia

185 4141 238 4190 ad
261 4144 452 4195 laudem
485 4145 572 4198 Dei
596 4147 832 4213 pertinet
857 4145 1108 4215 quidquid
1140 4147 1190 4199 in
1219 4146 1413 4205 sanctis
1440 4155 1491 4199 ct
1537 4148 1720 4201 electis

184 4233 277 4284 suis
301 4232 598 4286 mirabiliter
622 4236 760 4288 Deus
781 4243 1049 4302 operatur,
1074 4236 1216 4303 quia,
1251 4244 1306 4288 ut
1327 4235 1457 4290 dicit
1486 4238 1719 4302 Scriptu-

186 4337 247 4383 ra,
278 4322 512 4376 mirabilis
542 4324 678 4376 Deus
707 4327 760 4378 in
802 4326 990 4378 sanctis
1021 4328 1144 4395 suis.
1171 4327 1330 4393 Cujus
1357 4327 1582 4394 Spiritus
1616 4325 1716 4378 Pa-

1825 1884 1940 1937 viro
1973 1885 2221 1950 religioso
2249 1893 2302 1937 et
2330 1885 2513 1938 silvam
2545 1899 2784 1950 magnam
2817 1903 2880 1938 ex
2912 1883 3038 1940 fisco
3083 1889 3169 1940 ubi
3208 1891 3380 1958 ipsum

1823 1973 2123 2026 coenobium
2152 1972 2368 2026 fratrum
2418 1973 2573 2046 situm
2616 1981 2714 2035 cst,
2747 1981 2801 2026 et
2848 1973 3010 2026 multa
3064 1991 3282 2029 munera
3324 1984 3381 2030 et

1823 2071 2002 2129 pastus
2022 2062 2088 2114 de
2112 2061 2238 2114 llSco
2261 2061 2526 2114 dotuinico
2556 2061 2621 2113 ad
2653 2062 2818 2128 ipsum
2837 2063 3215 2115 monasterium
3243 2079 3378 2118 con-

1822 2147 2127 2200 struendum
2149 2149 2430 2201 concessit.
2461 2146 2771 2217 Quantaque
2802 2165 2925 2202 vero
2977 2150 3170 2203 domno
3213 2153 3379 2219 Lego-

1824 2236 1972 2288 berto
1999 2235 2124 2312 [ᾼιη
2158 2235 2496 2304 Laigoberto]
2535 2237 2599 2288 ad
2649 2247 2674 2273 ο
2700 2236 2978 2290 Curbioms
3004 2240 3377 2293 monasterium

1823 2334 1877 2378 et
1901 2313 2078 2376 villain
2118 2338 2360 2391 magnam
2395 2325 2650 2377 vocabulo
2693 2325 3035 2391 Nugaretum,
3077 2337 3132 2382 et
3179 2330 3379 2385 talenta

1822 2416 1988 2469 multa
2017 2415 2226 2484 argenti
2256 2416 2336 2468 vel
2359 2418 2469 2468 auri
2500 2416 2658 2468 etiam
2707 2416 2874 2483 ipsum
2907 2418 3082 2484 regale
3110 2434 3216 2489 quo
3264 2421 3376 2487 ipsa

1822 2507 2133 2572 cingebatur
2155 2507 2417 2574 cingulum
2440 2511 2506 2561 de
2526 2522 2682 2574 supra
2705 2507 2872 2561 sacris
2902 2507 3091 2561 ltunbis
3130 2510 3242 2562 suis
3287 2510 3380 2563 de-
3414 2567 3417 2571 ,

1823 2606 1942 2649 vote
1960 2597 2196 2659 abstulit,
2222 2605 2277 2649 ct
2307 2596 2557 2650 fratribus
2577 2597 2626 2648 in
2675 2599 3064 2666 eleemosyuam
3097 2597 3265 2666 ipsqu
3296 2599 3376 2653 di—

1820 2687 1974 2740 rexit.
2007 2685 2069 2738 Et
2098 2688 2201 2740 hoc
2229 2693 2396 2740 totum
2421 2687 2573 2740 hilari
2627 2688 2776 2741 vultu
2799 2705 2860 2742 ac
2901 2690 3130 2747 benigno
3158 2689 3375 2757 dispen-

1819 2777 1968 2831 sabat
2001 2777 2195 2829 animo.
2233 2775 2299 2830 Ut
2326 2776 2464 2828 enim
2495 2775 2765 2843 Scriptura
2797 2776 2925 2829 dicit
2981 2795 2994 2829 :
3024 2777 3257 2832 Hilarem
3278 2780 3375 2831 da-

1821 2877 1977 2920 torem
2008 2867 2174 2936 diligit
2209 2865 2360 2919 Deus.
2387 2864 2416 2940 ηῖ
2451 2865 2706 2919 Similiter
2732 2865 2796 2917 ad
2828 2864 3197 2918 Foutenellam
3226 2868 3376 2920 eulo-

1821 2959 1902 3021 gia
1936 2957 2081 3025 plura
2114 2957 2375 3009 concessit
2405 2954 2813 3022 etcompendia.
2869 2958 3071 3019 Quauia
3121 2957 3259 3007 enim
3304 2956 3372 3008 ad

1822 3047 2134 3107 Luxoviutn,
2160 3047 2243 3098 vel
2268 3047 2329 3096 ad
2365 3046 2564 3112 reliqua
2599 3045 2918 3098 monasteria
2951 3046 3000 3097 in
3056 3044 3374 3112 Burgundio,

1822 3148 1876 3190 et
1905 3138 1951 3188 vi
1978 3137 2054 3189 las
2077 3136 2270 3188 multas
2300 3135 2530 3200 integras
2558 3134 2835 3194 coocessit,
2865 3143 2920 3188 et
2966 3135 3243 3203 pecuniam
3294 3135 3374 3187 in~

1821 3228 2198 3282 nmnerabilem
2227 3227 2437 3278 direxit.
2463 3225 2595 3289 Quid
2623 3224 2689 3276 ad
2726 3223 2931 3276 Jotrum
2977 3227 3378 3290 monasterium,

1821 3317 1957 3370 unde
1984 3317 2096 3368 illas
2123 3332 2300 3369 sacras
2329 3315 2556 3381 virgines
2590 3329 2708 3367 cum
2754 3313 2968 3382 praefata
3011 3313 3203 3365 donma
3256 3313 3380 3368 Ber-

1820 3406 1980 3460 tilaua
2009 3405 2274 3459 abbatissa
2307 3405 2370 3455 ad
2395 3404 2520 3456 Kala
2567 3416 2719 3456 suum
2768 3403 3142 3455 monasterium
3196 3418 3377 3455 arces-

1820 3493 1964 3560 sivit,
1985 3503 2182 3561 quauta
2209 3493 2276 3545 ibi
2301 3507 2517 3546 munera
2541 3501 2592 3543 et
2621 3492 2687 3544 de
2716 3492 2856 3558 agris
2878 3499 2929 3542 et
2954 3491 3176 3561 pecunia
3211 3491 3375 3546 multa

1819 3585 2061 3638 contulit.
2085 3585 2341 3637 Similiter
2378 3593 2430 3635 ct
2467 3582 2531 3633 ad
2579 3583 2958 3633 monasterium
3005 3582 3170 3633 sancti
3211 3582 3376 3643 Fara',

1817 3690 1909 3728 sua
1932 3689 2068 3739 stupe
2099 3674 2241 3738 larga
2271 3685 2487 3723 munera
2511 3669 2722 3722 direxit.
2750 3669 2827 3721 Ad
2851 3670 3030 3722 urbem
3073 3685 3199 3721 vero
3229 3667 3378 3722 Pari-

1817 3763 2012 3817 siacam
2051 3761 2116 3814 ad
2148 3769 2455 3814 sanctorum
2512 3758 2753 3812 basilicas
2804 3773 2897 3811 seu
2943 3758 3263 3810 monasteria
3321 3766 3376 3811 et

1819 3853 1968 3905 villas
1995 3852 2187 3904 multas
2211 3861 2265 3903 et
2289 3865 2508 3918 magnas
2527 3848 2769 3912 contulit,
2797 3858 2850 3901 et
2867 3849 3174 3902 muneribus
3192 3849 3371 3916 ‘pluri-

1819 3943 1919 3996 mis
1944 3942 2148 3994 ditavit.
2179 3941 2313 4007 Quid
2342 3941 2489 4005 .lura
2511 3941 2532 3990 ?
2552 3948 2608 3991 ut
2627 3938 2879 4002 diximus,
2904 3938 3006 3991 hoc
3025 3953 3242 3990 nari-are
3266 3955 3371 3991 non

1817 4033 2051 4084 vah-mus
2074 4047 2167 4098 per
2196 4030 2418 4095 singula.
2456 4028 2560 4080 Sed
2589 4041 2761 4095 neque
2811 4028 2895 4080 vix
2938 4027 3109 4078 media
3156 4034 3373 4093 totaque

1816 4124 1919 4179 dici
1939 4123 2055 4191 ejus
2079 4124 2212 4176 bona
2242 4120 2456 4175 omnino
2479 4136 2506 4172 a
2537 4120 2688 4187 nobis
2717 4135 2819 4171 non
2848 4127 3087 4186 possunt.

1884 4240 1936 4292 9.
1977 4238 2253 4291 Pratterire
2280 4237 2419 4288 enim
2445 4249 2548 4288 non
2570 4233 2823 4286 debemus
2845 4232 2985 4299 quod
3014 4247 3109 4300 per
3130 4231 3372 4285 seniores

1814 4331 2059 4384 basilicas
2079 4337 2381 4383 sanetur-nm
2404 4325 2581 4378 domui
2608 4324 2753 4392 Dion
2777 4324 2840 4379 sii
2865 4333 2917 4378 et
2947 4325 3048 4379 do»
3075 4325 3126 4378 ni
3148 4322 3370 4376 Cerma-

187 4412 377 4465 rarlilus
403 4427 721 4482 coopeialur
760 4418 981 4470 interius
1023 4433 1114 4485 per
1143 4418 1332 4470 bonam
1365 4418 1709 4479 voluntatem,
1746 4445 1787 4499 ι)
1818 4423 1891 4484 ni,
1922 4429 1976 4472 ct
1998 4420 2176 4472 domui
2199 4417 2431 4470 Medardi
2451 4425 2504 4469 et
2528 4417 2698 4470 sancti
2740 4415 2902 4481 Petri,
2951 4415 3030 4468 vel
3058 4413 3234 4467 domui
3265 4411 3371 4465 An-

186 4503 487 4573 inscriptum
514 4516 596 4560 est
620 4523 632 4557 ;
665 4507 818 4560 Omni
847 4509 1029 4561 volenti
1051 4508 1232 4562 bonum
1263 4507 1394 4560 Deus
1417 4519 1713 4576 cooperator

243 4669 262 4693 ι
292 4657 548 4726 Ρτωοῐιιηε
578 4661 748 4725 Eligio
777 4667 832 4715 et
859 4660 1131 4726 Audoeno,
1158 4660 1314 4715 sicuti
1348 4661 1398 4714 in
1436 4659 1547 4712 Vita
1581 4674 1710 4713 san-

184 4728 240 4779 cli
270 4731 405 4795 Higii
459 4733 546 4784 lib.
572 4748 628 4794 ti,
659 4745 776 4796 cap.
807 4729 856 4789 Ι,
886 4730 1095 4783 dicitur.
1481 4761 1494 4772 η

242 4797 484 4852 Hilarius
515 4802 905 4867 interpolator:
967 4819 985 4849 ι
1043 4800 1171 4853 Dum
1221 4799 1288 4853 de
1339 4799 1416 4851 eis
1462 4798 1712 4851 videbant

184 4867 459 4936 exactiones
490 4868 622 4931 fieri,
653 4869 986 4936 publicaque,
1017 4882 1081 4920 ex
1125 4870 1338 4935 antiqua
1370 4883 1549 4919 consui
1572 4870 1708 4921 tudi-

186 4948 258 4997 ue,
278 4935 406 4988 mala
430 4935 751 5004 urgebantur
776 4937 1039 5004 accipere,
1059 4937 1194 4989 unde
1214 4937 1578 5004 gravissimum
1625 4955 1707 4990 re-
1751 4966 1759 4973 ~

186 5016 282 5054 tum
307 5019 512 5058 suarum
545 5007 882 5072 patiebantur
907 5007 1175 5059 damnum.
1207 5025 1225 5056 ι

232 5072 393 5148 fﬁeri
419 5076 690 5148 episcopo.
728 5074 862 5148 lliuc
888 5074 1230 5148 confirmatur
1260 5075 1475 5148 idquod
1508 5076 1556 5126 iu
1587 5091 1708 5128 sau—

185 5139 504 5198 ctiWalberti
531 5139 724 5209 elogio.
759 5146 822 5196 ad
867 5159 1060 5197 annum
1105 5141 1224 5201 663.
1278 5139 1524 5206 diximus,
1584 5160 1706 5198 eum

187 5222 419 5280 nunquam
450 5213 695 5268 Ecclesia:
726 5213 975 5266 Meldeusi
1000 5211 1286 5280 praefuisse.

244 5279 264 5316 ι¹
300 5280 565 5335 Bollandus
593 5283 718 5346 legit
750 5285 1002 5351 fratrum;
1035 5283 1101 5332 ita
1140 5283 1294 5334 etiam
1349 5284 1533 5349 legisse
1563 5283 1707 5334 vide-

189 5353 260 5401 tur
279 5364 554 5419 anonymus
573 5354 651 5405 sic
672 5367 876 5405 versum
900 5351 1120 5404 reddens
1149 5364 1162 5401 :
1200 5369 1217 5398 α
1242 5363 1290 5402 et
1319 5354 1385 5405 ad
1413 5351 1709 5419 prwdirtmu

189 5419 374 5481 [rutrum
421 5420 697 5475 amcitiam
741 5420 1047 5484 coudirexit,
1086 5439 1103 5470 ι
1157 5422 1350 5473 omissa
1402 5422 1508 5473 alia
1562 5431 1709 5486 parte

186 5488 462 5559 nolentis,
478 5503 593 5556 quae
614 5491 683 5544 de
703 5487 1072 5543 Theudofredo
1089 5490 1244 5541 etiam
1274 5499 1399 5544 tunc
1426 5491 1708 5557 superstite

189 5555 506 5622 intelligenda
527 5559 756 5612 videtur.

246 5633 266 5658 ε
293 5625 714 5684 DeCurbioncnsi
742 5629 1061 5686 monasterio
1090 5629 1315 5686 diximus
1343 5629 1533 5682 saeculo
1562 5646 1572 5677 ι
1605 5631 1702 5676 tto.

192 5695 310 5757 sed.
335 5695 384 5751 iu
408 5695 523 5752 Vita
554 5699 725 5753 sancti
775 5696 1090 5755 Launoniari
1139 5701 1281 5766 ablr,
1330 5701 1393 5753 ad
1425 5713 1546 5752 ann.
1583 5694 1699 5762 δυ’),

1815 4513 1953 4565 niani
1997 4526 2088 4564 seu
2138 4510 2305 4563 sancti
2360 4510 2590 4572 Martini,
2643 4508 2726 4562 vel
2769 4508 3070 4573 ubicunque
3103 4505 3216 4574 ejus
3251 4521 3370 4574 per-

1813 4666 1976 4720 acturi
2007 4664 2069 4716 de
2095 4663 2445 4717 Geuieticensi
2479 4663 2526 4714 in
2567 4661 2684 4713 Vita
2711 4661 2876 4714 sancti
2905 4659 3178 4714 Pliiliberti
3211 4659 3365 4724 infra,

1814 4738 1877 4788 ail
1907 4751 2029 4787 ann.
2055 4733 2174 4786 684.
2208 4733 2372 4786 l’orro
2401 4733 2466 4801 de
2495 4729 2732 4801 Farensi,
2766 4745 2944 4801 supra,
2975 4729 3038 4783 ad
3075 4746 3195 4801 anu.
3228 4727 3363 4801 ⁸655,

1817 4805 1864 4856 iu
1902 4805 2040 4856 Actis
2075 4799 2503 4868 Bnrgnudol'ara-,
2537 4798 2602 4851 de
2641 4800 2869 4868 Jfotreusi
2921 4815 3046 4852 vero
3098 4800 3146 4851 iu
3192 4797 3365 4865 elogio

1812 4884 2004 4926 sauctze
2034 4867 2457 4933 Tlieoilecbililis,
2484 4884 2623 4921 anno
2650 4867 2772 4929 660,
2807 4872 3028 4935 egimus.

1885 4942 1900 4977 ί
1935 4943 2044 4994 Alia
2077 4942 2189 4992 Vita
2223 4941 2381 4992 habet
2409 4957 2418 4987 :
2461 4958 2478 4988 ‹
2529 4938 2784 4990 Similiter
2814 4948 2867 4990 et
2895 4940 2958 4990 ad
3011 4935 3362 4990 Fontinellam

1808 5020 1859 5063 et
1887 5011 2099 5072 Logiuiu
2126 5012 2271 5076 plura
2296 5009 2555 5060 concessit
2577 5007 2951 5076 beuetieioruni
2973 5006 3305 5076 compendia,
3340 5025 3356 5054 ο

1809 5074 2239 5147 qinegi-rtnanior
2257 5079 2415 5130 lectio
2438 5078 2668 5129 videtur.
2699 5075 2912 5147 Logiqu
2931 5082 3045 5126 erat
3062 5074 3358 5147 coenobium

1810 5142 2099 5216 puellarum
2157 5150 2206 5199 in
2248 5163 2308 5199 ea
2360 5148 2609 5216 NeuStrize
2658 5146 2870 5216 regiuns
2917 5159 3031 5211 quae
3063 5142 3358 5216 intuebar—

1810 5212 2018 5270 inauuia
2078 5216 2284 5270 dicitur.
2343 5216 2398 5269 In
2444 5231 2508 5266 eo
2550 5214 2881 5266 l’artlicnune
2936 5223 3104 5266 mater
3159 5212 3361 5263 Milonis

1813 5286 2019 5339 Rei-lusi
2068 5286 2257 5348 Wisla,
2305 5297 2472 5337 mater
2515 5283 2764 5343 Logi-usis
2810 5283 3034 5334 caenobii
3075 5281 3261 5333 ili-itur
3308 5279 3357 5330 in

1810 5358 2005 5408 (lliron.
2045 5357 2260 5408 Fonlaui
2284 5356 2360 5416 ll.,
2386 5371 2501 5418 cap.
2533 5351 2584 5402 4.
2609 5352 2889 5415 Ansegisus
2916 5349 3234 5403 Foutauelltc
3265 5351 3358 5397 ab-

1809 5426 1901 5477 bas
1929 5427 1990 5479 ad
2025 5424 2240 5492 Logiuui
2280 5426 2458 5474 libi-ain
2491 5437 2647 5492 uuani
2697 5421 2905 5492 legavit.
2933 5419 3145 5492 litigium
3178 5433 3359 5492 omni)-

1810 5496 1949 5547 bium
1976 5485 2131 5545 situm
2169 5504 2278 5544 erat
2312 5492 2443 5543 baud
2474 5491 2651 5556 procul
2685 5506 2712 5541 a
2743 5489 2884 5540 Cella
2939 5486 3144 5539 Milonis
3195 5485 3358 5552 ipsius

1807 5565 1869 5613 :nl
1898 5566 2062 5628 ripam
2094 5564 2225 5614 alvei
2256 5563 2538 5633 Sequana);
2569 5561 2702 5611 unde
2736 5557 3001 5622 Logieusis
3021 5625 3028 5633 '
3048 5562 3230 5622 portus
3258 5569 3356 5625 0p-

1807 5634 1929 5699 iiilo
1952 5634 2292 5687 Caudcbccco
2329 5630 2598 5698 proximus
2640 5642 2828 5682 nomen
2856 5630 3076 5692 accepit.
