3886 6226
491 418 551 468 (i7
569 420 584 469 I

1160 406 1575 465 CLODOVEUS
1615 406 1651 459 ΙΙ
1694 406 1821 459 REX
1864 404 2269 459 FllANCORUM
2312 404 2394 458 ET
2434 404 2488 457 S.
2534 403 2943 459 D.\L'l‘lllLDlS.

3561 404 3665 456 672

491 520 706 576 tinxerit
731 515 934 585 notitia,
959 506 1293 581 pontiﬁcibus
1320 528 1409 565 seu
1435 512 1708 565 abbatibus
1753 511 2019 564 suadendo
2049 517 2089 569 Α
2121 526 2240 565 rens
2268 526 2387 566 cum
2430 512 2791 565 sacerdotibus
2837 512 2990 565 citius
3033 512 3111 566 eis
3144 512 3434 568 clementer
3469 526 3664 572 cuncta

498 623 593 675 pro
622 605 733 658 zelo
758 592 844 655 Dei
874 602 1141 669 prtecepit,
1164 608 1218 653 et
1245 599 1609 665 epistolaspro
1647 599 1749 651 hoc
1777 600 1853 651 eis
1891 598 2031 650 dire-

497 699 591 759 xit,
620 702 675 746 ut
694 694 788 745 sub
808 701 992 744 sancto
1024 688 1251 754 regulari
1270 688 1453 739 ordine
1479 686 1665 739 fratres
1694 687 1743 739 itt
1781 688 1891 753 ipsa
1916 687 2030 738 loca

492 784 839 836 consistentes
876 777 1046 828 vivere
1079 774 1345 826 deberent.
1386 772 1446 825 Et
1468 783 1524 825 ut
1552 774 1654 825 hoc
1681 773 1904 824 libenter
1946 786 2033 823 ac-

491 872 842 937 quiescerent,
866 866 915 917 in
948 864 1217 931 privilegio
1239 864 1317 915 eis
1345 860 1741 925 lirmarejussit,
1771 859 1851 911 vel
1876 858 2030 911 etiam

496 957 852 1011 immunitates
873 955 1157 1018 concessit,
1186 962 1242 1005 ut
1270 952 1456 1004 melius
1501 954 1578 1004 eis
1618 949 1907 1003 delectaret
1936 964 2029 1016 pro

495 1060 617 1111 rege
654 1054 708 1096 et
751 1059 880 1110 pace
915 1043 1106 1095 summi
1146 1041 1283 1107 regis
1321 1040 1514 1095 Christi
1545 1039 1875 1093 clementiam
1905 1052 2034 1091 exo-

495 1151 633 1188 rare.
658 1134 722 1185 Et
746 1133 870 1185 illud
900 1116 1420 1185 commemorandum
1450 1138 1551 1195 est,
1577 1129 1698 1195 quia
1727 1128 1792 1179 ad
1832 1141 2035 1179 merce-

496 1228 576 1280 dis
598 1226 710 1293 ejus
746 1223 1009 1278 cumulum
1055 1222 1306 1290 pertinet,
1354 1220 1494 1287 quod
1533 1218 1770 1285 captivos
1798 1217 2035 1273 homines

496 1314 820 1368 Christianos
847 1314 922 1364 ire
940 1312 1238 1380 prohibuit;
1263 1312 1516 1375 datasque
1545 1307 1922 1376 pnnceptiones
1944 1322 2035 1374 per

495 1403 723 1469 singulas
752 1402 1014 1467 regiones,
1048 1408 1103 1452 ut
1134 1398 1303 1450 nullus
1332 1399 1383 1450 in
1411 1411 1573 1464 regno
1604 1396 1925 1451 Francorum
1948 1410 2035 1447 ea-

497 1495 692 1559 ptivum
722 1491 987 1543 hominem
1015 1488 1368 1541 Christianum
1394 1488 1604 1555 penitus
1634 1486 2031 1539 transmitteret.

495 1580 599 1633 Sed
631 1580 797 1645 magis
823 1588 877 1629 et
905 1578 1013 1643 ipsa
1037 1577 1160 1629 dato
1185 1577 1359 1644 pretio
1380 1577 1621 1641 captivos
1665 1574 1920 1642 plurimos
1949 1588 2034 1627 re-

496 1670 699 1722 dimere
728 1667 993 1736 prateepit,
1024 1678 1079 1720 et
1122 1667 1315 1719 liberos
1366 1666 1641 1725 relaxavit,
1692 1673 1745 1715 et
1792 1663 1925 1717 alios
1971 1678 2038 1716 ex

497 1758 625 1824 ipsis
656 1758 706 1810 in
734 1746 1049 1811 menasteria
1080 1753 1382 1815 intromisit,
1425 1761 1478 1804 et
1506 1751 1766 1819 praecipue
1788 1751 1854 1803 de
1882 1762 2037 1816 gente

2127 597 2373 661 indulsit,
2400 608 2455 651 et
2482 606 2539 649 ut
2565 598 2659 666 ipsi
2696 599 2743 651 ei
2774 599 2913 652 illam
2941 600 3117 655 cordis
3141 605 3551 661 commotionem
3583 606 3667 661 itt-

2127 686 2399 753 dulgerent
2440 686 2771 754 supplicavit.
2801 685 2863 740 Et
2891 688 3001 756 ipsa
3027 704 3127 759 pax
3180 691 3317 745 inter
3338 691 3507 761 ipsos,
3564 694 3670 747 Do-

2128 776 2270 829 mino
2295 776 2569 843 largiente,
2594 776 2898 846 plenissime
2921 770 3159 833 restituta
3188 790 3289 835 est.

2196 863 2280 916 tl.
2325 865 2437 931 Ipsa
2468 879 2591 918 vero
2616 865 2850 931 piissimo
2872 864 3060 918 aﬂ‘ectu
3090 864 3339 932 diligebat
3366 882 3585 923 sorores
3612 878 3673 925 ut

2129 955 2369 1022 proprias
2395 953 2546 1016 filias,
2570 966 2621 1007 et
2645 963 2839 1008 sancta:
2866 956 3139 1010 abbatissa:
3164 972 3345 1012 earum
3388 960 3675 1015 obediebat

2130 1052 2184 1095 ut
2209 1044 2379 1094 matri.
2408 1044 2469 1093 lit
2510 1044 2854 1097 ministerium
2907 1044 3189 1098 exhibebat
3234 1048 3310 1100 eis
3335 1056 3393 1101 ιιι
3420 1048 3673 1105 vilissima

2129 1132 2373 1184 ancillula
2403 1147 2467 1185 ex
2497 1141 2674 1185 sancta
2709 1133 3011 1199 devotione,
3044 1134 3112 1188 ita
3151 1143 3209 1188 ut
3236 1137 3392 1190 etiam
3421 1152 3545 1199 cum
3576 1139 3677 1190 ad-

2131 1221 2230 1273 huc
2273 1231 2481 1289 regeret
2535 1222 2797 1289 publicum
2847 1224 3122 1291 palatium,
3170 1236 3225 1278 et
3265 1227 3374 1293 ipsa
3425 1227 3679 1285 visitabat

2129 1324 2279 1361 suum
2309 1325 2448 1375 saepe
2475 1320 2713 1363 sanctum
2741 1313 3063 1375 coenobium,
3092 1314 3163 1365 ita
3194 1314 3504 1368 humilitatis
3524 1328 3678 1380 mag-

2133 1412 2211 1450 na:
2239 1396 2444 1450 fortiter
2467 1398 2745 1453 exhibebat
2768 1400 3086 1467 exemplum,
3134 1409 3189 1453 ut
3231 1402 3340 1470 ipsa
3380 1416 3598 1470 quoque
3627 1402 3680 1455 in

2132 1487 2359 1553 eoquina
2390 1488 2712 1542 ministraret
2739 1490 3030 1554 sororibus,
3058 1498 3114 1543 et
3158 1492 3439 1546 munditias
3481 1493 3682 1547 vilissi-

2133 1590 2269 1639 mas,
2299 1578 2458 1629 etiam
2480 1576 2930 1633 deambulationes
2957 1590 3269 1642 stereorum,
3300 1581 3409 1648 ipsa
3458 1582 3685 1636 munda-

2134 1674 2235 1720 ret.
2268 1666 2335 1719 Et
2362 1667 2465 1720 hoc
2494 1675 2662 1720 totum
2716 1683 2837 1722 cum
2865 1658 3056 1735 gaudio
3101 1684 3165 1723 ac
3213 1669 3333 1723 Izeto
3376 1671 3685 1739 perficiebat

2137 1755 2313 1809 animo
2336 1764 2441 1809 tam
2495 1756 2690 1811 humile
2732 1773 2827 1825 pro
2878 1758 3089 1813 Christo
3136 1748 3505 1813 ministerium.
3554 1760 3687 1825 Quis

496 1861 588 1897 sua
628 1845 768 1897 viros
798 1855 851 1896 et
871 1843 1071 1909 puellas
1115 1840 1454 1907 quamplures
1500 1836 1791 1890 deuutritas
1835 1851 2032 1890 secum.
2070 1826 2113 1885 Β
2138 1844 2277 1897 enim
2298 1846 2538 1898 crederet,
2568 1854 2623 1898 υι
2658 1846 2949 1901 sublimius
2978 1857 3135 1901 ωηερε
3163 1851 3406 1917 potentia,
3436 1852 3505 1903 iu
3536 1851 3686 1904 vitis-

496 1939 731 1998 Quantas
744 1934 881 1986 enim
906 1931 1171 1984 attrahere
1202 1930 1391 1997 potuit,
1416 1942 1507 1980 eas
1530 1942 1623 1993 per
1656 1934 1834 1980 saneta
1857 1940 2036 1980 emno-

500 2028 581 2075 bia
609 2022 1017 2083 commendavit,
1041 2028 1094 2072 et
1133 2028 1191 2071 ut
1212 2035 1305 2086 pro
1333 2033 1395 2070 ea
1414 2022 1710 2068 exorarent
1735 2014 1810 2066 eis
1839 2027 2036 2080 praece-

502 2115 595 2181 pit.
630 2114 794 2164 Etiam
817 2113 879 2162 ad
905 2109 1125 2161 Romam
1158 2122 1323 2172 usque
1346 2109 1409 2156 ad
1439 2105 1576 2156 beati
1604 2102 1743 2154 l'e:ri
1788 2110 1843 2153 et
1891 2101 2037 2153 Pauli

505 2206 762 2267 basilicas,
790 2204 868 2254 vel
892 2202 955 2253 ad
986 2200 1275 2251 ltonnenses
1309 2210 1569 2263 pauperes
1607 2193 1757 2262 plura
1789 2206 1852 2245 ac
1893 2192 2038 2259 larga

501 2295 692 2361 saepius
721 2285 912 2344 direxit
939 2276 1176 2340 munerzl.

567 2399 651 2450 10.
685 2398 809 2450 Erat
830 2396 968 2449 enim
996 2396 1108 2463 ejus
1137 2360 1317 2446 saneta
1347 2389 1581 2453 devotio,
1608 2396 1665 2450 ut
1694 2389 1744 2441 in
1776 2396 2042 2440 monaste-

498 2490 578 2541 rio
606 2487 742 2554 quod
774 2484 1112 2552 praediximus
1149 2483 1513 2547 religiosorum
1561 2477 1894 2539 feminarum,
1942 2474 2042 2530 ho'c

500 2578 651 2630 estin
684 2576 808 2628 Kala
833 2574 971 2641 quod
996 2574 1105 2639 ipsa
1136 2569 1431 2632 :editicavit,
1463 2568 1762 2621 conversari
1800 2567 2057 2620 deberet.‘

501 2666 628 2717 Nam
656 2674 708 2716 et
736 2660 920 2715 Franci
950 2675 1045 2727 pro
1066 2658 1179 2725 ejus
1225 2671 1406 2709 amore
1428 2656 1551 2719 hoc
1597 2655 1826 2707 maxime
1848 2655 2040 2706 dilata-

504 2754 648 2813 baut,
674 2764 770 2801 nec
794 2748 903 2799 fieri
929 2745 1321 2814 permittebant,
1348 2744 1445 2796 nisi
1484 2742 1771 2796 commotio
1796 2742 1882 2794 illa
1913 2740 2041 2793 fuis-

505 2847 588 2891 set
618 2852 709 2904 per
738 2838 983 2889 miserum
1008 2841 1031 2864 “
1061 2832 1505 2900 Sigobcrrandum
1535 2834 1863 2902 episcopum,
1893 2832 2043 2897 cujus

507 2926 749 2991 superbia
790 2926 926 2976 inter
969 2923 1198 2975 Francius
1237 2922 1427 2975 metuit
1472 2923 1658 2974 mortis
1692 2921 1917 2973 ruinam.
1981 2921 2044 2972 Et

504 3014 695 3067 exinde
719 3022 833 3065 orla
868 3013 1159 3064 intentione
1180 3012 1305 3063 dtttn
1354 3012 1519 3078 ipsum
1546 3020 1729 3064 contra
1784 3010 1899 3076 ejus
1947 3026 2041 3062 v0-

507 3104 757 3154 luutatem
781 3102 1176 3163 interfecerunt,
1204 3110 1500 3155 metuentes
1528 3117 1593 3153 ne
1610 3100 1712 3154 hoc
1728 3103 1836 3168 ipsa
1853 3100 2041 3153 domna

506 3199 688 3240 contra
706 3205 793 3243 θος
810 3192 1035 3256 graviter
1058 3190 1235 3253 ferret,
1270 3207 1331 3243 ac
1354 3192 1620 3244 vindicare
1651 3192 1814 3258 ipsam
1836 3206 2046 3245 causam

508 3282 684 3343 vellet,
718 3280 1067 3345 pezmiserunt
1105 3295 1219 3331 eam
1272 3279 1449 3333 subito
1502 3294 1723 3348 pergere
1767 3280 1830 3331 all
1878 3281 2048 3347 ipsum

512 3369 912 3421 monasterium.
947 3370 1011 3419 l-Zt
1032 3368 1253 3421 fortasse
1275 3370 1489 3421 dubium
1540 3386 1643 3422 non
1687 3379 1767 3422 est
1796 3370 1920 3437 quin
1950 3370 2047 3438 ipsi

514 3458 779 3525 principes
815 3466 939 3510 tunc
956 3458 1080 3509 illuxl
1114 3460 1162 3509 in
1188 3459 1326 3510 bono
1342 3461 1517 3511 animo
1543 3460 1921 3528 permisissent.
1946 3460 2048 3513 Sed

510 3547 621 3611 ipsa
651 3545 841 3596 domna
875 3545 964 3596 Dei
985 3546 1310 3597 voluntatem
1340 3546 1703 3608 considerans,
1732 3558 1787 3598 ut
1816 3548 1916 3601 hoc
1939 3564 2047 3600 non

514 3643 617 3683 tam
648 3646 829 3683 eorum
866 3633 1141 3684 consilium
1166 3649 1322 3699 quam
1358 3634 1447 3687 Dei
1496 3636 1677 3687 fuisset
1707 3635 2048 3702 diSpeusatio,

515 3729 571 3772 ut
609 3720 722 3787 ejus
768 3730 949 3774 saneta
997 3721 1212 3774 devotio
1260 3739 1353 3789 per
1395 3727 1681 3789 quamlibet
1719 3727 2047 3779 occasionem

511 3812 719 3865 Christo
741 3813 1061 3878 gubernante
1083 3820 1224 3865 esset
1254 3813 1485 3879 impleta.
1520 3814 1852 3881 Deductaque
1871 3816 1936 3868 ab
1957 3815 2048 3865 ali-

513 3902 700 3968 quibus
724 3900 1041 3963 senioribus,
1072 3902 1213 3953 venit
1247 3901 1311 3954 ad
1357 3902 1630 3968 prasfatutn
1672 3903 2049 3955 monasteriuut

511 4005 662 4043 suum
685 3987 833 4051 Kala,
863 3987 1035 4054 ibique
1056 4003 1084 4041 a
1106 3991 1302 4071 sumtis
1328 3990 1514 4057 puellis
1536 3999 1592 4041 ut
1618 3990 1841 4042 decebat
1881 3990 2047 4043 hono-

513 4079 657 4132 rilice
685 4088 737 4131 et
759 4078 886 4129 satis
912 4078 1209 4131 amabiliter
1235 4083 1285 4130 in
1314 4088 1497 4132 sancta
1530 4080 1941 4147 congregatione
1963 4094 2049 4133 re-

512 4178 663 4236 cepta
692 4176 791 4220 est.
818 4167 1008 4219 llabuit
1030 4169 1168 4221 enim
1202 4177 1325 4220 tunc
1348 4185 1449 4221 non
1480 4170 1740 4223 modicam
1780 4171 2049 4241 querelam

514 4267 694 4309 contra
717 4272 809 4308 eos
831 4255 879 4319 δ,
902 4272 1033 4321 quos
1055 4257 1164 4322 ipsa
1187 4256 1412 4309 dulciter
1460 4258 1769 4310 nutriverat.
1801 4256 1902 4311 Pro
1950 4271 2052 4325 qua

514 4361 571 4397 re
591 4347 767 4398 falsam
785 4348 793 4413 |
808 4345 867 4398 L.
899 4345 1048 4415 falso]
1066 4348 1161 4415 ipsi
1180 4365 1294 4399 eam
1314 4349 1950 4418 habuissentsusceptam,
1968 4350 2051 4403 vel

2136 1932 2278 1985 simis
2306 1934 2698 1988 administraret
2726 1935 2904 1999 rebus,
2938 1936 3035 1991 nisi
3063 1938 3111 1991 ei
3138 1939 3237 1991 hoc
3280 1954 3498 2005 magnus
3526 1940 3684 1994 Chri-

2135 2019 2200 2071 sti
2232 2021 2492 2087 exegisset
2519 2022 2822 2077 omnimodo
2852 2024 3187 2091 plenissimus
3229 2029 3417 2080 amor?
3468 2028 3688 2082 Insiste-

2138 2107 2331 2173 batque
2357 2109 2565 2162 assidue
2591 2110 2817 2163 orationi
2843 2110 3031 2165 devota
3059 2128 3179 2166 cum
3226 2114 3495 2185 lacrymis,
3523 2123 3579 2170 et
3607 2117 3689 2169 di-

2138 2200 2308 2251 vinam
2334 2202 2611 2254 lectionem
2638 2202 2827 2270 s'epius
2844 2203 3225 2271 frequentabat.
3251 2204 3690 2261 Consolatiouem

2139 2303 2263 2341 vero
2284 2291 2535 2342 continuo
2588 2306 2681 2357 per
2709 2301 2944 2345 sanctam
2994 2296 3437 2359 exhortationem,
3486 2303 3545 2348 et
3588 2296 3691 2347 fre-

2138 2389 2383 2446 quentem
2404 2453 2409 2457 _
2433 2382 2783 2435 visitationem
2812 2384 3139 2437 infirmorum
3188 2386 3431 2439 faciebat.
3465 2384 3691 2441 Do!cbat

2138 2475 2277 2528 enim
2303 2490 2422 2527 cum
2444 2475 2742 2529 dolentibus
2770 2491 2867 2544 per
2892 2477 3123 2530 studium
3154 2477 3447 2542 cbaritatis,
3477 2484 3535 2529 et
3568 2491 3692 2529 cum

2138 2567 2485 2634 gaudentibus
2510 2567 2795 2634 gaudebat,
2823 2577 2878 2621 et
2903 2584 2999 2636 pro
3026 2569 3192 2632 sanis,
3241 2578 3300 2621 ut
3343 2568 3693 2623 consolaren-

2140 2664 2246 2718 tur,
2276 2654 2485 2707 domnre
2512 2655 2788 2708 abbatissae
2826 2655 3095 2710 humiliter
3122 2657 3311 2722 saepius
3351 2655 3691 2723 suggerebat.

2139 2742 2303 2809 Cujus
2327 2743 2570 2810 petitioni
2601 2744 2711 2811 ipsa
2741 2751 2799 2797 ut
2820 2753 2989 2797 mater
3016 2744 3315 2797 amabiliter
3342 2754 3535 2798 cuneta
3558 2758 3693 2812 pm-

2138 2832 2330 2895 stabat,
2356 2832 2479 2901 quia
2506 2847 2629 2885 vere
2657 2842 2772 2886 erat
2799 2833 2875 2887 eis
2902 2848 3049 2887 more
3078 2832 3373 2901 apostolico
3404 2847 3499 2886 cor
3528 2848 3692 2885 unum

2140 2931 2191 2975 et
2223 2924 2398 2974 anima
2423 2938 2545 2983 una,
2574 2922 2697 2974 dum
2738 2938 2795 2976 se
2814 2922 3033 2976 invicem
3066 2932 3246 2977 tenere
3295 2937 3359 2977 ae
3385 2922 3694 2991 plenissime

2140 3011 2417 3076 diligerent
2446 3010 2497 3062 in
2527 3011 2761 3064 Christo.

2218 3097 2302 3149 12.
2343 3098 2622 3167 Coepitque
2651 3099 2760 3167 ipsa
2789 3097 2980 3150 domna
3010 3098 3284 3154 Dalthildis
3334 3113 3565 3168 corpore
3618 3099 3694 3152 in-

2153 3189 2344 3241 firmari
2374 3190 2713 3241 etviscerum
2770 3188 3047 3253 incisione,
3092 3189 3325 3257 pessimo
3373 3189 3695 3243 infirmitatis

2150 3278 2278 3329 vitio
2316 3278 2547 3342 graviter
2599 3276 2857 3328 laborare.
2900 3276 2963 3328 Et
3005 3278 3103 3331 nisi
3149 3277 3472 3331 medicorum
3519 3278 3695 3331 studia

2148 3366 2536 3427 subvenissent,
2567 3380 2698 3432 pene
2725 3366 2968 3419 deficere.
2997 3365 3100 3419 Sed
3137 3369 3302 3433 magis
3329 3366 3438 3434 ipsa
3471 3368 3538 3419 ad
3588 3382 3694 3421 ete-

2148 3455 2334 3508 lestem
2387 3455 2645 3508 medicum
2694 3470 2901 3521 semper
2926 3456 3080 3515 tidem
3129 3454 3356 3507 habebat
3410 3453 3477 3509 de
3522 3456 3696 3507 salute

2147 3560 2259 3598 sua.
2293 3544 2408 3611 lpsa
2438 3560 2564 3601 vero
2609 3554 2787 3601 saneta
2814 3545 3135 3598 conscientia
3158 3554 3219 3601 et
3242 3544 3329 3612 pia
3372 3559 3484 3598 non
3510 3559 3690 3597 cessa-

2148 3635 2238 3686 bat
2266 3636 2373 3688 Deo
2395 3634 2588 3701 gratias
2620 3648 2777 3701 agere
2805 3633 2869 3686 de
2901 3649 2994 3689 sua
3023 3635 3391 3700 castigatione,
3443 3643 3500 3687 et
3550 3632 3690 3686 bona

2147 3732 2201 3776 ct
2228 3732 2398 3775 astuta
2423 3724 2720 3776 ministrare
2746 3720 2958 3774 consilia
2998 3736 3229 3789 semper,
3276 3729 3332 3773 et
3380 3720 3693 3773 humilitatis

2150 3825 2347 3878 magna:
2366 3808 2661 3878 exemplum
2683 3823 2748 3861 ex
2775 3807 3070 3862 ministerio
3093 3823 3189 3862 suo
3207 3808 3482 3862 sororibus
3518 3817 3695 3861 osten-

2147 3901 2273 3954 dere
2303 3900 2522 3952 formant
2548 3898 2778 3967 pietatis.
2811 3899 2875 3951 Et
2895 3896 3172 3951 conferens
3199 3912 3339 3965 saepe
3368 3914 3488 3951 cum
3522 3909 3694 3953 matre

2148 3987 2471 4049 monasterii,
2501 3995 2558 4041 ut
2582 3994 2636 4039 et
2654 3999 2828 4052 regem
2856 3995 2910 4039 et
2936 3986 3167 4053 reginam
3208 3970 3269 4038 et.
3289 4000 3535 4053 proceres
3563 4001 3695 4039 cou-

2147 4082 2305 4147 digno
2327 4080 2527 4133 honore
2552 4093 2669 4131 cum
2692 4077 2911 4143 eulogiis
2926 4091 3133 4143 semper
3155 4077 3450 4137 visitarent,
3483 4083 3541 4128 ut
3581 4085 3695 4129 erat

2150 4164 2497 4229 consuetudo,
2527 4163 2723 4231 ut'ipsa
2754 4162 2939 4215 domus
2964 4163 3154 4216 bonam
3189 4162 3379 4215 famam
3418 4178 3577 4231 quam
3608 4178 3695 4216 ce-

2151 4264 2297 4321 perat
2328 4271 2431 4306 non
2461 4254 2747 4313 amitteret,
2769 4252 2860 4305 sed
2902 4251 3137 4320 amplius
3164 4267 3375 4319 semper
3402 4252 3454 4305 in
3502 4251 3694 4305 affectu

2150 4348 2419 4401 charitatis
2448 4363 2565 4400 cum
2596 4345 2836 4401 omnibus
2865 4344 3049 4398 amicis
3075 4352 3233 4411 atque
3266 4342 3490 4395 validius
3526 4342 3578 4395 in
3601 4340 3694 4394 Dei

514 4435 672 4487 etiam
692 4450 782 4502 pro
798 4434 949 4487 bonis
964 4435 1099 4488 mala
1116 4435 1161 4487 ei
1180 4446 1539 4503 repensarent.
1564 4436 1667 4491 Sed
1684 4444 1740 4491 et
1756 4438 1857 4491 hoc
1869 4436 2052 4499 confe-
2083 4471 2129 4527 υ
2154 4437 2362 4491 nomine
2389 4442 2719 4504 permaneret
2749 4433 2800 4486 in
2824 4432 3122 4495 dilectione,
3172 4438 3229 4484 ut
3271 4430 3525 4499 scriptum
3562 4440 3647 4485 est
3677 4448 3689 4482 :

584 4588 611 4615 ⁸
640 4580 694 4632 1η
724 4581 824 4657 alia
856 4582 970 4634 Vita
995 4584 1353 4657 _Sigebrandus
1390 4586 1601 4657 dicitur,
1629 4602 1785 4655 quem
1816 4586 2047 4642 Parisio-

515 4664 629 4701 rum
656 4652 971 4721 episcopumi
990 4651 1146 4706 fuisse
1176 4656 1339 4717 aiunt,
1370 4656 1435 4707 de
1463 4671 1591 4721 quo,
1618 4651 1771 4720 supra
1794 4697 1809 4719 ,
1843 4658 1893 4709 in
1940 4660 2049 4711 Ub-

516 4725 709 4788 sisrvat.
730 4716 781 4769 8.
816 4716 911 4771 lSta
943 4716 1514 4783 Sigoberrandicznde's
1544 4716 1759 4788 contigit
1787 4716 1925 4776 anno
1945 4727 2049 4779 cir-

518 4802 577 4837 ca
601 4783 703 4835 664
753 4802 855 4855 quo
890 4788 1174 4846 Balthildis.
1204 4806 1321 4841 cum
1357 4793 1405 4842 ei
1440 4791 1547 4855 jam
1580 4807 1673 4855 per
1690 4783 1787 4844 lilii
1832 4793 2049 4847 Clotarii

516 4864 722 4905 aetatem
754 4854 817 4905 ad
845 4870 1059 4920 regnum
1092 4857 1317 4909 habilem
1348 4854 1549 4921 liceret,
1576 4854 1623 4909 in
1663 4859 1883 4913 Kalense
1926 4861 2050 4914 Par-

520 4924 747 4972 thenoua
777 4927 1007 4978 secessit.
1039 4926 1193 4977 Certe
1214 4941 1353 4977 anno
1381 4928 1524 4985 regni
1555 4928 1769 4979 Clotarii
1792 4928 1877 4979 lilii
1907 4929 1937 4979 7
1958 4931 2049 4981 ad-

520 4989 856 5061 bnc_r_e‘gnum
886 4992 1299 5056 administrabat,
1324 4994 1579 5061 siquidem
1629 5011 1693 5047 eo
1737 5011 1877 5047 anno
1926 4999 2047 5049 Der-

524 5056 775 5133 tltefridtts
803 5060 1180 5133 Ambianorum
1200 5056 1479 5133 cpiscopus
1506 5064 1831 5133 privilegium
1865 5065 2046 5115 immu-

528 5130 712 5194 ιιιιςιιιδ⁸
729 5130 1045 5194 monasterio
1065 5130 1387 5187 Corbeiensi,
1417 5132 1717 5194 petentibus
1746 5133 1975 5185 Clotarto
1996 5142 2049 5186 et

522 5191 840 5263 Balterhi'de
871 5198 1043 5263 regina
1074 5202 1390 5249 concessisse
1412 5191 1616 5263 legitur.

556 5328 563 5335 .
592 5264 617 5301 b
657 5259 1001 5335 interpolator
1030 5278 1061 5314 lt
1078 5267 1150 5328 git
1185 5284 1193 5315 :
1232 5284 1248 5313 ι
1279 5259 1585 5335 (ὶυηιιτῖιξςιθ
1614 5283 1744 5333 quas
1793 5268 1903 5331 ipsa
1929 5267 2046 5319 dul-

521 5329 653 5399 citer
671 5329 1010 5387 enutriverat.
1051 5346 1143 5396 pio
1185 5349 1284 5398 qua
1313 5347 1469 5383 causa
1503 5329 1782 5399 falso’ipste
1808 5329 1920 5386 eam
1954 5337 2047 5386 ba-

524 5396 755 5445 bnissent
782 5408 1096 5461 suspectam,
1133 5418 1149 5447 ι
1186 5396 1281 5452 etc.
1313 5400 1470 5463 Quasi
1502 5396 1766 5454 Balthildis
1806 5402 2053 5455 adversus

526 5464 807 5534 monachus
858 5466 1094 5517 habueiit
1139 5470 1422 5534 querelam.
1471 5470 1539 5518 At
1584 5470 1853 5521 retinenda
1899 5474 2052 5523 lectio

526 5538 719 5602 ilostra,
746 5531 1128 5602 interpretanda
1157 5531 1335 5600 utique
1366 5537 1430 5589 de
1469 5538 1805 5602 optimatibus
1830 5541 2051 5590 nonnul-

526 5596 607 5655 ις,
630 5598 713 5658 qui
745 5596 984 5652 feminam
1006 5612 1236 5655 sanctam
1252 5596 1376 5655 'falsi
1406 5596 1634 5657 criminis
1656 5615 2046 5658 accusaverant.

530 5664 661 5741 Azuc
692 5678 813 5741 vero
843 5670 1289 5741 quamBaltbildis
1319 5670 1494 5721 Kalam
1518 5688 1573 5725 se
1595 5676 1865 5741 reciperet.
1899 5691 2048 5726 cura-

534 5744 599 5781 m
623 5740 773 5786 tutius
794 5736 1086 5805 beattEii-gti
1112 5741 1535 5807 Mwiontageusis
1554 5736 1804 5811 episcopi.
1830 5744 2046 5811 Cl'l-‘l‘ic

2150 4608 2339 4653 corpus
2362 4590 2543 4643 Kalam
2575 4586 2853 4639 transferre
2881 4586 3068 4638 frustra
3100 4595 3284 4637 conata
3324 4591 3423 4643 est,
3466 4592 3695 4653 testante

2152 4650 2427 4719 Attdoeno,
2458 4660 2509 4711 in
2544 4658 2630 4713 lib.
2661 4673 2694 4709 ιι
2722 4656 2788 4707 de
2816 4654 2929 4707 Vita
2962 4656 3130 4708 sancti
3164 4653 3331 4715 Eligii.
3375 4650 3593 4717 cap)?“
3638 4662 3694 4705 et.

2150 4743 2324 4794 seqq.,
2350 4730 2435 4793 qui
2459 4736 2511 4779 et
2532 4726 2696 4788 addit,
2725 4740 2864 4794 cap.
2886 4722 2973 4786 59,
3020 4732 3259 4794 sanetum
3292 4720 3514 4794 Eligittm
3571 4731 3692 4786 post

2152 4788 2349 4849 obitum
2370 4788 2526 4848 suum
2558 4809 2721 4856 usque
2749 4788 2905 4843 tertio
2940 4792 3241 4859 apparuisse
3276 4808 3294 4839 ι
3338 4788 3543 4859 cuidam
3574 4803 3693 4859 per-

2152 4879 2293 4917 sona:
2322 4865 2371 4915 in
2423 4863 2540 4913 aula
2568 4863 2705 4926 regis
2754 4857 3027 4922 habitanti,
3057 4862 3140 4912 cui
3173 4857 3443 4926 praecepit,
3467 4866 3527 4909 ut
3575 4857 3692 4910 sine

2153 4933 2327 4997 aliquo
2350 4924 2680 5003 cunctamine
2718 4928 2901 5003 adiens
2924 4928 3154 5003 reginam
3200 4924 3509 5003 lialthildem
3550 4939 3693 4976 com-

2149 4993 2363 5054 monere
2374 5013 2488 5050 eam
2509 4996 2743 5056 deberet,
2768 5012 2872 5062 quo
2890 4993 3107 5060 insignia
3130 4993 3239 5045 auri
3256 5006 3693 5062 gemmarumque

2149 5076 2454 5120 ornamenta
2480 5065 2669 5129 quibus
2691 5056 2860 5116 adhuc
2882 5065 2932 5116 in
2954 5056 3093 5114 cultu
3113 5056 3378 5124 uteba'tur,
3399 5060 3468 5111 ob
3486 5056 3692 5129 Christ!

2142 5137 2251 5202 jam
2276 5125 2618 5202 reverentiam
2674 5134 2937 5202 deponere
2978 5146 3080 5202 non
3125 5138 3452 5202 gravaretur.
3484 5125 3687 5202 Regina

2149 5196 2273 5255 vero
2302 5218 2404 5253 non
2429 5201 2667 5268 ambigua
2694 5196 2758 5252 de
2772 5196 3487 5268 eonfessorisadmonitione,
3510 5196 3691 5268 omnia

2152 5286 2179 5320 a
2218 5286 2273 5321 se
2294 5262 2903 5322 confestim'ornamenla
2950 5266 3152 5329 rejecit,
3203 5278 3299 5316 nec
3350 5262 3691 5329 pneterbra-

2157 5338 2321 5391 ehiles
2370 5351 2557 5388 aureos
2606 5350 2763 5401 super
2810 5349 2868 5386 se
2918 5334 3199 5401 quidquam
3246 5339 3687 5401 ornamentorum

2155 5407 2457 5457 reservavit.
2492 5397 2683 5455 Omnia
2704 5404 2879 5468 itaque
2899 5397 2950 5454 in
2973 5397 3319 5468 eleemosynis
3348 5397 3687 5468 ili-perticas,

2156 5489 2223 5536 po
2251 5473 2357 5523 iora
2380 5486 2600 5541 qua-que
2630 5473 2679 5541 in
2728 5460 2893 5541 crucif-
2928 5484 3095 5541 Aopere
3149 5460 3367 5531 aptavit,
3409 5460 3567 5531 quam
3616 5460 3687 5541 ἔαρ

2153 5529 2308 5607 caput
2335 5529 2497 5591 sancti
2519 5529 2681 5605 'E'igii
2722 5537 2939 5590 stabiliri
2972 5529 3236 5605 praecepit,
3266 5529 3558 5607 «erepant
3579 5598 3590 5607 -
3610 5529 3687 5607 (id

2151 5598 2536 5669 estftumbami
2560 5598 2636 5658 cf
2657 5620 2785 5659 auro
2824 5598 2986 5678 atque
3010 5598 3246 5678 argento
3276 5598 3497 5678 mirifice
3525 5598 3681 5678 fabri.

2151 5692 2300 5734 care,
2342 5691 2494 5740 cpiam
2534 5690 2687 5741 supra
2737 5670 3051 5729 confessoris
3090 5670 3325 5727 membra
3363 5670 3625 5738 deposuit.
3658 5686 3677 5719 ι

2152 5744 2265 5799 Ηςρς
2295 5744 2589 5799 Audemus.
