  <div class='ocr_page' id='page_1' title='image "/cluster/home/n/w/nwhite01/storage/ocr_20150623/87-88/uva.x000827073/344.png"; bbox 0 0 3886 6226; ppageno 0'>
   <div class='ocr_carea' id='block_1_1' title="bbox 173 379 256 436">
    <p class='ocr_par' dir='ltr' id='par_1_1' title="bbox 173 379 256 436">
     <span class='ocr_line' id='line_1_1' title="bbox 173 379 256 436; baseline -0.024 0"><span class='ocrx_word' id='word_1_1' title='bbox 173 379 256 436; x_wconf 71' lang='lat'><strong>673</strong></span> 
     </span>
    </p>
   </div>
   <div class='ocr_carea' id='block_1_2' title="bbox 176 489 1759 563">
    <p class='ocr_par' dir='ltr' id='par_1_2' title="bbox 176 489 1759 563">
     <span class='ocr_line' id='line_1_2' title="bbox 176 489 1759 563; baseline 0.005 -25"><span class='ocrx_word' id='word_1_2' title='bbox 176 497 350 558; x_wconf 73' lang='lat' dir='ltr'><strong>ttportet</strong></span> <span class='ocrx_word' id='word_1_3' title='bbox 371 499 416 542; x_wconf 83' lang='lat' dir='ltr'><strong>et</strong></span> <span class='ocrx_word' id='word_1_4' title='bbox 436 489 779 542; x_wconf 78' lang='lat' dir='ltr'><strong>testimoniuttt</strong></span> <span class='ocrx_word' id='word_1_5' title='bbox 810 491 996 544; x_wconf 76' lang='lat' dir='ltr'><strong>habere</strong></span> <span class='ocrx_word' id='word_1_6' title='bbox 1021 491 1205 545; x_wconf 80' lang='lat' dir='ltr'><strong>bonum</strong></span> <span class='ocrx_word' id='word_1_7' title='bbox 1231 491 1296 544; x_wconf 76' lang='lat' dir='ltr'><strong>ab</strong></span> <span class='ocrx_word' id='word_1_8' title='bbox 1333 493 1410 546; x_wconf 79' lang='lat' dir='ltr'><strong>Itis</strong></span> <span class='ocrx_word' id='word_1_9' title='bbox 1449 494 1531 562; x_wconf 83' lang='lat' dir='ltr'><strong>qui</strong></span> <span class='ocrx_word' id='word_1_10' title='bbox 1561 495 1686 563; x_wconf 80' lang='lat' dir='ltr'><strong>{oris</strong></span> <span class='ocrx_word' id='word_1_11' title='bbox 1715 495 1759 552; x_wconf 75' lang='grc' dir='ltr'><strong>Α</strong></span> 
     </span>
    </p>
   </div>
   <div class='ocr_carea' id='block_1_3' title="bbox 175 577 1690 652">
    <p class='ocr_par' dir='ltr' id='par_1_3' title="bbox 175 577 1690 652">
     <span class='ocr_line' id='line_1_3' title="bbox 175 577 1690 652; baseline 0.001 -18"><span class='ocrx_word' id='word_1_12' title='bbox 175 588 265 635; x_wconf 74' lang='lat' dir='ltr'><strong>sunt</strong></span> <span class='ocrx_word' id='word_1_13' title='bbox 287 577 331 647; x_wconf 90' lang='lat' dir='ltr'><strong>(l</strong></span> <span class='ocrx_word' id='word_1_14' title='bbox 358 577 483 635; x_wconf 83' lang='lat' dir='ltr'><strong>Tim.</strong></span> <span class='ocrx_word' id='word_1_15' title='bbox 512 591 589 638; x_wconf 83' lang='lat' dir='ltr'><strong>tu.</strong></span> <span class='ocrx_word' id='word_1_16' title='bbox 623 578 680 646; x_wconf 78' lang='grc' dir='ltr'><strong>Ἰ)</strong></span> <span class='ocrx_word' id='word_1_17' title='bbox 708 596 724 644; x_wconf 88' lang='grc'><strong>;</strong></span> <span class='ocrx_word' id='word_1_18' title='bbox 758 589 817 634; x_wconf 89' lang='lat' dir='ltr'><strong>et</strong></span> <span class='ocrx_word' id='word_1_19' title='bbox 863 581 1129 650; x_wconf 73' lang='lat' dir='ltr'><strong>pra-cipue</strong></span> <span class='ocrx_word' id='word_1_20' title='bbox 1177 589 1356 636; x_wconf 86' lang='lat' dir='ltr'><strong>curant</strong></span> <span class='ocrx_word' id='word_1_21' title='bbox 1399 597 1690 652; x_wconf 85' lang='lat' dir='ltr'><strong>pauperum</strong></span> 
     </span>
    </p>
   </div>
   <div class='ocr_carea' id='block_1_4' title="bbox 176 669 1695 737">
    <p class='ocr_par' dir='ltr' id='par_1_4' title="bbox 176 669 1695 737">
     <span class='ocr_line' id='line_1_4' title="bbox 176 669 1695 737; baseline 0.001 -14"><span class='ocrx_word' id='word_1_22' title='bbox 176 683 216 723; x_wconf 80' lang='lat' dir='ltr'><strong>et</strong></span> <span class='ocrx_word' id='word_1_23' title='bbox 240 669 478 736; x_wconf 81' lang='lat' dir='ltr'><strong>hospitum</strong></span> <span class='ocrx_word' id='word_1_24' title='bbox 505 680 623 721; x_wconf 87' lang='lat' dir='ltr'><strong>cum</strong></span> <span class='ocrx_word' id='word_1_25' title='bbox 659 681 879 724; x_wconf 85' lang='lat' dir='ltr'><strong>summo</strong></span> <span class='ocrx_word' id='word_1_26' title='bbox 909 670 1086 724; x_wconf 86' lang='lat' dir='ltr'><strong>studio</strong></span> <span class='ocrx_word' id='word_1_27' title='bbox 1133 684 1225 737; x_wconf 88' lang='lat' dir='ltr'><strong>pro</strong></span> <span class='ocrx_word' id='word_1_28' title='bbox 1255 672 1609 725; x_wconf 84' lang='lat' dir='ltr'><strong>misericordia</strong></span> <span class='ocrx_word' id='word_1_29' title='bbox 1640 679 1695 725; x_wconf 90' lang='lat' dir='ltr'><strong>et</strong></span> 
     </span>
    </p>
   </div>
   <div class='ocr_carea' id='block_1_5' title="bbox 175 757 1762 830">
    <p class='ocr_par' dir='ltr' id='par_1_5' title="bbox 175 757 1762 830">
     <span class='ocr_line' id='line_1_5' title="bbox 175 757 1762 830; baseline 0.003 -21"><span class='ocrx_word' id='word_1_30' title='bbox 175 759 415 812; x_wconf 65' lang='lat' dir='ltr'><strong>dilectione</strong></span> <span class='ocrx_word' id='word_1_31' title='bbox 441 757 492 810; x_wconf 93' lang='lat' dir='ltr'><strong>in</strong></span> <span class='ocrx_word' id='word_1_32' title='bbox 519 758 648 827; x_wconf 88' lang='lat' dir='ltr'><strong>ipsis</strong></span> <span class='ocrx_word' id='word_1_33' title='bbox 675 772 894 828; x_wconf 87' lang='lat' dir='ltr'><strong>semper</strong></span> <span class='ocrx_word' id='word_1_34' title='bbox 922 761 1170 830; x_wconf 87' lang='lat' dir='ltr'><strong>impendi.</strong></span> <span class='ocrx_word' id='word_1_35' title='bbox 1204 761 1307 814; x_wconf 85' lang='lat' dir='ltr'><strong>Pro</strong></span> <span class='ocrx_word' id='word_1_36' title='bbox 1329 760 1520 815; x_wconf 80' lang='lat' dir='ltr'><strong>Christi</strong></span> <span class='ocrx_word' id='word_1_37' title='bbox 1542 776 1693 814; x_wconf 85' lang='lat' dir='ltr'><strong>amo-</strong></span> <span class='ocrx_word' id='word_1_38' title='bbox 1746 781 1762 794; x_wconf 65' lang='grc' dir='ltr'><strong>ι</strong></span> 
     </span>
    </p>
   </div>
   <div class='ocr_carea' id='block_1_6' title="bbox 176 846 1697 918">
    <p class='ocr_par' dir='ltr' id='par_1_6' title="bbox 176 846 1697 918">
     <span class='ocr_line' id='line_1_6' title="bbox 176 846 1697 918; baseline 0.002 -17"><span class='ocrx_word' id='word_1_39' title='bbox 176 865 223 904; x_wconf 88' lang='lat' dir='ltr'><strong>re</strong></span> <span class='ocrx_word' id='word_1_40' title='bbox 245 846 406 902; x_wconf 84' lang='lat' dir='ltr'><strong>salutis</strong></span> <span class='ocrx_word' id='word_1_41' title='bbox 431 847 630 900; x_wconf 87' lang='lat' dir='ltr'><strong>monita</strong></span> <span class='ocrx_word' id='word_1_42' title='bbox 657 857 849 902; x_wconf 83' lang='lat' dir='ltr'><strong>sancta</strong></span> <span class='ocrx_word' id='word_1_43' title='bbox 879 850 990 918; x_wconf 89' lang='lat' dir='ltr'><strong>ipsa</strong></span> <span class='ocrx_word' id='word_1_44' title='bbox 1025 859 1195 902; x_wconf 88' lang='lat' dir='ltr'><strong>mater</strong></span> <span class='ocrx_word' id='word_1_45' title='bbox 1239 851 1561 915; x_wconf 73' lang='lat' dir='ltr'><strong>monasterii,</strong></span> <span class='ocrx_word' id='word_1_46' title='bbox 1596 867 1697 904; x_wconf 81' lang='lat' dir='ltr'><strong>au-</strong></span> 
     </span>
    </p>
   </div>
   <div class='ocr_carea' id='block_1_7' title="bbox 177 938 1695 1009">
    <p class='ocr_par' dir='ltr' id='par_1_7' title="bbox 177 938 1695 1009">
     <span class='ocr_line' id='line_1_7' title="bbox 177 938 1695 1009; baseline 0.002 -17"><span class='ocrx_word' id='word_1_47' title='bbox 177 941 262 992; x_wconf 86' lang='lat' dir='ltr'><strong>dita</strong></span> <span class='ocrx_word' id='word_1_48' title='bbox 286 938 430 991; x_wconf 90' lang='lat' dir='ltr'><strong>alacri</strong></span> <span class='ocrx_word' id='word_1_49' title='bbox 461 953 521 992; x_wconf 88' lang='lat' dir='ltr'><strong>ac</strong></span> <span class='ocrx_word' id='word_1_50' title='bbox 567 938 692 992; x_wconf 76' lang='lat' dir='ltr'><strong>keto</strong></span> <span class='ocrx_word' id='word_1_51' title='bbox 750 941 931 993; x_wconf 84' lang='lat' dir='ltr'><strong>animo</strong></span> <span class='ocrx_word' id='word_1_52' title='bbox 978 941 1299 1009; x_wconf 88' lang='lat' dir='ltr'><strong>adintplebat</strong></span> <span class='ocrx_word' id='word_1_53' title='bbox 1337 943 1554 996; x_wconf 89' lang='lat' dir='ltr'><strong>omnia:</strong></span> <span class='ocrx_word' id='word_1_54' title='bbox 1602 941 1695 996; x_wconf 86' lang='lat' dir='ltr'><strong>sed</strong></span> 
     </span>
    </p>
   </div>
   <div class='ocr_carea' id='block_1_8' title="bbox 179 1028 1696 1101">
    <p class='ocr_par' dir='ltr' id='par_1_8' title="bbox 179 1028 1696 1101">
     <span class='ocr_line' id='line_1_8' title="bbox 179 1028 1696 1101; baseline 0.003 -19"><span class='ocrx_word' id='word_1_55' title='bbox 179 1044 320 1098; x_wconf 77' lang='lat' dir='ltr'><strong>neque</strong></span> <span class='ocrx_word' id='word_1_56' title='bbox 343 1044 400 1084; x_wconf 88' lang='lat' dir='ltr'><strong>ea</strong></span> <span class='ocrx_word' id='word_1_57' title='bbox 425 1028 674 1097; x_wconf 73' lang='lat' dir='ltr'><strong>de’nceps</strong></span> <span class='ocrx_word' id='word_1_58' title='bbox 699 1030 974 1085; x_wconf 78' lang='lat' dir='ltr'><strong>ullatuodo</strong></span> <span class='ocrx_word' id='word_1_59' title='bbox 1002 1031 1289 1100; x_wconf 75' lang='lat' dir='ltr'><strong>adimplere</strong></span> <span class='ocrx_word' id='word_1_60' title='bbox 1313 1033 1574 1094; x_wconf 86' lang='lat' dir='ltr'><strong>cessabat.</strong></span> <span class='ocrx_word' id='word_1_61' title='bbox 1599 1049 1696 1101; x_wconf 90' lang='lat' dir='ltr'><strong>pro</strong></span> 
     </span>
    </p>
   </div>
   <div class='ocr_carea' id='block_1_9' title="bbox 178 1119 1646 1187">
    <p class='ocr_par' dir='ltr' id='par_1_9' title="bbox 178 1119 1646 1187">
     <span class='ocr_line' id='line_1_9' title="bbox 178 1119 1646 1187; baseline 0.001 -15"><span class='ocrx_word' id='word_1_62' title='bbox 178 1119 398 1173; x_wconf 80' lang='lat' dir='ltr'><strong>mercedis</strong></span> <span class='ocrx_word' id='word_1_63' title='bbox 421 1121 721 1172; x_wconf 86' lang='lat' dir='ltr'><strong>communis</strong></span> <span class='ocrx_word' id='word_1_64' title='bbox 759 1130 1064 1187; x_wconf 84' lang='lat' dir='ltr'><strong>augmento.</strong></span> <span class='ocrx_word' id='word_1_65' title='bbox 1641 1129 1646 1135; x_wconf 86' lang='grc'><em>’</em></span> 
     </span>
    </p>
   </div>
   <div class='ocr_carea' id='block_1_10' title="bbox 235 1207 1692 1279">
    <p class='ocr_par' dir='ltr' id='par_1_10' title="bbox 235 1207 1692 1279">
     <span class='ocr_line' id='line_1_10' title="bbox 235 1207 1692 1279; baseline 0 -17"><span class='ocrx_word' id='word_1_66' title='bbox 235 1208 307 1262; x_wconf 77' lang='grc'><strong>15.</strong></span> <span class='ocrx_word' id='word_1_67' title='bbox 343 1207 404 1260; x_wconf 87' lang='grc' dir='ltr'>Δι</span> <span class='ocrx_word' id='word_1_68' title='bbox 429 1223 554 1262; x_wconf 84' lang='lat' dir='ltr'><strong>vero</strong></span> <span class='ocrx_word' id='word_1_69' title='bbox 577 1209 690 1274; x_wconf 89' lang='lat' dir='ltr'><strong>jam</strong></span> <span class='ocrx_word' id='word_1_70' title='bbox 712 1211 1360 1278; x_wconf 78' lang='lat' dir='ltr'><strong>propinquantoglorioso</strong></span> <span class='ocrx_word' id='word_1_71' title='bbox 1386 1211 1500 1279; x_wconf 84' lang='lat' dir='ltr'><strong>ejus</strong></span> <span class='ocrx_word' id='word_1_72' title='bbox 1528 1212 1692 1274; x_wconf 88' lang='lat' dir='ltr'><strong>obitu,</strong></span> 
     </span>
    </p>
   </div>
   <div class='ocr_carea' id='block_1_11' title="bbox 179 1291 1698 1360">
    <p class='ocr_par' dir='ltr' id='par_1_11' title="bbox 179 1291 1698 1360">
     <span class='ocr_line' id='line_1_11' title="bbox 179 1291 1698 1360; baseline 0.003 -16"><span class='ocrx_word' id='word_1_73' title='bbox 179 1292 288 1346; x_wconf 82' lang='lat' dir='ltr'><strong>visio</strong></span> <span class='ocrx_word' id='word_1_74' title='bbox 308 1292 544 1360; x_wconf 71' lang='lat' dir='ltr'><strong>pra-clara</strong></span> <span class='ocrx_word' id='word_1_75' title='bbox 573 1293 621 1344; x_wconf 90' lang='lat' dir='ltr'><strong>ei</strong></span> <span class='ocrx_word' id='word_1_76' title='bbox 663 1291 764 1345; x_wconf 81' lang='lat' dir='ltr'><strong>l’uit</strong></span> <span class='ocrx_word' id='word_1_77' title='bbox 785 1304 1022 1348; x_wconf 87' lang='lat' dir='ltr'><strong>ostensa.</strong></span> <span class='ocrx_word' id='word_1_78' title='bbox 1052 1295 1204 1348; x_wconf 82' lang='lat' dir='ltr'><strong>Scala</strong></span> <span class='ocrx_word' id='word_1_79' title='bbox 1253 1297 1392 1350; x_wconf 91' lang='lat' dir='ltr'><strong>enim</strong></span> <span class='ocrx_word' id='word_1_80' title='bbox 1421 1308 1598 1351; x_wconf 88' lang='lat' dir='ltr'><strong>erecta</strong></span> <span class='ocrx_word' id='word_1_81' title='bbox 1645 1307 1698 1349; x_wconf 87' lang='lat' dir='ltr'><strong>ct</strong></span> 
     </span>
    </p>
   </div>
   <div class='ocr_carea' id='block_1_12' title="bbox 178 1382 1694 1454">
    <p class='ocr_par' dir='ltr' id='par_1_12' title="bbox 178 1382 1694 1454">
     <span class='ocr_line' id='line_1_12' title="bbox 178 1382 1694 1454; baseline 0.003 -19"><span class='ocrx_word' id='word_1_82' title='bbox 178 1395 298 1438; x_wconf 75' lang='lat' dir='ltr'><strong>stata</strong></span> <span class='ocrx_word' id='word_1_83' title='bbox 343 1392 458 1434; x_wconf 88' lang='lat' dir='ltr'><strong>ante</strong></span> <span class='ocrx_word' id='word_1_84' title='bbox 485 1382 735 1435; x_wconf 76' lang='lat' dir='ltr'><strong>altarium</strong></span> <span class='ocrx_word' id='word_1_85' title='bbox 789 1395 990 1442; x_wconf 71' lang='lat' dir='ltr'><strong>sancta:</strong></span> <span class='ocrx_word' id='word_1_86' title='bbox 1044 1385 1234 1449; x_wconf 66' lang='lat' dir='ltr'><strong>Maria},</strong></span> <span class='ocrx_word' id='word_1_87' title='bbox 1293 1387 1443 1454; x_wconf 85' lang='lat' dir='ltr'><strong>cujus</strong></span> <span class='ocrx_word' id='word_1_88' title='bbox 1491 1387 1694 1441; x_wconf 81' lang='lat' dir='ltr'><strong>culmen</strong></span> 
     </span>
    </p>
   </div>
   <div class='ocr_carea' id='block_1_13' title="bbox 179 1473 1692 1542">
    <p class='ocr_par' dir='ltr' id='par_1_13' title="bbox 179 1473 1692 1542">
     <span class='ocr_line' id='line_1_13' title="bbox 179 1473 1692 1542; baseline 0.003 -14"><span class='ocrx_word' id='word_1_89' title='bbox 179 1477 338 1528; x_wconf 70' lang='lat' dir='ltr'><strong>cretum</strong></span> <span class='ocrx_word' id='word_1_90' title='bbox 361 1473 711 1538; x_wconf 80' lang='lat' dir='ltr'><strong>contingeret,</strong></span> <span class='ocrx_word' id='word_1_91' title='bbox 743 1483 796 1528; x_wconf 90' lang='lat' dir='ltr'><strong>et</strong></span> <span class='ocrx_word' id='word_1_92' title='bbox 817 1476 968 1542; x_wconf 87' lang='lat' dir='ltr'><strong>quasi</strong></span> <span class='ocrx_word' id='word_1_93' title='bbox 993 1477 1208 1542; x_wconf 81' lang='lat' dir='ltr'><strong>angelos</strong></span> <span class='ocrx_word' id='word_1_94' title='bbox 1237 1477 1326 1530; x_wconf 86' lang='lat' dir='ltr'><strong>Dei</strong></span> <span class='ocrx_word' id='word_1_95' title='bbox 1357 1479 1692 1541; x_wconf 78' lang='lat' dir='ltr'><strong>Comitattles,</strong></span> 
     </span>
    </p>
   </div>
   <div class='ocr_carea' id='block_1_14' title="bbox 181 1563 1692 1635">
    <p class='ocr_par' dir='ltr' id='par_1_14' title="bbox 181 1563 1692 1635">
     <span class='ocr_line' id='line_1_14' title="bbox 181 1563 1692 1635; baseline 0.002 -20"><span class='ocrx_word' id='word_1_96' title='bbox 181 1574 226 1616; x_wconf 93' lang='grc' dir='ltr'><strong>ιιι</strong></span> <span class='ocrx_word' id='word_1_97' title='bbox 249 1564 343 1631; x_wconf 81' lang='lat' dir='ltr'><strong>ipsa</strong></span> <span class='ocrx_word' id='word_1_98' title='bbox 364 1563 546 1616; x_wconf 84' lang='lat' dir='ltr'><strong>damna</strong></span> <span class='ocrx_word' id='word_1_99' title='bbox 586 1563 867 1625; x_wconf 76' lang='lat' dir='ltr'><strong>Balthildis</strong></span> <span class='ocrx_word' id='word_1_100' title='bbox 897 1566 1208 1620; x_wconf 75' lang='lat' dir='ltr'><strong>ascenderet</strong></span> <span class='ocrx_word' id='word_1_101' title='bbox 1239 1583 1332 1635; x_wconf 89' lang='lat' dir='ltr'><strong>per</strong></span> <span class='ocrx_word' id='word_1_102' title='bbox 1375 1581 1512 1632; x_wconf 91' lang='lat' dir='ltr'><strong>eaut,</strong></span> <span class='ocrx_word' id='word_1_103' title='bbox 1547 1576 1601 1619; x_wconf 93' lang='lat' dir='ltr'><strong>ut</strong></span> <span class='ocrx_word' id='word_1_104' title='bbox 1630 1581 1692 1618; x_wconf 91' lang='lat' dir='ltr'><strong>ex</strong></span> 
     </span>
    </p>
   </div>
   <div class='ocr_carea' id='block_1_15' title="bbox 181 1651 1696 1725">
    <p class='ocr_par' dir='ltr' id='par_1_15' title="bbox 181 1651 1696 1725">
     <span class='ocr_line' id='line_1_15' title="bbox 181 1651 1696 1725; baseline 0.001 -18"><span class='ocrx_word' id='word_1_105' title='bbox 181 1657 260 1707; x_wconf 85' lang='lat' dir='ltr'><strong>bac</strong></span> <span class='ocrx_word' id='word_1_106' title='bbox 281 1651 585 1706; x_wconf 67' lang='lat' dir='ltr'><strong>rrvelatione</strong></span> <span class='ocrx_word' id='word_1_107' title='bbox 613 1662 860 1720; x_wconf 87' lang='lat' dir='ltr'><strong>patenter</strong></span> <span class='ocrx_word' id='word_1_108' title='bbox 901 1655 1118 1710; x_wconf 83' lang='lat' dir='ltr'><strong>daretur</strong></span> <span class='ocrx_word' id='word_1_109' title='bbox 1165 1657 1410 1725; x_wconf 86' lang='lat' dir='ltr'><strong>intelligi,</strong></span> <span class='ocrx_word' id='word_1_110' title='bbox 1442 1672 1506 1710; x_wconf 90' lang='lat' dir='ltr'><strong>eo</strong></span> <span class='ocrx_word' id='word_1_111' title='bbox 1553 1657 1696 1725; x_wconf 89' lang='lat' dir='ltr'><strong>quod</strong></span> 
     </span>
    </p>
   </div>
   <div class='ocr_carea' id='block_1_16' title="bbox 183 1743 1692 1813">
    <p class='ocr_par' dir='ltr' id='par_1_16' title="bbox 183 1743 1692 1813">
     <span class='ocr_line' id='line_1_16' title="bbox 183 1743 1692 1813; baseline -0.001 -15"><span class='ocrx_word' id='word_1_112' title='bbox 183 1759 258 1813; x_wconf 84' lang='lat' dir='ltr'><strong>per</strong></span> <span class='ocrx_word' id='word_1_113' title='bbox 276 1743 497 1797; x_wconf 81' lang='lat' dir='ltr'><strong>sublimia</strong></span> <span class='ocrx_word' id='word_1_114' title='bbox 527 1743 648 1811; x_wconf 87' lang='lat' dir='ltr'><strong>ejus</strong></span> <span class='ocrx_word' id='word_1_115' title='bbox 693 1745 882 1798; x_wconf 91' lang='lat' dir='ltr'><strong>merita</strong></span> <span class='ocrx_word' id='word_1_116' title='bbox 915 1747 1165 1813; x_wconf 89' lang='lat' dir='ltr'><strong>patientia</strong></span> <span class='ocrx_word' id='word_1_117' title='bbox 1188 1757 1243 1801; x_wconf 92' lang='lat' dir='ltr'><strong>et</strong></span> <span class='ocrx_word' id='word_1_118' title='bbox 1284 1747 1550 1801; x_wconf 86' lang='lat' dir='ltr'><strong>humilitas</strong></span> <span class='ocrx_word' id='word_1_119' title='bbox 1577 1762 1692 1800; x_wconf 88' lang='lat' dir='ltr'><strong>eam</strong></span> 
     </span>
    </p>
   </div>
   <div class='ocr_carea' id='block_1_17' title="bbox 1363 384 2080 471">
    <p class='ocr_par' dir='ltr' id='par_1_17' title="bbox 1363 384 2080 471">
     <span class='ocr_line' id='line_1_17' title="bbox 1363 384 2080 471; baseline 0.001 -32"><span class='ocrx_word' id='word_1_120' title='bbox 1363 385 1517 440; x_wconf 76' lang='grc' dir='ltr'><strong>νΠΑ</strong></span> <span class='ocrx_word' id='word_1_121' title='bbox 1559 386 1616 441; x_wconf 90' lang='lat' dir='ltr'><strong>S.</strong></span> <span class='ocrx_word' id='word_1_122' title='bbox 1637 384 2080 471; x_wconf 42' lang='lat' dir='ltr'><strong>.BALTHiLDIS.</strong></span> 
     </span>
    </p>
   </div>
   <div class='ocr_carea' id='block_1_18' title="bbox 3242 397 3344 453">
    <p class='ocr_par' dir='ltr' id='par_1_18' title="bbox 3242 397 3344 453">
     <span class='ocr_line' id='line_1_18' title="bbox 3242 397 3344 453; baseline 0.029 -3"><span class='ocrx_word' id='word_1_123' title='bbox 3242 397 3344 453; x_wconf 70' lang='grc' dir='ltr'><strong>στι</strong></span> 
     </span>
    </p>
   </div>
   <div class='ocr_carea' id='block_1_19' title="bbox 1789 493 3339 568">
    <p class='ocr_par' dir='ltr' id='par_1_19' title="bbox 1789 493 3339 568">
     <span class='ocr_line' id='line_1_19' title="bbox 1789 493 3339 568; baseline 0.01 -22"><span class='ocrx_word' id='word_1_124' title='bbox 1789 493 1909 546; x_wconf 86' lang='lat' dir='ltr'><strong>datu</strong></span> <span class='ocrx_word' id='word_1_125' title='bbox 1939 493 2164 550; x_wconf 83' lang='lat' dir='ltr'><strong>Geuesio</strong></span> <span class='ocrx_word' id='word_1_126' title='bbox 2192 496 2440 564; x_wconf 86' lang='lat' dir='ltr'><strong>episcopo</strong></span> <span class='ocrx_word' id='word_1_127' title='bbox 2485 496 2713 564; x_wconf 84' lang='lat' dir='ltr'><strong>gloriose</strong></span> <span class='ocrx_word' id='word_1_128' title='bbox 2767 499 2880 568; x_wconf 83' lang='lat' dir='ltr'><strong>ipsa</strong></span> <span class='ocrx_word' id='word_1_129' title='bbox 2927 507 3112 556; x_wconf 90' lang='lat' dir='ltr'><strong>sancta</strong></span> <span class='ocrx_word' id='word_1_130' title='bbox 3167 507 3339 562; x_wconf 87' lang='lat' dir='ltr'><strong>anima</strong></span> 
     </span>
    </p>
   </div>
   <div class='ocr_carea' id='block_1_20' title="bbox 1790 597 3203 665">
    <p class='ocr_par' dir='ltr' id='par_1_20' title="bbox 1790 597 3203 665">
     <span class='ocr_line' id='line_1_20' title="bbox 1790 597 3203 665; baseline 0.006 -17"><span class='ocrx_word' id='word_1_131' title='bbox 1790 602 2004 661; x_wconf 86' lang='lat' dir='ltr'><strong>recepta</strong></span> <span class='ocrx_word' id='word_1_132' title='bbox 2029 602 2127 660; x_wconf 89' lang='lat' dir='ltr'><strong>est,</strong></span> <span class='ocrx_word' id='word_1_133' title='bbox 2158 603 2215 648; x_wconf 87' lang='lat' dir='ltr'><strong>ut</strong></span> <span class='ocrx_word' id='word_1_134' title='bbox 2242 606 2487 662; x_wconf 84' lang='lat' dir='ltr'><strong>magnum</strong></span> <span class='ocrx_word' id='word_1_135' title='bbox 2516 597 2629 664; x_wconf 89' lang='lat' dir='ltr'><strong>ejus</strong></span> <span class='ocrx_word' id='word_1_136' title='bbox 2649 598 2893 665; x_wconf 76' lang='lat' dir='ltr'><strong>exigebat</strong></span> <span class='ocrx_word' id='word_1_137' title='bbox 2933 602 3203 657; x_wconf 88' lang='lat' dir='ltr'><strong>meritum.</strong></span> 
     </span>
    </p>
   </div>
   <div class='ocr_carea' id='block_1_21' title="bbox 1863 702 3346 773">
    <p class='ocr_par' dir='ltr' id='par_1_21' title="bbox 1863 702 3346 773">
     <span class='ocr_line' id='line_1_21' title="bbox 1863 702 3346 773; baseline 0.008 -17"><span class='ocrx_word' id='word_1_138' title='bbox 1863 703 1950 756; x_wconf 72' lang='grc'><strong>15.</strong></span> <span class='ocrx_word' id='word_1_139' title='bbox 1985 703 2047 756; x_wconf 84' lang='grc' dir='ltr'>Ει</span> <span class='ocrx_word' id='word_1_140' title='bbox 2075 702 2179 757; x_wconf 84' lang='lat' dir='ltr'><strong>hoc</strong></span> <span class='ocrx_word' id='word_1_141' title='bbox 2207 703 2276 756; x_wconf 90' lang='lat' dir='ltr'><strong>ita</strong></span> <span class='ocrx_word' id='word_1_142' title='bbox 2306 705 2571 773; x_wconf 87' lang='lat' dir='ltr'><strong>paulisper</strong></span> <span class='ocrx_word' id='word_1_143' title='bbox 2599 720 2810 762; x_wconf 87' lang='lat' dir='ltr'><strong>sorores</strong></span> <span class='ocrx_word' id='word_1_144' title='bbox 2837 708 2951 762; x_wconf 82' lang='lat' dir='ltr'><strong>illas</strong></span> <span class='ocrx_word' id='word_1_145' title='bbox 2978 726 3099 764; x_wconf 92' lang='lat' dir='ltr'><strong>cum</strong></span> <span class='ocrx_word' id='word_1_146' title='bbox 3132 711 3182 765; x_wconf 96' lang='lat' dir='ltr'><strong>in</strong></span> <span class='ocrx_word' id='word_1_147' title='bbox 3214 716 3346 767; x_wconf 90' lang='lat' dir='ltr'><strong>tanti</strong></span> 
     </span>
    </p>
   </div>
   <div class='ocr_carea' id='block_1_22' title="bbox 1791 800 3340 875">
    <p class='ocr_par' dir='ltr' id='par_1_22' title="bbox 1791 800 3340 875">
     <span class='ocr_line' id='line_1_22' title="bbox 1791 800 3340 875; baseline 0.01 -22"><span class='ocrx_word' id='word_1_148' title='bbox 1791 800 1988 855; x_wconf 90' lang='lat' dir='ltr'><strong>doloris</strong></span> <span class='ocrx_word' id='word_1_149' title='bbox 2014 801 2212 870; x_wconf 80' lang='lat' dir='ltr'><strong>gemitu</strong></span> <span class='ocrx_word' id='word_1_150' title='bbox 2234 804 2599 857; x_wconf 91' lang='lat' dir='ltr'><strong>conticuerunt</strong></span> <span class='ocrx_word' id='word_1_151' title='bbox 2625 813 2678 858; x_wconf 91' lang='lat' dir='ltr'><strong>et</strong></span> <span class='ocrx_word' id='word_1_152' title='bbox 2708 817 2764 859; x_wconf 90' lang='lat' dir='ltr'><strong>ut</strong></span> <span class='ocrx_word' id='word_1_153' title='bbox 2798 806 2906 874; x_wconf 88' lang='lat' dir='ltr'><strong>ipsa</strong></span> <span class='ocrx_word' id='word_1_154' title='bbox 2955 807 3184 875; x_wconf 88' lang='lat' dir='ltr'><strong>jttsserat</strong></span> <span class='ocrx_word' id='word_1_155' title='bbox 3239 816 3340 868; x_wconf 87' lang='lat' dir='ltr'><strong>sub</strong></span> 
     </span>
    </p>
   </div>
   <div class='ocr_carea' id='block_1_23' title="bbox 1791 899 3338 980">
    <p class='ocr_par' dir='ltr' id='par_1_23' title="bbox 1791 899 3338 980">
     <span class='ocr_line' id='line_1_23' title="bbox 1791 899 3338 980; baseline 0.008 -28"><span class='ocrx_word' id='word_1_156' title='bbox 1791 899 2021 966; x_wconf 89' lang='lat' dir='ltr'><strong>silentio,</strong></span> <span class='ocrx_word' id='word_1_157' title='bbox 2053 901 2122 954; x_wconf 87' lang='lat' dir='ltr'><strong>ita</strong></span> <span class='ocrx_word' id='word_1_158' title='bbox 2169 909 2370 955; x_wconf 89' lang='lat' dir='ltr'><strong>tantum</strong></span> <span class='ocrx_word' id='word_1_159' title='bbox 2426 911 2482 956; x_wconf 87' lang='grc' dir='ltr'><strong>ιιι</strong></span> <span class='ocrx_word' id='word_1_160' title='bbox 2530 903 2627 956; x_wconf 90' lang='lat' dir='ltr'><strong>soli</strong></span> <span class='ocrx_word' id='word_1_161' title='bbox 2661 912 2865 960; x_wconf 90' lang='lat' dir='ltr'><strong>tantum</strong></span> <span class='ocrx_word' id='word_1_162' title='bbox 2898 911 3201 964; x_wconf 83' lang='lat' dir='ltr'><strong>sacerdotes</strong></span> <span class='ocrx_word' id='word_1_163' title='bbox 3248 915 3338 980; x_wconf 90' lang='lat' dir='ltr'><strong>qui</strong></span> 
     </span>
    </p>
   </div>
   <div class='ocr_carea' id='block_1_24' title="bbox 1792 999 3344 1073">
    <p class='ocr_par' dir='ltr' id='par_1_24' title="bbox 1792 999 3344 1073">
     <span class='ocr_line' id='line_1_24' title="bbox 1792 999 3344 1073; baseline 0.005 -22"><span class='ocrx_word' id='word_1_164' title='bbox 1792 999 2289 1069; x_wconf 83' lang='lat' dir='ltr'><strong>ejusheatissituam</strong></span> <span class='ocrx_word' id='word_1_165' title='bbox 2307 1001 2536 1054; x_wconf 88' lang='lat' dir='ltr'><strong>animam</strong></span> <span class='ocrx_word' id='word_1_166' title='bbox 2559 1002 2780 1057; x_wconf 87' lang='lat' dir='ltr'><strong>Domino</strong></span> <span class='ocrx_word' id='word_1_167' title='bbox 2811 1008 3344 1073; x_wconf 87' lang='lat' dir='ltr'><strong>commendaverttnt,</strong></span> 
     </span>
    </p>
   </div>
   <div class='ocr_carea' id='block_1_25' title="bbox 1793 1097 3349 1175">
    <p class='ocr_par' dir='ltr' id='par_1_25' title="bbox 1793 1097 3349 1175">
     <span class='ocr_line' id='line_1_25' title="bbox 1793 1097 3349 1175; baseline 0.009 -25"><span class='ocrx_word' id='word_1_168' title='bbox 1793 1097 1897 1152; x_wconf 88' lang='lat' dir='ltr'><strong>illis</strong></span> <span class='ocrx_word' id='word_1_169' title='bbox 1923 1109 2002 1152; x_wconf 88' lang='lat' dir='ltr'><strong>est</strong></span> <span class='ocrx_word' id='word_1_170' title='bbox 2023 1101 2406 1154; x_wconf 20' lang='lat' dir='ltr'><strong>denttnti‘ttum.</strong></span> <span class='ocrx_word' id='word_1_171' title='bbox 2441 1103 2606 1167; x_wconf 87' lang='lat' dir='ltr'><strong>Quam</strong></span> <span class='ocrx_word' id='word_1_172' title='bbox 2636 1118 2744 1156; x_wconf 91' lang='lat' dir='ltr'><strong>rem</strong></span> <span class='ocrx_word' id='word_1_173' title='bbox 2807 1115 2989 1171; x_wconf 88' lang='lat' dir='ltr'><strong>postea</strong></span> <span class='ocrx_word' id='word_1_174' title='bbox 3019 1121 3349 1175; x_wconf 79' lang='lat' dir='ltr'><strong>cognoscens</strong></span> 
     </span>
    </p>
   </div>
   <div class='ocr_carea' id='block_1_26' title="bbox 1793 1189 3349 1264">
    <p class='ocr_par' dir='ltr' id='par_1_26' title="bbox 1793 1189 3349 1264">
     <span class='ocr_line' id='line_1_26' title="bbox 1793 1189 3349 1264; baseline 0.008 -24"><span class='ocrx_word' id='word_1_175' title='bbox 1793 1189 2054 1241; x_wconf 68' lang='lat' dir='ltr'><strong>abbatissa</strong></span> <span class='ocrx_word' id='word_1_176' title='bbox 2081 1196 2134 1242; x_wconf 87' lang='lat' dir='ltr'><strong>et</strong></span> <span class='ocrx_word' id='word_1_177' title='bbox 2175 1199 2361 1244; x_wconf 81' lang='lat' dir='ltr'><strong>cuncta</strong></span> <span class='ocrx_word' id='word_1_178' title='bbox 2410 1194 2768 1258; x_wconf 84' lang='lat' dir='ltr'><strong>congregatio,</strong></span> <span class='ocrx_word' id='word_1_179' title='bbox 2813 1210 2930 1247; x_wconf 91' lang='lat' dir='ltr'><strong>cum</strong></span> <span class='ocrx_word' id='word_1_180' title='bbox 2987 1211 3182 1264; x_wconf 87' lang='lat' dir='ltr'><strong>magno</strong></span> <span class='ocrx_word' id='word_1_181' title='bbox 3222 1199 3349 1253; x_wconf 84' lang='lat' dir='ltr'><strong>ﬂetu</strong></span> 
     </span>
    </p>
   </div>
   <div class='ocr_carea' id='block_1_27' title="bbox 1793 1281 3349 1352">
    <p class='ocr_par' dir='ltr' id='par_1_27' title="bbox 1793 1281 3349 1352">
     <span class='ocr_line' id='line_1_27' title="bbox 1793 1281 3349 1352; baseline 0.006 -20"><span class='ocrx_word' id='word_1_182' title='bbox 1793 1281 2122 1347; x_wconf 83' lang='lat' dir='ltr'><strong>requirentes</strong></span> <span class='ocrx_word' id='word_1_183' title='bbox 2147 1281 2410 1348; x_wconf 89' lang='lat' dir='ltr'><strong>quomodo</strong></span> <span class='ocrx_word' id='word_1_184' title='bbox 2437 1282 2514 1334; x_wconf 85' lang='lat' dir='ltr'><strong>sic</strong></span> <span class='ocrx_word' id='word_1_185' title='bbox 2540 1283 2714 1334; x_wconf 85' lang='lat' dir='ltr'><strong>subito</strong></span> <span class='ocrx_word' id='word_1_186' title='bbox 2745 1292 2797 1335; x_wconf 88' lang='lat' dir='ltr'><strong>et</strong></span> <span class='ocrx_word' id='word_1_187' title='bbox 2823 1285 3106 1352; x_wconf 87' lang='lat' dir='ltr'><strong>improviso</strong></span> <span class='ocrx_word' id='word_1_188' title='bbox 3128 1303 3227 1341; x_wconf 92' lang='lat' dir='ltr'><strong>nec</strong></span> <span class='ocrx_word' id='word_1_189' title='bbox 3248 1291 3349 1342; x_wconf 85' lang='lat' dir='ltr'><strong>sibi</strong></span> 
     </span>
    </p>
   </div>
   <div class='ocr_carea' id='block_1_28' title="bbox 1793 1371 3353 1444">
    <p class='ocr_par' dir='ltr' id='par_1_28' title="bbox 1793 1371 3353 1444">
     <span class='ocr_line' id='line_1_28' title="bbox 1793 1371 3353 1444; baseline 0.006 -22"><span class='ocrx_word' id='word_1_190' title='bbox 1793 1371 2003 1438; x_wconf 82' lang='lat' dir='ltr'><strong>cognita</strong></span> <span class='ocrx_word' id='word_1_191' title='bbox 2037 1379 2177 1423; x_wconf 91' lang='lat' dir='ltr'><strong>esset</strong></span> <span class='ocrx_word' id='word_1_192' title='bbox 2203 1372 2374 1424; x_wconf 81' lang='lat' dir='ltr'><strong>exitus</strong></span> <span class='ocrx_word' id='word_1_193' title='bbox 2395 1372 2471 1426; x_wconf 86' lang='lat' dir='ltr'><strong>sui</strong></span> <span class='ocrx_word' id='word_1_194' title='bbox 2506 1374 2652 1435; x_wconf 85' lang='lat' dir='ltr'><strong>hora,</strong></span> <span class='ocrx_word' id='word_1_195' title='bbox 2686 1384 2740 1426; x_wconf 91' lang='lat' dir='ltr'><strong>et</strong></span> <span class='ocrx_word' id='word_1_196' title='bbox 2762 1377 2909 1441; x_wconf 90' lang='lat' dir='ltr'><strong>quasi</strong></span> <span class='ocrx_word' id='word_1_197' title='bbox 2963 1386 3110 1444; x_wconf 89' lang='lat' dir='ltr'><strong>rapta</strong></span> <span class='ocrx_word' id='word_1_198' title='bbox 3170 1377 3353 1432; x_wconf 74' lang='lat' dir='ltr'><strong>fuisset</strong></span> 
     </span>
    </p>
   </div>
   <div class='ocr_carea' id='block_1_29' title="bbox 1793 1464 3354 1544">
    <p class='ocr_par' dir='ltr' id='par_1_29' title="bbox 1793 1464 3354 1544">
     <span class='ocr_line' id='line_1_29' title="bbox 1793 1464 3354 1544; baseline 0.009 -29"><span class='ocrx_word' id='word_1_199' title='bbox 1793 1464 1860 1516; x_wconf 90' lang='lat' dir='ltr'><strong>ab</strong></span> <span class='ocrx_word' id='word_1_200' title='bbox 1886 1465 1963 1518; x_wconf 84' lang='lat' dir='ltr'><strong>eis</strong></span> <span class='ocrx_word' id='word_1_201' title='bbox 1990 1479 2195 1532; x_wconf 83' lang='lat' dir='ltr'><strong>gemma</strong></span> <span class='ocrx_word' id='word_1_202' title='bbox 2222 1467 2305 1520; x_wconf 83' lang='lat' dir='ltr'><strong>illa</strong></span> <span class='ocrx_word' id='word_1_203' title='bbox 2329 1469 2569 1522; x_wconf 81' lang='lat' dir='ltr'><strong>omnibus</strong></span> <span class='ocrx_word' id='word_1_204' title='bbox 2591 1468 2969 1526; x_wconf 84' lang='lat' dir='ltr'><strong>desiderabilis.</strong></span> <span class='ocrx_word' id='word_1_205' title='bbox 2994 1473 3354 1544; x_wconf 81' lang='lat' dir='ltr'><strong>Omnibusque</strong></span> 
     </span>
    </p>
   </div>
   <div class='ocr_carea' id='block_1_30' title="bbox 1792 1554 3354 1628">
    <p class='ocr_par' dir='ltr' id='par_1_30' title="bbox 1792 1554 3354 1628">
     <span class='ocr_line' id='line_1_30' title="bbox 1792 1554 3354 1628; baseline 0.01 -24"><span class='ocrx_word' id='word_1_206' title='bbox 1792 1554 2175 1622; x_wconf 59' lang='lat' dir='ltr'><strong>obstupefactis</strong></span> <span class='ocrx_word' id='word_1_207' title='bbox 2224 1554 2420 1622; x_wconf 86' lang='lat' dir='ltr'><strong>pariter</strong></span> <span class='ocrx_word' id='word_1_208' title='bbox 2448 1562 2698 1625; x_wconf 79' lang='lat' dir='ltr'><strong>prostrati</strong></span> <span class='ocrx_word' id='word_1_209' title='bbox 2748 1561 2890 1615; x_wconf 83' lang='lat' dir='ltr'><strong>illico</strong></span> <span class='ocrx_word' id='word_1_210' title='bbox 2941 1578 3103 1628; x_wconf 87' lang='lat' dir='ltr'><strong>super</strong></span> <span class='ocrx_word' id='word_1_211' title='bbox 3140 1566 3354 1620; x_wconf 91' lang='lat' dir='ltr'><strong>ltuntunt</strong></span> 
     </span>
    </p>
   </div>
   <div class='ocr_carea' id='block_1_31' title="bbox 1793 1644 3355 1720">
    <p class='ocr_par' dir='ltr' id='par_1_31' title="bbox 1793 1644 3355 1720">
     <span class='ocr_line' id='line_1_31' title="bbox 1793 1644 3355 1720; baseline 0.011 -26"><span class='ocrx_word' id='word_1_212' title='bbox 1793 1644 2077 1713; x_wconf 81' lang='lat' dir='ltr'><strong>multisque</strong></span> <span class='ocrx_word' id='word_1_213' title='bbox 2107 1647 2175 1700; x_wconf 92' lang='lat' dir='ltr'><strong>ibi</strong></span> <span class='ocrx_word' id='word_1_214' title='bbox 2207 1647 2434 1716; x_wconf 79' lang='lat' dir='ltr'><strong>profusis</strong></span> <span class='ocrx_word' id='word_1_215' title='bbox 2461 1650 2706 1720; x_wconf 88' lang='lat' dir='ltr'><strong>lacryutis</strong></span> <span class='ocrx_word' id='word_1_216' title='bbox 2734 1667 2852 1705; x_wconf 89' lang='lat' dir='ltr'><strong>cum</strong></span> <span class='ocrx_word' id='word_1_217' title='bbox 2885 1653 3126 1708; x_wconf 88' lang='lat' dir='ltr'><strong>immensi</strong></span> <span class='ocrx_word' id='word_1_218' title='bbox 3156 1657 3355 1711; x_wconf 84' lang='lat' dir='ltr'><strong>doloris</strong></span> 
     </span>
    </p>
   </div>
   <div class='ocr_carea' id='block_1_32' title="bbox 1793 1737 3356 1809">
    <p class='ocr_par' dir='ltr' id='par_1_32' title="bbox 1793 1737 3356 1809">
     <span class='ocr_line' id='line_1_32' title="bbox 1793 1737 3356 1809; baseline 0.009 -23"><span class='ocrx_word' id='word_1_219' title='bbox 1793 1737 1990 1800; x_wconf 82' lang='lat' dir='ltr'><strong>gemitu</strong></span> <span class='ocrx_word' id='word_1_220' title='bbox 2024 1737 2230 1808; x_wconf 71' lang='lat' dir='ltr'><strong>ﬂentes,</strong></span> <span class='ocrx_word' id='word_1_221' title='bbox 2256 1747 2308 1791; x_wconf 88' lang='lat' dir='ltr'><strong>et</strong></span> <span class='ocrx_word' id='word_1_222' title='bbox 2330 1740 2417 1806; x_wconf 91' lang='lat' dir='ltr'><strong>pio</strong></span> <span class='ocrx_word' id='word_1_223' title='bbox 2452 1741 2672 1795; x_wconf 91' lang='lat' dir='ltr'><strong>Domino</strong></span> <span class='ocrx_word' id='word_1_224' title='bbox 2713 1744 2912 1809; x_wconf 78' lang='lat' dir='ltr'><strong>gratias</strong></span> <span class='ocrx_word' id='word_1_225' title='bbox 2939 1754 3156 1805; x_wconf 61' lang='lat' dir='ltr'><strong>agentes</strong></span> <span class='ocrx_word' id='word_1_226' title='bbox 3177 1755 3231 1800; x_wconf 93' lang='lat' dir='ltr'><strong>et</strong></span> <span class='ocrx_word' id='word_1_227' title='bbox 3251 1749 3356 1802; x_wconf 83' lang='lat' dir='ltr'><strong>col-</strong></span> 
     </span>
    </p>
   </div>
   <div class='ocr_carea' id='block_1_33' title="bbox 181 1822 1699 1908">
    <p class='ocr_par' dir='ltr' id='par_1_33' title="bbox 181 1833 1698 1908">
     <span class='ocr_line' id='line_1_33' title="bbox 181 1833 1698 1908; baseline 0.003 -20"><span class='ocrx_word' id='word_1_228' title='bbox 181 1836 233 1888; x_wconf 88' lang='lat' dir='ltr'><strong>ad</strong></span> <span class='ocrx_word' id='word_1_229' title='bbox 252 1833 592 1889; x_wconf 85' lang='lat' dir='ltr'><strong>celsitudinem</strong></span> <span class='ocrx_word' id='word_1_230' title='bbox 626 1836 814 1889; x_wconf 58' lang='lat' dir='ltr'><strong>interni</strong></span> <span class='ocrx_word' id='word_1_231' title='bbox 839 1838 979 1904; x_wconf 84' lang='lat' dir='ltr'><strong>regis</strong></span> <span class='ocrx_word' id='word_1_232' title='bbox 1025 1846 1079 1891; x_wconf 91' lang='lat' dir='ltr'><strong>et</strong></span> <span class='ocrx_word' id='word_1_233' title='bbox 1119 1838 1184 1892; x_wconf 86' lang='lat' dir='ltr'><strong>ad</strong></span> <span class='ocrx_word' id='word_1_234' title='bbox 1217 1841 1417 1908; x_wconf 67' lang='lat' dir='ltr'><strong>pr.rtnii</strong></span> <span class='ocrx_word' id='word_1_235' title='bbox 1448 1853 1698 1892; x_wconf 87' lang='lat' dir='ltr'><strong>coronam</strong></span> 
     </span>
    </p>
   </div>
   <div class='ocr_carea' id='block_1_34' title="bbox 1806 1822 3354 1908">
    <p class='ocr_par' dir='ltr' id='par_1_34' title="bbox 1807 1825 3354 1898">
     <span class='ocr_line' id='line_1_34' title="bbox 1807 1825 3354 1898; baseline 0.009 -22"><span class='ocrx_word' id='word_1_236' title='bbox 1807 1825 2082 1881; x_wconf 88' lang='lat' dir='ltr'><strong>laudantes</strong></span> <span class='ocrx_word' id='word_1_237' title='bbox 2119 1830 2623 1883; x_wconf 87' lang='lat' dir='ltr'><strong>comtueudaverunt</strong></span> <span class='ocrx_word' id='word_1_238' title='bbox 2671 1831 2788 1898; x_wconf 88' lang='lat' dir='ltr'><strong>ejus</strong></span> <span class='ocrx_word' id='word_1_239' title='bbox 2839 1842 3078 1887; x_wconf 88' lang='lat' dir='ltr'><strong>sanctam</strong></span> <span class='ocrx_word' id='word_1_240' title='bbox 3127 1835 3354 1890; x_wconf 89' lang='lat' dir='ltr'><strong>animant</strong></span> 
     </span>
    </p>
   </div>
   <div class='ocr_carea' id='block_1_35' title="bbox 181 1923 1701 1996">
    <p class='ocr_par' dir='ltr' id='par_1_35' title="bbox 181 1923 1701 1996">
     <span class='ocr_line' id='line_1_35' title="bbox 181 1923 1701 1996; baseline 0.002 -19"><span class='ocrx_word' id='word_1_241' title='bbox 181 1924 310 1977; x_wconf 87' lang='lat' dir='ltr'><strong>citius</strong></span> <span class='ocrx_word' id='word_1_242' title='bbox 334 1923 661 1976; x_wconf 84' lang='lat' dir='ltr'><strong>exaltandatn</strong></span> <span class='ocrx_word' id='word_1_243' title='bbox 690 1924 1025 1992; x_wconf 76' lang='lat' dir='ltr'><strong>perduceret.</strong></span> <span class='ocrx_word' id='word_1_244' title='bbox 1065 1925 1178 1992; x_wconf 86' lang='lat' dir='ltr'><strong>Qua</strong></span> <span class='ocrx_word' id='word_1_245' title='bbox 1210 1928 1368 1980; x_wconf 89' lang='lat' dir='ltr'><strong>etiam</strong></span> <span class='ocrx_word' id='word_1_246' title='bbox 1410 1929 1524 1996; x_wconf 87' lang='lat' dir='ltr'><strong>ipsa</strong></span> <span class='ocrx_word' id='word_1_247' title='bbox 1551 1927 1701 1980; x_wconf 86' lang='lat' dir='ltr'><strong>dotu-</strong></span> 
     </span>
    </p>
   </div>
   <div class='ocr_carea' id='block_1_36' title="bbox 182 2013 1698 2086">
    <p class='ocr_par' dir='ltr' id='par_1_36' title="bbox 182 2013 1698 2086">
     <span class='ocr_line' id='line_1_36' title="bbox 182 2013 1698 2086; baseline 0.003 -20"><span class='ocrx_word' id='word_1_248' title='bbox 182 2030 235 2069; x_wconf 87' lang='lat' dir='ltr'><strong>na</strong></span> <span class='ocrx_word' id='word_1_249' title='bbox 259 2013 439 2068; x_wconf 78' lang='lat' dir='ltr'><strong>visione</strong></span> <span class='ocrx_word' id='word_1_250' title='bbox 463 2023 739 2084; x_wconf 90' lang='lat' dir='ltr'><strong>comperta</strong></span> <span class='ocrx_word' id='word_1_251' title='bbox 766 2021 1016 2084; x_wconf 80' lang='lat' dir='ltr'><strong>cognovit</strong></span> <span class='ocrx_word' id='word_1_252' title='bbox 1053 2034 1112 2072; x_wconf 91' lang='lat' dir='ltr'><strong>se</strong></span> <span class='ocrx_word' id='word_1_253' title='bbox 1136 2020 1452 2086; x_wconf 89' lang='lat' dir='ltr'><strong>quantocius</strong></span> <span class='ocrx_word' id='word_1_254' title='bbox 1501 2034 1531 2073; x_wconf 94' lang='lat' dir='ltr'><strong>e</strong></span> <span class='ocrx_word' id='word_1_255' title='bbox 1579 2034 1698 2072; x_wconf 88' lang='lat' dir='ltr'><strong>cor-</strong></span> 
     </span>
    </p>
   </div>
   <div class='ocr_carea' id='block_1_37' title="bbox 181 2105 1702 2177">
    <p class='ocr_par' dir='ltr' id='par_1_37' title="bbox 181 2105 1702 2177">
     <span class='ocr_line' id='line_1_37' title="bbox 181 2105 1702 2177; baseline 0.005 -21"><span class='ocrx_word' id='word_1_256' title='bbox 181 2119 285 2172; x_wconf 85' lang='lat' dir='ltr'><strong>pore</strong></span> <span class='ocrx_word' id='word_1_257' title='bbox 306 2118 411 2158; x_wconf 85' lang='lat' dir='ltr'><strong>esse</strong></span> <span class='ocrx_word' id='word_1_258' title='bbox 434 2105 801 2172; x_wconf 81' lang='lat' dir='ltr'><strong>migraturam,</strong></span> <span class='ocrx_word' id='word_1_259' title='bbox 831 2117 886 2160; x_wconf 90' lang='lat' dir='ltr'><strong>et</strong></span> <span class='ocrx_word' id='word_1_260' title='bbox 917 2108 1038 2161; x_wconf 92' lang='lat' dir='ltr'><strong>illuc</strong></span> <span class='ocrx_word' id='word_1_261' title='bbox 1067 2110 1152 2162; x_wconf 91' lang='lat' dir='ltr'><strong>ubi</strong></span> <span class='ocrx_word' id='word_1_262' title='bbox 1179 2110 1290 2177; x_wconf 90' lang='lat' dir='ltr'><strong>jam</strong></span> <span class='ocrx_word' id='word_1_263' title='bbox 1318 2111 1442 2163; x_wconf 89' lang='lat' dir='ltr'><strong>olim</strong></span> <span class='ocrx_word' id='word_1_264' title='bbox 1488 2111 1702 2164; x_wconf 89' lang='lat' dir='ltr'><strong>thesau-</strong></span> 
     </span>
    </p>
   </div>
   <div class='ocr_carea' id='block_1_38' title="bbox 182 2193 1700 2267">
    <p class='ocr_par' dir='ltr' id='par_1_38' title="bbox 182 2193 1700 2267">
     <span class='ocr_line' id='line_1_38' title="bbox 182 2193 1700 2267; baseline 0.004 -21"><span class='ocrx_word' id='word_1_265' title='bbox 182 2208 276 2247; x_wconf 85' lang='lat' dir='ltr'><strong>rum</strong></span> <span class='ocrx_word' id='word_1_266' title='bbox 294 2193 532 2263; x_wconf 84' lang='lat' dir='ltr'><strong>Optimum</strong></span> <span class='ocrx_word' id='word_1_267' title='bbox 561 2197 883 2249; x_wconf 90' lang='lat' dir='ltr'><strong>reconderat</strong></span> <span class='ocrx_word' id='word_1_268' title='bbox 907 2198 1033 2266; x_wconf 73' lang='grc' dir='ltr'>ιΑι.,</span> <span class='ocrx_word' id='word_1_269' title='bbox 1065 2198 1454 2267; x_wconf 77' lang='lat' dir='ltr'><strong>rtcondideratJ</strong></span> <span class='ocrx_word' id='word_1_270' title='bbox 1474 2212 1700 2266; x_wconf 86' lang='lat' dir='ltr'><strong>perven-</strong></span> 
     </span>
    </p>
   </div>
   <div class='ocr_carea' id='block_1_39' title="bbox 181 2282 1697 2355">
    <p class='ocr_par' dir='ltr' id='par_1_39' title="bbox 181 2282 1697 2355">
     <span class='ocr_line' id='line_1_39' title="bbox 181 2282 1697 2355; baseline 0.005 -21"><span class='ocrx_word' id='word_1_271' title='bbox 181 2294 341 2335; x_wconf 86' lang='lat' dir='ltr'><strong>turam.</strong></span> <span class='ocrx_word' id='word_1_272' title='bbox 390 2291 413 2318; x_wconf 79' lang='grc'>⁶</span> <span class='ocrx_word' id='word_1_273' title='bbox 466 2282 596 2336; x_wconf 90' lang='lat' dir='ltr'><strong>Illud</strong></span> <span class='ocrx_word' id='word_1_274' title='bbox 643 2299 769 2338; x_wconf 86' lang='lat' dir='ltr'><strong>vero</strong></span> <span class='ocrx_word' id='word_1_275' title='bbox 820 2285 976 2338; x_wconf 83' lang='lat' dir='ltr'><strong>silere</strong></span> <span class='ocrx_word' id='word_1_276' title='bbox 1029 2287 1296 2355; x_wconf 77' lang='lat' dir='ltr'><strong>prmcepit,</strong></span> <span class='ocrx_word' id='word_1_277' title='bbox 1348 2296 1405 2340; x_wconf 92' lang='lat' dir='ltr'><strong>ut</strong></span> <span class='ocrx_word' id='word_1_278' title='bbox 1451 2289 1697 2354; x_wconf 85' lang='lat' dir='ltr'><strong>usquein</strong></span> 
     </span>
    </p>
   </div>
   <div class='ocr_carea' id='block_1_40' title="bbox 182 2374 1701 2444">
    <p class='ocr_par' dir='ltr' id='par_1_40' title="bbox 182 2374 1701 2444">
     <span class='ocr_line' id='line_1_40' title="bbox 182 2374 1701 2444; baseline 0.007 -20"><span class='ocrx_word' id='word_1_279' title='bbox 182 2374 418 2427; x_wconf 83' lang='lat' dir='ltr'><strong>transitum</strong></span> <span class='ocrx_word' id='word_1_280' title='bbox 445 2389 595 2428; x_wconf 89' lang='lat' dir='ltr'><strong>suum</strong></span> <span class='ocrx_word' id='word_1_281' title='bbox 637 2391 735 2444; x_wconf 92' lang='lat' dir='ltr'><strong>pro</strong></span> <span class='ocrx_word' id='word_1_282' title='bbox 774 2376 974 2431; x_wconf 86' lang='lat' dir='ltr'><strong>doloris</strong></span> <span class='ocrx_word' id='word_1_283' title='bbox 1023 2379 1272 2432; x_wconf 71' lang='lat' dir='ltr'><strong>mmstitia</strong></span> <span class='ocrx_word' id='word_1_284' title='bbox 1316 2379 1591 2434; x_wconf 85' lang='lat' dir='ltr'><strong>sororibus</strong></span> <span class='ocrx_word' id='word_1_285' title='bbox 1619 2381 1701 2434; x_wconf 91' lang='lat' dir='ltr'><strong>vel</strong></span> 
     </span>
    </p>
   </div>
   <div class='ocr_carea' id='block_1_41' title="bbox 185 2465 1702 2542">
    <p class='ocr_par' dir='ltr' id='par_1_41' title="bbox 185 2465 1702 2542">
     <span class='ocr_line' id='line_1_41' title="bbox 185 2465 1702 2542; baseline 0.009 -29"><span class='ocrx_word' id='word_1_286' title='bbox 185 2465 313 2518; x_wconf 73' lang='lat' dir='ltr'><strong>titatri</strong></span> <span class='ocrx_word' id='word_1_287' title='bbox 332 2467 628 2520; x_wconf 82' lang='lat' dir='ltr'><strong>monasterii</strong></span> <span class='ocrx_word' id='word_1_288' title='bbox 659 2467 772 2534; x_wconf 90' lang='lat' dir='ltr'><strong>ipsa</strong></span> <span class='ocrx_word' id='word_1_289' title='bbox 793 2467 926 2539; x_wconf 86' lang='lat' dir='ltr'><strong>visio</strong></span> <span class='ocrx_word' id='word_1_290' title='bbox 962 2483 1067 2523; x_wconf 94' lang='lat' dir='ltr'><strong>non</strong></span> <span class='ocrx_word' id='word_1_291' title='bbox 1102 2470 1444 2524; x_wconf 88' lang='lat' dir='ltr'><strong>indicaretur.</strong></span> <span class='ocrx_word' id='word_1_292' title='bbox 1473 2469 1576 2526; x_wconf 91' lang='lat' dir='ltr'><strong>Sed</strong></span> <span class='ocrx_word' id='word_1_293' title='bbox 1605 2487 1702 2542; x_wconf 85' lang='lat' dir='ltr'><strong>po-</strong></span> 
     </span>
    </p>
   </div>
   <div class='ocr_carea' id='block_1_42' title="bbox 184 2555 1700 2628">
    <p class='ocr_par' dir='ltr' id='par_1_42' title="bbox 184 2555 1700 2628">
     <span class='ocr_line' id='line_1_42' title="bbox 184 2555 1700 2628; baseline 0.007 -21"><span class='ocrx_word' id='word_1_294' title='bbox 184 2556 267 2608; x_wconf 88' lang='lat' dir='ltr'><strong>tius</strong></span> <span class='ocrx_word' id='word_1_295' title='bbox 285 2555 382 2622; x_wconf 87' lang='lat' dir='ltr'><strong>ipsa</strong></span> <span class='ocrx_word' id='word_1_296' title='bbox 405 2557 484 2624; x_wconf 87' lang='lat' dir='ltr'><strong>pia</strong></span> <span class='ocrx_word' id='word_1_297' title='bbox 513 2565 567 2608; x_wconf 90' lang='lat' dir='ltr'><strong>et</strong></span> <span class='ocrx_word' id='word_1_298' title='bbox 586 2557 750 2610; x_wconf 89' lang='lat' dir='ltr'><strong>alacri</strong></span> <span class='ocrx_word' id='word_1_299' title='bbox 777 2568 953 2612; x_wconf 87' lang='lat' dir='ltr'><strong>mente</strong></span> <span class='ocrx_word' id='word_1_300' title='bbox 1001 2561 1166 2627; x_wconf 88' lang='lat' dir='ltr'><strong>magis</strong></span> <span class='ocrx_word' id='word_1_301' title='bbox 1193 2576 1259 2614; x_wconf 91' lang='lat' dir='ltr'><strong>ac</strong></span> <span class='ocrx_word' id='word_1_302' title='bbox 1289 2563 1454 2628; x_wconf 84' lang='lat' dir='ltr'><strong>magis</strong></span> <span class='ocrx_word' id='word_1_303' title='bbox 1501 2572 1700 2617; x_wconf 68' lang='lat' dir='ltr'><strong>sancta:</strong></span> 
     </span>
    </p>
   </div>
   <div class='ocr_carea' id='block_1_43' title="bbox 187 2645 1702 2715">
    <p class='ocr_par' dir='ltr' id='par_1_43' title="bbox 187 2645 1702 2715">
     <span class='ocr_line' id='line_1_43' title="bbox 187 2645 1702 2715; baseline 0.01 -22"><span class='ocrx_word' id='word_1_304' title='bbox 187 2646 389 2700; x_wconf 86' lang='lat' dir='ltr'><strong>insistere</strong></span> <span class='ocrx_word' id='word_1_305' title='bbox 406 2645 567 2713; x_wconf 86' lang='lat' dir='ltr'><strong>preci,</strong></span> <span class='ocrx_word' id='word_1_306' title='bbox 595 2655 652 2698; x_wconf 89' lang='lat' dir='ltr'><strong>et</strong></span> <span class='ocrx_word' id='word_1_307' title='bbox 673 2647 1012 2715; x_wconf 89' lang='lat' dir='ltr'><strong>semetipsam</strong></span> <span class='ocrx_word' id='word_1_308' title='bbox 1039 2663 1157 2702; x_wconf 88' lang='lat' dir='ltr'><strong>cum</strong></span> <span class='ocrx_word' id='word_1_309' title='bbox 1174 2651 1353 2704; x_wconf 89' lang='lat' dir='ltr'><strong>cordis</strong></span> <span class='ocrx_word' id='word_1_310' title='bbox 1378 2653 1702 2708; x_wconf 59' lang='lat' dir='ltr'><strong>contritione</strong></span> 
     </span>
    </p>
   </div>
   <div class='ocr_carea' id='block_1_44' title="bbox 187 2735 1702 2803">
    <p class='ocr_par' dir='ltr' id='par_1_44' title="bbox 187 2735 1702 2803">
     <span class='ocr_line' id='line_1_44' title="bbox 187 2735 1702 2803; baseline 0.005 -17"><span class='ocrx_word' id='word_1_311' title='bbox 187 2736 414 2788; x_wconf 82' lang='lat' dir='ltr'><strong>humiliter</strong></span> <span class='ocrx_word' id='word_1_312' title='bbox 458 2735 660 2790; x_wconf 68' lang='lat' dir='ltr'><strong>caelesti</strong></span> <span class='ocrx_word' id='word_1_313' title='bbox 706 2738 817 2803; x_wconf 87' lang='lat' dir='ltr'><strong>regi</strong></span> <span class='ocrx_word' id='word_1_314' title='bbox 858 2737 1080 2792; x_wconf 93' lang='lat' dir='ltr'><strong>Domino</strong></span> <span class='ocrx_word' id='word_1_315' title='bbox 1131 2737 1257 2793; x_wconf 81' lang='lat' dir='ltr'><strong>Jesu</strong></span> <span class='ocrx_word' id='word_1_316' title='bbox 1288 2739 1500 2796; x_wconf 89' lang='lat' dir='ltr'><strong>Christo</strong></span> <span class='ocrx_word' id='word_1_317' title='bbox 1556 2759 1702 2796; x_wconf 83' lang='lat' dir='ltr'><strong>cotu-</strong></span> 
     </span>
    </p>
   </div>
   <div class='ocr_carea' id='block_1_45' title="bbox 187 2822 1702 2901">
    <p class='ocr_par' dir='ltr' id='par_1_45' title="bbox 187 2822 1702 2901">
     <span class='ocr_line' id='line_1_45' title="bbox 187 2822 1702 2901; baseline 0.006 -25"><span class='ocrx_word' id='word_1_318' title='bbox 187 2822 399 2878; x_wconf 78' lang='lat' dir='ltr'><strong>tuendare</strong></span> <span class='ocrx_word' id='word_1_319' title='bbox 423 2824 688 2878; x_wconf 86' lang='lat' dir='ltr'><strong>attentius.</strong></span> <span class='ocrx_word' id='word_1_320' title='bbox 735 2823 795 2878; x_wconf 85' lang='lat' dir='ltr'><strong>Et</strong></span> <span class='ocrx_word' id='word_1_321' title='bbox 839 2827 1049 2880; x_wconf 86' lang='lat' dir='ltr'><strong>occulto</strong></span> <span class='ocrx_word' id='word_1_322' title='bbox 1083 2829 1466 2883; x_wconf 78' lang='lat' dir='ltr'><strong>exhortabatur</strong></span> <span class='ocrx_word' id='word_1_323' title='bbox 1493 2847 1702 2901; x_wconf 59' lang='lat' dir='ltr'><strong>semper</strong></span> 
     </span>
    </p>
   </div>
   <div class='ocr_carea' id='block_1_46' title="bbox 187 2912 1701 2986">
    <p class='ocr_par' dir='ltr' id='par_1_46' title="bbox 187 2912 1701 2986">
     <span class='ocr_line' id='line_1_46' title="bbox 187 2912 1701 2986; baseline 0.009 -22"><span class='ocrx_word' id='word_1_324' title='bbox 187 2912 254 2966; x_wconf 79' lang='lat' dir='ltr'><strong>vel</strong></span> <span class='ocrx_word' id='word_1_325' title='bbox 277 2914 628 2969; x_wconf 69' lang='lat' dir='ltr'><strong>consolabatur</strong></span> <span class='ocrx_word' id='word_1_326' title='bbox 647 2916 898 2970; x_wconf 88' lang='lat' dir='ltr'><strong>domnam</strong></span> <span class='ocrx_word' id='word_1_327' title='bbox 930 2918 1244 2973; x_wconf 81' lang='lat' dir='ltr'><strong>Uertilanant</strong></span> <span class='ocrx_word' id='word_1_328' title='bbox 1292 2932 1346 2974; x_wconf 91' lang='lat' dir='ltr'><strong>et</strong></span> <span class='ocrx_word' id='word_1_329' title='bbox 1372 2936 1604 2986; x_wconf 91' lang='lat' dir='ltr'><strong>sorores,</strong></span> <span class='ocrx_word' id='word_1_330' title='bbox 1636 2940 1701 2977; x_wconf 92' lang='lat' dir='ltr'><strong>eo</strong></span> 
     </span>
    </p>
   </div>
   <div class='ocr_carea' id='block_1_47' title="bbox 188 3003 1699 3074">
    <p class='ocr_par' dir='ltr' id='par_1_47' title="bbox 188 3003 1699 3074">
     <span class='ocr_line' id='line_1_47' title="bbox 188 3003 1699 3074; baseline 0.005 -16"><span class='ocrx_word' id='word_1_331' title='bbox 188 3003 302 3071; x_wconf 83' lang='lat' dir='ltr'><strong>quod</strong></span> <span class='ocrx_word' id='word_1_332' title='bbox 329 3004 431 3073; x_wconf 80' lang='lat' dir='ltr'><strong>ipsa</strong></span> <span class='ocrx_word' id='word_1_333' title='bbox 464 3006 568 3071; x_wconf 84' lang='lat' dir='ltr'><strong>jam</strong></span> <span class='ocrx_word' id='word_1_334' title='bbox 591 3005 975 3074; x_wconf 84' lang='lat' dir='ltr'><strong>aliquantulum</strong></span> <span class='ocrx_word' id='word_1_335' title='bbox 1003 3009 1070 3062; x_wconf 88' lang='lat' dir='ltr'><strong>ab</strong></span> <span class='ocrx_word' id='word_1_336' title='bbox 1106 3009 1411 3065; x_wconf 79' lang='lat' dir='ltr'><strong>inlirtttitale</strong></span> <span class='ocrx_word' id='word_1_337' title='bbox 1451 3026 1544 3066; x_wconf 90' lang='lat' dir='ltr'><strong>sua</strong></span> <span class='ocrx_word' id='word_1_338' title='bbox 1575 3027 1699 3065; x_wconf 80' lang='lat' dir='ltr'><strong>con-</strong></span> 
     </span>
    </p>
   </div>
   <div class='ocr_carea' id='block_1_48' title="bbox 189 3096 1702 3158">
    <p class='ocr_par' dir='ltr' id='par_1_48' title="bbox 189 3096 1702 3158">
     <span class='ocr_line' id='line_1_48' title="bbox 189 3096 1702 3158; baseline 0.006 -10"><span class='ocrx_word' id='word_1_339' title='bbox 189 3096 440 3150; x_wconf 80' lang='lat' dir='ltr'><strong>valesceret</strong></span> <span class='ocrx_word' id='word_1_340' title='bbox 466 3098 652 3151; x_wconf 88' lang='lat' dir='ltr'><strong>melius</strong></span> <span class='ocrx_word' id='word_1_341' title='bbox 699 3097 764 3150; x_wconf 81' lang='lat' dir='ltr'><strong>Et</strong></span> <span class='ocrx_word' id='word_1_342' title='bbox 805 3099 1166 3155; x_wconf 84' lang='lat' dir='ltr'><strong>dissimulabat</strong></span> <span class='ocrx_word' id='word_1_343' title='bbox 1193 3111 1468 3157; x_wconf 81' lang='lat' dir='ltr'><strong>venturam</strong></span> <span class='ocrx_word' id='word_1_344' title='bbox 1501 3105 1702 3158; x_wconf 62' lang='lat' dir='ltr'><strong>maesti-</strong></span> 
     </span>
    </p>
   </div>
   <div class='ocr_carea' id='block_1_49' title="bbox 189 3187 1699 3259">
    <p class='ocr_par' dir='ltr' id='par_1_49' title="bbox 189 3187 1699 3259">
     <span class='ocr_line' id='line_1_49' title="bbox 189 3187 1699 3259; baseline 0.007 -21"><span class='ocrx_word' id='word_1_345' title='bbox 189 3187 292 3240; x_wconf 86' lang='lat' dir='ltr'><strong>tiam</strong></span> <span class='ocrx_word' id='word_1_346' title='bbox 314 3187 373 3241; x_wconf 90' lang='lat' dir='ltr'><strong>de</strong></span> <span class='ocrx_word' id='word_1_347' title='bbox 393 3190 604 3242; x_wconf 88' lang='lat' dir='ltr'><strong>transitu</strong></span> <span class='ocrx_word' id='word_1_348' title='bbox 635 3204 757 3254; x_wconf 88' lang='lat' dir='ltr'><strong>suo,</strong></span> <span class='ocrx_word' id='word_1_349' title='bbox 781 3204 898 3257; x_wconf 77' lang='lat' dir='ltr'><strong>qua:</strong></span> <span class='ocrx_word' id='word_1_350' title='bbox 919 3205 1105 3259; x_wconf 84' lang='lat' dir='ltr'><strong>magna</strong></span> <span class='ocrx_word' id='word_1_351' title='bbox 1134 3202 1314 3259; x_wconf 89' lang='lat' dir='ltr'><strong>postea</strong></span> <span class='ocrx_word' id='word_1_352' title='bbox 1345 3202 1398 3247; x_wconf 90' lang='lat' dir='ltr'><strong>et</strong></span> <span class='ocrx_word' id='word_1_353' title='bbox 1423 3194 1699 3248; x_wconf 83' lang='lat' dir='ltr'><strong>subitanea</strong></span> 
     </span>
    </p>
   </div>
   <div class='ocr_carea' id='block_1_50' title="bbox 188 3277 495 3344">
    <p class='ocr_par' dir='ltr' id='par_1_50' title="bbox 188 3277 495 3344">
     <span class='ocr_line' id='line_1_50' title="bbox 188 3277 495 3344; baseline -0.003 -15"><span class='ocrx_word' id='word_1_354' title='bbox 188 3277 252 3329; x_wconf 85' lang='lat' dir='ltr'><strong>eis</strong></span> <span class='ocrx_word' id='word_1_355' title='bbox 273 3277 495 3344; x_wconf 75' lang='lat' dir='ltr'><strong>contigit.</strong></span> 
     </span>
    </p>
   </div>
   <div class='ocr_carea' id='block_1_51' title="bbox 244 3363 1700 3436">
    <p class='ocr_par' dir='ltr' id='par_1_51' title="bbox 244 3363 1700 3436">
     <span class='ocr_line' id='line_1_51' title="bbox 244 3363 1700 3436; baseline 0.004 -20"><span class='ocrx_word' id='word_1_356' title='bbox 244 3363 317 3417; x_wconf 65' lang='lat' dir='ltr'><strong>lt.</strong></span> <span class='ocrx_word' id='word_1_357' title='bbox 351 3364 474 3418; x_wconf 81' lang='lat' dir='ltr'><strong>Cum</strong></span> <span class='ocrx_word' id='word_1_358' title='bbox 505 3381 626 3420; x_wconf 75' lang='lat' dir='ltr'><strong>vero</strong></span> <span class='ocrx_word' id='word_1_359' title='bbox 653 3367 768 3436; x_wconf 87' lang='lat' dir='ltr'><strong>ipsa</strong></span> <span class='ocrx_word' id='word_1_360' title='bbox 797 3369 986 3421; x_wconf 89' lang='lat' dir='ltr'><strong>domna</strong></span> <span class='ocrx_word' id='word_1_361' title='bbox 1009 3369 1175 3422; x_wconf 88' lang='lat' dir='ltr'><strong>sensit</strong></span> <span class='ocrx_word' id='word_1_362' title='bbox 1209 3370 1508 3436; x_wconf 74' lang='lat' dir='ltr'><strong>proximum</strong></span> <span class='ocrx_word' id='word_1_363' title='bbox 1542 3369 1700 3424; x_wconf 86' lang='lat' dir='ltr'><strong>linem</strong></span> 
     </span>
    </p>
   </div>
   <div class='ocr_carea' id='block_1_52' title="bbox 187 3459 1696 3528">
    <p class='ocr_par' dir='ltr' id='par_1_52' title="bbox 187 3459 1696 3528">
     <span class='ocr_line' id='line_1_52' title="bbox 187 3459 1696 3528; baseline 0.003 -21"><span class='ocrx_word' id='word_1_364' title='bbox 187 3470 335 3514; x_wconf 83' lang='lat' dir='ltr'><strong>suum.</strong></span> <span class='ocrx_word' id='word_1_365' title='bbox 364 3465 486 3511; x_wconf 77' lang='lat' dir='ltr'><strong>tunc</strong></span> <span class='ocrx_word' id='word_1_366' title='bbox 513 3474 663 3513; x_wconf 89' lang='lat' dir='ltr'><strong>mens</strong></span> <span class='ocrx_word' id='word_1_367' title='bbox 689 3459 807 3528; x_wconf 87' lang='lat' dir='ltr'><strong>ejus</strong></span> <span class='ocrx_word' id='word_1_368' title='bbox 851 3470 1032 3514; x_wconf 87' lang='lat' dir='ltr'><strong>sancta</strong></span> <span class='ocrx_word' id='word_1_369' title='bbox 1048 3462 1117 3512; x_wconf 86' lang='lat' dir='ltr'><strong>ad</strong></span> <span class='ocrx_word' id='word_1_370' title='bbox 1159 3461 1350 3515; x_wconf 67' lang='lat' dir='ltr'><strong>cadum</strong></span> <span class='ocrx_word' id='word_1_371' title='bbox 1391 3471 1567 3517; x_wconf 89' lang='lat' dir='ltr'><strong>erecta</strong></span> <span class='ocrx_word' id='word_1_372' title='bbox 1598 3472 1696 3518; x_wconf 89' lang='lat' dir='ltr'><strong>est.</strong></span> 
     </span>
    </p>
   </div>
   <div class='ocr_carea' id='block_1_53' title="bbox 186 3546 1699 3620">
    <p class='ocr_par' dir='ltr' id='par_1_53' title="bbox 186 3546 1699 3620">
     <span class='ocr_line' id='line_1_53' title="bbox 186 3546 1699 3620; baseline 0.003 -22"><span class='ocrx_word' id='word_1_373' title='bbox 186 3546 415 3615; x_wconf 77' lang='lat' dir='ltr'><strong>Ccrtaqtte</strong></span> <span class='ocrx_word' id='word_1_374' title='bbox 437 3547 568 3603; x_wconf 72' lang='lat' dir='ltr'><strong>facta</strong></span> <span class='ocrx_word' id='word_1_375' title='bbox 585 3551 652 3603; x_wconf 92' lang='lat' dir='ltr'><strong>de</strong></span> <span class='ocrx_word' id='word_1_376' title='bbox 676 3549 1020 3603; x_wconf 85' lang='lat' dir='ltr'><strong>beatitudinis</strong></span> <span class='ocrx_word' id='word_1_377' title='bbox 1037 3551 1388 3604; x_wconf 89' lang='lat' dir='ltr'><strong>retributione</strong></span> <span class='ocrx_word' id='word_1_378' title='bbox 1401 3561 1456 3604; x_wconf 92' lang='lat' dir='ltr'><strong>et</strong></span> <span class='ocrx_word' id='word_1_379' title='bbox 1480 3552 1699 3620; x_wconf 70' lang='lat' dir='ltr'><strong>prmmio</strong></span> 
     </span>
    </p>
   </div>
   <div class='ocr_carea' id='block_1_54' title="bbox 189 3639 1701 3707">
    <p class='ocr_par' dir='ltr' id='par_1_54' title="bbox 189 3639 1701 3707">
     <span class='ocr_line' id='line_1_54' title="bbox 189 3639 1701 3707; baseline 0.003 -18"><span class='ocrx_word' id='word_1_380' title='bbox 189 3651 367 3704; x_wconf 82' lang='lat' dir='ltr'><strong>magno,</strong></span> <span class='ocrx_word' id='word_1_381' title='bbox 393 3640 650 3707; x_wconf 87' lang='lat' dir='ltr'><strong>prohibuit</strong></span> <span class='ocrx_word' id='word_1_382' title='bbox 672 3654 855 3693; x_wconf 88' lang='lat' dir='ltr'><strong>secum</strong></span> <span class='ocrx_word' id='word_1_383' title='bbox 903 3639 1334 3703; x_wconf 85' lang='lat' dir='ltr'><strong>censistentibus,</strong></span> <span class='ocrx_word' id='word_1_384' title='bbox 1387 3649 1443 3693; x_wconf 91' lang='lat' dir='ltr'><strong>ut</strong></span> <span class='ocrx_word' id='word_1_385' title='bbox 1469 3640 1585 3695; x_wconf 88' lang='lat' dir='ltr'><strong>aliis</strong></span> <span class='ocrx_word' id='word_1_386' title='bbox 1611 3657 1701 3694; x_wconf 85' lang='lat' dir='ltr'><strong>so-</strong></span> 
     </span>
    </p>
   </div>
   <div class='ocr_carea' id='block_1_55' title="bbox 189 3729 1701 3795">
    <p class='ocr_par' dir='ltr' id='par_1_55' title="bbox 189 3729 1701 3795">
     <span class='ocr_line' id='line_1_55' title="bbox 189 3729 1701 3795; baseline 0.004 -16"><span class='ocrx_word' id='word_1_387' title='bbox 189 3729 366 3781; x_wconf 86' lang='lat' dir='ltr'><strong>roribus</strong></span> <span class='ocrx_word' id='word_1_388' title='bbox 386 3731 481 3784; x_wconf 87' lang='lat' dir='ltr'><strong>hoc</strong></span> <span class='ocrx_word' id='word_1_389' title='bbox 519 3732 822 3784; x_wconf 89' lang='lat' dir='ltr'><strong>nullatenus</strong></span> <span class='ocrx_word' id='word_1_390' title='bbox 876 3731 1292 3795; x_wconf 79' lang='lat' dir='ltr'><strong>innotescerrnt,</strong></span> <span class='ocrx_word' id='word_1_391' title='bbox 1347 3748 1446 3786; x_wconf 91' lang='lat' dir='ltr'><strong>nec</strong></span> <span class='ocrx_word' id='word_1_392' title='bbox 1493 3732 1701 3786; x_wconf 78' lang='lat' dir='ltr'><strong>domnae</strong></span> 
     </span>
    </p>
   </div>
   <div class='ocr_carea' id='block_1_56' title="bbox 187 3815 1699 3890">
    <p class='ocr_par' dir='ltr' id='par_1_56' title="bbox 187 3815 1699 3890">
     <span class='ocr_line' id='line_1_56' title="bbox 187 3815 1699 3890; baseline 0.003 -21"><span class='ocrx_word' id='word_1_393' title='bbox 187 3815 430 3872; x_wconf 59' lang='lat' dir='ltr'><strong>abbatissae</strong></span> <span class='ocrx_word' id='word_1_394' title='bbox 454 3835 563 3888; x_wconf 77' lang='lat' dir='ltr'><strong>qua:</strong></span> <span class='ocrx_word' id='word_1_395' title='bbox 587 3820 741 3874; x_wconf 83' lang='lat' dir='ltr'><strong>valde</strong></span> <span class='ocrx_word' id='word_1_396' title='bbox 772 3831 827 3873; x_wconf 91' lang='lat' dir='ltr'><strong>et</strong></span> <span class='ocrx_word' id='word_1_397' title='bbox 856 3822 964 3889; x_wconf 88' lang='lat' dir='ltr'><strong>ipsa</strong></span> <span class='ocrx_word' id='word_1_398' title='bbox 983 3821 1366 3884; x_wconf 89' lang='lat' dir='ltr'><strong>inlirmabalur,</strong></span> <span class='ocrx_word' id='word_1_399' title='bbox 1389 3837 1454 3875; x_wconf 91' lang='lat' dir='ltr'><strong>ne</strong></span> <span class='ocrx_word' id='word_1_400' title='bbox 1487 3822 1699 3890; x_wconf 63' lang='lat' dir='ltr'><strong>illa-pa-</strong></span> 
     </span>
    </p>
   </div>
   <div class='ocr_carea' id='block_1_57' title="bbox 188 3907 1700 3980">
    <p class='ocr_par' dir='ltr' id='par_1_57' title="bbox 188 3907 1700 3980">
     <span class='ocr_line' id='line_1_57' title="bbox 188 3907 1700 3980; baseline 0.004 -22"><span class='ocrx_word' id='word_1_401' title='bbox 188 3907 295 3960; x_wconf 87' lang='lat' dir='ltr'><strong>riter</strong></span> <span class='ocrx_word' id='word_1_402' title='bbox 325 3909 705 3976; x_wconf 83' lang='lat' dir='ltr'><strong>periclitaretur</strong></span> <span class='ocrx_word' id='word_1_403' title='bbox 754 3911 824 3964; x_wconf 91' lang='lat' dir='ltr'><strong>ob</strong></span> <span class='ocrx_word' id='word_1_404' title='bbox 847 3911 1257 3980; x_wconf 82' lang='lat' dir='ltr'><strong>magnitudinem</strong></span> <span class='ocrx_word' id='word_1_405' title='bbox 1302 3912 1550 3964; x_wconf 70' lang='lat' dir='ltr'><strong>tristitiae.</strong></span> <span class='ocrx_word' id='word_1_406' title='bbox 1581 3911 1606 3949; x_wconf 68' lang='grc' dir='ltr'>ι’</span> <span class='ocrx_word' id='word_1_407' title='bbox 1629 3911 1700 3964; x_wconf 78' lang='lat' dir='ltr'><strong>Et</strong></span> 
     </span>
    </p>
   </div>
   <div class='ocr_carea' id='block_1_58' title="bbox 187 3997 1697 4070">
    <p class='ocr_par' dir='ltr' id='par_1_58' title="bbox 187 3997 1697 4070">
     <span class='ocr_line' id='line_1_58' title="bbox 187 3997 1697 4070; baseline 0.005 -22"><span class='ocrx_word' id='word_1_408' title='bbox 187 4003 283 4049; x_wconf 88' lang='lat' dir='ltr'><strong>erat</strong></span> <span class='ocrx_word' id='word_1_409' title='bbox 304 3997 463 4067; x_wconf 72' lang='lat' dir='ltr'><strong>aliqua</strong></span> <span class='ocrx_word' id='word_1_410' title='bbox 481 4000 718 4068; x_wconf 61' lang='lat' dir='ltr'><strong>quaedam</strong></span> <span class='ocrx_word' id='word_1_411' title='bbox 752 4009 877 4055; x_wconf 86' lang='lat' dir='ltr'><strong>tunc</strong></span> <span class='ocrx_word' id='word_1_412' title='bbox 907 4001 1161 4054; x_wconf 80' lang='lat' dir='ltr'><strong>iufantula</strong></span> <span class='ocrx_word' id='word_1_413' title='bbox 1201 4016 1296 4055; x_wconf 86' lang='lat' dir='ltr'><strong>sua</strong></span> <span class='ocrx_word' id='word_1_414' title='bbox 1322 4001 1509 4068; x_wconf 89' lang='lat' dir='ltr'><strong>Iiliola,</strong></span> <span class='ocrx_word' id='word_1_415' title='bbox 1539 4018 1697 4070; x_wconf 89' lang='lat' dir='ltr'><strong>quam</strong></span> 
     </span>
    </p>
   </div>
   <div class='ocr_carea' id='block_1_59' title="bbox 188 4090 1698 4162">
    <p class='ocr_par' dir='ltr' id='par_1_59' title="bbox 188 4090 1698 4162">
     <span class='ocr_line' id='line_1_59' title="bbox 188 4090 1698 4162; baseline 0.007 -26"><span class='ocrx_word' id='word_1_416' title='bbox 188 4090 405 4156; x_wconf 62' lang='lat' dir='ltr'><strong>precepit</strong></span> <span class='ocrx_word' id='word_1_417' title='bbox 429 4098 478 4142; x_wconf 92' lang='lat' dir='ltr'><strong>ut</strong></span> <span class='ocrx_word' id='word_1_418' title='bbox 498 4105 679 4144; x_wconf 87' lang='lat' dir='ltr'><strong>secum</strong></span> <span class='ocrx_word' id='word_1_419' title='bbox 709 4091 833 4156; x_wconf 91' lang='lat' dir='ltr'><strong>iret,</strong></span> <span class='ocrx_word' id='word_1_420' title='bbox 856 4106 972 4160; x_wconf 55' lang='lat' dir='ltr'><strong>quie</strong></span> <span class='ocrx_word' id='word_1_421' title='bbox 992 4098 1044 4145; x_wconf 91' lang='lat' dir='ltr'><strong>et</strong></span> <span class='ocrx_word' id='word_1_422' title='bbox 1074 4092 1188 4159; x_wconf 87' lang='lat' dir='ltr'><strong>ipsa</strong></span> <span class='ocrx_word' id='word_1_423' title='bbox 1213 4092 1388 4146; x_wconf 91' lang='lat' dir='ltr'><strong>subito</strong></span> <span class='ocrx_word' id='word_1_424' title='bbox 1413 4107 1444 4146; x_wconf 92' lang='lat' dir='ltr'><strong>e</strong></span> <span class='ocrx_word' id='word_1_425' title='bbox 1469 4107 1698 4162; x_wconf 90' lang='lat' dir='ltr'><strong>corpore</strong></span> 
     </span>
    </p>
   </div>
   <div class='ocr_carea' id='block_1_60' title="bbox 187 4177 1700 4254">
    <p class='ocr_par' dir='ltr' id='par_1_60' title="bbox 187 4177 1700 4254">
     <span class='ocr_line' id='line_1_60' title="bbox 187 4177 1700 4254; baseline 0.008 -26"><span class='ocrx_word' id='word_1_426' title='bbox 187 4177 308 4243; x_wconf 81' lang='lat' dir='ltr'><strong>exiit,</strong></span> <span class='ocrx_word' id='word_1_427' title='bbox 334 4186 384 4231; x_wconf 92' lang='lat' dir='ltr'><strong>et</strong></span> <span class='ocrx_word' id='word_1_428' title='bbox 401 4193 506 4232; x_wconf 87' lang='lat' dir='ltr'><strong>eam</strong></span> <span class='ocrx_word' id='word_1_429' title='bbox 537 4182 600 4232; x_wconf 91' lang='lat' dir='ltr'><strong>ad</strong></span> <span class='ocrx_word' id='word_1_430' title='bbox 625 4180 885 4236; x_wconf 88' lang='lat' dir='ltr'><strong>tumulum</strong></span> <span class='ocrx_word' id='word_1_431' title='bbox 907 4182 1192 4251; x_wconf 71' lang='lat' dir='ltr'><strong>praecessit.</strong></span> <span class='ocrx_word' id='word_1_432' title='bbox 1218 4182 1368 4238; x_wconf 91' lang='lat' dir='ltr'><strong>Tunc</strong></span> <span class='ocrx_word' id='word_1_433' title='bbox 1383 4183 1700 4254; x_wconf 87' lang='lat' dir='ltr'><strong>consignans</strong></span> 
     </span>
    </p>
   </div>
   <div class='ocr_carea' id='block_1_61' title="bbox 187 4267 1700 4340">
    <p class='ocr_par' dir='ltr' id='par_1_61' title="bbox 187 4267 1700 4340">
     <span class='ocr_line' id='line_1_61' title="bbox 187 4267 1700 4340; baseline 0.011 -24"><span class='ocrx_word' id='word_1_434' title='bbox 187 4280 234 4318; x_wconf 85' lang='lat' dir='ltr'><strong>se</strong></span> <span class='ocrx_word' id='word_1_435' title='bbox 253 4267 547 4324; x_wconf 79' lang='lat' dir='ltr'><strong>conﬁdenter</strong></span> <span class='ocrx_word' id='word_1_436' title='bbox 571 4279 627 4325; x_wconf 93' lang='lat' dir='ltr'><strong>et</strong></span> <span class='ocrx_word' id='word_1_437' title='bbox 655 4273 772 4340; x_wconf 90' lang='lat' dir='ltr'><strong>pios</strong></span> <span class='ocrx_word' id='word_1_438' title='bbox 797 4273 979 4328; x_wconf 90' lang='lat' dir='ltr'><strong>oculos</strong></span> <span class='ocrx_word' id='word_1_439' title='bbox 1000 4289 1060 4328; x_wconf 86' lang='lat' dir='ltr'><strong>ac</strong></span> <span class='ocrx_word' id='word_1_440' title='bbox 1079 4284 1291 4330; x_wconf 79' lang='lat' dir='ltr'><strong>sanctas</strong></span> <span class='ocrx_word' id='word_1_441' title='bbox 1307 4291 1493 4330; x_wconf 88' lang='lat' dir='ltr'><strong>manus</strong></span> <span class='ocrx_word' id='word_1_442' title='bbox 1514 4277 1578 4329; x_wconf 90' lang='lat' dir='ltr'><strong>ad</strong></span> <span class='ocrx_word' id='word_1_443' title='bbox 1594 4292 1700 4332; x_wconf 76' lang='lat' dir='ltr'><strong>ete-</strong></span> 
     </span>
    </p>
   </div>
   <div class='ocr_carea' id='block_1_62' title="bbox 189 4355 1697 4433">
    <p class='ocr_par' dir='ltr' id='par_1_62' title="bbox 189 4355 1697 4433">
     <span class='ocr_line' id='line_1_62' title="bbox 189 4355 1697 4433; baseline 0.008 -26"><span class='ocrx_word' id='word_1_444' title='bbox 189 4355 276 4410; x_wconf 58' lang='lat' dir='ltr'><strong>lttu</strong></span> <span class='ocrx_word' id='word_1_445' title='bbox 297 4369 482 4415; x_wconf 79' lang='lat' dir='ltr'><strong>ert-etas</strong></span> <span class='ocrx_word' id='word_1_446' title='bbox 503 4361 629 4433; x_wconf 80' lang='grc' dir='ltr'><strong>[ΑΙ.,</strong></span> <span class='ocrx_word' id='word_1_447' title='bbox 661 4364 764 4432; x_wconf 91' lang='lat' dir='ltr'><strong>piis</strong></span> <span class='ocrx_word' id='word_1_448' title='bbox 791 4363 958 4417; x_wconf 87' lang='lat' dir='ltr'><strong>oculis</strong></span> <span class='ocrx_word' id='word_1_449' title='bbox 981 4379 1041 4416; x_wconf 88' lang='lat' dir='ltr'><strong>ac</strong></span> <span class='ocrx_word' id='word_1_450' title='bbox 1061 4363 1260 4418; x_wconf 77' lang='lat' dir='ltr'><strong>sanetis</strong></span> <span class='ocrx_word' id='word_1_451' title='bbox 1285 4365 1526 4418; x_wconf 87' lang='lat' dir='ltr'><strong>manibus</strong></span> <span class='ocrx_word' id='word_1_452' title='bbox 1553 4365 1616 4418; x_wconf 90' lang='lat' dir='ltr'><strong>ad</strong></span> <span class='ocrx_word' id='word_1_453' title='bbox 1647 4381 1697 4420; x_wconf 91' lang='lat' dir='ltr'><strong>c.</strong></span> 
     </span>
    </p>
   </div>
   <div class='ocr_carea' id='block_1_63' title="bbox 188 4446 1698 4525">
    <p class='ocr_par' dir='ltr' id='par_1_63' title="bbox 188 4446 1698 4525">
     <span class='ocr_line' id='line_1_63' title="bbox 188 4446 1698 4525; baseline 0.009 -28"><span class='ocrx_word' id='word_1_454' title='bbox 188 4446 386 4518; x_wconf 86' lang='lat' dir='ltr'><strong>erectis].</strong></span> <span class='ocrx_word' id='word_1_455' title='bbox 410 4461 582 4505; x_wconf 78' lang='lat' dir='ltr'><strong>sancta</strong></span> <span class='ocrx_word' id='word_1_456' title='bbox 606 4451 695 4504; x_wconf 89' lang='lat' dir='ltr'><strong>illa</strong></span> <span class='ocrx_word' id='word_1_457' title='bbox 721 4455 894 4506; x_wconf 88' lang='lat' dir='ltr'><strong>anima</strong></span> <span class='ocrx_word' id='word_1_458' title='bbox 923 4467 951 4505; x_wconf 87' lang='lat' dir='ltr'><strong>a</strong></span> <span class='ocrx_word' id='word_1_459' title='bbox 977 4453 1218 4522; x_wconf 85' lang='lat' dir='ltr'><strong>corporis</strong></span> <span class='ocrx_word' id='word_1_460' title='bbox 1253 4455 1460 4509; x_wconf 87' lang='lat' dir='ltr'><strong>vinculo</strong></span> <span class='ocrx_word' id='word_1_461' title='bbox 1493 4457 1542 4509; x_wconf 88' lang='lat' dir='ltr'><strong>itt</strong></span> <span class='ocrx_word' id='word_1_462' title='bbox 1570 4471 1698 4525; x_wconf 88' lang='lat' dir='ltr'><strong>pace</strong></span> 
     </span>
    </p>
   </div>
   <div class='ocr_carea' id='block_1_64' title="bbox 189 4536 1701 4618">
    <p class='ocr_par' dir='ltr' id='par_1_64' title="bbox 189 4536 1701 4618">
     <span class='ocr_line' id='line_1_64' title="bbox 189 4536 1701 4618; baseline 0.009 -30"><span class='ocrx_word' id='word_1_463' title='bbox 189 4536 332 4592; x_wconf 86' lang='lat' dir='ltr'><strong>soluta</strong></span> <span class='ocrx_word' id='word_1_464' title='bbox 358 4550 443 4594; x_wconf 86' lang='lat' dir='ltr'><strong>est.</strong></span> <span class='ocrx_word' id='word_1_465' title='bbox 471 4543 772 4612; x_wconf 82' lang='lat' dir='ltr'><strong>Statimque</strong></span> <span class='ocrx_word' id='word_1_466' title='bbox 799 4545 1009 4600; x_wconf 89' lang='lat' dir='ltr'><strong>divinus</strong></span> <span class='ocrx_word' id='word_1_467' title='bbox 1033 4547 1285 4616; x_wconf 88' lang='lat' dir='ltr'><strong>splendor</strong></span> <span class='ocrx_word' id='word_1_468' title='bbox 1314 4549 1364 4602; x_wconf 90' lang='lat' dir='ltr'><strong>in</strong></span> <span class='ocrx_word' id='word_1_469' title='bbox 1411 4549 1523 4618; x_wconf 87' lang='lat' dir='ltr'><strong>ipso</strong></span> <span class='ocrx_word' id='word_1_470' title='bbox 1551 4550 1701 4602; x_wconf 84' lang='lat' dir='ltr'><strong>euhi-</strong></span> 
     </span>
    </p>
   </div>
   <div class='ocr_carea' id='block_1_65' title="bbox 189 4625 1692 4703">
    <p class='ocr_par' dir='ltr' id='par_1_65' title="bbox 189 4625 1692 4703">
     <span class='ocr_line' id='line_1_65' title="bbox 189 4625 1692 4703; baseline 0.009 -26"><span class='ocrx_word' id='word_1_471' title='bbox 189 4625 291 4679; x_wconf 85' lang='lat' dir='ltr'><strong>culo</strong></span> <span class='ocrx_word' id='word_1_472' title='bbox 314 4627 581 4684; x_wconf 87' lang='lat' dir='ltr'><strong>clarissime</strong></span> <span class='ocrx_word' id='word_1_473' title='bbox 601 4633 925 4687; x_wconf 89' lang='lat' dir='ltr'><strong>coruscavit.</strong></span> <span class='ocrx_word' id='word_1_474' title='bbox 959 4648 978 4672; x_wconf 73' lang='grc' dir='ltr'><strong><em>υ</em></strong></span> <span class='ocrx_word' id='word_1_475' title='bbox 1004 4633 1069 4687; x_wconf 85' lang='grc' dir='ltr'>Ει</span> <span class='ocrx_word' id='word_1_476' title='bbox 1098 4635 1214 4688; x_wconf 92' lang='lat' dir='ltr'><strong>sine</strong></span> <span class='ocrx_word' id='word_1_477' title='bbox 1243 4636 1403 4690; x_wconf 90' lang='lat' dir='ltr'><strong>dubio</strong></span> <span class='ocrx_word' id='word_1_478' title='bbox 1445 4639 1511 4690; x_wconf 86' lang='lat' dir='ltr'><strong>ab</strong></span> <span class='ocrx_word' id='word_1_479' title='bbox 1537 4651 1692 4703; x_wconf 84' lang='lat' dir='ltr'><strong>ange-</strong></span> 
     </span>
    </p>
   </div>
   <div class='ocr_carea' id='block_1_66' title="bbox 192 4714 1700 4794">
    <p class='ocr_par' dir='ltr' id='par_1_66' title="bbox 192 4714 1700 4794">
     <span class='ocr_line' id='line_1_66' title="bbox 192 4714 1700 4794; baseline 0.008 -28"><span class='ocrx_word' id='word_1_480' title='bbox 192 4714 334 4769; x_wconf 83' lang='lat' dir='ltr'><strong>lorum</strong></span> <span class='ocrx_word' id='word_1_481' title='bbox 350 4718 495 4773; x_wconf 89' lang='lat' dir='ltr'><strong>cltoro</strong></span> <span class='ocrx_word' id='word_1_482' title='bbox 515 4720 596 4774; x_wconf 88' lang='lat' dir='ltr'><strong>vel</strong></span> <span class='ocrx_word' id='word_1_483' title='bbox 617 4721 869 4776; x_wconf 88' lang='lat' dir='ltr'><strong>obviante</strong></span> <span class='ocrx_word' id='word_1_484' title='bbox 892 4724 1063 4778; x_wconf 89' lang='lat' dir='ltr'><strong>amico</strong></span> <span class='ocrx_word' id='word_1_485' title='bbox 1087 4739 1183 4777; x_wconf 89' lang='lat' dir='ltr'><strong>suo</strong></span> <span class='ocrx_word' id='word_1_486' title='bbox 1206 4724 1508 4780; x_wconf 83' lang='lat' dir='ltr'><strong>ﬁdelissimo</strong></span> <span class='ocrx_word' id='word_1_487' title='bbox 1530 4741 1700 4794; x_wconf 88' lang='lat' dir='ltr'><strong>quou-</strong></span> 
     </span>
    </p>
   </div>
   <div class='ocr_carea' id='block_1_67' title="bbox 1730 4494 1774 4553">
    <p class='ocr_par' dir='ltr' id='par_1_67' title="bbox 1730 4494 1774 4553">
     <span class='ocr_line' id='line_1_67' title="bbox 1730 4494 1774 4553; baseline 0 0"><span class='ocrx_word' id='word_1_488' title='bbox 1730 4494 1774 4553; x_wconf 91' lang='lat' dir='ltr'><strong>D</strong></span> 
     </span>
    </p>
   </div>
   <div class='ocr_carea' id='block_1_68' title="bbox 249 4827 1700 4898">
    <p class='ocr_par' dir='ltr' id='par_1_68' title="bbox 249 4827 1700 4898">
     <span class='ocr_line' id='line_1_68' title="bbox 249 4827 1700 4898; baseline 0.006 -17"><span class='ocrx_word' id='word_1_489' title='bbox 249 4834 269 4860; x_wconf 83' lang='grc'><strong><em>⁸</em></strong></span> <span class='ocrx_word' id='word_1_490' title='bbox 298 4827 415 4898; x_wconf 83' lang='lat' dir='ltr'><strong>Idem</strong></span> <span class='ocrx_word' id='word_1_491' title='bbox 460 4832 649 4885; x_wconf 86' lang='lat' dir='ltr'><strong>asserit</strong></span> <span class='ocrx_word' id='word_1_492' title='bbox 694 4831 1059 4898; x_wconf 84' lang='lat' dir='ltr'><strong>interpolator.</strong></span> <span class='ocrx_word' id='word_1_493' title='bbox 1118 4849 1137 4882; x_wconf 72' lang='grc' dir='ltr'><strong>ι</strong></span> <span class='ocrx_word' id='word_1_494' title='bbox 1202 4830 1313 4885; x_wconf 44' lang='lat' dir='ltr'><strong>Hoc</strong></span> <span class='ocrx_word' id='word_1_495' title='bbox 1360 4849 1489 4886; x_wconf 86' lang='lat' dir='ltr'><strong>vero</strong></span> <span class='ocrx_word' id='word_1_496' title='bbox 1543 4835 1700 4889; x_wconf 80' lang='lat' dir='ltr'><strong>silrre</strong></span> 
     </span>
    </p>
   </div>
   <div class='ocr_carea' id='block_1_69' title="bbox 192 4897 1696 4968">
    <p class='ocr_par' dir='ltr' id='par_1_69' title="bbox 192 4897 1696 4968">
     <span class='ocr_line' id='line_1_69' title="bbox 192 4897 1696 4968; baseline 0.007 -21"><span class='ocrx_word' id='word_1_497' title='bbox 192 4897 418 4951; x_wconf 78' lang='lat' dir='ltr'><strong>sororibus</strong></span> <span class='ocrx_word' id='word_1_498' title='bbox 437 4915 552 4966; x_wconf 79' lang='lat' dir='ltr'><strong>quae</strong></span> <span class='ocrx_word' id='word_1_499' title='bbox 579 4901 803 4955; x_wconf 63' lang='lat' dir='ltr'><strong>conscia</strong></span> <span class='ocrx_word' id='word_1_500' title='bbox 833 4897 986 4968; x_wconf 88' lang='lat' dir='ltr'><strong>hujus</strong></span> <span class='ocrx_word' id='word_1_501' title='bbox 1034 4900 1290 4955; x_wconf 89' lang='lat' dir='ltr'><strong>mirabilis</strong></span> <span class='ocrx_word' id='word_1_502' title='bbox 1316 4902 1537 4956; x_wconf 87' lang='lat' dir='ltr'><strong>visionis</strong></span> <span class='ocrx_word' id='word_1_503' title='bbox 1580 4904 1696 4957; x_wconf 81' lang='lat' dir='ltr'><strong>fue-</strong></span> 
     </span>
    </p>
   </div>
   <div class='ocr_carea' id='block_1_70' title="bbox 193 4969 1697 5042">
    <p class='ocr_par' dir='ltr' id='par_1_70' title="bbox 193 4969 1697 5042">
     <span class='ocr_line' id='line_1_70' title="bbox 193 4969 1697 5042; baseline 0.006 -24"><span class='ocrx_word' id='word_1_504' title='bbox 193 4973 290 5018; x_wconf 78' lang='lat' dir='ltr'><strong>rant</strong></span> <span class='ocrx_word' id='word_1_505' title='bbox 311 4969 555 5042; x_wconf 60' lang='lat' dir='ltr'><strong>praecepit,</strong></span> <span class='ocrx_word' id='word_1_506' title='bbox 585 4983 651 5042; x_wconf 82' lang='lat' dir='ltr'><strong>ne</strong></span> <span class='ocrx_word' id='word_1_507' title='bbox 700 4971 1214 5042; x_wconf 31' lang='lat' dir='ltr'><strong>matriJmonasterii</strong></span> <span class='ocrx_word' id='word_1_508' title='bbox 1267 4972 1349 5025; x_wconf 84' lang='lat' dir='ltr'><strong>vel</strong></span> <span class='ocrx_word' id='word_1_509' title='bbox 1397 4974 1697 5042; x_wconf 78' lang='lat' dir='ltr'><strong>cuicunque</strong></span> 
     </span>
    </p>
   </div>
   <div class='ocr_carea' id='block_1_71' title="bbox 193 5036 1203 5094">
    <p class='ocr_par' dir='ltr' id='par_1_71' title="bbox 193 5036 1203 5094">
     <span class='ocr_line' id='line_1_71' title="bbox 193 5036 1203 5094; baseline 0.005 -8"><span class='ocrx_word' id='word_1_510' title='bbox 193 5047 393 5088; x_wconf 78' lang='lat' dir='ltr'><strong>sororum</strong></span> <span class='ocrx_word' id='word_1_511' title='bbox 419 5036 530 5091; x_wconf 69' lang='lat' dir='ltr'><strong>haec</strong></span> <span class='ocrx_word' id='word_1_512' title='bbox 557 5039 686 5092; x_wconf 79' lang='lat' dir='ltr'><strong>visio</strong></span> <span class='ocrx_word' id='word_1_513' title='bbox 723 5037 1145 5094; x_wconf 80' lang='lat' dir='ltr'><strong>manifestarent.</strong></span> <span class='ocrx_word' id='word_1_514' title='bbox 1184 5059 1203 5091; x_wconf 75' lang='grc' dir='ltr'><strong>ι</strong></span> 
     </span>
    </p>
   </div>
   <div class='ocr_carea' id='block_1_72' title="bbox 251 5100 1696 5179">
    <p class='ocr_par' dir='ltr' id='par_1_72' title="bbox 251 5100 1696 5179">
     <span class='ocr_line' id='line_1_72' title="bbox 251 5100 1696 5179; baseline 0.005 -21"><span class='ocrx_word' id='word_1_515' title='bbox 251 5100 624 5179; x_wconf 60' lang='lat' dir='ltr'><strong>If_lt_t_l.e__rpolator</strong></span> <span class='ocrx_word' id='word_1_516' title='bbox 653 5125 667 5161; x_wconf 89' lang='lat'><strong>:</strong></span> <span class='ocrx_word' id='word_1_517' title='bbox 701 5125 720 5158; x_wconf 84' lang='grc' dir='ltr'><strong>ι</strong></span> <span class='ocrx_word' id='word_1_518' title='bbox 762 5110 998 5162; x_wconf 87' lang='lat' dir='ltr'><strong>Habebat</strong></span> <span class='ocrx_word' id='word_1_519' title='bbox 1044 5121 1298 5178; x_wconf 76' lang='lat' dir='ltr'><strong>praeterea</strong></span> <span class='ocrx_word' id='word_1_520' title='bbox 1338 5110 1453 5179; x_wconf 90' lang='lat' dir='ltr'><strong>ipsa</strong></span> <span class='ocrx_word' id='word_1_521' title='bbox 1503 5111 1696 5165; x_wconf 89' lang='lat' dir='ltr'><strong>domna</strong></span> 
     </span>
    </p>
   </div>
   <div class='ocr_carea' id='block_1_73' title="bbox 200 5169 1695 5247">
    <p class='ocr_par' dir='ltr' id='par_1_73' title="bbox 200 5169 1695 5247">
     <span class='ocr_line' id='line_1_73' title="bbox 200 5169 1695 5247; baseline 0.007 -22"><span class='ocrx_word' id='word_1_522' title='bbox 200 5169 451 5247; x_wconf 56' lang='lat' dir='ltr'><strong>Baltb&#39;tldis</strong></span> <span class='ocrx_word' id='word_1_523' title='bbox 473 5179 754 5244; x_wconf 86' lang='lat' dir='ltr'><strong>quamdam</strong></span> <span class='ocrx_word' id='word_1_524' title='bbox 803 5169 1110 5232; x_wconf 74' lang='lat' dir='ltr'><strong>ittiatttttlattt</strong></span> <span class='ocrx_word' id='word_1_525' title='bbox 1139 5219 1153 5242; x_wconf 83' lang='lat'><strong>,</strong></span> <span class='ocrx_word' id='word_1_526' title='bbox 1203 5169 1370 5247; x_wconf 58' lang='lat' dir='ltr'><strong>quatn&#39;</strong></span> <span class='ocrx_word' id='word_1_527' title='bbox 1428 5197 1493 5234; x_wconf 82' lang='lat' dir='ltr'><strong>ex</strong></span> <span class='ocrx_word' id='word_1_528' title='bbox 1548 5181 1695 5234; x_wconf 80' lang='lat' dir='ltr'><strong>fonte</strong></span> 
     </span>
    </p>
   </div>
   <div class='ocr_carea' id='block_1_74' title="bbox 199 5241 1701 5317">
    <p class='ocr_par' dir='ltr' id='par_1_74' title="bbox 199 5241 1701 5317">
     <span class='ocr_line' id='line_1_74' title="bbox 199 5241 1701 5317; baseline 0.004 -23"><span class='ocrx_word' id='word_1_529' title='bbox 199 5241 828 5317; x_wconf 57' lang='lat' dir='ltr'><strong>b_aptisma_tis_&#39;suseeperat,</strong></span> <span class='ocrx_word' id='word_1_530' title='bbox 863 5267 882 5299; x_wconf 77' lang='grc' dir='ltr'><strong>ι</strong></span> <span class='ocrx_word' id='word_1_531' title='bbox 909 5260 1012 5303; x_wconf 89' lang='lat' dir='ltr'><strong>etc.</strong></span> <span class='ocrx_word' id='word_1_532' title='bbox 1032 5241 1157 5314; x_wconf 58' lang='lat' dir='ltr'><strong>Quae</strong></span> <span class='ocrx_word' id='word_1_533' title='bbox 1186 5241 1439 5303; x_wconf 82' lang='lat' dir='ltr'><strong>infantula</strong></span> <span class='ocrx_word' id='word_1_534' title='bbox 1465 5252 1516 5304; x_wconf 88' lang='lat' dir='ltr'><strong>itt</strong></span> <span class='ocrx_word' id='word_1_535' title='bbox 1543 5252 1701 5304; x_wconf 76' lang='lat' dir='ltr'><strong>histo-</strong></span> 
     </span>
    </p>
   </div>
   <div class='ocr_carea' id='block_1_75' title="bbox 200 5311 1697 5388">
    <p class='ocr_par' dir='ltr' id='par_1_75' title="bbox 200 5311 1697 5388">
     <span class='ocr_line' id='line_1_75' title="bbox 200 5311 1697 5388; baseline 0.007 -24"><span class='ocrx_word' id='word_1_536' title='bbox 200 5311 264 5365; x_wconf 82' lang='lat' dir='ltr'><strong>ria</strong></span> <span class='ocrx_word' id='word_1_537' title='bbox 288 5313 612 5388; x_wconf 77' lang='lat' dir='ltr'><strong>translationis</strong></span> <span class='ocrx_word' id='word_1_538' title='bbox 635 5311 930 5386; x_wconf 77' lang='lat' dir='ltr'><strong>appellatur</strong></span> <span class='ocrx_word' id='word_1_539' title='bbox 951 5311 1307 5386; x_wconf 44' lang='lat' dir='ltr'><strong>Rad&#39;egttuttis,</strong></span> <span class='ocrx_word' id='word_1_540' title='bbox 1334 5337 1352 5370; x_wconf 87' lang='lat' dir='ltr'><strong>t</strong></span> <span class='ocrx_word' id='word_1_541' title='bbox 1391 5335 1506 5382; x_wconf 72' lang='lat' dir='ltr'><strong>qua:</strong></span> <span class='ocrx_word' id='word_1_542' title='bbox 1535 5320 1697 5388; x_wconf 81' lang='lat' dir='ltr'><strong>septi-</strong></span> 
     </span>
    </p>
   </div>
   <div class='ocr_carea' id='block_1_76' title="bbox 201 5382 1696 5456">
    <p class='ocr_par' dir='ltr' id='par_1_76' title="bbox 201 5382 1696 5456">
     <span class='ocr_line' id='line_1_76' title="bbox 201 5382 1696 5456; baseline 0.005 -21"><span class='ocrx_word' id='word_1_543' title='bbox 201 5393 274 5435; x_wconf 83' lang='lat' dir='ltr'><strong>mo</strong></span> <span class='ocrx_word' id='word_1_544' title='bbox 295 5382 445 5456; x_wconf 68' lang='lat' dir='ltr'><strong>attatis</strong></span> <span class='ocrx_word' id='word_1_545' title='bbox 465 5399 568 5438; x_wconf 70' lang='lat' dir='ltr'><strong>sure</strong></span> <span class='ocrx_word' id='word_1_546' title='bbox 594 5382 734 5440; x_wconf 81' lang='lat' dir='ltr'><strong>anno</strong></span> <span class='ocrx_word' id='word_1_547' title='bbox 762 5387 829 5439; x_wconf 87' lang='lat' dir='ltr'><strong>ah</strong></span> <span class='ocrx_word' id='word_1_548' title='bbox 861 5393 959 5441; x_wconf 81' lang='lat' dir='ltr'><strong>hoc</strong></span> <span class='ocrx_word' id='word_1_549' title='bbox 980 5382 1174 5441; x_wconf 68' lang='lat' dir='ltr'><strong>saeculo</strong></span> <span class='ocrx_word' id='word_1_550' title='bbox 1201 5382 1461 5454; x_wconf 63' lang='lat' dir='ltr'><strong>migravit.</strong></span> <span class='ocrx_word' id='word_1_551' title='bbox 1497 5409 1514 5441; x_wconf 70' lang='grc' dir='ltr'><strong>ι</strong></span> <span class='ocrx_word' id='word_1_552' title='bbox 1547 5382 1696 5456; x_wconf 83' lang='lat' dir='ltr'><strong>cujus</strong></span> 
     </span>
    </p>
   </div>
   <div class='ocr_carea' id='block_1_77' title="bbox 201 5454 1700 5523">
    <p class='ocr_par' dir='ltr' id='par_1_77' title="bbox 201 5454 1700 5523">
     <span class='ocr_line' id='line_1_77' title="bbox 201 5454 1700 5523; baseline 0.008 -23"><span class='ocrx_word' id='word_1_553' title='bbox 201 5454 521 5523; x_wconf 76' lang='lat' dir='ltr'><strong>corpusculum</strong></span> <span class='ocrx_word' id='word_1_554' title='bbox 548 5465 666 5523; x_wconf 92' lang='lat' dir='ltr'><strong>post</strong></span> <span class='ocrx_word' id='word_1_555' title='bbox 693 5456 968 5510; x_wconf 82' lang='lat' dir='ltr'><strong>Balthildis</strong></span> <span class='ocrx_word' id='word_1_556' title='bbox 989 5457 1388 5511; x_wconf 86' lang='lat' dir='ltr'><strong>translationem</strong></span> <span class='ocrx_word' id='word_1_557' title='bbox 1433 5459 1483 5511; x_wconf 93' lang='lat' dir='ltr'><strong>in</strong></span> <span class='ocrx_word' id='word_1_558' title='bbox 1506 5454 1700 5514; x_wconf 77' lang='lat' dir='ltr'><strong>sanctae</strong></span> 
     </span>
    </p>
   </div>
   <div class='ocr_carea' id='block_1_78' title="bbox 201 5517 1704 5638">
    <p class='ocr_par' dir='ltr' id='par_1_78' title="bbox 201 5517 1704 5638">
     <span class='ocr_line' id='line_1_78' title="bbox 201 5517 1704 5590; baseline 0.011 -23"><span class='ocrx_word' id='word_1_559' title='bbox 201 5517 366 5583; x_wconf 64' lang='lat' dir='ltr'><strong>regina</strong></span> <span class='ocrx_word' id='word_1_560' title='bbox 390 5517 574 5576; x_wconf 80' lang='lat' dir='ltr'><strong>tumulo</strong></span> <span class='ocrx_word' id='word_1_561' title='bbox 615 5526 931 5580; x_wconf 85' lang='lat' dir='ltr'><strong>collocatum</strong></span> <span class='ocrx_word' id='word_1_562' title='bbox 969 5535 1051 5582; x_wconf 90' lang='lat' dir='ltr'><strong>est</strong></span> <span class='ocrx_word' id='word_1_563' title='bbox 1085 5542 1099 5590; x_wconf 91' lang='lat'><strong>;</strong></span> <span class='ocrx_word' id='word_1_564' title='bbox 1159 5542 1301 5581; x_wconf 89' lang='lat' dir='ltr'><strong>nttnc</strong></span> <span class='ocrx_word' id='word_1_565' title='bbox 1341 5528 1479 5582; x_wconf 88' lang='lat' dir='ltr'><strong>inter</strong></span> <span class='ocrx_word' id='word_1_566' title='bbox 1523 5544 1704 5584; x_wconf 87' lang='lat' dir='ltr'><strong>sacras</strong></span> 
     </span>
     <span class='ocr_line' id='line_1_79' title="bbox 204 5589 757 5638; baseline 0.004 -2"><span class='ocrx_word' id='word_1_567' title='bbox 204 5589 418 5638; x_wconf 72' lang='lat' dir='ltr'><strong>relicui-as</strong></span> <span class='ocrx_word' id='word_1_568' title='bbox 450 5603 757 5638; x_wconf 74' lang='lat' dir='ltr'><strong>asset-vatur-</strong></span> 
     </span>
    </p>
   </div>
   <div class='ocr_carea' id='block_1_79' title="bbox 204 5600 758 5647">
    <p class='ocr_par' dir='ltr' id='par_1_79' title="bbox 204 5600 758 5647">
     <span class='ocr_line' id='line_1_80' title="bbox 204 5600 758 5647; baseline 0.02 -11"><span class='ocrx_word' id='word_1_569' title='bbox 204 5600 418 5647; x_wconf 64' lang='grc' dir='ltr'>ταιιιιιιῖιε</span> <span class='ocrx_word' id='word_1_570' title='bbox 450 5605 649 5644; x_wconf 65' lang='grc' dir='ltr'><strong>εδεεηιι</strong></span> <span class='ocrx_word' id='word_1_571' title='bbox 657 5603 758 5647; x_wconf 74' lang='grc'><strong>[111⁵.</strong></span> 
     </span>
    </p>
   </div>
   <div class='ocr_carea' id='block_1_80' title="bbox 261 5603 1700 5722">
    <p class='ocr_par' dir='ltr' id='par_1_80' title="bbox 261 5603 1700 5722">
     <span class='ocr_line' id='line_1_81' title="bbox 261 5603 758 5655; baseline 0.02 -17"><span class='ocrx_word' id='word_1_572' title='bbox 261 5603 418 5655; x_wconf 77' lang='lat' dir='ltr'><strong>uqutas</strong></span> <span class='ocrx_word' id='word_1_573' title='bbox 450 5603 758 5647; x_wconf 83' lang='lat' dir='ltr'><strong>asservatur.</strong></span> 
     </span>
     <span class='ocr_line' id='line_1_82' title="bbox 261 5657 1700 5722; baseline 0.01 -13"><span class='ocrx_word' id='word_1_574' title='bbox 261 5659 290 5722; x_wconf 62' lang='grc' dir='ltr'><strong>ξ</strong></span> <span class='ocrx_word' id='word_1_575' title='bbox 315 5657 443 5713; x_wconf 73' lang='lat' dir='ltr'><strong>Alius</strong></span> <span class='ocrx_word' id='word_1_576' title='bbox 461 5669 640 5716; x_wconf 87' lang='lat' dir='ltr'><strong>auctor</strong></span> <span class='ocrx_word' id='word_1_577' title='bbox 657 5663 706 5714; x_wconf 94' lang='lat' dir='ltr'><strong>id</strong></span> <span class='ocrx_word' id='word_1_578' title='bbox 723 5667 1107 5722; x_wconf 88' lang='lat' dir='ltr'><strong>asseverantius</strong></span> <span class='ocrx_word' id='word_1_579' title='bbox 1128 5666 1359 5722; x_wconf 79' lang='lat' dir='ltr'><strong>allirmat</strong></span> <span class='ocrx_word' id='word_1_580' title='bbox 1379 5668 1461 5721; x_wconf 89' lang='lat' dir='ltr'><strong>his</strong></span> <span class='ocrx_word' id='word_1_581' title='bbox 1489 5669 1668 5722; x_wconf 86' lang='lat' dir='ltr'><strong>verbis</strong></span> <span class='ocrx_word' id='word_1_582' title='bbox 1689 5687 1700 5722; x_wconf 87' lang='lat'>:</span> 
     </span>
    </p>
   </div>
   <div class='ocr_carea' id='block_1_81' title="bbox 204 5721 1706 5804">
    <p class='ocr_par' dir='ltr' id='par_1_81' title="bbox 204 5721 1706 5804">
     <span class='ocr_line' id='line_1_83' title="bbox 204 5721 1706 5804; baseline 0.011 -28"><span class='ocrx_word' id='word_1_583' title='bbox 204 5721 438 5804; x_wconf 44' lang='lat' dir='ltr'><strong>{Etcum</strong></span> <span class='ocrx_word' id='word_1_584' title='bbox 459 5729 567 5804; x_wconf 64' lang='lat' dir='ltr'><strong>ipso</strong></span> <span class='ocrx_word' id='word_1_585' title='bbox 594 5730 877 5804; x_wconf 70' lang='lat' dir='ltr'><strong>lumineah</strong></span> <span class='ocrx_word' id='word_1_586' title='bbox 896 5721 1210 5801; x_wconf 81' lang='lat' dir='ltr'><strong>Angelorutn</strong></span> <span class='ocrx_word' id='word_1_587' title='bbox 1226 5721 1429 5802; x_wconf 16' lang='lat' dir='ltr'><strong>rCllOl‘O,</strong></span> <span class='ocrx_word' id='word_1_588' title='bbox 1453 5721 1706 5792; x_wconf 82' lang='lat' dir='ltr'><strong>obviante</strong></span> 
     </span>
    </p>
   </div>
   <div class='ocr_carea' id='block_1_82' title="bbox 199 5791 1700 5878">
    <p class='ocr_par' dir='ltr' id='par_1_82' title="bbox 199 5791 1700 5878">
     <span class='ocr_line' id='line_1_84' title="bbox 199 5791 1700 5878; baseline 0.015 -35"><span class='ocrx_word' id='word_1_589' title='bbox 199 5791 302 5846; x_wconf 82' lang='lat' dir='ltr'><strong>sibi</strong></span> <span class='ocrx_word' id='word_1_590' title='bbox 326 5791 590 5855; x_wconf 72' lang='lat' dir='ltr'><strong>ﬁdelissimo</strong></span> <span class='ocrx_word' id='word_1_591' title='bbox 613 5798 840 5857; x_wconf 83' lang='lat' dir='ltr'><strong>chesio</strong></span> <span class='ocrx_word' id='word_1_592' title='bbox 892 5791 1092 5862; x_wconf 73' lang='lat' dir='ltr'><strong>scilicet</strong></span> <span class='ocrx_word' id='word_1_593' title='bbox 1121 5791 1531 5878; x_wconf 15' lang='lat' dir='ltr'><strong>episcopoi,&#39;qui</strong></span> <span class='ocrx_word' id='word_1_594' title='bbox 1561 5791 1700 5866; x_wconf 60' lang='lat' dir='ltr'><strong>visus</strong></span> 
     </span>
    </p>
   </div>
   <div class='ocr_carea' id='block_1_83' title="bbox 1802 1915 3358 1988">
    <p class='ocr_par' dir='ltr' id='par_1_83' title="bbox 1802 1915 3358 1988">
     <span class='ocr_line' id='line_1_85' title="bbox 1802 1915 3358 1988; baseline 0.006 -22"><span class='ocrx_word' id='word_1_595' title='bbox 1802 1915 1888 1982; x_wconf 90' lang='lat' dir='ltr'><strong>pio</strong></span> <span class='ocrx_word' id='word_1_596' title='bbox 1918 1915 2045 1982; x_wconf 82' lang='lat' dir='ltr'><strong>Regi</strong></span> <span class='ocrx_word' id='word_1_597' title='bbox 2067 1915 2300 1982; x_wconf 85' lang='lat' dir='ltr'><strong>Christo,</strong></span> <span class='ocrx_word' id='word_1_598' title='bbox 2321 1926 2377 1970; x_wconf 90' lang='lat' dir='ltr'><strong>ut</strong></span> <span class='ocrx_word' id='word_1_599' title='bbox 2407 1919 2517 1986; x_wconf 91' lang='lat' dir='ltr'><strong>ipse</strong></span> <span class='ocrx_word' id='word_1_600' title='bbox 2537 1934 2654 1972; x_wconf 88' lang='lat' dir='ltr'><strong>eam</strong></span> <span class='ocrx_word' id='word_1_601' title='bbox 2675 1920 2724 1972; x_wconf 92' lang='lat' dir='ltr'><strong>in</strong></span> <span class='ocrx_word' id='word_1_602' title='bbox 2746 1930 2945 1974; x_wconf 74' lang='lat' dir='ltr'><strong>sancta:</strong></span> <span class='ocrx_word' id='word_1_603' title='bbox 2973 1920 3150 1976; x_wconf 73' lang='lat' dir='ltr'><strong>Maria:</strong></span> <span class='ocrx_word' id='word_1_604' title='bbox 3174 1925 3358 1988; x_wconf 85' lang='lat' dir='ltr'><strong>choro,</strong></span> 
     </span>
    </p>
   </div>
   <div class='ocr_carea' id='block_1_84' title="bbox 1799 2006 3358 2076">
    <p class='ocr_par' dir='ltr' id='par_1_84' title="bbox 1799 2006 3358 2076">
     <span class='ocr_line' id='line_1_86' title="bbox 1799 2006 3358 2076; baseline 0.006 -18"><span class='ocrx_word' id='word_1_605' title='bbox 1799 2006 1883 2058; x_wconf 89' lang='lat' dir='ltr'><strong>vel</strong></span> <span class='ocrx_word' id='word_1_606' title='bbox 1906 2014 2207 2059; x_wconf 87' lang='lat' dir='ltr'><strong>sanctorum</strong></span> <span class='ocrx_word' id='word_1_607' title='bbox 2235 2008 2506 2060; x_wconf 81' lang='lat' dir='ltr'><strong>consortio</strong></span> <span class='ocrx_word' id='word_1_608' title='bbox 2560 2010 2889 2076; x_wconf 84' lang='lat' dir='ltr'><strong>perduceret.</strong></span> <span class='ocrx_word' id='word_1_609' title='bbox 2942 2009 2968 2048; x_wconf 73' lang='grc' dir='ltr'>ἀ</span> <span class='ocrx_word' id='word_1_610' title='bbox 3021 2013 3084 2065; x_wconf 84' lang='grc' dir='ltr'>Ει</span> <span class='ocrx_word' id='word_1_611' title='bbox 3129 2023 3186 2066; x_wconf 82' lang='grc' dir='ltr'><strong>ιιι</strong></span> <span class='ocrx_word' id='word_1_612' title='bbox 3233 2025 3358 2068; x_wconf 91' lang='lat' dir='ltr'><strong>tuttc</strong></span> 
     </span>
    </p>
   </div>
   <div class='ocr_carea' id='block_1_85' title="bbox 1800 2095 3359 2168">
    <p class='ocr_par' dir='ltr' id='par_1_85' title="bbox 1800 2095 3359 2168">
     <span class='ocr_line' id='line_1_87' title="bbox 1800 2095 3359 2168; baseline 0.004 -20"><span class='ocrx_word' id='word_1_613' title='bbox 1800 2103 1916 2148; x_wconf 83' lang='lat' dir='ltr'><strong>erat</strong></span> <span class='ocrx_word' id='word_1_614' title='bbox 1940 2095 2100 2148; x_wconf 86' lang='lat' dir='ltr'><strong>decus</strong></span> <span class='ocrx_word' id='word_1_615' title='bbox 2128 2095 2308 2164; x_wconf 69' lang='lat' dir='ltr'><strong>ipsius,</strong></span> <span class='ocrx_word' id='word_1_616' title='bbox 2332 2096 2647 2163; x_wconf 88' lang='lat' dir='ltr'><strong>sepelientes</strong></span> <span class='ocrx_word' id='word_1_617' title='bbox 2673 2114 2790 2151; x_wconf 88' lang='lat' dir='ltr'><strong>eattt</strong></span> <span class='ocrx_word' id='word_1_618' title='bbox 2819 2115 2938 2153; x_wconf 89' lang='lat' dir='ltr'><strong>cum</strong></span> <span class='ocrx_word' id='word_1_619' title='bbox 2970 2115 3162 2168; x_wconf 86' lang='lat' dir='ltr'><strong>magno</strong></span> <span class='ocrx_word' id='word_1_620' title='bbox 3192 2101 3359 2155; x_wconf 86' lang='lat' dir='ltr'><strong>hono-</strong></span> 
     </span>
    </p>
   </div>
   <div class='ocr_carea' id='block_1_86' title="bbox 1800 2184 3359 2245">
    <p class='ocr_par' dir='ltr' id='par_1_86' title="bbox 1800 2184 3359 2245">
     <span class='ocr_line' id='line_1_88' title="bbox 1800 2184 3359 2245; baseline 0.005 -9"><span class='ocrx_word' id='word_1_621' title='bbox 1800 2199 1858 2237; x_wconf 91' lang='lat' dir='ltr'><strong>re</strong></span> <span class='ocrx_word' id='word_1_622' title='bbox 1887 2193 1938 2237; x_wconf 92' lang='lat' dir='ltr'><strong>et</strong></span> <span class='ocrx_word' id='word_1_623' title='bbox 1963 2184 2127 2238; x_wconf 91' lang='lat' dir='ltr'><strong>multa</strong></span> <span class='ocrx_word' id='word_1_624' title='bbox 2154 2187 2468 2240; x_wconf 89' lang='lat' dir='ltr'><strong>reverentia.</strong></span> <span class='ocrx_word' id='word_1_625' title='bbox 2496 2187 2640 2242; x_wconf 83' lang='lat' dir='ltr'><strong>&#39;l‘unc</strong></span> <span class='ocrx_word' id='word_1_626' title='bbox 2668 2189 2859 2242; x_wconf 89' lang='lat' dir='ltr'><strong>domna</strong></span> <span class='ocrx_word' id='word_1_627' title='bbox 2891 2190 3156 2245; x_wconf 80' lang='lat' dir='ltr'><strong>Bertilana</strong></span> <span class='ocrx_word' id='word_1_628' title='bbox 3197 2194 3359 2245; x_wconf 83' lang='lat' dir='ltr'><strong>abba-</strong></span> 
     </span>
    </p>
   </div>
   <div class='ocr_carea' id='block_1_87' title="bbox 1802 2275 3357 2343">
    <p class='ocr_par' dir='ltr' id='par_1_87' title="bbox 1802 2275 3357 2343">
     <span class='ocr_line' id='line_1_89' title="bbox 1802 2275 3357 2343; baseline 0.006 -18"><span class='ocrx_word' id='word_1_629' title='bbox 1802 2275 1930 2327; x_wconf 89' lang='lat' dir='ltr'><strong>tissa</strong></span> <span class='ocrx_word' id='word_1_630' title='bbox 1965 2289 2061 2342; x_wconf 93' lang='lat' dir='ltr'><strong>pro</strong></span> <span class='ocrx_word' id='word_1_631' title='bbox 2089 2276 2266 2328; x_wconf 87' lang='lat' dir='ltr'><strong>studio</strong></span> <span class='ocrx_word' id='word_1_632' title='bbox 2305 2277 2516 2343; x_wconf 77' lang='lat' dir='ltr'><strong>pietatis</strong></span> <span class='ocrx_word' id='word_1_633' title='bbox 2545 2278 2796 2341; x_wconf 89' lang='lat' dir='ltr'><strong>sollicita,</strong></span> <span class='ocrx_word' id='word_1_634' title='bbox 2828 2283 3219 2336; x_wconf 88' lang='lat' dir='ltr'><strong>commendavit</strong></span> <span class='ocrx_word' id='word_1_635' title='bbox 3239 2299 3357 2336; x_wconf 79' lang='lat' dir='ltr'><strong>san-</strong></span> 
     </span>
    </p>
   </div>
   <div class='ocr_carea' id='block_1_88' title="bbox 1799 2364 3356 2435">
    <p class='ocr_par' dir='ltr' id='par_1_88' title="bbox 1799 2364 3356 2435">
     <span class='ocr_line' id='line_1_90' title="bbox 1799 2364 3356 2435; baseline 0.006 -18"><span class='ocrx_word' id='word_1_636' title='bbox 1799 2365 1899 2418; x_wconf 90' lang='lat' dir='ltr'><strong>ctis</strong></span> <span class='ocrx_word' id='word_1_637' title='bbox 1925 2364 2289 2418; x_wconf 75' lang='lat' dir='ltr'><strong>sacerdotibus</strong></span> <span class='ocrx_word' id='word_1_638' title='bbox 2311 2375 2364 2418; x_wconf 81' lang='lat' dir='ltr'><strong>et</strong></span> <span class='ocrx_word' id='word_1_639' title='bbox 2387 2382 2478 2433; x_wconf 79' lang='lat' dir='ltr'><strong>per</strong></span> <span class='ocrx_word' id='word_1_640' title='bbox 2506 2367 2684 2435; x_wconf 79' lang='lat' dir='ltr'><strong>plures</strong></span> <span class='ocrx_word' id='word_1_641' title='bbox 2713 2370 2963 2423; x_wconf 77' lang='lat' dir='ltr'><strong>ecclesias</strong></span> <span class='ocrx_word' id='word_1_642' title='bbox 2987 2380 3044 2422; x_wconf 90' lang='lat' dir='ltr'><strong>ut</strong></span> <span class='ocrx_word' id='word_1_643' title='bbox 3073 2381 3211 2426; x_wconf 86' lang='lat' dir='ltr'><strong>esset</strong></span> <span class='ocrx_word' id='word_1_644' title='bbox 3240 2389 3356 2427; x_wconf 83' lang='lat' dir='ltr'><strong>tue-</strong></span> 
     </span>
    </p>
   </div>
   <div class='ocr_carea' id='block_1_89' title="bbox 1801 2456 3352 2514">
    <p class='ocr_par' dir='ltr' id='par_1_89' title="bbox 1801 2456 3352 2514">
     <span class='ocr_line' id='line_1_91' title="bbox 1801 2456 3352 2514; baseline 0.004 -6"><span class='ocrx_word' id='word_1_645' title='bbox 1801 2457 1969 2509; x_wconf 84' lang='lat' dir='ltr'><strong>tuoria</strong></span> <span class='ocrx_word' id='word_1_646' title='bbox 1993 2466 2174 2509; x_wconf 89' lang='lat' dir='ltr'><strong>saneta</strong></span> <span class='ocrx_word' id='word_1_647' title='bbox 2204 2456 2253 2508; x_wconf 90' lang='lat' dir='ltr'><strong>itt</strong></span> <span class='ocrx_word' id='word_1_648' title='bbox 2285 2457 2449 2510; x_wconf 72' lang='lat' dir='ltr'><strong>sacris</strong></span> <span class='ocrx_word' id='word_1_649' title='bbox 2469 2457 2826 2511; x_wconf 86' lang='lat' dir='ltr'><strong>oblationibus</strong></span> <span class='ocrx_word' id='word_1_650' title='bbox 2851 2459 3061 2512; x_wconf 86' lang='lat' dir='ltr'><strong>assidue</strong></span> <span class='ocrx_word' id='word_1_651' title='bbox 3089 2460 3352 2514; x_wconf 74' lang='lat' dir='ltr'><strong>facienda.</strong></span> 
     </span>
    </p>
   </div>
   <div class='ocr_carea' id='block_1_90' title="bbox 1800 2546 3356 2618">
    <p class='ocr_par' dir='ltr' id='par_1_90' title="bbox 1800 2546 3356 2618">
     <span class='ocr_line' id='line_1_92' title="bbox 1800 2546 3356 2618; baseline 0.005 -20"><span class='ocrx_word' id='word_1_652' title='bbox 1800 2546 1949 2611; x_wconf 87' lang='lat' dir='ltr'><strong>Quod</strong></span> <span class='ocrx_word' id='word_1_653' title='bbox 1981 2561 2120 2600; x_wconf 90' lang='lat' dir='ltr'><strong>nunc</strong></span> <span class='ocrx_word' id='word_1_654' title='bbox 2149 2560 2313 2616; x_wconf 87' lang='lat' dir='ltr'><strong>usque</strong></span> <span class='ocrx_word' id='word_1_655' title='bbox 2344 2561 2439 2615; x_wconf 91' lang='lat' dir='ltr'><strong>per</strong></span> <span class='ocrx_word' id='word_1_656' title='bbox 2467 2548 2580 2600; x_wconf 88' lang='lat' dir='ltr'><strong>loca</strong></span> <span class='ocrx_word' id='word_1_657' title='bbox 2611 2549 2774 2601; x_wconf 89' lang='lat' dir='ltr'><strong>multa</strong></span> <span class='ocrx_word' id='word_1_658' title='bbox 2797 2550 2987 2604; x_wconf 90' lang='lat' dir='ltr'><strong>merito</strong></span> <span class='ocrx_word' id='word_1_659' title='bbox 3005 2550 3119 2618; x_wconf 88' lang='lat' dir='ltr'><strong>ejus</strong></span> <span class='ocrx_word' id='word_1_660' title='bbox 3145 2551 3356 2606; x_wconf 87' lang='lat' dir='ltr'><strong>assidue</strong></span> 
     </span>
    </p>
   </div>
   <div class='ocr_carea' id='block_1_91' title="bbox 1799 2637 2120 2690">
    <p class='ocr_par' dir='ltr' id='par_1_91' title="bbox 1799 2637 2120 2690">
     <span class='ocr_line' id='line_1_93' title="bbox 1799 2637 2120 2690; baseline -0.006 0"><span class='ocrx_word' id='word_1_661' title='bbox 1799 2637 2120 2690; x_wconf 72' lang='lat' dir='ltr'><strong>celebratur.</strong></span> 
     </span>
    </p>
   </div>
   <div class='ocr_carea' id='block_1_92' title="bbox 1870 2724 3358 2798">
    <p class='ocr_par' dir='ltr' id='par_1_92' title="bbox 1870 2724 3358 2798">
     <span class='ocr_line' id='line_1_94' title="bbox 1870 2724 3358 2798; baseline 0.005 -22"><span class='ocrx_word' id='word_1_662' title='bbox 1870 2725 1954 2777; x_wconf 79' lang='grc'><strong>16.</strong></span> <span class='ocrx_word' id='word_1_663' title='bbox 1998 2724 2227 2792; x_wconf 81' lang='lat' dir='ltr'><strong>Reliquit</strong></span> <span class='ocrx_word' id='word_1_664' title='bbox 2269 2734 2504 2778; x_wconf 89' lang='lat' dir='ltr'><strong>sanctum</strong></span> <span class='ocrx_word' id='word_1_665' title='bbox 2549 2731 2848 2795; x_wconf 83' lang='lat' dir='ltr'><strong>exemplum</strong></span> <span class='ocrx_word' id='word_1_666' title='bbox 2893 2732 3235 2798; x_wconf 87' lang='lat' dir='ltr'><strong>sequentibus</strong></span> <span class='ocrx_word' id='word_1_667' title='bbox 3263 2732 3358 2784; x_wconf 87' lang='lat' dir='ltr'><strong>ltu-</strong></span> 
     </span>
    </p>
   </div>
   <div class='ocr_carea' id='block_1_93' title="bbox 1803 2815 3356 2888">
    <p class='ocr_par' dir='ltr' id='par_1_93' title="bbox 1803 2815 3356 2888">
     <span class='ocr_line' id='line_1_95' title="bbox 1803 2815 3356 2888; baseline 0.005 -19"><span class='ocrx_word' id='word_1_668' title='bbox 1803 2815 2041 2869; x_wconf 90' lang='lat' dir='ltr'><strong>tttilitatis</strong></span> <span class='ocrx_word' id='word_1_669' title='bbox 2067 2825 2122 2868; x_wconf 93' lang='lat' dir='ltr'><strong>et</strong></span> <span class='ocrx_word' id='word_1_670' title='bbox 2148 2816 2418 2883; x_wconf 78' lang='lat' dir='ltr'><strong>sapientiu-</strong></span> <span class='ocrx_word' id='word_1_671' title='bbox 2442 2856 2458 2879; x_wconf 94' lang='lat'><strong>,</strong></span> <span class='ocrx_word' id='word_1_672' title='bbox 2491 2819 2905 2872; x_wconf 87' lang='lat' dir='ltr'><strong>mansuetudinis</strong></span> <span class='ocrx_word' id='word_1_673' title='bbox 2944 2830 2997 2873; x_wconf 90' lang='lat' dir='ltr'><strong>et</strong></span> <span class='ocrx_word' id='word_1_674' title='bbox 3043 2821 3356 2888; x_wconf 73' lang='lat' dir='ltr'><strong>plenissimae</strong></span> 
     </span>
    </p>
   </div>
   <div class='ocr_carea' id='block_1_94' title="bbox 1799 2908 3357 2978">
    <p class='ocr_par' dir='ltr' id='par_1_94' title="bbox 1799 2908 3357 2978">
     <span class='ocr_line' id='line_1_96' title="bbox 1799 2908 3357 2978; baseline 0.004 -17"><span class='ocrx_word' id='word_1_675' title='bbox 1799 2908 2095 2962; x_wconf 89' lang='lat' dir='ltr'><strong>dilectionis</strong></span> <span class='ocrx_word' id='word_1_676' title='bbox 2123 2908 2352 2963; x_wconf 88' lang='lat' dir='ltr'><strong>studium</strong></span> <span class='ocrx_word' id='word_1_677' title='bbox 2377 2948 2391 2973; x_wconf 88' lang='lat'><strong>,</strong></span> <span class='ocrx_word' id='word_1_678' title='bbox 2441 2909 2652 2978; x_wconf 88' lang='lat' dir='ltr'><strong>imoque</strong></span> <span class='ocrx_word' id='word_1_679' title='bbox 2703 2911 2916 2964; x_wconf 77' lang='lat' dir='ltr'><strong>inunita:</strong></span> <span class='ocrx_word' id='word_1_680' title='bbox 2945 2911 3312 2966; x_wconf 72' lang='lat' dir='ltr'><strong>misericordia:</strong></span> <span class='ocrx_word' id='word_1_681' title='bbox 3340 2953 3357 2975; x_wconf 86' lang='lat'><strong>,</strong></span> 
     </span>
    </p>
   </div>
   <div class='ocr_carea' id='block_1_95' title="bbox 1801 2999 3354 3068">
    <p class='ocr_par' dir='ltr' id='par_1_95' title="bbox 1801 2999 3354 3068">
     <span class='ocr_line' id='line_1_97' title="bbox 1801 2999 3354 3068; baseline 0.001 -16"><span class='ocrx_word' id='word_1_682' title='bbox 1801 3009 2138 3068; x_wconf 86' lang='lat' dir='ltr'><strong>astutamque</strong></span> <span class='ocrx_word' id='word_1_683' title='bbox 2185 2999 2472 3066; x_wconf 75' lang='lat' dir='ltr'><strong>prudentia:</strong></span> <span class='ocrx_word' id='word_1_684' title='bbox 2511 3000 2833 3066; x_wconf 81' lang='lat' dir='ltr'><strong>vigilantiam</strong></span> <span class='ocrx_word' id='word_1_685' title='bbox 2878 3009 2930 3053; x_wconf 92' lang='lat' dir='ltr'><strong>et</strong></span> <span class='ocrx_word' id='word_1_686' title='bbox 2969 3001 3354 3055; x_wconf 80' lang='lat' dir='ltr'><strong>confessionem</strong></span> 
     </span>
    </p>
   </div>
   <div class='ocr_carea' id='block_1_96' title="bbox 1805 3091 3357 3160">
    <p class='ocr_par' dir='ltr' id='par_1_96' title="bbox 1805 3091 3357 3160">
     <span class='ocr_line' id='line_1_98' title="bbox 1805 3091 3357 3160; baseline 0.001 -16"><span class='ocrx_word' id='word_1_687' title='bbox 1805 3091 2078 3160; x_wconf 89' lang='lat' dir='ltr'><strong>puritatis,</strong></span> <span class='ocrx_word' id='word_1_688' title='bbox 2132 3098 2188 3144; x_wconf 81' lang='lat' dir='ltr'><strong>et</strong></span> <span class='ocrx_word' id='word_1_689' title='bbox 2229 3099 2417 3144; x_wconf 90' lang='lat' dir='ltr'><strong>cuncta</strong></span> <span class='ocrx_word' id='word_1_690' title='bbox 2452 3106 2547 3159; x_wconf 90' lang='lat' dir='ltr'><strong>per</strong></span> <span class='ocrx_word' id='word_1_691' title='bbox 2573 3091 2850 3144; x_wconf 85' lang='lat' dir='ltr'><strong>consilium</strong></span> <span class='ocrx_word' id='word_1_692' title='bbox 2875 3129 2892 3155; x_wconf 92' lang='lat'><strong>,</strong></span> <span class='ocrx_word' id='word_1_693' title='bbox 2939 3100 2994 3144; x_wconf 91' lang='lat' dir='ltr'><strong>et</strong></span> <span class='ocrx_word' id='word_1_694' title='bbox 3041 3091 3166 3146; x_wconf 89' lang='lat' dir='ltr'><strong>nihil</strong></span> <span class='ocrx_word' id='word_1_695' title='bbox 3201 3104 3221 3128; x_wconf 69' lang='grc' dir='ltr'>ε</span> <span class='ocrx_word' id='word_1_696' title='bbox 3244 3093 3357 3146; x_wconf 84' lang='lat' dir='ltr'><strong>sine</strong></span> 
     </span>
    </p>
   </div>
   <div class='ocr_carea' id='block_1_97' title="bbox 1803 3181 3360 3252">
    <p class='ocr_par' dir='ltr' id='par_1_97' title="bbox 1803 3181 3360 3252">
     <span class='ocr_line' id='line_1_99' title="bbox 1803 3181 3360 3252; baseline -0.001 -15"><span class='ocrx_word' id='word_1_697' title='bbox 1803 3190 2102 3237; x_wconf 85' lang='lat' dir='ltr'><strong>commeate</strong></span> <span class='ocrx_word' id='word_1_698' title='bbox 2123 3183 2339 3235; x_wconf 91' lang='lat' dir='ltr'><strong>omnino</strong></span> <span class='ocrx_word' id='word_1_699' title='bbox 2365 3196 2483 3235; x_wconf 75' lang='lat' dir='ltr'><strong>esse</strong></span> <span class='ocrx_word' id='word_1_700' title='bbox 2513 3181 2828 3246; x_wconf 78' lang='lat' dir='ltr'><strong>faciendum,</strong></span> <span class='ocrx_word' id='word_1_701' title='bbox 2858 3183 2950 3236; x_wconf 90' lang='lat' dir='ltr'><strong>sed</strong></span> <span class='ocrx_word' id='word_1_702' title='bbox 2977 3191 3264 3252; x_wconf 87' lang='lat' dir='ltr'><strong>temperata</strong></span> <span class='ocrx_word' id='word_1_703' title='bbox 3306 3195 3360 3236; x_wconf 82' lang='lat' dir='ltr'><strong>et</strong></span> 
     </span>
    </p>
   </div>
   <div class='ocr_carea' id='block_1_98' title="bbox 1802 3270 3355 3340">
    <p class='ocr_par' dir='ltr' id='par_1_98' title="bbox 1802 3270 3355 3340">
     <span class='ocr_line' id='line_1_100' title="bbox 1802 3270 3355 3340; baseline 0.001 -16"><span class='ocrx_word' id='word_1_704' title='bbox 1802 3270 2135 3326; x_wconf 88' lang='lat' dir='ltr'><strong>rationabilia</strong></span> <span class='ocrx_word' id='word_1_705' title='bbox 2183 3271 2294 3324; x_wconf 90' lang='lat' dir='ltr'><strong>lieri</strong></span> <span class='ocrx_word' id='word_1_706' title='bbox 2347 3272 2612 3324; x_wconf 86' lang='lat' dir='ltr'><strong>universa.</strong></span> <span class='ocrx_word' id='word_1_707' title='bbox 2667 3271 2812 3324; x_wconf 91' lang='lat' dir='ltr'><strong>Ilauc</strong></span> <span class='ocrx_word' id='word_1_708' title='bbox 2859 3271 3069 3340; x_wconf 82' lang='lat' dir='ltr'><strong>pietatis</strong></span> <span class='ocrx_word' id='word_1_709' title='bbox 3123 3272 3355 3340; x_wconf 83' lang='lat' dir='ltr'><strong>regulam</strong></span> 
     </span>
    </p>
   </div>
   <div class='ocr_carea' id='block_1_99' title="bbox 1801 3361 3360 3431">
    <p class='ocr_par' dir='ltr' id='par_1_99' title="bbox 1801 3361 3360 3431">
     <span class='ocr_line' id='line_1_101' title="bbox 1801 3361 3360 3431; baseline -0.004 -13"><span class='ocrx_word' id='word_1_710' title='bbox 1801 3362 2172 3418; x_wconf 78' lang='lat' dir='ltr'><strong>consodalibus</strong></span> <span class='ocrx_word' id='word_1_711' title='bbox 2225 3363 2527 3431; x_wconf 86' lang='lat' dir='ltr'><strong>exemplum</strong></span> <span class='ocrx_word' id='word_1_712' title='bbox 2577 3363 2967 3416; x_wconf 78' lang='lat' dir='ltr'><strong>sanctissimum</strong></span> <span class='ocrx_word' id='word_1_713' title='bbox 3028 3361 3360 3430; x_wconf 87' lang='lat' dir='ltr'><strong>dereliquit,</strong></span> 
     </span>
    </p>
   </div>
   <div class='ocr_carea' id='block_1_100' title="bbox 1802 3453 3360 3525">
    <p class='ocr_par' dir='ltr' id='par_1_100' title="bbox 1802 3453 3360 3525">
     <span class='ocr_line' id='line_1_102' title="bbox 1802 3453 3360 3525; baseline -0.002 -16"><span class='ocrx_word' id='word_1_714' title='bbox 1802 3471 1898 3525; x_wconf 92' lang='lat' dir='ltr'><strong>pro</strong></span> <span class='ocrx_word' id='word_1_715' title='bbox 1922 3455 2113 3525; x_wconf 87' lang='lat' dir='ltr'><strong>quibus</strong></span> <span class='ocrx_word' id='word_1_716' title='bbox 2154 3470 2292 3508; x_wconf 91' lang='lat' dir='ltr'><strong>nunc</strong></span> <span class='ocrx_word' id='word_1_717' title='bbox 2330 3454 2528 3507; x_wconf 83' lang='lat' dir='ltr'><strong>sanctis</strong></span> <span class='ocrx_word' id='word_1_718' title='bbox 2576 3454 2863 3506; x_wconf 87' lang='lat' dir='ltr'><strong>virtutibus</strong></span> <span class='ocrx_word' id='word_1_719' title='bbox 2911 3461 2968 3506; x_wconf 92' lang='lat' dir='ltr'><strong>et</strong></span> <span class='ocrx_word' id='word_1_720' title='bbox 3004 3454 3169 3506; x_wconf 89' lang='lat' dir='ltr'><strong>multo</strong></span> <span class='ocrx_word' id='word_1_721' title='bbox 3199 3453 3360 3520; x_wconf 81' lang='lat' dir='ltr'><strong>pluri—</strong></span> 
     </span>
    </p>
   </div>
   <div class='ocr_carea' id='block_1_101' title="bbox 1802 3542 3359 3610">
    <p class='ocr_par' dir='ltr' id='par_1_101' title="bbox 1802 3542 3359 3610">
     <span class='ocr_line' id='line_1_103' title="bbox 1802 3542 3359 3610; baseline 0 -12"><span class='ocrx_word' id='word_1_722' title='bbox 1802 3546 1902 3598; x_wconf 86' lang='lat' dir='ltr'><strong>bus</strong></span> <span class='ocrx_word' id='word_1_723' title='bbox 1931 3544 2133 3597; x_wconf 78' lang='lat' dir='ltr'><strong>sauetis</strong></span> <span class='ocrx_word' id='word_1_724' title='bbox 2177 3544 2288 3597; x_wconf 83' lang='lat' dir='ltr'><strong>suis</strong></span> <span class='ocrx_word' id='word_1_725' title='bbox 2326 3542 2528 3596; x_wconf 89' lang='lat' dir='ltr'><strong>meritis</strong></span> <span class='ocrx_word' id='word_1_726' title='bbox 2548 3543 2748 3610; x_wconf 87' lang='lat' dir='ltr'><strong>recepit</strong></span> <span class='ocrx_word' id='word_1_727' title='bbox 2778 3543 2949 3610; x_wconf 85' lang='lat' dir='ltr'><strong>magni</strong></span> <span class='ocrx_word' id='word_1_728' title='bbox 2973 3543 3173 3610; x_wconf 65' lang='lat' dir='ltr'><strong>praemii</strong></span> <span class='ocrx_word' id='word_1_729' title='bbox 3199 3558 3359 3598; x_wconf 86' lang='lat' dir='ltr'><strong>coro-</strong></span> 
     </span>
    </p>
   </div>
   <div class='ocr_carea' id='block_1_102' title="bbox 1801 3632 3360 3701">
    <p class='ocr_par' dir='ltr' id='par_1_102' title="bbox 1801 3632 3360 3701">
     <span class='ocr_line' id='line_1_104' title="bbox 1801 3632 3360 3701; baseline 0 -13"><span class='ocrx_word' id='word_1_730' title='bbox 1801 3649 1920 3688; x_wconf 92' lang='lat' dir='ltr'><strong>nant</strong></span> <span class='ocrx_word' id='word_1_731' title='bbox 1951 3635 2050 3689; x_wconf 92' lang='lat' dir='ltr'><strong>sibi</strong></span> <span class='ocrx_word' id='word_1_732' title='bbox 2093 3651 2124 3689; x_wconf 89' lang='lat' dir='ltr'><strong>a</strong></span> <span class='ocrx_word' id='word_1_733' title='bbox 2173 3635 2394 3688; x_wconf 91' lang='lat' dir='ltr'><strong>Domino</strong></span> <span class='ocrx_word' id='word_1_734' title='bbox 2421 3633 2544 3686; x_wconf 92' lang='lat' dir='ltr'><strong>olim</strong></span> <span class='ocrx_word' id='word_1_735' title='bbox 2594 3633 2898 3700; x_wconf 82' lang='lat' dir='ltr'><strong>repositam.</strong></span> <span class='ocrx_word' id='word_1_736' title='bbox 2935 3632 3000 3685; x_wconf 86' lang='lat' dir='ltr'><strong>Et</strong></span> <span class='ocrx_word' id='word_1_737' title='bbox 3029 3634 3185 3686; x_wconf 92' lang='lat' dir='ltr'><strong>modo</strong></span> <span class='ocrx_word' id='word_1_738' title='bbox 3238 3649 3360 3701; x_wconf 74' lang='lat' dir='ltr'><strong>per-</strong></span> 
     </span>
    </p>
   </div>
   <div class='ocr_carea' id='block_1_103' title="bbox 1798 3723 3356 3793">
    <p class='ocr_par' dir='ltr' id='par_1_103' title="bbox 1798 3723 3356 3793">
     <span class='ocr_line' id='line_1_105' title="bbox 1798 3723 3356 3793; baseline 0 -15"><span class='ocrx_word' id='word_1_739' title='bbox 1798 3724 1990 3780; x_wconf 74' lang='lat' dir='ltr'><strong>fruitur</strong></span> <span class='ocrx_word' id='word_1_740' title='bbox 2015 3727 2154 3780; x_wconf 86' lang='lat' dir='ltr'><strong>inter</strong></span> <span class='ocrx_word' id='word_1_741' title='bbox 2179 3726 2394 3793; x_wconf 77' lang='lat' dir='ltr'><strong>angelos</strong></span> <span class='ocrx_word' id='word_1_742' title='bbox 2425 3725 2475 3776; x_wconf 91' lang='lat' dir='ltr'><strong>in</strong></span> <span class='ocrx_word' id='word_1_743' title='bbox 2516 3732 2802 3790; x_wconf 88' lang='lat' dir='ltr'><strong>conspectu</strong></span> <span class='ocrx_word' id='word_1_744' title='bbox 2835 3723 3038 3776; x_wconf 85' lang='lat' dir='ltr'><strong>Domini</strong></span> <span class='ocrx_word' id='word_1_745' title='bbox 3069 3732 3123 3776; x_wconf 89' lang='lat' dir='ltr'><strong>et</strong></span> <span class='ocrx_word' id='word_1_746' title='bbox 3163 3723 3356 3792; x_wconf 83' lang='lat' dir='ltr'><strong>Spousi</strong></span> 
     </span>
    </p>
   </div>
   <div class='ocr_carea' id='block_1_104' title="bbox 1798 3813 3364 3880">
    <p class='ocr_par' dir='ltr' id='par_1_104' title="bbox 1798 3813 3364 3880">
     <span class='ocr_line' id='line_1_106' title="bbox 1798 3813 3364 3880; baseline -0.001 -10"><span class='ocrx_word' id='word_1_747' title='bbox 1798 3818 1876 3870; x_wconf 83' lang='lat' dir='ltr'><strong>sui</strong></span> <span class='ocrx_word' id='word_1_748' title='bbox 1907 3833 2026 3870; x_wconf 91' lang='lat' dir='ltr'><strong>cum</strong></span> <span class='ocrx_word' id='word_1_749' title='bbox 2075 3816 2297 3870; x_wconf 86' lang='lat' dir='ltr'><strong>candido</strong></span> <span class='ocrx_word' id='word_1_750' title='bbox 2342 3815 2599 3880; x_wconf 83' lang='lat' dir='ltr'><strong>virginum</strong></span> <span class='ocrx_word' id='word_1_751' title='bbox 2655 3827 2814 3880; x_wconf 84' lang='lat' dir='ltr'><strong>grege</strong></span> <span class='ocrx_word' id='word_1_752' title='bbox 2855 3813 2994 3880; x_wconf 90' lang='lat' dir='ltr'><strong>quod</strong></span> <span class='ocrx_word' id='word_1_753' title='bbox 3043 3813 3364 3868; x_wconf 76' lang='lat' dir='ltr'><strong>desideravit</strong></span> 
     </span>
    </p>
   </div>
   <div class='ocr_carea' id='block_1_105' title="bbox 1799 3902 3363 3972">
    <p class='ocr_par' dir='ltr' id='par_1_105' title="bbox 1799 3902 3363 3972">
     <span class='ocr_line' id='line_1_107' title="bbox 1799 3902 3363 3972; baseline 0 -13"><span class='ocrx_word' id='word_1_754' title='bbox 1799 3906 2113 3959; x_wconf 89' lang='lat' dir='ltr'><strong>immensum</strong></span> <span class='ocrx_word' id='word_1_755' title='bbox 2135 3919 2196 3958; x_wconf 87' lang='lat' dir='ltr'><strong>ac</strong></span> <span class='ocrx_word' id='word_1_756' title='bbox 2216 3904 2591 3972; x_wconf 86' lang='lat' dir='ltr'><strong>sempiternum</strong></span> <span class='ocrx_word' id='word_1_757' title='bbox 2618 3903 2885 3970; x_wconf 88' lang='lat' dir='ltr'><strong>gaudium.</strong></span> <span class='ocrx_word' id='word_1_758' title='bbox 2920 3902 2986 3956; x_wconf 80' lang='lat' dir='ltr'><strong>Et</strong></span> <span class='ocrx_word' id='word_1_759' title='bbox 3015 3919 3153 3956; x_wconf 89' lang='lat' dir='ltr'><strong>nunc</strong></span> <span class='ocrx_word' id='word_1_760' title='bbox 3179 3905 3244 3957; x_wconf 82' lang='lat' dir='ltr'><strong>ad</strong></span> <span class='ocrx_word' id='word_1_761' title='bbox 3273 3905 3363 3959; x_wconf 89' lang='lat' dir='ltr'><strong>dc-</strong></span> 
     </span>
    </p>
   </div>
   <div class='ocr_carea' id='block_1_106' title="bbox 1799 3993 3361 4060">
    <p class='ocr_par' dir='ltr' id='par_1_106' title="bbox 1799 3993 3361 4060">
     <span class='ocr_line' id='line_1_108' title="bbox 1799 3993 3361 4060; baseline -0.003 -10"><span class='ocrx_word' id='word_1_762' title='bbox 1799 3995 2103 4050; x_wconf 84' lang='lat' dir='ltr'><strong>clarandunt</strong></span> <span class='ocrx_word' id='word_1_763' title='bbox 2159 3993 2400 4047; x_wconf 80' lang='lat' dir='ltr'><strong>ﬁdelibus</strong></span> <span class='ocrx_word' id='word_1_764' title='bbox 2451 3993 2676 4048; x_wconf 89' lang='lat' dir='ltr'><strong>sublime</strong></span> <span class='ocrx_word' id='word_1_765' title='bbox 2721 3993 2836 4060; x_wconf 89' lang='lat' dir='ltr'><strong>ejus</strong></span> <span class='ocrx_word' id='word_1_766' title='bbox 2889 3993 3134 4046; x_wconf 80' lang='lat' dir='ltr'><strong>meritum</strong></span> <span class='ocrx_word' id='word_1_767' title='bbox 3183 3994 3361 4047; x_wconf 81' lang='lat' dir='ltr'><strong>divina</strong></span> 
     </span>
    </p>
   </div>
   <div class='ocr_carea' id='block_1_107' title="bbox 1799 4073 3363 4155">
    <p class='ocr_par' dir='ltr' id='par_1_107' title="bbox 1799 4073 3363 4155">
     <span class='ocr_line' id='line_1_109' title="bbox 1799 4073 3363 4155; baseline -0.001 -15"><span class='ocrx_word' id='word_1_768' title='bbox 1799 4087 1972 4155; x_wconf 85' lang='lat' dir='ltr'><strong>pietas</strong></span> <span class='ocrx_word' id='word_1_769' title='bbox 1997 4073 2060 4138; x_wconf 80' lang='lat' dir='ltr'><strong>ad</strong></span> <span class='ocrx_word' id='word_1_770' title='bbox 2081 4099 2289 4138; x_wconf 88' lang='lat' dir='ltr'><strong>sacrum</strong></span> <span class='ocrx_word' id='word_1_771' title='bbox 2327 4083 2442 4150; x_wconf 84' lang='lat' dir='ltr'><strong>ejus</strong></span> <span class='ocrx_word' id='word_1_772' title='bbox 2480 4082 2779 4150; x_wconf 89' lang='lat' dir='ltr'><strong>sepulcrum</strong></span> <span class='ocrx_word' id='word_1_773' title='bbox 2821 4081 2970 4150; x_wconf 90' lang='lat' dir='ltr'><strong>plura</strong></span> <span class='ocrx_word' id='word_1_774' title='bbox 3012 4083 3220 4151; x_wconf 83' lang='lat' dir='ltr'><strong>perlicit</strong></span> <span class='ocrx_word' id='word_1_775' title='bbox 3265 4085 3363 4138; x_wconf 85' lang='lat' dir='ltr'><strong>mi-</strong></span> 
     </span>
    </p>
   </div>
   <div class='ocr_carea' id='block_1_108' title="bbox 1797 4166 3363 4241">
    <p class='ocr_par' dir='ltr' id='par_1_108' title="bbox 1797 4166 3363 4241">
     <span class='ocr_line' id='line_1_110' title="bbox 1797 4166 3363 4241; baseline -0.003 -12"><span class='ocrx_word' id='word_1_776' title='bbox 1797 4176 2005 4231; x_wconf 89' lang='lat' dir='ltr'><strong>rabilia.</strong></span> <span class='ocrx_word' id='word_1_777' title='bbox 2055 4173 2129 4226; x_wconf 85' lang='lat' dir='ltr'><strong>Ita</strong></span> <span class='ocrx_word' id='word_1_778' title='bbox 2177 4166 2416 4241; x_wconf 87' lang='lat' dir='ltr'><strong>quisquis</strong></span> <span class='ocrx_word' id='word_1_779' title='bbox 2447 4171 2515 4225; x_wconf 89' lang='lat' dir='ltr'><strong>ibi</strong></span> <span class='ocrx_word' id='word_1_780' title='bbox 2555 4171 2705 4224; x_wconf 77' lang='lat' dir='ltr'><strong>iebre</strong></span> <span class='ocrx_word' id='word_1_781' title='bbox 2729 4179 3009 4239; x_wconf 86' lang='lat' dir='ltr'><strong>correptus</strong></span> <span class='ocrx_word' id='word_1_782' title='bbox 3048 4187 3143 4226; x_wconf 88' lang='lat' dir='ltr'><strong>seu</strong></span> <span class='ocrx_word' id='word_1_783' title='bbox 3192 4187 3220 4224; x_wconf 90' lang='lat' dir='ltr'><strong>a</strong></span> <span class='ocrx_word' id='word_1_784' title='bbox 3252 4171 3363 4225; x_wconf 73' lang='lat' dir='ltr'><strong>dte—</strong></span> 
     </span>
    </p>
   </div>
   <div class='ocr_carea' id='block_1_109' title="bbox 1799 4260 3364 4320">
    <p class='ocr_par' dir='ltr' id='par_1_109' title="bbox 1799 4260 3364 4320">
     <span class='ocr_line' id='line_1_111' title="bbox 1799 4260 3364 4320; baseline -0.003 0"><span class='ocrx_word' id='word_1_785' title='bbox 1799 4267 1978 4320; x_wconf 91' lang='lat' dir='ltr'><strong>monio</strong></span> <span class='ocrx_word' id='word_1_786' title='bbox 2014 4273 2234 4318; x_wconf 81' lang='lat' dir='ltr'><strong>vexatus</strong></span> <span class='ocrx_word' id='word_1_787' title='bbox 2258 4263 2343 4316; x_wconf 87' lang='lat' dir='ltr'><strong>vel</strong></span> <span class='ocrx_word' id='word_1_788' title='bbox 2365 4261 2602 4315; x_wconf 91' lang='lat' dir='ltr'><strong>dentium</strong></span> <span class='ocrx_word' id='word_1_789' title='bbox 2625 4261 2812 4315; x_wconf 90' lang='lat' dir='ltr'><strong>dolore</strong></span> <span class='ocrx_word' id='word_1_790' title='bbox 2833 4263 3094 4315; x_wconf 81' lang='lat' dir='ltr'><strong>contritus</strong></span> <span class='ocrx_word' id='word_1_791' title='bbox 3118 4261 3180 4313; x_wconf 89' lang='lat' dir='ltr'><strong>ad</strong></span> <span class='ocrx_word' id='word_1_792' title='bbox 3209 4260 3364 4315; x_wconf 84' lang='lat' dir='ltr'><strong>tidem</strong></span> 
     </span>
    </p>
   </div>
   <div class='ocr_carea' id='block_1_110' title="bbox 1799 4348 3363 4441">
    <p class='ocr_par' dir='ltr' id='par_1_110' title="bbox 1799 4348 3363 4441">
     <span class='ocr_line' id='line_1_112' title="bbox 1799 4348 3363 4441; baseline -0.003 -34"><span class='ocrx_word' id='word_1_793' title='bbox 1799 4353 2069 4441; x_wconf 34' lang='lat' dir='ltr'><strong>[Alaeum</strong></span> <span class='ocrx_word' id='word_1_794' title='bbox 2099 4348 2538 4420; x_wconf 76' lang='lat' dir='ltr'><strong>ﬁdejaccesserit,</strong></span> <span class='ocrx_word' id='word_1_795' title='bbox 2575 4349 2718 4404; x_wconf 81' lang='lat' dir='ltr'><strong>illico</strong></span> <span class='ocrx_word' id='word_1_796' title='bbox 2743 4363 2837 4418; x_wconf 92' lang='lat' dir='ltr'><strong>per</strong></span> <span class='ocrx_word' id='word_1_797' title='bbox 2858 4349 3084 4403; x_wconf 75' lang='lat' dir='ltr'><strong>divinam</strong></span> <span class='ocrx_word' id='word_1_798' title='bbox 3116 4349 3363 4404; x_wconf 89' lang='lat' dir='ltr'><strong>virtutem</strong></span> 
     </span>
    </p>
   </div>
   <div class='ocr_carea' id='block_1_111' title="bbox 1799 4443 3360 4515">
    <p class='ocr_par' dir='ltr' id='par_1_111' title="bbox 1799 4443 3360 4515">
     <span class='ocr_line' id='line_1_113' title="bbox 1799 4443 3360 4515; baseline -0.001 -15"><span class='ocrx_word' id='word_1_799' title='bbox 1799 4459 1854 4500; x_wconf 87' lang='lat' dir='ltr'><strong>et</strong></span> <span class='ocrx_word' id='word_1_800' title='bbox 1881 4462 1976 4515; x_wconf 88' lang='lat' dir='ltr'><strong>per</strong></span> <span class='ocrx_word' id='word_1_801' title='bbox 2017 4444 2132 4514; x_wconf 89' lang='lat' dir='ltr'><strong>ejus</strong></span> <span class='ocrx_word' id='word_1_802' title='bbox 2157 4454 2395 4497; x_wconf 89' lang='lat' dir='ltr'><strong>sanctam</strong></span> <span class='ocrx_word' id='word_1_803' title='bbox 2446 4443 2877 4498; x_wconf 77' lang='lat' dir='ltr'><strong>intercessionem</strong></span> <span class='ocrx_word' id='word_1_804' title='bbox 2929 4443 3105 4496; x_wconf 88' lang='lat' dir='ltr'><strong>statim</strong></span> <span class='ocrx_word' id='word_1_805' title='bbox 3141 4443 3360 4512; x_wconf 83' lang='lat' dir='ltr'><strong>depulsa</strong></span> 
     </span>
    </p>
   </div>
   <div class='ocr_carea' id='block_1_112' title="bbox 1803 4533 3364 4605">
    <p class='ocr_par' dir='ltr' id='par_1_112' title="bbox 1803 4533 3364 4605">
     <span class='ocr_line' id='line_1_114' title="bbox 1803 4533 3364 4605; baseline 0 -16"><span class='ocrx_word' id='word_1_806' title='bbox 1803 4536 2038 4605; x_wconf 89' lang='lat' dir='ltr'><strong>qualibet</strong></span> <span class='ocrx_word' id='word_1_807' title='bbox 2091 4533 2394 4588; x_wconf 89' lang='lat' dir='ltr'><strong>morborum</strong></span> <span class='ocrx_word' id='word_1_808' title='bbox 2427 4542 2595 4602; x_wconf 88' lang='lat' dir='ltr'><strong>peste,</strong></span> <span class='ocrx_word' id='word_1_809' title='bbox 2645 4533 2761 4588; x_wconf 87' lang='lat' dir='ltr'><strong>sani</strong></span> <span class='ocrx_word' id='word_1_810' title='bbox 2803 4542 2963 4602; x_wconf 90' lang='lat' dir='ltr'><strong>atque</strong></span> <span class='ocrx_word' id='word_1_811' title='bbox 2992 4534 3282 4588; x_wconf 83' lang='lat' dir='ltr'><strong>incolumes</strong></span> <span class='ocrx_word' id='word_1_812' title='bbox 3310 4535 3364 4589; x_wconf 90' lang='lat' dir='ltr'><strong>in</strong></span> 
     </span>
    </p>
   </div>
   <div class='ocr_carea' id='block_1_113' title="bbox 1806 4622 3358 4694">
    <p class='ocr_par' dir='ltr' id='par_1_113' title="bbox 1806 4622 3358 4694">
     <span class='ocr_line' id='line_1_115' title="bbox 1806 4622 3358 4694; baseline -0.001 -14"><span class='ocrx_word' id='word_1_813' title='bbox 1806 4627 1898 4680; x_wconf 87' lang='lat' dir='ltr'><strong>Dei</strong></span> <span class='ocrx_word' id='word_1_814' title='bbox 1929 4624 2138 4678; x_wconf 83' lang='lat' dir='ltr'><strong>nomine</strong></span> <span class='ocrx_word' id='word_1_815' title='bbox 2163 4624 2353 4680; x_wconf 80' lang='lat' dir='ltr'><strong>exinde</strong></span> <span class='ocrx_word' id='word_1_816' title='bbox 2394 4627 2730 4694; x_wconf 88' lang='lat' dir='ltr'><strong>procedunt,</strong></span> <span class='ocrx_word' id='word_1_817' title='bbox 2784 4622 2800 4659; x_wconf 75' lang='grc' dir='ltr'>ί</span> <span class='ocrx_word' id='word_1_818' title='bbox 2836 4632 2894 4677; x_wconf 84' lang='grc' dir='ltr'><strong>ιιι</strong></span> <span class='ocrx_word' id='word_1_819' title='bbox 2925 4632 2979 4678; x_wconf 92' lang='lat' dir='ltr'><strong>et</strong></span> <span class='ocrx_word' id='word_1_820' title='bbox 3007 4625 3162 4678; x_wconf 91' lang='lat' dir='ltr'><strong>modo</strong></span> <span class='ocrx_word' id='word_1_821' title='bbox 3190 4639 3358 4693; x_wconf 90' lang='lat' dir='ltr'><strong>nttper</strong></span> 
     </span>
    </p>
   </div>
   <div class='ocr_carea' id='block_1_114' title="bbox 1805 4716 2857 4787">
    <p class='ocr_par' dir='ltr' id='par_1_114' title="bbox 1805 4716 2857 4787">
     <span class='ocr_line' id='line_1_116' title="bbox 1805 4716 2857 4787; baseline -0.003 -14"><span class='ocrx_word' id='word_1_822' title='bbox 1805 4719 1872 4773; x_wconf 90' lang='lat' dir='ltr'><strong>de</strong></span> <span class='ocrx_word' id='word_1_823' title='bbox 1897 4717 2072 4784; x_wconf 86' lang='lat' dir='ltr'><strong>aliquo</strong></span> <span class='ocrx_word' id='word_1_824' title='bbox 2099 4732 2272 4787; x_wconf 89' lang='lat' dir='ltr'><strong>puero</strong></span> <span class='ocrx_word' id='word_1_825' title='bbox 2301 4716 2581 4770; x_wconf 80' lang='lat' dir='ltr'><strong>manifeste</strong></span> <span class='ocrx_word' id='word_1_826' title='bbox 2610 4717 2857 4785; x_wconf 86' lang='lat' dir='ltr'><strong>contigit.</strong></span> 
     </span>
    </p>
   </div>
   <div class='ocr_carea' id='block_1_115' title="bbox 1806 4795 3361 4901">
    <p class='ocr_par' dir='ltr' id='par_1_115' title="bbox 1806 4795 3361 4901">
     <span class='ocr_line' id='line_1_117' title="bbox 1806 4795 3361 4901; baseline 0 -14"><span class='ocrx_word' id='word_1_827' title='bbox 1806 4843 1887 4887; x_wconf 90' lang='lat' dir='ltr'><strong>est</strong></span> <span class='ocrx_word' id='word_1_828' title='bbox 1905 4795 2194 4886; x_wconf 60' lang='lat' dir='ltr'><strong>astantibus</strong></span> <span class='ocrx_word' id='word_1_829' title='bbox 2222 4832 2358 4885; x_wconf 58' lang='lat' dir='ltr'><strong>inter</strong></span> <span class='ocrx_word' id='word_1_830' title='bbox 2385 4831 2593 4898; x_wconf 83' lang='lat' dir='ltr'><strong>agmina</strong></span> <span class='ocrx_word' id='word_1_831' title='bbox 2625 4831 2928 4898; x_wconf 84' lang='lat' dir='ltr'><strong>angelorum</strong></span> <span class='ocrx_word' id='word_1_832' title='bbox 2977 4831 3210 4897; x_wconf 85' lang='lat' dir='ltr'><strong>all‘uisse,</strong></span> <span class='ocrx_word' id='word_1_833' title='bbox 3245 4831 3361 4901; x_wconf 83' lang='lat' dir='ltr'><strong>glo-</strong></span> 
     </span>
    </p>
   </div>
   <div class='ocr_carea' id='block_1_116' title="bbox 1805 4901 2970 4966">
    <p class='ocr_par' dir='ltr' id='par_1_116' title="bbox 1805 4901 2970 4966">
     <span class='ocr_line' id='line_1_118' title="bbox 1805 4901 2970 4966; baseline -0.005 -9"><span class='ocrx_word' id='word_1_834' title='bbox 1805 4905 1945 4957; x_wconf 90' lang='lat' dir='ltr'><strong>riosa</strong></span> <span class='ocrx_word' id='word_1_835' title='bbox 1971 4911 2026 4956; x_wconf 88' lang='lat' dir='ltr'><strong>et</strong></span> <span class='ocrx_word' id='word_1_836' title='bbox 2047 4911 2227 4956; x_wconf 76' lang='lat' dir='ltr'><strong>sancta</strong></span> <span class='ocrx_word' id='word_1_837' title='bbox 2255 4903 2340 4954; x_wconf 91' lang='lat' dir='ltr'><strong>illa</strong></span> <span class='ocrx_word' id='word_1_838' title='bbox 2365 4901 2539 4953; x_wconf 87' lang='lat' dir='ltr'><strong>anima</strong></span> <span class='ocrx_word' id='word_1_839' title='bbox 2568 4909 2649 4954; x_wconf 88' lang='lat' dir='ltr'><strong>est</strong></span> <span class='ocrx_word' id='word_1_840' title='bbox 2681 4909 2912 4966; x_wconf 83' lang='lat' dir='ltr'><strong>recepta.</strong></span> <span class='ocrx_word' id='word_1_841' title='bbox 2953 4920 2970 4951; x_wconf 73' lang='grc' dir='ltr'><strong>ι</strong></span> 
     </span>
    </p>
   </div>
   <div class='ocr_carea' id='block_1_117' title="bbox 1875 4969 3358 5040">
    <p class='ocr_par' dir='ltr' id='par_1_117' title="bbox 1875 4969 3358 5040">
     <span class='ocr_line' id='line_1_119' title="bbox 1875 4969 3358 5040; baseline -0.003 -13"><span class='ocrx_word' id='word_1_842' title='bbox 1875 4971 1903 5009; x_wconf 75' lang='grc' dir='ltr'>ά</span> <span class='ocrx_word' id='word_1_843' title='bbox 1941 4972 2147 5027; x_wconf 82' lang='lat' dir='ltr'><strong>Clarius</strong></span> <span class='ocrx_word' id='word_1_844' title='bbox 2176 4971 2442 5039; x_wconf 86' lang='lat' dir='ltr'><strong>expolitor</strong></span> <span class='ocrx_word' id='word_1_845' title='bbox 2473 4987 2486 5022; x_wconf 89' lang='lat'><strong>:</strong></span> <span class='ocrx_word' id='word_1_846' title='bbox 2521 4989 2538 5022; x_wconf 84' lang='lat' dir='ltr'><strong>t</strong></span> <span class='ocrx_word' id='word_1_847' title='bbox 2584 4970 2808 5040; x_wconf 85' lang='lat' dir='ltr'><strong>Sicque,</strong></span> <span class='ocrx_word' id='word_1_848' title='bbox 2842 4979 2899 5023; x_wconf 93' lang='lat' dir='ltr'><strong>ut</strong></span> <span class='ocrx_word' id='word_1_849' title='bbox 2927 4969 3358 5040; x_wconf 86' lang='lat' dir='ltr'><strong>decentissimum</strong></span> 
     </span>
    </p>
   </div>
   <div class='ocr_carea' id='block_1_118' title="bbox 1803 5039 3363 5109">
    <p class='ocr_par' dir='ltr' id='par_1_118' title="bbox 1803 5039 3363 5109">
     <span class='ocr_line' id='line_1_120' title="bbox 1803 5039 3363 5109; baseline -0.003 -12"><span class='ocrx_word' id='word_1_850' title='bbox 1803 5054 1940 5109; x_wconf 91' lang='lat' dir='ltr'><strong>erat,</strong></span> <span class='ocrx_word' id='word_1_851' title='bbox 2014 5041 2264 5096; x_wconf 86' lang='lat' dir='ltr'><strong>excubias</strong></span> <span class='ocrx_word' id='word_1_852' title='bbox 2331 5039 2622 5108; x_wconf 86' lang='lat' dir='ltr'><strong>condignas</strong></span> <span class='ocrx_word' id='word_1_853' title='bbox 2697 5050 2954 5106; x_wconf 83' lang='lat' dir='ltr'><strong>agentes,</strong></span> <span class='ocrx_word' id='word_1_854' title='bbox 3016 5041 3066 5093; x_wconf 90' lang='lat' dir='ltr'><strong>in</strong></span> <span class='ocrx_word' id='word_1_855' title='bbox 3139 5039 3363 5094; x_wconf 87' lang='lat' dir='ltr'><strong>ecclesia</strong></span> 
     </span>
    </p>
   </div>
   <div class='ocr_carea' id='block_1_119' title="bbox 1803 5109 3362 5178">
    <p class='ocr_par' dir='ltr' id='par_1_119' title="bbox 1803 5109 3362 5178">
     <span class='ocr_line' id='line_1_121' title="bbox 1803 5109 3362 5178; baseline -0.004 -11"><span class='ocrx_word' id='word_1_856' title='bbox 1803 5124 2000 5167; x_wconf 55' lang='lat' dir='ltr'><strong>sancta!</strong></span> <span class='ocrx_word' id='word_1_857' title='bbox 2021 5111 2201 5166; x_wconf 75' lang='lat' dir='ltr'><strong>tlrucis</strong></span> <span class='ocrx_word' id='word_1_858' title='bbox 2218 5125 2376 5176; x_wconf 89' lang='lat' dir='ltr'><strong>quam</strong></span> <span class='ocrx_word' id='word_1_859' title='bbox 2400 5112 2514 5178; x_wconf 86' lang='lat' dir='ltr'><strong>ipsa</strong></span> <span class='ocrx_word' id='word_1_860' title='bbox 2528 5117 2566 5162; x_wconf 84' lang='lat' dir='ltr'><strong>‘a</strong></span> <span class='ocrx_word' id='word_1_861' title='bbox 2599 5109 2952 5164; x_wconf 83' lang='lat' dir='ltr'><strong>fundamentis</strong></span> <span class='ocrx_word' id='word_1_862' title='bbox 2974 5117 3362 5173; x_wconf 79' lang='lat' dir='ltr'><strong>construxerat,</strong></span> 
     </span>
    </p>
   </div>
   <div class='ocr_carea' id='block_1_120' title="bbox 1804 5178 3365 5249">
    <p class='ocr_par' dir='ltr' id='par_1_120' title="bbox 1804 5178 3365 5249">
     <span class='ocr_line' id='line_1_122' title="bbox 1804 5178 3365 5249; baseline -0.002 -12"><span class='ocrx_word' id='word_1_863' title='bbox 1804 5198 1997 5249; x_wconf 88' lang='lat' dir='ltr'><strong>corpus</strong></span> <span class='ocrx_word' id='word_1_864' title='bbox 2016 5180 2398 5249; x_wconf 81' lang='lat' dir='ltr'><strong>beatissimum</strong></span> <span class='ocrx_word' id='word_1_865' title='bbox 2436 5188 2802 5249; x_wconf 72' lang='lat' dir='ltr'><strong>portaret-unt,</strong></span> <span class='ocrx_word' id='word_1_866' title='bbox 2833 5189 2887 5249; x_wconf 84' lang='lat' dir='ltr'><strong>et</strong></span> <span class='ocrx_word' id='word_1_867' title='bbox 2936 5179 3126 5232; x_wconf 71' lang='lat' dir='ltr'><strong>merito</strong></span> <span class='ocrx_word' id='word_1_868' title='bbox 3159 5178 3365 5234; x_wconf 88' lang='lat' dir='ltr'><strong>honore</strong></span> 
     </span>
    </p>
   </div>
   <div class='ocr_carea' id='block_1_121' title="bbox 1804 5247 3098 5315">
    <p class='ocr_par' dir='ltr' id='par_1_121' title="bbox 1804 5247 3098 5315">
     <span class='ocr_line' id='line_1_123' title="bbox 1804 5247 3098 5315; baseline -0.008 -7"><span class='ocrx_word' id='word_1_869' title='bbox 1804 5247 2114 5315; x_wconf 86' lang='lat' dir='ltr'><strong>summaque</strong></span> <span class='ocrx_word' id='word_1_870' title='bbox 2142 5247 2447 5302; x_wconf 84' lang='lat' dir='ltr'><strong>reverentia</strong></span> <span class='ocrx_word' id='word_1_871' title='bbox 2468 5248 2659 5302; x_wconf 90' lang='lat' dir='ltr'><strong>ibidem</strong></span> <span class='ocrx_word' id='word_1_872' title='bbox 2707 5247 3047 5315; x_wconf 76' lang='lat' dir='ltr'><strong>sepelierunt.</strong></span> <span class='ocrx_word' id='word_1_873' title='bbox 3081 5266 3098 5298; x_wconf 74' lang='grc' dir='ltr'><strong>ι</strong></span> 
     </span>
    </p>
   </div>
   <div class='ocr_carea' id='block_1_122' title="bbox 1878 5315 3362 5384">
    <p class='ocr_par' dir='ltr' id='par_1_122' title="bbox 1878 5315 3362 5384">
     <span class='ocr_line' id='line_1_124' title="bbox 1878 5315 3362 5384; baseline -0.003 -11"><span class='ocrx_word' id='word_1_874' title='bbox 1878 5333 1899 5358; x_wconf 72' lang='grc' dir='ltr'>ε</span> <span class='ocrx_word' id='word_1_875' title='bbox 1940 5317 2222 5373; x_wconf 82' lang='lat' dir='ltr'><strong>Bollattdtts</strong></span> <span class='ocrx_word' id='word_1_876' title='bbox 2273 5317 2400 5384; x_wconf 83' lang='lat' dir='ltr'><strong>legit</strong></span> <span class='ocrx_word' id='word_1_877' title='bbox 2452 5318 2560 5370; x_wconf 79' lang='lat' dir='ltr'><strong>sine</strong></span> <span class='ocrx_word' id='word_1_878' title='bbox 2606 5325 2902 5370; x_wconf 84' lang='lat' dir='ltr'><strong>commento.</strong></span> <span class='ocrx_word' id='word_1_879' title='bbox 2960 5315 3362 5384; x_wconf 78' lang='lat' dir='ltr'><strong>Interpolalor:</strong></span> 
     </span>
    </p>
   </div>
   <div class='ocr_carea' id='block_1_123' title="bbox 1811 5386 3363 5455">
    <p class='ocr_par' dir='ltr' id='par_1_123' title="bbox 1811 5386 3363 5455">
     <span class='ocr_line' id='line_1_125' title="bbox 1811 5386 3363 5455; baseline -0.002 -14"><span class='ocrx_word' id='word_1_880' title='bbox 1811 5409 1829 5441; x_wconf 86' lang='lat' dir='ltr'><strong>t</strong></span> <span class='ocrx_word' id='word_1_881' title='bbox 1879 5390 2064 5443; x_wconf 89' lang='lat' dir='ltr'><strong>Docuit</strong></span> <span class='ocrx_word' id='word_1_882' title='bbox 2083 5401 2294 5455; x_wconf 88' lang='lat' dir='ltr'><strong>quoque</strong></span> <span class='ocrx_word' id='word_1_883' title='bbox 2324 5395 2380 5440; x_wconf 90' lang='lat' dir='ltr'><strong>ut</strong></span> <span class='ocrx_word' id='word_1_884' title='bbox 2408 5387 2584 5440; x_wconf 92' lang='lat' dir='ltr'><strong>nullus</strong></span> <span class='ocrx_word' id='word_1_885' title='bbox 2606 5397 2804 5439; x_wconf 89' lang='lat' dir='ltr'><strong>temere</strong></span> <span class='ocrx_word' id='word_1_886' title='bbox 2834 5386 2912 5438; x_wconf 86' lang='lat' dir='ltr'><strong>vel</strong></span> <span class='ocrx_word' id='word_1_887' title='bbox 2945 5397 3363 5454; x_wconf 69' lang='lat' dir='ltr'><strong>pra-sumptuose</strong></span> 
     </span>
    </p>
   </div>
   <div class='ocr_carea' id='block_1_124' title="bbox 1805 5455 3360 5534">
    <p class='ocr_par' dir='ltr' id='par_1_124' title="bbox 1805 5455 3360 5534">
     <span class='ocr_line' id='line_1_126' title="bbox 1805 5455 3360 5534; baseline -0.004 -21"><span class='ocrx_word' id='word_1_888' title='bbox 1805 5459 2001 5526; x_wconf 91' lang='lat' dir='ltr'><strong>aliquid</strong></span> <span class='ocrx_word' id='word_1_889' title='bbox 2035 5458 2278 5511; x_wconf 89' lang='lat' dir='ltr'><strong>deltniret</strong></span> <span class='ocrx_word' id='word_1_890' title='bbox 2305 5499 2318 5522; x_wconf 94' lang='lat'><strong>,</strong></span> <span class='ocrx_word' id='word_1_891' title='bbox 2349 5457 2666 5534; x_wconf 71' lang='lat' dir='ltr'><strong>Sedomaia</strong></span> <span class='ocrx_word' id='word_1_892' title='bbox 2703 5471 2820 5508; x_wconf 85' lang='lat' dir='ltr'><strong>cum</strong></span> <span class='ocrx_word' id='word_1_893' title='bbox 2869 5455 3091 5534; x_wconf 68' lang='lat' dir='ltr'><strong>consilio</strong></span> <span class='ocrx_word' id='word_1_894' title='bbox 3121 5471 3253 5534; x_wconf 42' lang='lat' dir='ltr'><strong>esse.</strong></span> <span class='ocrx_word' id='word_1_895' title='bbox 3287 5456 3360 5507; x_wconf 86' lang='lat' dir='ltr'><strong>fa-</strong></span> 
     </span>
    </p>
   </div>
   <div class='ocr_carea' id='block_1_125' title="bbox 1804 5525 3358 5594">
    <p class='ocr_par' dir='ltr' id='par_1_125' title="bbox 1804 5525 3358 5594">
     <span class='ocr_line' id='line_1_127' title="bbox 1804 5525 3358 5594; baseline -0.005 -12"><span class='ocrx_word' id='word_1_896' title='bbox 1804 5525 1988 5582; x_wconf 85' lang='lat' dir='ltr'><strong>cienda</strong></span> <span class='ocrx_word' id='word_1_897' title='bbox 2006 5535 2296 5594; x_wconf 86' lang='lat' dir='ltr'><strong>temperato</strong></span> <span class='ocrx_word' id='word_1_898' title='bbox 2309 5535 2360 5579; x_wconf 82' lang='lat' dir='ltr'><strong>et</strong></span> <span class='ocrx_word' id='word_1_899' title='bbox 2375 5525 2669 5579; x_wconf 89' lang='lat' dir='ltr'><strong>rationabili</strong></span> <span class='ocrx_word' id='word_1_900' title='bbox 2692 5539 2938 5579; x_wconf 86' lang='lat' dir='ltr'><strong>sermone</strong></span> <span class='ocrx_word' id='word_1_901' title='bbox 2953 5525 3303 5578; x_wconf 73' lang='lat' dir='ltr'><strong>di~t-reti0ttis.</strong></span> <span class='ocrx_word' id='word_1_902' title='bbox 3339 5543 3358 5574; x_wconf 71' lang='grc' dir='ltr'><strong>ι</strong></span> 
     </span>
    </p>
   </div>
   <div class='ocr_carea' id='block_1_126' title="bbox 1811 5596 3361 5664">
    <p class='ocr_par' dir='ltr' id='par_1_126' title="bbox 1811 5596 3361 5664">
     <span class='ocr_line' id='line_1_128' title="bbox 1811 5596 3361 5664; baseline -0.004 -13"><span class='ocrx_word' id='word_1_903' title='bbox 1811 5597 2096 5651; x_wconf 86' lang='lat' dir='ltr'><strong>Primarius</strong></span> <span class='ocrx_word' id='word_1_904' title='bbox 2126 5598 2323 5649; x_wconf 86' lang='lat' dir='ltr'><strong>Auctor</strong></span> <span class='ocrx_word' id='word_1_905' title='bbox 2353 5604 2629 5648; x_wconf 74' lang='lat' dir='ltr'><strong>commeate</strong></span> <span class='ocrx_word' id='word_1_906' title='bbox 2668 5596 2881 5664; x_wconf 76' lang='lat' dir='ltr'><strong>scripsit</strong></span> <span class='ocrx_word' id='word_1_907' title='bbox 2920 5611 3014 5663; x_wconf 92' lang='lat' dir='ltr'><strong>pro</strong></span> <span class='ocrx_word' id='word_1_908' title='bbox 3059 5602 3361 5655; x_wconf 83' lang='lat' dir='ltr'><strong>commeatu,</strong></span> 
     </span>
    </p>
   </div>
   <div class='ocr_carea' id='block_1_127' title="bbox 1810 5664 3363 5736">
    <p class='ocr_par' dir='ltr' id='par_1_127' title="bbox 1810 5664 3363 5736">
     <span class='ocr_line' id='line_1_129' title="bbox 1810 5664 3363 5736; baseline -0.004 -16"><span class='ocrx_word' id='word_1_909' title='bbox 1810 5683 1918 5736; x_wconf 91' lang='lat' dir='ltr'><strong>quo</strong></span> <span class='ocrx_word' id='word_1_910' title='bbox 1946 5667 2158 5736; x_wconf 85' lang='lat' dir='ltr'><strong>nomine</strong></span> <span class='ocrx_word' id='word_1_911' title='bbox 2186 5666 2447 5719; x_wconf 75' lang='lat' dir='ltr'><strong>licentirun</strong></span> <span class='ocrx_word' id='word_1_912' title='bbox 2477 5664 3004 5736; x_wconf 56' lang='lat' dir='ltr'><strong>intelliguntantiqui</strong></span> <span class='ocrx_word' id='word_1_913' title='bbox 3053 5665 3363 5736; x_wconf 71' lang='lat' dir='ltr'><strong>srriptores.</strong></span> 
     </span>
    </p>
   </div>
   <div class='ocr_carea' id='block_1_128' title="bbox 1890 5731 3362 5796">
    <p class='ocr_par' dir='ltr' id='par_1_128' title="bbox 1890 5731 3362 5796">
     <span class='ocr_line' id='line_1_130' title="bbox 1890 5731 3362 5796; baseline -0.002 -8"><span class='ocrx_word' id='word_1_914' title='bbox 1890 5735 1906 5773; x_wconf 71' lang='grc' dir='ltr'><strong>ί</strong></span> <span class='ocrx_word' id='word_1_915' title='bbox 1941 5735 2084 5790; x_wconf 91' lang='lat' dir='ltr'><strong>Idem</strong></span> <span class='ocrx_word' id='word_1_916' title='bbox 2108 5736 2288 5788; x_wconf 87' lang='lat' dir='ltr'><strong>scribit</strong></span> <span class='ocrx_word' id='word_1_917' title='bbox 2317 5743 2502 5786; x_wconf 90' lang='lat' dir='ltr'><strong>auctor</strong></span> <span class='ocrx_word' id='word_1_918' title='bbox 2528 5734 2648 5787; x_wconf 89' lang='lat' dir='ltr'><strong>libri</strong></span> <span class='ocrx_word' id='word_1_919' title='bbox 2676 5736 2742 5787; x_wconf 86' lang='lat' dir='ltr'><strong>de</strong></span> <span class='ocrx_word' id='word_1_920' title='bbox 2765 5733 2882 5785; x_wconf 82' lang='lat' dir='ltr'><strong>Vita</strong></span> <span class='ocrx_word' id='word_1_921' title='bbox 2911 5734 3081 5786; x_wconf 82' lang='lat' dir='ltr'><strong>sancti</strong></span> <span class='ocrx_word' id='word_1_922' title='bbox 3103 5731 3155 5783; x_wconf 84' lang='lat' dir='ltr'><strong>S.</strong></span> <span class='ocrx_word' id='word_1_923' title='bbox 3177 5731 3362 5796; x_wconf 76' lang='lat' dir='ltr'><strong>t‘euici,</strong></span> 
     </span>
    </p>
   </div>
   <div class='ocr_carea' id='block_1_129' title="bbox 1816 5801 3121 5874">
    <p class='ocr_par' dir='ltr' id='par_1_129' title="bbox 1816 5801 3121 5874">
     <span class='ocr_line' id='line_1_131' title="bbox 1816 5801 3121 5874; baseline -0.009 -12"><span class='ocrx_word' id='word_1_924' title='bbox 1816 5821 1958 5862; x_wconf 85' lang='lat' dir='ltr'><strong>num.</strong></span> <span class='ocrx_word' id='word_1_925' title='bbox 1989 5806 2043 5874; x_wconf 86' lang='lat'><strong>8,</strong></span> <span class='ocrx_word' id='word_1_926' title='bbox 2079 5820 2239 5874; x_wconf 88' lang='lat' dir='ltr'><strong>quam</strong></span> <span class='ocrx_word' id='word_1_927' title='bbox 2267 5818 2426 5872; x_wconf 85' lang='lat' dir='ltr'><strong>supra</strong></span> <span class='ocrx_word' id='word_1_928' title='bbox 2457 5803 2522 5858; x_wconf 86' lang='lat' dir='ltr'><strong>ad</strong></span> <span class='ocrx_word' id='word_1_929' title='bbox 2550 5819 2676 5859; x_wconf 91' lang='lat' dir='ltr'><strong>ann.</strong></span> <span class='ocrx_word' id='word_1_930' title='bbox 2704 5803 2805 5857; x_wconf 67' lang='lat'><strong>66‘.)</strong></span> <span class='ocrx_word' id='word_1_931' title='bbox 2835 5801 3121 5855; x_wconf 88' lang='lat' dir='ltr'><strong>retulimus.</strong></span> 
     </span>
    </p>
   </div>
  </div>
