  <div class='ocr_page' id='page_1' title='image "/cluster/home/n/w/nwhite01/storage/ocr_20150623/87-88/uva.x000827073/345.png"; bbox 0 0 3886 6226; ppageno 0'>
   <div class='ocr_carea' id='block_1_1' title="bbox 483 400 582 454">
    <p class='ocr_par' dir='ltr' id='par_1_1' title="bbox 483 400 582 454">
     <span class='ocr_line' id='line_1_1' title="bbox 483 400 582 454; baseline -0.02 0"><span class='ocrx_word' id='word_1_1' title='bbox 483 400 582 454; x_wconf 67' lang='lat'><strong>675</strong></span> 
     </span>
    </p>
   </div>
   <div class='ocr_carea' id='block_1_2' title="bbox 1172 388 2953 451">
    <p class='ocr_par' dir='ltr' id='par_1_2' title="bbox 1172 388 2953 451">
     <span class='ocr_line' id='line_1_2' title="bbox 1172 388 2953 451; baseline -0.004 0"><span class='ocrx_word' id='word_1_2' title='bbox 1172 394 1570 451; x_wconf 80' lang='lat' dir='ltr'><strong>CLODOVEUS</strong></span> <span class='ocrx_word' id='word_1_3' title='bbox 1607 395 1646 450; x_wconf 91' lang='lat' dir='ltr'><strong>ll</strong></span> <span class='ocrx_word' id='word_1_4' title='bbox 1692 393 1830 447; x_wconf 67' lang='lat' dir='ltr'><strong>REX</strong></span> <span class='ocrx_word' id='word_1_5' title='bbox 1870 389 2279 447; x_wconf 72' lang='lat' dir='ltr'><strong>FRANCORUM</strong></span> <span class='ocrx_word' id='word_1_6' title='bbox 2318 388 2402 442; x_wconf 81' lang='lat' dir='ltr'><strong>ET</strong></span> <span class='ocrx_word' id='word_1_7' title='bbox 2440 388 2498 443; x_wconf 86' lang='lat' dir='ltr'><strong>S.</strong></span> <span class='ocrx_word' id='word_1_8' title='bbox 2540 388 2953 445; x_wconf 78' lang='lat' dir='ltr'><strong>BALTIIILDIS.</strong></span> 
     </span>
    </p>
   </div>
   <div class='ocr_carea' id='block_1_3' title="bbox 3559 390 3657 445">
    <p class='ocr_par' dir='ltr' id='par_1_3' title="bbox 3559 390 3657 445">
     <span class='ocr_line' id='line_1_3' title="bbox 3559 390 3657 445; baseline 0.02 -2"><span class='ocrx_word' id='word_1_9' title='bbox 3559 390 3657 445; x_wconf 75' lang='lat'><strong>676</strong></span> 
     </span>
    </p>
   </div>
   <div class='ocr_carea' id='block_1_4' title="bbox 548 476 3660 571">
    <p class='ocr_par' dir='ltr' id='par_1_4' title="bbox 548 476 3660 571">
     <span class='ocr_line' id='line_1_4' title="bbox 548 476 3660 571; baseline -0 -15"><span class='ocrx_word' id='word_1_10' title='bbox 548 503 633 556; x_wconf 73' lang='lat' dir='ltr'><strong>i1.</strong></span> <span class='ocrx_word' id='word_1_11' title='bbox 680 504 827 556; x_wconf 69' lang='lat' dir='ltr'><strong>Venit</strong></span> <span class='ocrx_word' id='word_1_12' title='bbox 868 503 1060 571; x_wconf 87' lang='lat' dir='ltr'><strong>quippe</strong></span> <span class='ocrx_word' id='word_1_13' title='bbox 1104 516 1171 569; x_wconf 74' lang='lat' dir='ltr'><strong>es</strong></span> <span class='ocrx_word' id='word_1_14' title='bbox 1217 502 1454 569; x_wconf 77' lang='lat' dir='ltr'><strong>partibus</strong></span> <span class='ocrx_word' id='word_1_15' title='bbox 1493 500 1772 569; x_wconf 76' lang='lat' dir='ltr'><strong>provincia:</strong></span> <span class='ocrx_word' id='word_1_16' title='bbox 1798 476 2009 567; x_wconf 78' lang='lat' dir='ltr'><strong>quidam</strong></span> <span class='ocrx_word' id='word_1_17' title='bbox 2041 503 2086 556; x_wconf 74' lang='grc' dir='ltr'><strong>Α</strong></span> <span class='ocrx_word' id='word_1_18' title='bbox 2115 496 2367 549; x_wconf 86' lang='lat' dir='ltr'><strong>morabile</strong></span> <span class='ocrx_word' id='word_1_19' title='bbox 2409 496 2604 550; x_wconf 87' lang='lat' dir='ltr'><strong>factum</strong></span> <span class='ocrx_word' id='word_1_20' title='bbox 2638 508 2832 552; x_wconf 72' lang='lat' dir='ltr'><strong>sanctze</strong></span> <span class='ocrx_word' id='word_1_21' title='bbox 2879 507 2933 552; x_wconf 89' lang='lat' dir='ltr'><strong>ct</strong></span> <span class='ocrx_word' id='word_1_22' title='bbox 2974 499 3285 555; x_wconf 79' lang='lat' dir='ltr'><strong>venerabilis</strong></span> <span class='ocrx_word' id='word_1_23' title='bbox 3324 497 3660 566; x_wconf 74' lang='lat' dir='ltr'><strong>Badegudis</strong></span> 
     </span>
    </p>
   </div>
   <div class='ocr_carea' id='block_1_5' title="bbox 478 589 2023 657">
    <p class='ocr_par' dir='ltr' id='par_1_5' title="bbox 478 589 2023 657">
     <span class='ocr_line' id='line_1_5' title="bbox 478 589 2023 657; baseline -0.001 -14"><span class='ocrx_word' id='word_1_24' title='bbox 478 593 561 645; x_wconf 83' lang='lat' dir='ltr'><strong>vir</strong></span> <span class='ocrx_word' id='word_1_25' title='bbox 608 594 916 646; x_wconf 79' lang='lat' dir='ltr'><strong>venerabilis</strong></span> <span class='ocrx_word' id='word_1_26' title='bbox 960 604 981 645; x_wconf 44' lang='lat' dir='ltr'><strong>ﬂ.</strong></span> <span class='ocrx_word' id='word_1_27' title='bbox 1038 590 1412 657; x_wconf 89' lang='lat' dir='ltr'><strong>Leudegaudus</strong></span> <span class='ocrx_word' id='word_1_28' title='bbox 1461 590 1767 657; x_wconf 89' lang='lat' dir='ltr'><strong>episcopus,</strong></span> <span class='ocrx_word' id='word_1_29' title='bbox 1821 589 2023 641; x_wconf 89' lang='lat' dir='ltr'><strong>amicus</strong></span> 
     </span>
    </p>
   </div>
   <div class='ocr_carea' id='block_1_6' title="bbox 478 678 2021 746">
    <p class='ocr_par' dir='ltr' id='par_1_6' title="bbox 478 678 2021 746">
     <span class='ocr_line' id='line_1_6' title="bbox 478 678 2021 746; baseline -0.003 -11"><span class='ocrx_word' id='word_1_30' title='bbox 478 693 533 735; x_wconf 88' lang='lat' dir='ltr'><strong>ct</strong></span> <span class='ocrx_word' id='word_1_31' title='bbox 561 683 724 735; x_wconf 86' lang='lat' dir='ltr'><strong>lidelis</strong></span> <span class='ocrx_word' id='word_1_32' title='bbox 762 682 1062 735; x_wconf 88' lang='lat' dir='ltr'><strong>monasterii</strong></span> <span class='ocrx_word' id='word_1_33' title='bbox 1094 680 1344 741; x_wconf 79' lang='lat' dir='ltr'><strong>Kalensis,</strong></span> <span class='ocrx_word' id='word_1_34' title='bbox 1377 678 1525 744; x_wconf 89' lang='lat' dir='ltr'><strong>cujus</strong></span> <span class='ocrx_word' id='word_1_35' title='bbox 1556 694 1775 746; x_wconf 61' lang='lat' dir='ltr'><strong>put-rum</strong></span> <span class='ocrx_word' id='word_1_36' title='bbox 1810 678 1881 730; x_wconf 89' lang='lat' dir='ltr'><strong>ita</strong></span> <span class='ocrx_word' id='word_1_37' title='bbox 1922 692 2021 730; x_wconf 74' lang='lat' dir='ltr'><strong>sa:-</strong></span> 
     </span>
    </p>
   </div>
   <div class='ocr_carea' id='block_1_7' title="bbox 480 766 2019 835">
    <p class='ocr_par' dir='ltr' id='par_1_7' title="bbox 480 766 2019 835">
     <span class='ocr_line' id='line_1_7' title="bbox 480 766 2019 835; baseline -0.004 -16"><span class='ocrx_word' id='word_1_38' title='bbox 480 784 572 820; x_wconf 88' lang='lat' dir='ltr'><strong>vus</strong></span> <span class='ocrx_word' id='word_1_39' title='bbox 592 769 792 821; x_wconf 73' lang='lat' dir='ltr'><strong>dzemon</strong></span> <span class='ocrx_word' id='word_1_40' title='bbox 817 768 1057 835; x_wconf 72' lang='lat' dir='ltr'><strong>arripuit,</strong></span> <span class='ocrx_word' id='word_1_41' title='bbox 1080 778 1137 819; x_wconf 86' lang='lat' dir='ltr'><strong>ut</strong></span> <span class='ocrx_word' id='word_1_42' title='bbox 1165 768 1421 819; x_wconf 76' lang='lat' dir='ltr'><strong>contineri</strong></span> <span class='ocrx_word' id='word_1_43' title='bbox 1449 781 1477 817; x_wconf 90' lang='lat' dir='ltr'><strong>a</strong></span> <span class='ocrx_word' id='word_1_44' title='bbox 1501 766 1661 819; x_wconf 94' lang='lat' dir='ltr'><strong>sociis</strong></span> <span class='ocrx_word' id='word_1_45' title='bbox 1691 780 1795 817; x_wconf 93' lang='lat' dir='ltr'><strong>non</strong></span> <span class='ocrx_word' id='word_1_46' title='bbox 1820 773 2019 831; x_wconf 86' lang='lat' dir='ltr'><strong>posset,</strong></span> 
     </span>
    </p>
   </div>
   <div class='ocr_carea' id='block_1_8' title="bbox 478 851 2021 923">
    <p class='ocr_par' dir='ltr' id='par_1_8' title="bbox 478 851 2021 923">
     <span class='ocr_line' id='line_1_8' title="bbox 478 851 2021 923; baseline -0.003 -16"><span class='ocrx_word' id='word_1_47' title='bbox 478 857 575 909; x_wconf 85' lang='lat' dir='ltr'><strong>nisi</strong></span> <span class='ocrx_word' id='word_1_48' title='bbox 606 856 719 923; x_wconf 82' lang='lat' dir='ltr'><strong>ejus</strong></span> <span class='ocrx_word' id='word_1_49' title='bbox 759 871 943 908; x_wconf 89' lang='lat' dir='ltr'><strong>manus</strong></span> <span class='ocrx_word' id='word_1_50' title='bbox 977 854 1239 921; x_wconf 80' lang='lat' dir='ltr'><strong>pedesque</strong></span> <span class='ocrx_word' id='word_1_51' title='bbox 1282 853 1645 919; x_wconf 82' lang='lat' dir='ltr'><strong>colligassent.</strong></span> <span class='ocrx_word' id='word_1_52' title='bbox 1678 868 1742 904; x_wconf 89' lang='lat' dir='ltr'><strong>eo</strong></span> <span class='ocrx_word' id='word_1_53' title='bbox 1786 851 1925 919; x_wconf 89' lang='lat' dir='ltr'><strong>quod</strong></span> <span class='ocrx_word' id='word_1_54' title='bbox 1954 852 2021 902; x_wconf 93' lang='lat' dir='ltr'><strong>ob</strong></span> 
     </span>
    </p>
   </div>
   <div class='ocr_carea' id='block_1_9' title="bbox 477 940 2013 1008">
    <p class='ocr_par' dir='ltr' id='par_1_9' title="bbox 477 940 2013 1008">
     <span class='ocr_line' id='line_1_9' title="bbox 477 940 2013 1008; baseline -0.004 -13"><span class='ocrx_word' id='word_1_55' title='bbox 477 947 690 997; x_wconf 90' lang='lat' dir='ltr'><strong>nimiam</strong></span> <span class='ocrx_word' id='word_1_56' title='bbox 721 944 971 996; x_wconf 73' lang='lat' dir='ltr'><strong>sawitiam</strong></span> <span class='ocrx_word' id='word_1_57' title='bbox 999 943 1277 994; x_wconf 86' lang='lat' dir='ltr'><strong>dilaniaret</strong></span> <span class='ocrx_word' id='word_1_58' title='bbox 1304 953 1434 1008; x_wconf 90' lang='lat' dir='ltr'><strong>quos</strong></span> <span class='ocrx_word' id='word_1_59' title='bbox 1455 940 1761 1006; x_wconf 83' lang='lat' dir='ltr'><strong>contingere</strong></span> <span class='ocrx_word' id='word_1_60' title='bbox 1787 947 2013 1004; x_wconf 89' lang='lat' dir='ltr'><strong>poterat.</strong></span> 
     </span>
    </p>
   </div>
   <div class='ocr_carea' id='block_1_10' title="bbox 478 1027 2021 1097">
    <p class='ocr_par' dir='ltr' id='par_1_10' title="bbox 478 1027 2021 1097">
     <span class='ocr_line' id='line_1_10' title="bbox 478 1027 2021 1097; baseline -0.007 -12"><span class='ocrx_word' id='word_1_61' title='bbox 478 1033 573 1096; x_wconf 84' lang='lat' dir='ltr'><strong>Qui</strong></span> <span class='ocrx_word' id='word_1_62' title='bbox 602 1033 722 1084; x_wconf 89' lang='lat' dir='ltr'><strong>dum</strong></span> <span class='ocrx_word' id='word_1_63' title='bbox 758 1033 820 1083; x_wconf 86' lang='lat' dir='ltr'><strong>ad</strong></span> <span class='ocrx_word' id='word_1_64' title='bbox 854 1032 1021 1083; x_wconf 92' lang='lat' dir='ltr'><strong>locum</strong></span> <span class='ocrx_word' id='word_1_65' title='bbox 1050 1046 1254 1083; x_wconf 88' lang='lat' dir='ltr'><strong>sacrum</strong></span> <span class='ocrx_word' id='word_1_66' title='bbox 1288 1030 1585 1097; x_wconf 90' lang='lat' dir='ltr'><strong>perveniret</strong></span> <span class='ocrx_word' id='word_1_67' title='bbox 1609 1068 1625 1094; x_wconf 89' lang='lat'><strong>,</strong></span> <span class='ocrx_word' id='word_1_68' title='bbox 1654 1035 1707 1079; x_wconf 92' lang='lat' dir='ltr'><strong>et</strong></span> <span class='ocrx_word' id='word_1_69' title='bbox 1734 1027 2021 1093; x_wconf 77' lang='lat' dir='ltr'><strong>sarcopha-</strong></span> 
     </span>
    </p>
   </div>
   <div class='ocr_carea' id='block_1_11' title="bbox 476 1117 2023 1185">
    <p class='ocr_par' dir='ltr' id='par_1_11' title="bbox 476 1117 2023 1185">
     <span class='ocr_line' id='line_1_11' title="bbox 476 1117 2023 1185; baseline -0.006 -13"><span class='ocrx_word' id='word_1_70' title='bbox 476 1136 597 1185; x_wconf 77' lang='lat' dir='ltr'><strong>gum</strong></span> <span class='ocrx_word' id='word_1_71' title='bbox 628 1122 844 1171; x_wconf 87' lang='lat' dir='ltr'><strong>aliormn</strong></span> <span class='ocrx_word' id='word_1_72' title='bbox 885 1121 1041 1171; x_wconf 90' lang='lat' dir='ltr'><strong>ductu</strong></span> <span class='ocrx_word' id='word_1_73' title='bbox 1091 1119 1384 1183; x_wconf 84' lang='lat' dir='ltr'><strong>tetigisset,</strong></span> <span class='ocrx_word' id='word_1_74' title='bbox 1435 1117 1609 1169; x_wconf 87' lang='lat' dir='ltr'><strong>subito</strong></span> <span class='ocrx_word' id='word_1_75' title='bbox 1649 1124 1703 1167; x_wconf 90' lang='lat' dir='ltr'><strong>et</strong></span> <span class='ocrx_word' id='word_1_76' title='bbox 1727 1125 1941 1167; x_wconf 80' lang='lat' dir='ltr'><strong>sanatus</strong></span> <span class='ocrx_word' id='word_1_77' title='bbox 1968 1122 2023 1165; x_wconf 90' lang='lat' dir='ltr'><strong>et</strong></span> 
     </span>
    </p>
   </div>
   <div class='ocr_carea' id='block_1_12' title="bbox 477 1202 2019 1271">
    <p class='ocr_par' dir='ltr' id='par_1_12' title="bbox 477 1202 2019 1271">
     <span class='ocr_line' id='line_1_12' title="bbox 477 1202 2019 1271; baseline -0.004 -13"><span class='ocrx_word' id='word_1_78' title='bbox 477 1210 617 1259; x_wconf 73' lang='lat' dir='ltr'><strong>initis</strong></span> <span class='ocrx_word' id='word_1_79' title='bbox 646 1208 785 1258; x_wconf 75' lang='lat' dir='ltr'><strong>velut</strong></span> <span class='ocrx_word' id='word_1_80' title='bbox 813 1206 924 1259; x_wconf 91' lang='lat' dir='ltr'><strong>ovis</strong></span> <span class='ocrx_word' id='word_1_81' title='bbox 946 1205 1167 1257; x_wconf 85' lang='lat' dir='ltr'><strong>ell&#39;ectus</strong></span> <span class='ocrx_word' id='word_1_82' title='bbox 1196 1214 1293 1259; x_wconf 80' lang='lat' dir='ltr'><strong>est.</strong></span> <span class='ocrx_word' id='word_1_83' title='bbox 1336 1204 1627 1271; x_wconf 83' lang='lat' dir='ltr'><strong>upitnlante</strong></span> <span class='ocrx_word' id='word_1_84' title='bbox 1664 1202 1866 1255; x_wconf 88' lang='lat' dir='ltr'><strong>Domini</strong></span> <span class='ocrx_word' id='word_1_85' title='bbox 1898 1214 2019 1253; x_wconf 85' lang='lat' dir='ltr'><strong>nos-</strong></span> 
     </span>
    </p>
   </div>
   <div class='ocr_carea' id='block_1_13' title="bbox 478 1292 2018 1361">
    <p class='ocr_par' dir='ltr' id='par_1_13' title="bbox 478 1292 2018 1361">
     <span class='ocr_line' id='line_1_13' title="bbox 478 1292 2018 1361; baseline -0.005 -13"><span class='ocrx_word' id='word_1_86' title='bbox 478 1299 539 1349; x_wconf 89' lang='lat' dir='ltr'><strong>tri</strong></span> <span class='ocrx_word' id='word_1_87' title='bbox 564 1298 680 1348; x_wconf 69' lang='lat' dir='ltr'><strong>Jesu</strong></span> <span class='ocrx_word' id='word_1_88' title='bbox 710 1297 898 1348; x_wconf 72' lang='lat' dir='ltr'><strong>Christi</strong></span> <span class='ocrx_word' id='word_1_89' title='bbox 941 1295 1129 1361; x_wconf 85' lang='lat' dir='ltr'><strong>gratia,</strong></span> <span class='ocrx_word' id='word_1_90' title='bbox 1160 1294 1250 1359; x_wconf 89' lang='lat' dir='ltr'><strong>qui</strong></span> <span class='ocrx_word' id='word_1_91' title='bbox 1302 1300 1483 1359; x_wconf 76' lang='lat' dir='ltr'><strong>regnat</strong></span> <span class='ocrx_word' id='word_1_92' title='bbox 1513 1294 1563 1345; x_wconf 87' lang='lat' dir='ltr'><strong>in</strong></span> <span class='ocrx_word' id='word_1_93' title='bbox 1607 1292 1800 1344; x_wconf 68' lang='lat' dir='ltr'><strong>saecula</strong></span> <span class='ocrx_word' id='word_1_94' title='bbox 1846 1305 2018 1342; x_wconf 65' lang='lat' dir='ltr'><strong>uncu-</strong></span> 
     </span>
    </p>
   </div>
   <div class='ocr_carea' id='block_1_14' title="bbox 476 1384 933 1438">
    <p class='ocr_par' dir='ltr' id='par_1_14' title="bbox 476 1384 933 1438">
     <span class='ocr_line' id='line_1_14' title="bbox 476 1384 933 1438; baseline -0.009 -1"><span class='ocrx_word' id='word_1_95' title='bbox 476 1386 663 1438; x_wconf 89' lang='lat' dir='ltr'><strong>lorum.</strong></span> <span class='ocrx_word' id='word_1_96' title='bbox 697 1387 861 1437; x_wconf 82' lang='lat' dir='ltr'><strong>Amen</strong></span> <span class='ocrx_word' id='word_1_97' title='bbox 886 1384 933 1433; x_wconf 66' lang='grc' dir='ltr'><strong>δ.</strong></span> 
     </span>
    </p>
   </div>
   <div class='ocr_carea' id='block_1_15' title="bbox 1076 1448 1407 1503">
    <p class='ocr_par' dir='ltr' id='par_1_15' title="bbox 1076 1448 1407 1503">
     <span class='ocr_line' id='line_1_15' title="bbox 1076 1448 1407 1503; baseline -0.006 -1"><span class='ocrx_word' id='word_1_98' title='bbox 1076 1448 1407 1503; x_wconf 77' lang='lat' dir='ltr'><strong>APPENDlX</strong></span> 
     </span>
    </p>
   </div>
   <div class='ocr_carea' id='block_1_16' title="bbox 733 1572 1750 1615">
    <p class='ocr_par' dir='ltr' id='par_1_16' title="bbox 733 1572 1750 1615">
     <span class='ocr_line' id='line_1_16' title="bbox 733 1572 1750 1615; baseline -0.005 0"><span class='ocrx_word' id='word_1_99' title='bbox 733 1578 797 1615; x_wconf 74' lang='lat' dir='ltr'><strong>EX</strong></span> <span class='ocrx_word' id='word_1_100' title='bbox 839 1575 1261 1615; x_wconf 69' lang='grc' dir='ltr'><strong>ιλτιιιροωτοιικ</strong></span> <span class='ocrx_word' id='word_1_101' title='bbox 1300 1575 1426 1612; x_wconf 82' lang='lat' dir='ltr'><strong>POST</strong></span> <span class='ocrx_word' id='word_1_102' title='bbox 1466 1572 1750 1611; x_wconf 68' lang='grc' dir='ltr'><strong>ΡΒμῐ-ἼΜΟΪΑ.</strong></span> 
     </span>
    </p>
   </div>
   <div class='ocr_carea' id='block_1_17' title="bbox 543 1670 2015 1738">
    <p class='ocr_par' dir='ltr' id='par_1_17' title="bbox 543 1670 2015 1738">
     <span class='ocr_line' id='line_1_17' title="bbox 543 1670 2015 1738; baseline -0.003 -16"><span class='ocrx_word' id='word_1_103' title='bbox 543 1672 626 1725; x_wconf 71' lang='lat'><strong>18.</strong></span> <span class='ocrx_word' id='word_1_104' title='bbox 663 1672 957 1725; x_wconf 75' lang='lat' dir='ltr'><strong>lterolimus</strong></span> <span class='ocrx_word' id='word_1_105' title='bbox 1000 1671 1208 1738; x_wconf 83' lang='lat' dir='ltr'><strong>quidem</strong></span> <span class='ocrx_word' id='word_1_106' title='bbox 1259 1671 1308 1721; x_wconf 91' lang='lat' dir='ltr'><strong>in</strong></span> <span class='ocrx_word' id='word_1_107' title='bbox 1353 1670 1675 1721; x_wconf 79' lang='lat' dir='ltr'><strong>Francorum</strong></span> <span class='ocrx_word' id='word_1_108' title='bbox 1726 1681 1888 1735; x_wconf 70' lang='lat' dir='ltr'><strong>regno</strong></span> <span class='ocrx_word' id='word_1_109' title='bbox 1920 1683 2015 1718; x_wconf 88' lang='lat' dir='ltr'><strong>no-</strong></span> 
     </span>
    </p>
   </div>
   <div class='ocr_carea' id='block_1_18' title="bbox 474 1758 2013 1825">
    <p class='ocr_par' dir='ltr' id='par_1_18' title="bbox 474 1758 2013 1825">
     <span class='ocr_line' id='line_1_18' title="bbox 474 1758 2013 1825; baseline -0.001 -14"><span class='ocrx_word' id='word_1_110' title='bbox 474 1762 603 1813; x_wconf 75' lang='lat' dir='ltr'><strong>biles</strong></span> <span class='ocrx_word' id='word_1_111' title='bbox 634 1772 681 1813; x_wconf 80' lang='lat' dir='ltr'><strong>et</strong></span> <span class='ocrx_word' id='word_1_112' title='bbox 715 1762 802 1812; x_wconf 75' lang='lat' dir='ltr'><strong>ltei</strong></span> <span class='ocrx_word' id='word_1_113' title='bbox 832 1760 1073 1812; x_wconf 71' lang='lat' dir='ltr'><strong>cultrices</strong></span> <span class='ocrx_word' id='word_1_114' title='bbox 1100 1758 1351 1825; x_wconf 88' lang='lat' dir='ltr'><strong>quasdam</strong></span> <span class='ocrx_word' id='word_1_115' title='bbox 1381 1758 1541 1809; x_wconf 77' lang='lat' dir='ltr'><strong>fuisse</strong></span> <span class='ocrx_word' id='word_1_116' title='bbox 1582 1758 1805 1822; x_wconf 76' lang='lat' dir='ltr'><strong>reginas,</strong></span> <span class='ocrx_word' id='word_1_117' title='bbox 1844 1759 2013 1810; x_wconf 77' lang='lat' dir='ltr'><strong>Chro-</strong></span> 
     </span>
    </p>
   </div>
   <div class='ocr_carea' id='block_1_19' title="bbox 473 1844 2013 1913">
    <p class='ocr_par' dir='ltr' id='par_1_19' title="bbox 473 1844 2013 1913">
     <span class='ocr_line' id='line_1_19' title="bbox 473 1844 2013 1913; baseline 0.001 -14"><span class='ocrx_word' id='word_1_118' title='bbox 473 1850 763 1901; x_wconf 75' lang='lat' dir='ltr'><strong>tleClttldCilI</strong></span> <span class='ocrx_word' id='word_1_119' title='bbox 814 1850 1012 1900; x_wconf 72' lang='lat' dir='ltr'><strong>scilicet</strong></span> <span class='ocrx_word' id='word_1_120' title='bbox 1059 1856 1267 1911; x_wconf 87' lang='lat' dir='ltr'><strong>neptam</strong></span> <span class='ocrx_word' id='word_1_121' title='bbox 1321 1844 1647 1898; x_wconf 73' lang='lat' dir='ltr'><strong>tiundebaldi</strong></span> <span class='ocrx_word' id='word_1_122' title='bbox 1679 1848 1813 1911; x_wconf 73' lang='lat' dir='ltr'><strong>regis</strong></span> <span class='ocrx_word' id='word_1_123' title='bbox 1856 1856 2013 1913; x_wconf 88' lang='lat' dir='ltr'><strong>atque</strong></span> 
     </span>
    </p>
   </div>
   <div class='ocr_carea' id='block_1_20' title="bbox 476 1938 2015 2006">
    <p class='ocr_par' dir='ltr' id='par_1_20' title="bbox 476 1938 2015 2006">
     <span class='ocr_line' id='line_1_20' title="bbox 476 1938 2015 2006; baseline -0.002 -16"><span class='ocrx_word' id='word_1_124' title='bbox 476 1942 645 2005; x_wconf 85' lang='lat' dir='ltr'><strong>magni</strong></span> <span class='ocrx_word' id='word_1_125' title='bbox 665 1954 707 1990; x_wconf 74' lang='lat' dir='ltr'><strong>e;</strong></span> <span class='ocrx_word' id='word_1_126' title='bbox 729 1940 922 2006; x_wconf 70' lang='lat' dir='ltr'><strong>antiqui</strong></span> <span class='ocrx_word' id='word_1_127' title='bbox 936 1938 1178 1991; x_wconf 82' lang='lat' dir='ltr'><strong>Clodovei</strong></span> <span class='ocrx_word' id='word_1_128' title='bbox 1196 1939 1329 2001; x_wconf 82' lang='lat' dir='ltr'><strong>regis</strong></span> <span class='ocrx_word' id='word_1_129' title='bbox 1344 1939 1638 2003; x_wconf 81' lang='lat' dir='ltr'><strong>eonjngem,</strong></span> <span class='ocrx_word' id='word_1_130' title='bbox 1655 1951 1769 2001; x_wconf 62' lang='lat' dir='ltr'><strong>([tta,‘</strong></span> <span class='ocrx_word' id='word_1_131' title='bbox 1788 1938 1854 1987; x_wconf 91' lang='lat' dir='ltr'><strong>ita</strong></span> <span class='ocrx_word' id='word_1_132' title='bbox 1870 1951 2015 1988; x_wconf 85' lang='lat' dir='ltr'><strong>enin-</strong></span> 
     </span>
    </p>
   </div>
   <div class='ocr_carea' id='block_1_21' title="bbox 472 2025 2011 2094">
    <p class='ocr_par' dir='ltr' id='par_1_21' title="bbox 472 2025 2011 2094">
     <span class='ocr_line' id='line_1_21' title="bbox 472 2025 2011 2094; baseline -0.001 -16"><span class='ocrx_word' id='word_1_133' title='bbox 472 2031 589 2080; x_wconf 86' lang='lat' dir='ltr'><strong>dem</strong></span> <span class='ocrx_word' id='word_1_134' title='bbox 630 2027 1035 2094; x_wconf 72' lang='lat' dir='ltr'><strong>paganissimum</strong></span> <span class='ocrx_word' id='word_1_135' title='bbox 1074 2026 1211 2079; x_wconf 85' lang='lat' dir='ltr'><strong>veris</strong></span> <span class='ocrx_word' id='word_1_136' title='bbox 1258 2028 1499 2078; x_wconf 78' lang='lat' dir='ltr'><strong>instruxit</strong></span> <span class='ocrx_word' id='word_1_137' title='bbox 1540 2025 2011 2087; x_wconf 76' lang='lat' dir='ltr'><strong>exhortationibus,</strong></span> 
     </span>
    </p>
   </div>
   <div class='ocr_carea' id='block_1_22' title="bbox 473 2114 2014 2172">
    <p class='ocr_par' dir='ltr' id='par_1_22' title="bbox 473 2114 2014 2172">
     <span class='ocr_line' id='line_1_22' title="bbox 473 2114 2014 2172; baseline -0.003 0"><span class='ocrx_word' id='word_1_138' title='bbox 473 2130 529 2172; x_wconf 92' lang='lat' dir='ltr'><strong>ut</strong></span> <span class='ocrx_word' id='word_1_139' title='bbox 567 2130 671 2172; x_wconf 81' lang='lat' dir='ltr'><strong>tota</strong></span> <span class='ocrx_word' id='word_1_140' title='bbox 704 2122 891 2171; x_wconf 69' lang='lat' dir='ltr'><strong>menais</strong></span> <span class='ocrx_word' id='word_1_141' title='bbox 921 2120 1213 2171; x_wconf 85' lang='lat' dir='ltr'><strong>intentione</strong></span> <span class='ocrx_word' id='word_1_142' title='bbox 1238 2117 1301 2169; x_wconf 90' lang='lat' dir='ltr'><strong>ad</strong></span> <span class='ocrx_word' id='word_1_143' title='bbox 1335 2118 1530 2169; x_wconf 90' lang='lat' dir='ltr'><strong>cultum</strong></span> <span class='ocrx_word' id='word_1_144' title='bbox 1564 2114 1869 2168; x_wconf 68' lang='lat' dir='ltr'><strong>Christiana:</strong></span> <span class='ocrx_word' id='word_1_145' title='bbox 1894 2117 2014 2170; x_wconf 90' lang='lat' dir='ltr'><strong>reli-</strong></span> 
     </span>
    </p>
   </div>
   <div class='ocr_carea' id='block_1_23' title="bbox 472 2206 2015 2275">
    <p class='ocr_par' dir='ltr' id='par_1_23' title="bbox 472 2206 2015 2275">
     <span class='ocr_line' id='line_1_23' title="bbox 472 2206 2015 2275; baseline 0 -16"><span class='ocrx_word' id='word_1_146' title='bbox 472 2212 640 2275; x_wconf 70' lang='lat' dir='ltr'><strong>gionis</strong></span> <span class='ocrx_word' id='word_1_147' title='bbox 671 2209 902 2262; x_wconf 70' lang='lat' dir='ltr'><strong>fervente</strong></span> <span class='ocrx_word' id='word_1_148' title='bbox 934 2208 1047 2259; x_wconf 90' lang='lat' dir='ltr'><strong>lidei</strong></span> <span class='ocrx_word' id='word_1_149' title='bbox 1079 2208 1253 2259; x_wconf 85' lang='lat' dir='ltr'><strong>calore</strong></span> <span class='ocrx_word' id='word_1_150' title='bbox 1283 2213 1633 2259; x_wconf 83' lang='lat' dir='ltr'><strong>converteret.</strong></span> <span class='ocrx_word' id='word_1_151' title='bbox 1686 2206 1749 2259; x_wconf 87' lang='lat' dir='ltr'><strong>Et</strong></span> <span class='ocrx_word' id='word_1_152' title='bbox 1786 2222 1888 2258; x_wconf 90' lang='lat' dir='ltr'><strong>non</strong></span> <span class='ocrx_word' id='word_1_153' title='bbox 1928 2222 2015 2259; x_wconf 84' lang='lat' dir='ltr'><strong>so-</strong></span> 
     </span>
    </p>
   </div>
   <div class='ocr_carea' id='block_1_24' title="bbox 472 2292 2014 2365">
    <p class='ocr_par' dir='ltr' id='par_1_24' title="bbox 472 2292 2014 2365">
     <span class='ocr_line' id='line_1_24' title="bbox 472 2292 2014 2365; baseline -0.002 -17"><span class='ocrx_word' id='word_1_154' title='bbox 472 2298 577 2350; x_wconf 87' lang='lat' dir='ltr'><strong>lunt</strong></span> <span class='ocrx_word' id='word_1_155' title='bbox 609 2298 796 2365; x_wconf 87' lang='lat' dir='ltr'><strong>ipsum,</strong></span> <span class='ocrx_word' id='word_1_156' title='bbox 835 2298 925 2350; x_wconf 89' lang='lat' dir='ltr'><strong>scd</strong></span> <span class='ocrx_word' id='word_1_157' title='bbox 957 2297 1112 2348; x_wconf 77' lang='lat' dir='ltr'><strong>etiam</strong></span> <span class='ocrx_word' id='word_1_158' title='bbox 1145 2295 1317 2347; x_wconf 88' lang='lat' dir='ltr'><strong>divina</strong></span> <span class='ocrx_word' id='word_1_159' title='bbox 1357 2294 1523 2359; x_wconf 85' lang='lat' dir='ltr'><strong>gratia</strong></span> <span class='ocrx_word' id='word_1_160' title='bbox 1548 2292 1722 2360; x_wconf 87' lang='lat' dir='ltr'><strong>adjuta</strong></span> <span class='ocrx_word' id='word_1_161' title='bbox 1760 2295 2014 2361; x_wconf 77' lang='lat' dir='ltr'><strong>plurimos</strong></span> 
     </span>
    </p>
   </div>
   <div class='ocr_carea' id='block_1_25' title="bbox 474 2384 2017 2453">
    <p class='ocr_par' dir='ltr' id='par_1_25' title="bbox 474 2384 2017 2453">
     <span class='ocr_line' id='line_1_25' title="bbox 474 2384 2017 2453; baseline -0.002 -15"><span class='ocrx_word' id='word_1_162' title='bbox 474 2386 789 2439; x_wconf 79' lang='lat' dir='ltr'><strong>Francorum</strong></span> <span class='ocrx_word' id='word_1_163' title='bbox 824 2401 1071 2453; x_wconf 80' lang='lat' dir='ltr'><strong>proceres</strong></span> <span class='ocrx_word' id='word_1_164' title='bbox 1102 2386 1259 2437; x_wconf 82' lang='lat' dir='ltr'><strong>traxit</strong></span> <span class='ocrx_word' id='word_1_165' title='bbox 1287 2385 1351 2436; x_wconf 93' lang='lat' dir='ltr'><strong>ad</strong></span> <span class='ocrx_word' id='word_1_166' title='bbox 1380 2384 1569 2437; x_wconf 85' lang='lat' dir='ltr'><strong>Christi</strong></span> <span class='ocrx_word' id='word_1_167' title='bbox 1620 2384 1936 2450; x_wconf 75' lang='lat' dir='ltr'><strong>agnitionem</strong></span> <span class='ocrx_word' id='word_1_168' title='bbox 1962 2393 2017 2436; x_wconf 91' lang='lat' dir='ltr'><strong>et</strong></span> 
     </span>
    </p>
   </div>
   <div class='ocr_carea' id='block_1_26' title="bbox 468 2472 2015 2541">
    <p class='ocr_par' dir='ltr' id='par_1_26' title="bbox 468 2472 2015 2541">
     <span class='ocr_line' id='line_1_26' title="bbox 468 2472 2015 2541; baseline 0 -15"><span class='ocrx_word' id='word_1_169' title='bbox 468 2475 535 2526; x_wconf 78' lang='lat' dir='ltr'><strong>ad</strong></span> <span class='ocrx_word' id='word_1_170' title='bbox 566 2475 837 2527; x_wconf 76' lang='lat' dir='ltr'><strong>catholica:</strong></span> <span class='ocrx_word' id='word_1_171' title='bbox 891 2476 1007 2525; x_wconf 87' lang='lat' dir='ltr'><strong>lidei</strong></span> <span class='ocrx_word' id='word_1_172' title='bbox 1059 2474 1415 2525; x_wconf 88' lang='lat' dir='ltr'><strong>dilectionem.</strong></span> <span class='ocrx_word' id='word_1_173' title='bbox 1466 2472 1755 2527; x_wconf 85' lang='lat' dir='ltr'><strong>Ecclesiam</strong></span> <span class='ocrx_word' id='word_1_174' title='bbox 1805 2488 2015 2541; x_wconf 91' lang='lat' dir='ltr'><strong>quoque</strong></span> 
     </span>
    </p>
   </div>
   <div class='ocr_carea' id='block_1_27' title="bbox 469 2562 2017 2628">
    <p class='ocr_par' dir='ltr' id='par_1_27' title="bbox 469 2562 2017 2628">
     <span class='ocr_line' id='line_1_27' title="bbox 469 2562 2017 2628; baseline 0 -12"><span class='ocrx_word' id='word_1_175' title='bbox 469 2563 522 2616; x_wconf 91' lang='lat' dir='ltr'><strong>in</strong></span> <span class='ocrx_word' id='word_1_176' title='bbox 552 2565 750 2617; x_wconf 89' lang='lat' dir='ltr'><strong>honore</strong></span> <span class='ocrx_word' id='word_1_177' title='bbox 776 2563 941 2616; x_wconf 90' lang='lat' dir='ltr'><strong>sancti</strong></span> <span class='ocrx_word' id='word_1_178' title='bbox 986 2563 1159 2623; x_wconf 89' lang='lat' dir='ltr'><strong>Petri,</strong></span> <span class='ocrx_word' id='word_1_179' title='bbox 1192 2562 1275 2613; x_wconf 86' lang='lat' dir='ltr'><strong>ubi</strong></span> <span class='ocrx_word' id='word_1_180' title='bbox 1306 2562 1490 2628; x_wconf 76' lang='lat' dir='ltr'><strong>religio</strong></span> <span class='ocrx_word' id='word_1_181' title='bbox 1519 2562 1789 2615; x_wconf 86' lang='lat' dir='ltr'><strong>monastici</strong></span> <span class='ocrx_word' id='word_1_182' title='bbox 1819 2564 2017 2616; x_wconf 86' lang='lat' dir='ltr'><strong>ordinis</strong></span> 
     </span>
    </p>
   </div>
   <div class='ocr_carea' id='block_1_28' title="bbox 466 2650 2011 2717">
    <p class='ocr_par' dir='ltr' id='par_1_28' title="bbox 466 2650 2011 2717">
     <span class='ocr_line' id='line_1_28' title="bbox 466 2650 2011 2717; baseline -0.001 -12"><span class='ocrx_word' id='word_1_183' title='bbox 466 2654 688 2717; x_wconf 85' lang='lat' dir='ltr'><strong>vigeret,</strong></span> <span class='ocrx_word' id='word_1_184' title='bbox 717 2652 941 2703; x_wconf 83' lang='lat' dir='ltr'><strong>Parisios</strong></span> <span class='ocrx_word' id='word_1_185' title='bbox 964 2650 1104 2710; x_wconf 76' lang='lat' dir='ltr'><strong>fecit.</strong></span> <span class='ocrx_word' id='word_1_186' title='bbox 1148 2665 1352 2703; x_wconf 86' lang='lat' dir='ltr'><strong>necnon</strong></span> <span class='ocrx_word' id='word_1_187' title='bbox 1384 2658 1437 2702; x_wconf 88' lang='lat' dir='ltr'><strong>et</strong></span> <span class='ocrx_word' id='word_1_188' title='bbox 1464 2650 1813 2703; x_wconf 70' lang='lat' dir='ltr'><strong>ccenobiolum</strong></span> <span class='ocrx_word' id='word_1_189' title='bbox 1840 2650 1890 2703; x_wconf 88' lang='lat' dir='ltr'><strong>itt</strong></span> <span class='ocrx_word' id='word_1_190' title='bbox 1912 2650 2011 2703; x_wconf 84' lang='lat' dir='ltr'><strong>ho—</strong></span> 
     </span>
    </p>
   </div>
   <div class='ocr_carea' id='block_1_29' title="bbox 467 2738 2013 2804">
    <p class='ocr_par' dir='ltr' id='par_1_29' title="bbox 467 2738 2013 2804">
     <span class='ocr_line' id='line_1_29' title="bbox 467 2738 2013 2804; baseline -0.001 -12"><span class='ocrx_word' id='word_1_191' title='bbox 467 2755 597 2792; x_wconf 89' lang='lat' dir='ltr'><strong>nore</strong></span> <span class='ocrx_word' id='word_1_192' title='bbox 625 2742 792 2792; x_wconf 86' lang='lat' dir='ltr'><strong>sancti</strong></span> <span class='ocrx_word' id='word_1_193' title='bbox 821 2740 1029 2803; x_wconf 72' lang='lat' dir='ltr'><strong>Georgii</strong></span> <span class='ocrx_word' id='word_1_194' title='bbox 1058 2754 1326 2792; x_wconf 82' lang='lat' dir='ltr'><strong>sacrarum</strong></span> <span class='ocrx_word' id='word_1_195' title='bbox 1348 2738 1602 2804; x_wconf 74' lang='lat' dir='ltr'><strong>virginum</strong></span> <span class='ocrx_word' id='word_1_196' title='bbox 1635 2740 1683 2791; x_wconf 90' lang='lat' dir='ltr'><strong>in</strong></span> <span class='ocrx_word' id='word_1_197' title='bbox 1704 2739 1827 2790; x_wconf 84' lang='lat' dir='ltr'><strong>Kala</strong></span> <span class='ocrx_word' id='word_1_198' title='bbox 1849 2739 2013 2804; x_wconf 88' lang='lat' dir='ltr'><strong>prima</strong></span> 
     </span>
    </p>
   </div>
   <div class='ocr_carea' id='block_1_30' title="bbox 464 2826 2013 2893">
    <p class='ocr_par' dir='ltr' id='par_1_30' title="bbox 464 2826 2013 2893">
     <span class='ocr_line' id='line_1_30' title="bbox 464 2826 2013 2893; baseline -0.003 -12"><span class='ocrx_word' id='word_1_199' title='bbox 464 2829 772 2881; x_wconf 70' lang='lat' dir='ltr'><strong>construxit.</strong></span> <span class='ocrx_word' id='word_1_200' title='bbox 830 2828 978 2889; x_wconf 79' lang='lat' dir='ltr'><strong>Quod</strong></span> <span class='ocrx_word' id='word_1_201' title='bbox 1031 2836 1210 2892; x_wconf 87' lang='lat' dir='ltr'><strong>postea</strong></span> <span class='ocrx_word' id='word_1_202' title='bbox 1266 2826 1389 2893; x_wconf 87' lang='lat' dir='ltr'><strong>quia</strong></span> <span class='ocrx_word' id='word_1_203' title='bbox 1443 2827 1669 2879; x_wconf 85' lang='lat' dir='ltr'><strong>ambitus</strong></span> <span class='ocrx_word' id='word_1_204' title='bbox 1722 2826 2013 2879; x_wconf 72' lang='lat' dir='ltr'><strong>ecclesiolie</strong></span> 
     </span>
    </p>
   </div>
   <div class='ocr_carea' id='block_1_31' title="bbox 465 2916 2014 2984">
    <p class='ocr_par' dir='ltr' id='par_1_31' title="bbox 465 2916 2014 2984">
     <span class='ocr_line' id='line_1_31' title="bbox 465 2916 2014 2984; baseline -0.001 -17"><span class='ocrx_word' id='word_1_205' title='bbox 465 2917 700 2970; x_wconf 84' lang='lat' dir='ltr'><strong>strictior</strong></span> <span class='ocrx_word' id='word_1_206' title='bbox 728 2925 861 2979; x_wconf 87' lang='lat' dir='ltr'><strong>erat,</strong></span> <span class='ocrx_word' id='word_1_207' title='bbox 888 2916 951 2967; x_wconf 90' lang='lat' dir='ltr'><strong>ad</strong></span> <span class='ocrx_word' id='word_1_208' title='bbox 980 2916 1290 2984; x_wconf 88' lang='lat' dir='ltr'><strong>capiendum</strong></span> <span class='ocrx_word' id='word_1_209' title='bbox 1324 2916 1598 2983; x_wconf 90' lang='lat' dir='ltr'><strong>plurimum</strong></span> <span class='ocrx_word' id='word_1_210' title='bbox 1625 2930 1836 2984; x_wconf 80' lang='lat' dir='ltr'><strong>gregem</strong></span> <span class='ocrx_word' id='word_1_211' title='bbox 1859 2931 2014 2967; x_wconf 89' lang='lat' dir='ltr'><strong>sanc-</strong></span> 
     </span>
    </p>
   </div>
   <div class='ocr_carea' id='block_1_32' title="bbox 467 3002 2012 3068">
    <p class='ocr_par' dir='ltr' id='par_1_32' title="bbox 467 3002 2012 3068">
     <span class='ocr_line' id='line_1_32' title="bbox 467 3002 2012 3068; baseline 0 -13"><span class='ocrx_word' id='word_1_212' title='bbox 467 3004 791 3067; x_wconf 84' lang='lat' dir='ltr'><strong>timonalium</strong></span> <span class='ocrx_word' id='word_1_213' title='bbox 839 3020 866 3054; x_wconf 89' lang='lat' dir='ltr'><strong>a</strong></span> <span class='ocrx_word' id='word_1_214' title='bbox 913 3018 1055 3068; x_wconf 66' lang='lat' dir='ltr'><strong>sa‘pe</strong></span> <span class='ocrx_word' id='word_1_215' title='bbox 1119 3002 1457 3055; x_wconf 88' lang='lat' dir='ltr'><strong>memoranda</strong></span> <span class='ocrx_word' id='word_1_216' title='bbox 1503 3004 1693 3054; x_wconf 90' lang='lat' dir='ltr'><strong>donma</strong></span> <span class='ocrx_word' id='word_1_217' title='bbox 1754 3002 2012 3055; x_wconf 86' lang='lat' dir='ltr'><strong>Balthilde</strong></span> 
     </span>
    </p>
   </div>
   <div class='ocr_carea' id='block_1_33' title="bbox 467 3091 2086 3187">
    <p class='ocr_par' dir='ltr' id='par_1_33' title="bbox 467 3091 2086 3187">
     <span class='ocr_line' id='line_1_33' title="bbox 467 3091 2086 3187; baseline -0.001 -41"><span class='ocrx_word' id='word_1_218' title='bbox 467 3107 704 3147; x_wconf 87' lang='lat' dir='ltr'><strong>eversum</strong></span> <span class='ocrx_word' id='word_1_219' title='bbox 730 3129 744 3152; x_wconf 90' lang='lat'><strong>,</strong></span> <span class='ocrx_word' id='word_1_220' title='bbox 773 3100 825 3144; x_wconf 90' lang='lat' dir='ltr'><strong>et</strong></span> <span class='ocrx_word' id='word_1_221' title='bbox 857 3093 1069 3145; x_wconf 86' lang='lat' dir='ltr'><strong>basilica</strong></span> <span class='ocrx_word' id='word_1_222' title='bbox 1106 3091 1395 3159; x_wconf 65' lang='lat' dir='ltr'><strong>praegrandi</strong></span> <span class='ocrx_word' id='word_1_223' title='bbox 1442 3094 1613 3165; x_wconf 80' lang='lat' dir='ltr'><strong>spatio</strong></span> <span class='ocrx_word' id='word_1_224' title='bbox 1656 3092 2012 3159; x_wconf 88' lang='lat' dir='ltr'><strong>amplitudinis</strong></span> <span class='ocrx_word' id='word_1_225' title='bbox 2039 3123 2086 3187; x_wconf 63' lang='grc' dir='ltr'>ο</span> 
     </span>
    </p>
   </div>
   <div class='ocr_carea' id='block_1_34' title="bbox 465 3182 2013 3250">
    <p class='ocr_par' dir='ltr' id='par_1_34' title="bbox 465 3182 2013 3250">
     <span class='ocr_line' id='line_1_34' title="bbox 465 3182 2013 3250; baseline -0.002 -13"><span class='ocrx_word' id='word_1_226' title='bbox 465 3192 798 3246; x_wconf 86' lang='lat' dir='ltr'><strong>constructa;</strong></span> <span class='ocrx_word' id='word_1_227' title='bbox 856 3184 1003 3250; x_wconf 86' lang='lat' dir='ltr'><strong>cujus</strong></span> <span class='ocrx_word' id='word_1_228' title='bbox 1034 3184 1259 3236; x_wconf 86' lang='lat' dir='ltr'><strong>medium</strong></span> <span class='ocrx_word' id='word_1_229' title='bbox 1292 3183 1457 3236; x_wconf 88' lang='lat' dir='ltr'><strong>altare</strong></span> <span class='ocrx_word' id='word_1_230' title='bbox 1487 3184 1538 3236; x_wconf 93' lang='lat' dir='ltr'><strong>in</strong></span> <span class='ocrx_word' id='word_1_231' title='bbox 1579 3182 1780 3236; x_wconf 91' lang='lat' dir='ltr'><strong>honore</strong></span> <span class='ocrx_word' id='word_1_232' title='bbox 1819 3191 2013 3235; x_wconf 59' lang='lat' dir='ltr'><strong>sancta}</strong></span> 
     </span>
    </p>
   </div>
   <div class='ocr_carea' id='block_1_35' title="bbox 464 3272 2013 3341">
    <p class='ocr_par' dir='ltr' id='par_1_35' title="bbox 464 3272 2013 3341">
     <span class='ocr_line' id='line_1_35' title="bbox 464 3272 2013 3341; baseline -0.001 -14"><span class='ocrx_word' id='word_1_233' title='bbox 464 3274 656 3336; x_wconf 89' lang='lat' dir='ltr'><strong>crucis,</strong></span> <span class='ocrx_word' id='word_1_234' title='bbox 704 3282 861 3340; x_wconf 91' lang='lat' dir='ltr'><strong>atque</strong></span> <span class='ocrx_word' id='word_1_235' title='bbox 912 3275 1035 3325; x_wconf 89' lang='lat' dir='ltr'><strong>illud</strong></span> <span class='ocrx_word' id='word_1_236' title='bbox 1080 3273 1193 3341; x_wconf 83' lang='lat' dir='ltr'><strong>[F.,</strong></span> <span class='ocrx_word' id='word_1_237' title='bbox 1223 3272 1387 3340; x_wconf 79' lang='lat' dir='ltr'><strong>aliud]</strong></span> <span class='ocrx_word' id='word_1_238' title='bbox 1444 3274 1495 3325; x_wconf 90' lang='lat' dir='ltr'><strong>in</strong></span> <span class='ocrx_word' id='word_1_239' title='bbox 1525 3282 1672 3339; x_wconf 89' lang='lat' dir='ltr'><strong>parte</strong></span> <span class='ocrx_word' id='word_1_240' title='bbox 1716 3272 1933 3327; x_wconf 84' lang='lat' dir='ltr'><strong>dextera</strong></span> <span class='ocrx_word' id='word_1_241' title='bbox 1962 3275 2013 3325; x_wconf 86' lang='lat' dir='ltr'><strong>in</strong></span> 
     </span>
    </p>
   </div>
   <div class='ocr_carea' id='block_1_36' title="bbox 467 3358 2014 3427">
    <p class='ocr_par' dir='ltr' id='par_1_36' title="bbox 467 3358 2014 3427">
     <span class='ocr_line' id='line_1_36' title="bbox 467 3358 2014 3427; baseline -0.001 -13"><span class='ocrx_word' id='word_1_242' title='bbox 467 3362 669 3415; x_wconf 83' lang='lat' dir='ltr'><strong>honore</strong></span> <span class='ocrx_word' id='word_1_243' title='bbox 688 3364 853 3414; x_wconf 85' lang='lat' dir='ltr'><strong>sancti</strong></span> <span class='ocrx_word' id='word_1_244' title='bbox 887 3361 1127 3427; x_wconf 83' lang='lat' dir='ltr'><strong>Georgii;</strong></span> <span class='ocrx_word' id='word_1_245' title='bbox 1157 3359 1294 3427; x_wconf 91' lang='lat' dir='ltr'><strong>quod</strong></span> <span class='ocrx_word' id='word_1_246' title='bbox 1324 3375 1450 3413; x_wconf 86' lang='lat' dir='ltr'><strong>vero</strong></span> <span class='ocrx_word' id='word_1_247' title='bbox 1477 3358 1544 3412; x_wconf 89' lang='lat' dir='ltr'><strong>ad</strong></span> <span class='ocrx_word' id='word_1_248' title='bbox 1575 3361 1754 3413; x_wconf 68' lang='lat' dir='ltr'><strong>heram</strong></span> <span class='ocrx_word' id='word_1_249' title='bbox 1793 3370 1874 3414; x_wconf 91' lang='lat' dir='ltr'><strong>est</strong></span> <span class='ocrx_word' id='word_1_250' title='bbox 1896 3403 1911 3425; x_wconf 89' lang='lat'><strong>,</strong></span> <span class='ocrx_word' id='word_1_251' title='bbox 1962 3362 2014 3413; x_wconf 93' lang='lat' dir='ltr'><strong>in</strong></span> 
     </span>
    </p>
   </div>
   <div class='ocr_carea' id='block_1_37' title="bbox 465 3450 2012 3520">
    <p class='ocr_par' dir='ltr' id='par_1_37' title="bbox 465 3450 2012 3520">
     <span class='ocr_line' id='line_1_37' title="bbox 465 3450 2012 3520; baseline -0.001 -15"><span class='ocrx_word' id='word_1_252' title='bbox 465 3453 662 3505; x_wconf 92' lang='lat' dir='ltr'><strong>honore</strong></span> <span class='ocrx_word' id='word_1_253' title='bbox 686 3452 852 3507; x_wconf 85' lang='lat' dir='ltr'><strong>sancti</strong></span> <span class='ocrx_word' id='word_1_254' title='bbox 892 3451 1143 3518; x_wconf 84' lang='lat' dir='ltr'><strong>Stephani</strong></span> <span class='ocrx_word' id='word_1_255' title='bbox 1186 3451 1588 3520; x_wconf 87' lang='lat' dir='ltr'><strong>protomartyris</strong></span> <span class='ocrx_word' id='word_1_256' title='bbox 1616 3450 1854 3503; x_wconf 89' lang='lat' dir='ltr'><strong>titulatur</strong></span> <span class='ocrx_word' id='word_1_257' title='bbox 1882 3465 2012 3503; x_wconf 88' lang='lat' dir='ltr'><strong>con-</strong></span> 
     </span>
    </p>
   </div>
   <div class='ocr_carea' id='block_1_38' title="bbox 464 3539 2015 3606">
    <p class='ocr_par' dir='ltr' id='par_1_38' title="bbox 464 3539 2015 3606">
     <span class='ocr_line' id='line_1_38' title="bbox 464 3539 2015 3606; baseline -0.001 -13"><span class='ocrx_word' id='word_1_258' title='bbox 464 3549 749 3593; x_wconf 86' lang='lat' dir='ltr'><strong>secratum.</strong></span> <span class='ocrx_word' id='word_1_259' title='bbox 805 3540 919 3591; x_wconf 82' lang='lat' dir='ltr'><strong>Alia</strong></span> <span class='ocrx_word' id='word_1_260' title='bbox 970 3539 1132 3591; x_wconf 88' lang='lat' dir='ltr'><strong>etiam</strong></span> <span class='ocrx_word' id='word_1_261' title='bbox 1184 3540 1565 3605; x_wconf 85' lang='lat' dir='ltr'><strong>quamplurima</strong></span> <span class='ocrx_word' id='word_1_262' title='bbox 1624 3555 1719 3606; x_wconf 91' lang='lat' dir='ltr'><strong>pro</strong></span> <span class='ocrx_word' id='word_1_263' title='bbox 1770 3542 2015 3593; x_wconf 87' lang='lat' dir='ltr'><strong>mercede</strong></span> 
     </span>
    </p>
   </div>
   <div class='ocr_carea' id='block_1_39' title="bbox 464 3628 2015 3683">
    <p class='ocr_par' dir='ltr' id='par_1_39' title="bbox 464 3628 2015 3683">
     <span class='ocr_line' id='line_1_39' title="bbox 464 3628 2015 3683; baseline -0.003 -1"><span class='ocrx_word' id='word_1_264' title='bbox 464 3638 671 3683; x_wconf 59' lang='lat' dir='ltr'><strong>aeternae</strong></span> <span class='ocrx_word' id='word_1_265' title='bbox 711 3628 1150 3682; x_wconf 87' lang='lat' dir='ltr'><strong>remunerationis</strong></span> <span class='ocrx_word' id='word_1_266' title='bbox 1188 3631 1238 3681; x_wconf 91' lang='lat' dir='ltr'><strong>in</strong></span> <span class='ocrx_word' id='word_1_267' title='bbox 1279 3629 1481 3681; x_wconf 89' lang='lat' dir='ltr'><strong>honore</strong></span> <span class='ocrx_word' id='word_1_268' title='bbox 1522 3638 1827 3681; x_wconf 89' lang='lat' dir='ltr'><strong>sanctorum</strong></span> <span class='ocrx_word' id='word_1_269' title='bbox 1854 3629 2015 3681; x_wconf 88' lang='lat' dir='ltr'><strong>edidit</strong></span> 
     </span>
    </p>
   </div>
   <div class='ocr_carea' id='block_1_40' title="bbox 467 3717 2015 3784">
    <p class='ocr_par' dir='ltr' id='par_1_40' title="bbox 467 3717 2015 3784">
     <span class='ocr_line' id='line_1_40' title="bbox 467 3717 2015 3784; baseline -0.003 -9"><span class='ocrx_word' id='word_1_270' title='bbox 467 3721 581 3775; x_wconf 89' lang='lat' dir='ltr'><strong>loca</strong></span> <span class='ocrx_word' id='word_1_271' title='bbox 612 3727 665 3772; x_wconf 88' lang='lat' dir='ltr'><strong>et</strong></span> <span class='ocrx_word' id='word_1_272' title='bbox 693 3719 997 3772; x_wconf 83' lang='lat' dir='ltr'><strong>muneribus</strong></span> <span class='ocrx_word' id='word_1_273' title='bbox 1048 3718 1285 3784; x_wconf 83' lang='lat' dir='ltr'><strong>plurimis</strong></span> <span class='ocrx_word' id='word_1_274' title='bbox 1334 3717 1546 3781; x_wconf 83' lang='lat' dir='ltr'><strong>ditavit;</strong></span> <span class='ocrx_word' id='word_1_275' title='bbox 1595 3718 1812 3784; x_wconf 85' lang='lat' dir='ltr'><strong>parique</strong></span> <span class='ocrx_word' id='word_1_276' title='bbox 1861 3720 2015 3770; x_wconf 89' lang='lat' dir='ltr'><strong>modo</strong></span> 
     </span>
    </p>
   </div>
   <div class='ocr_carea' id='block_1_41' title="bbox 476 3807 2015 3875">
    <p class='ocr_par' dir='ltr' id='par_1_41' title="bbox 476 3807 2015 3875">
     <span class='ocr_line' id='line_1_41' title="bbox 476 3807 2015 3875; baseline -0.003 -13"><span class='ocrx_word' id='word_1_277' title='bbox 476 3810 543 3861; x_wconf 90' lang='lat' dir='ltr'><strong>de</strong></span> <span class='ocrx_word' id='word_1_278' title='bbox 598 3809 904 3875; x_wconf 88' lang='lat' dir='ltr'><strong>Ultrogotha</strong></span> <span class='ocrx_word' id='word_1_279' title='bbox 956 3810 1118 3859; x_wconf 85' lang='lat' dir='ltr'><strong>lertur</strong></span> <span class='ocrx_word' id='word_1_280' title='bbox 1172 3808 1348 3873; x_wconf 80' lang='lat' dir='ltr'><strong>regina</strong></span> <span class='ocrx_word' id='word_1_281' title='bbox 1397 3807 1715 3859; x_wconf 86' lang='lat' dir='ltr'><strong>Childeberti</strong></span> <span class='ocrx_word' id='word_1_282' title='bbox 1773 3807 2015 3860; x_wconf 87' lang='lat' dir='ltr'><strong>videlicet</strong></span> 
     </span>
    </p>
   </div>
   <div class='ocr_carea' id='block_1_42' title="bbox 468 3896 2013 3972">
    <p class='ocr_par' dir='ltr' id='par_1_42' title="bbox 468 3896 2013 3972">
     <span class='ocr_line' id='line_1_42' title="bbox 468 3896 2013 3972; baseline -0.001 -21"><span class='ocrx_word' id='word_1_283' title='bbox 468 3897 896 3951; x_wconf 86' lang='lat' dir='ltr'><strong>Christianissimi</strong></span> <span class='ocrx_word' id='word_1_284' title='bbox 930 3896 1066 3961; x_wconf 90' lang='lat' dir='ltr'><strong>regis</strong></span> <span class='ocrx_word' id='word_1_285' title='bbox 1096 3896 1321 3972; x_wconf 70' lang='lat' dir='ltr'><strong>conjuge</strong></span> <span class='ocrx_word' id='word_1_286' title='bbox 1344 3935 1359 3959; x_wconf 96' lang='lat'><strong>,</strong></span> <span class='ocrx_word' id='word_1_287' title='bbox 1389 3910 1455 3947; x_wconf 93' lang='lat' dir='ltr'><strong>eo</strong></span> <span class='ocrx_word' id='word_1_288' title='bbox 1482 3896 1623 3961; x_wconf 88' lang='lat' dir='ltr'><strong>quod</strong></span> <span class='ocrx_word' id='word_1_289' title='bbox 1669 3897 1844 3948; x_wconf 84' lang='lat' dir='ltr'><strong>nutrix</strong></span> <span class='ocrx_word' id='word_1_290' title='bbox 1876 3904 2013 3949; x_wconf 89' lang='lat' dir='ltr'><strong>esset</strong></span> 
     </span>
    </p>
   </div>
   <div class='ocr_carea' id='block_1_43' title="bbox 466 3984 2013 4055">
    <p class='ocr_par' dir='ltr' id='par_1_43' title="bbox 466 3984 2013 4055">
     <span class='ocr_line' id='line_1_43' title="bbox 466 3984 2013 4055; baseline -0.002 -16"><span class='ocrx_word' id='word_1_291' title='bbox 466 3987 819 4055; x_wconf 89' lang='lat' dir='ltr'><strong>orphanorum</strong></span> <span class='ocrx_word' id='word_1_292' title='bbox 845 4022 860 4046; x_wconf 92' lang='lat'><strong>,</strong></span> <span class='ocrx_word' id='word_1_293' title='bbox 892 3984 1212 4038; x_wconf 83' lang='lat' dir='ltr'><strong>consolatrix</strong></span> <span class='ocrx_word' id='word_1_294' title='bbox 1269 3984 1619 4051; x_wconf 80' lang='lat' dir='ltr'><strong>pupillorum,</strong></span> <span class='ocrx_word' id='word_1_295' title='bbox 1673 3986 2013 4037; x_wconf 86' lang='lat' dir='ltr'><strong>sustentatrix</strong></span> 
     </span>
    </p>
   </div>
   <div class='ocr_carea' id='block_1_44' title="bbox 467 4072 2011 4144">
    <p class='ocr_par' dir='ltr' id='par_1_44' title="bbox 467 4072 2011 4144">
     <span class='ocr_line' id='line_1_44' title="bbox 467 4072 2011 4144; baseline -0.002 -17"><span class='ocrx_word' id='word_1_296' title='bbox 467 4090 752 4144; x_wconf 85' lang='lat' dir='ltr'><strong>pauperum</strong></span> <span class='ocrx_word' id='word_1_297' title='bbox 780 4084 832 4126; x_wconf 91' lang='lat' dir='ltr'><strong>et</strong></span> <span class='ocrx_word' id='word_1_298' title='bbox 884 4074 979 4127; x_wconf 91' lang='lat' dir='ltr'><strong>Dei</strong></span> <span class='ocrx_word' id='word_1_299' title='bbox 1022 4089 1293 4125; x_wconf 86' lang='lat' dir='ltr'><strong>servorum</strong></span> <span class='ocrx_word' id='word_1_300' title='bbox 1332 4083 1490 4139; x_wconf 89' lang='lat' dir='ltr'><strong>atque</strong></span> <span class='ocrx_word' id='word_1_301' title='bbox 1515 4072 1741 4140; x_wconf 87' lang='lat' dir='ltr'><strong>adjutrix</strong></span> <span class='ocrx_word' id='word_1_302' title='bbox 1786 4073 2011 4124; x_wconf 80' lang='lat' dir='ltr'><strong>fidelium</strong></span> 
     </span>
    </p>
   </div>
   <div class='ocr_carea' id='block_1_45' title="bbox 469 4159 2012 4229">
    <p class='ocr_par' dir='ltr' id='par_1_45' title="bbox 469 4159 2012 4229">
     <span class='ocr_line' id='line_1_45' title="bbox 469 4159 2012 4229; baseline -0.001 -15"><span class='ocrx_word' id='word_1_303' title='bbox 469 4164 871 4215; x_wconf 84' lang='lat' dir='ltr'><strong>monachorum.</strong></span> <span class='ocrx_word' id='word_1_304' title='bbox 912 4160 1075 4214; x_wconf 74' lang='lat' dir='ltr'><strong>Recte</strong></span> <span class='ocrx_word' id='word_1_305' title='bbox 1102 4175 1313 4228; x_wconf 89' lang='lat' dir='ltr'><strong>quoque</strong></span> <span class='ocrx_word' id='word_1_306' title='bbox 1338 4169 1392 4214; x_wconf 91' lang='lat' dir='ltr'><strong>et</strong></span> <span class='ocrx_word' id='word_1_307' title='bbox 1421 4159 1544 4214; x_wconf 92' lang='lat' dir='ltr'><strong>illud</strong></span> <span class='ocrx_word' id='word_1_308' title='bbox 1566 4160 1879 4229; x_wconf 62' lang='lat' dir='ltr'><strong>praedicatur</strong></span> <span class='ocrx_word' id='word_1_309' title='bbox 1902 4169 2012 4213; x_wconf 78' lang='lat' dir='ltr'><strong>me-</strong></span> 
     </span>
    </p>
   </div>
   <div class='ocr_carea' id='block_1_46' title="bbox 538 4328 1994 4398">
    <p class='ocr_par' dir='ltr' id='par_1_46' title="bbox 538 4328 1994 4398">
     <span class='ocr_line' id='line_1_46' title="bbox 538 4328 1994 4398; baseline 0.003 -19"><span class='ocrx_word' id='word_1_310' title='bbox 538 4342 559 4361; x_wconf 73' lang='grc' dir='ltr'><strong>κ</strong></span> <span class='ocrx_word' id='word_1_311' title='bbox 592 4328 645 4379; x_wconf 89' lang='lat' dir='ltr'><strong>ln</strong></span> <span class='ocrx_word' id='word_1_312' title='bbox 675 4329 772 4380; x_wconf 77' lang='lat' dir='ltr'><strong>alia</strong></span> <span class='ocrx_word' id='word_1_313' title='bbox 806 4328 918 4379; x_wconf 82' lang='lat' dir='ltr'><strong>Vita</strong></span> <span class='ocrx_word' id='word_1_314' title='bbox 972 4328 1365 4398; x_wconf 76' lang='lat' dir='ltr'><strong>Lendegangus,</strong></span> <span class='ocrx_word' id='word_1_315' title='bbox 1397 4344 1461 4381; x_wconf 89' lang='lat' dir='ltr'><strong>an</strong></span> <span class='ocrx_word' id='word_1_316' title='bbox 1511 4328 1850 4383; x_wconf 84' lang='lat' dir='ltr'><strong>Leodrandus</strong></span> <span class='ocrx_word' id='word_1_317' title='bbox 1879 4330 1994 4397; x_wconf 86' lang='lat' dir='ltr'><strong>epi-</strong></span> 
     </span>
    </p>
   </div>
   <div class='ocr_carea' id='block_1_47' title="bbox 468 4397 1105 4462">
    <p class='ocr_par' dir='ltr' id='par_1_47' title="bbox 468 4397 1105 4462">
     <span class='ocr_line' id='line_1_47' title="bbox 468 4397 1105 4462; baseline -0.002 -13"><span class='ocrx_word' id='word_1_318' title='bbox 468 4412 655 4462; x_wconf 78' lang='lat' dir='ltr'><strong>seopns</strong></span> <span class='ocrx_word' id='word_1_319' title='bbox 672 4400 697 4448; x_wconf 74' lang='grc' dir='ltr'><strong>Δ1</strong></span> <span class='ocrx_word' id='word_1_320' title='bbox 715 4397 1105 4449; x_wconf 84' lang='lat' dir='ltr'><strong>arentasiettsts.</strong></span> 
     </span>
    </p>
   </div>
   <div class='ocr_carea' id='block_1_48' title="bbox 538 4465 1397 4518">
    <p class='ocr_par' dir='ltr' id='par_1_48' title="bbox 538 4465 1397 4518">
     <span class='ocr_line' id='line_1_48' title="bbox 538 4465 1397 4518; baseline 0.002 -3"><span class='ocrx_word' id='word_1_321' title='bbox 538 4465 561 4499; x_wconf 73' lang='grc' dir='ltr'>δ</span> <span class='ocrx_word' id='word_1_322' title='bbox 590 4465 674 4517; x_wconf 88' lang='lat' dir='ltr'><strong>Sic</strong></span> <span class='ocrx_word' id='word_1_323' title='bbox 704 4465 892 4517; x_wconf 90' lang='lat' dir='ltr'><strong>desinit</strong></span> <span class='ocrx_word' id='word_1_324' title='bbox 914 4466 1092 4517; x_wconf 81' lang='lat' dir='ltr'><strong>Codex</strong></span> <span class='ocrx_word' id='word_1_325' title='bbox 1124 4465 1397 4518; x_wconf 77' lang='lat' dir='ltr'><strong>Fuliensis.</strong></span> 
     </span>
    </p>
   </div>
   <div class='ocr_carea' id='block_1_49' title="bbox 538 4532 2001 4599">
    <p class='ocr_par' dir='ltr' id='par_1_49' title="bbox 538 4532 2001 4599">
     <span class='ocr_line' id='line_1_49' title="bbox 538 4532 2001 4599; baseline 0.005 -17"><span class='ocrx_word' id='word_1_326' title='bbox 538 4543 557 4569; x_wconf 75' lang='grc' dir='ltr'><strong>ε</strong></span> <span class='ocrx_word' id='word_1_327' title='bbox 586 4532 699 4599; x_wconf 81' lang='lat' dir='ltr'><strong>Ipso</strong></span> <span class='ocrx_word' id='word_1_328' title='bbox 742 4532 825 4585; x_wconf 88' lang='lat' dir='ltr'><strong>die</strong></span> <span class='ocrx_word' id='word_1_329' title='bbox 868 4541 1047 4587; x_wconf 84' lang='lat' dir='ltr'><strong>sancta</strong></span> <span class='ocrx_word' id='word_1_330' title='bbox 1088 4532 1357 4585; x_wconf 73' lang='lat' dir='ltr'><strong>Balthililis</strong></span> <span class='ocrx_word' id='word_1_331' title='bbox 1408 4533 1646 4586; x_wconf 84' lang='lat' dir='ltr'><strong>laudatur</strong></span> <span class='ocrx_word' id='word_1_332' title='bbox 1692 4535 1742 4586; x_wconf 91' lang='lat' dir='ltr'><strong>in</strong></span> <span class='ocrx_word' id='word_1_333' title='bbox 1796 4534 2001 4589; x_wconf 89' lang='lat' dir='ltr'><strong>sincero</strong></span> 
     </span>
    </p>
   </div>
   <div class='ocr_carea' id='block_1_50' title="bbox 468 4600 1999 4668">
    <p class='ocr_par' dir='ltr' id='par_1_50' title="bbox 468 4600 1999 4668">
     <span class='ocr_line' id='line_1_50' title="bbox 468 4600 1999 4668; baseline 0.003 -17"><span class='ocrx_word' id='word_1_334' title='bbox 468 4600 685 4656; x_wconf 79' lang='lat' dir='ltr'><strong>Usuardi</strong></span> <span class='ocrx_word' id='word_1_335' title='bbox 716 4602 1079 4668; x_wconf 83' lang='lat' dir='ltr'><strong>Martyrologio</strong></span> <span class='ocrx_word' id='word_1_336' title='bbox 1108 4603 1186 4657; x_wconf 85' lang='lat' dir='ltr'><strong>his</strong></span> <span class='ocrx_word' id='word_1_337' title='bbox 1227 4602 1432 4652; x_wconf 83' lang='lat' dir='ltr'><strong>verbis:</strong></span> <span class='ocrx_word' id='word_1_338' title='bbox 1462 4602 1520 4653; x_wconf 83' lang='lat' dir='ltr'><strong>In</strong></span> <span class='ocrx_word' id='word_1_339' title='bbox 1562 4605 1816 4655; x_wconf 81' lang='lat' dir='ltr'><strong>territorio</strong></span> <span class='ocrx_word' id='word_1_340' title='bbox 1844 4602 1999 4655; x_wconf 83' lang='lat' dir='ltr'><strong>Puri-</strong></span> 
     </span>
    </p>
   </div>
   <div class='ocr_carea' id='block_1_51' title="bbox 465 4668 1997 4736">
    <p class='ocr_par' dir='ltr' id='par_1_51' title="bbox 465 4668 1997 4736">
     <span class='ocr_line' id='line_1_51' title="bbox 465 4668 1997 4736; baseline 0.001 -13"><span class='ocrx_word' id='word_1_341' title='bbox 465 4672 677 4723; x_wconf 70' lang='grc' dir='ltr'><strong>διασειιεὶ</strong></span> <span class='ocrx_word' id='word_1_342' title='bbox 699 4669 965 4720; x_wconf 79' lang='lat' dir='ltr'><strong>Balthildis</strong></span> <span class='ocrx_word' id='word_1_343' title='bbox 981 4672 1181 4736; x_wconf 69' lang='lat' dir='ltr'><strong>regine.</strong></span> <span class='ocrx_word' id='word_1_344' title='bbox 1206 4668 1331 4721; x_wconf 86' lang='lat' dir='ltr'><strong>ltctn</strong></span> <span class='ocrx_word' id='word_1_345' title='bbox 1348 4670 1397 4720; x_wconf 94' lang='lat' dir='ltr'><strong>in</strong></span> <span class='ocrx_word' id='word_1_346' title='bbox 1422 4672 1700 4723; x_wconf 76' lang='lat' dir='ltr'><strong>veterrimo</strong></span> <span class='ocrx_word' id='word_1_347' title='bbox 1717 4672 1807 4723; x_wconf 71' lang='lat' dir='ltr'><strong>Co:</strong></span> <span class='ocrx_word' id='word_1_348' title='bbox 1823 4672 1997 4725; x_wconf 85' lang='lat' dir='ltr'><strong>beien-</strong></span> 
     </span>
    </p>
   </div>
   <div class='ocr_carea' id='block_1_52' title="bbox 465 4738 1999 4804">
    <p class='ocr_par' dir='ltr' id='par_1_52' title="bbox 465 4738 1999 4804">
     <span class='ocr_line' id='line_1_52' title="bbox 465 4738 1999 4804; baseline 0.001 -15"><span class='ocrx_word' id='word_1_349' title='bbox 465 4741 535 4790; x_wconf 85' lang='lat' dir='ltr'><strong>sis</strong></span> <span class='ocrx_word' id='word_1_350' title='bbox 564 4740 785 4804; x_wconf 70' lang='lat' dir='ltr'><strong>abbatiae</strong></span> <span class='ocrx_word' id='word_1_351' title='bbox 815 4738 1125 4804; x_wconf 70' lang='lat' dir='ltr'><strong>Kalendario</strong></span> <span class='ocrx_word' id='word_1_352' title='bbox 1150 4747 1271 4789; x_wconf 90' lang='lat' dir='ltr'><strong>ante</strong></span> <span class='ocrx_word' id='word_1_353' title='bbox 1301 4752 1465 4789; x_wconf 90' lang='lat' dir='ltr'><strong>annos</strong></span> <span class='ocrx_word' id='word_1_354' title='bbox 1490 4740 1844 4804; x_wconf 85' lang='lat' dir='ltr'><strong>septingentos</strong></span> <span class='ocrx_word' id='word_1_355' title='bbox 1874 4756 1999 4791; x_wconf 61' lang='lat' dir='ltr'><strong>exa-</strong></span> 
     </span>
    </p>
   </div>
   <div class='ocr_carea' id='block_1_53' title="bbox 466 4802 1998 4873">
    <p class='ocr_par' dir='ltr' id='par_1_53' title="bbox 466 4802 1998 4873">
     <span class='ocr_line' id='line_1_53' title="bbox 466 4802 1998 4873; baseline 0.002 -16"><span class='ocrx_word' id='word_1_356' title='bbox 466 4816 582 4857; x_wconf 84' lang='lat' dir='ltr'><strong>rato</strong></span> <span class='ocrx_word' id='word_1_357' title='bbox 614 4825 622 4854; x_wconf 91' lang='lat'>:</span> <span class='ocrx_word' id='word_1_358' title='bbox 654 4806 715 4857; x_wconf 85' lang='grc' dir='ltr'><strong>ιιι</strong></span> <span class='ocrx_word' id='word_1_359' title='bbox 744 4802 864 4857; x_wconf 81' lang='lat' dir='ltr'><strong>Kal.</strong></span> <span class='ocrx_word' id='word_1_360' title='bbox 902 4803 1026 4856; x_wconf 79' lang='lat' dir='ltr'><strong>Feb.</strong></span> <span class='ocrx_word' id='word_1_361' title='bbox 1058 4803 1191 4855; x_wconf 81' lang='lat' dir='ltr'><strong>Kata</strong></span> <span class='ocrx_word' id='word_1_362' title='bbox 1220 4808 1522 4858; x_wconf 66' lang='lat' dir='ltr'><strong>mortus&#39;erio</strong></span> <span class='ocrx_word' id='word_1_363' title='bbox 1544 4802 1784 4873; x_wconf 38' lang='lat' dir='ltr'><strong>depositi.»</strong></span> <span class='ocrx_word' id='word_1_364' title='bbox 1814 4807 1998 4860; x_wconf 81' lang='lat' dir='ltr'><strong>Balde-</strong></span> 
     </span>
    </p>
   </div>
   <div class='ocr_carea' id='block_1_54' title="bbox 467 4873 1999 4941">
    <p class='ocr_par' dir='ltr' id='par_1_54' title="bbox 467 4873 1999 4941">
     <span class='ocr_line' id='line_1_54' title="bbox 467 4873 1999 4941; baseline 0.003 -18"><span class='ocrx_word' id='word_1_365' title='bbox 467 4874 647 4941; x_wconf 75' lang='lat' dir='ltr'><strong>childis</strong></span> <span class='ocrx_word' id='word_1_366' title='bbox 671 4878 889 4941; x_wconf 66' lang='lat' dir='ltr'><strong>reginis;</strong></span> <span class='ocrx_word' id='word_1_367' title='bbox 920 4888 1026 4939; x_wconf 90' lang='lat' dir='ltr'><strong>quo</strong></span> <span class='ocrx_word' id='word_1_368' title='bbox 1054 4873 1137 4924; x_wconf 82' lang='lat' dir='ltr'><strong>die</strong></span> <span class='ocrx_word' id='word_1_369' title='bbox 1162 4873 1212 4924; x_wconf 91' lang='lat' dir='ltr'><strong>in</strong></span> <span class='ocrx_word' id='word_1_370' title='bbox 1254 4877 1585 4927; x_wconf 69' lang='lat' dir='ltr'><strong>monasteriis</strong></span> <span class='ocrx_word' id='word_1_371' title='bbox 1612 4875 1916 4928; x_wconf 86' lang='lat' dir='ltr'><strong>Corbeiensi</strong></span> <span class='ocrx_word' id='word_1_372' title='bbox 1945 4886 1999 4928; x_wconf 89' lang='lat' dir='ltr'><strong>et</strong></span> 
     </span>
    </p>
   </div>
   <div class='ocr_carea' id='block_1_55' title="bbox 470 4940 1997 5010">
    <p class='ocr_par' dir='ltr' id='par_1_55' title="bbox 470 4940 1997 5010">
     <span class='ocr_line' id='line_1_55' title="bbox 470 4940 1997 5010; baseline 0.003 -17"><span class='ocrx_word' id='word_1_373' title='bbox 470 4940 507 5010; x_wconf 71' lang='lat' dir='ltr'><strong>li</strong></span> <span class='ocrx_word' id='word_1_374' title='bbox 528 4942 677 4993; x_wconf 51' lang='lat' dir='ltr'><strong>«lensi</strong></span> <span class='ocrx_word' id='word_1_375' title='bbox 708 4940 821 5010; x_wconf 74' lang='lat' dir='ltr'><strong>ejus</strong></span> <span class='ocrx_word' id='word_1_376' title='bbox 843 4942 1149 4993; x_wconf 87' lang='lat' dir='ltr'><strong>soleutnitas</strong></span> <span class='ocrx_word' id='word_1_377' title='bbox 1177 4941 1488 4993; x_wconf 80' lang='lat' dir='ltr'><strong>celebratur.</strong></span> <span class='ocrx_word' id='word_1_378' title='bbox 1531 4944 1835 5009; x_wconf 82' lang='lat' dir='ltr'><strong>Corrigendi</strong></span> <span class='ocrx_word' id='word_1_379' title='bbox 1872 4944 1997 5010; x_wconf 82' lang='lat' dir='ltr'><strong>ergo</strong></span> 
     </span>
    </p>
   </div>
   <div class='ocr_carea' id='block_1_56' title="bbox 470 5008 1993 5078">
    <p class='ocr_par' dir='ltr' id='par_1_56' title="bbox 470 5008 1993 5078">
     <span class='ocr_line' id='line_1_56' title="bbox 470 5008 1993 5078; baseline 0.003 -20"><span class='ocrx_word' id='word_1_380' title='bbox 470 5008 583 5078; x_wconf 72' lang='lat' dir='ltr'><strong>libri</strong></span> <span class='ocrx_word' id='word_1_381' title='bbox 629 5010 750 5061; x_wconf 86' lang='lat' dir='ltr'><strong>editi</strong></span> <span class='ocrx_word' id='word_1_382' title='bbox 788 5009 1023 5078; x_wconf 79' lang='lat' dir='ltr'><strong>Usuardi,</strong></span> <span class='ocrx_word' id='word_1_383' title='bbox 1054 5010 1388 5078; x_wconf 68' lang='lat' dir='ltr'><strong>corrigemus</strong></span> <span class='ocrx_word' id='word_1_384' title='bbox 1418 5018 1470 5061; x_wconf 89' lang='lat' dir='ltr'><strong>et</strong></span> <span class='ocrx_word' id='word_1_385' title='bbox 1506 5011 1637 5073; x_wconf 68' lang='grc' dir='ltr'><strong>Δύο,</strong></span> <span class='ocrx_word' id='word_1_386' title='bbox 1667 5008 1752 5078; x_wconf 78' lang='lat' dir='ltr'><strong>qui</strong></span> <span class='ocrx_word' id='word_1_387' title='bbox 1781 5027 1847 5063; x_wconf 88' lang='lat' dir='ltr'><strong>vn</strong></span> <span class='ocrx_word' id='word_1_388' title='bbox 1880 5008 1993 5063; x_wconf 76' lang='lat' dir='ltr'><strong>Kal.</strong></span> 
     </span>
    </p>
   </div>
   <div class='ocr_carea' id='block_1_57' title="bbox 390 5075 1997 5146">
    <p class='ocr_par' dir='ltr' id='par_1_57' title="bbox 390 5075 1997 5146">
     <span class='ocr_line' id='line_1_57' title="bbox 390 5075 1997 5146; baseline 0.003 -19"><span class='ocrx_word' id='word_1_389' title='bbox 390 5106 399 5107; x_wconf 47' lang='grc' dir='ltr'>ί</span> <span class='ocrx_word' id='word_1_390' title='bbox 472 5075 648 5146; x_wconf 45' lang='lat' dir='ltr'><strong>Febr”</strong></span> <span class='ocrx_word' id='word_1_391' title='bbox 668 5077 1005 5143; x_wconf 88' lang='lat' dir='ltr'><strong>corrigendos</strong></span> <span class='ocrx_word' id='word_1_392' title='bbox 1025 5078 1182 5129; x_wconf 85' lang='lat' dir='ltr'><strong>etiam</strong></span> <span class='ocrx_word' id='word_1_393' title='bbox 1203 5075 1697 5146; x_wconf 74' lang='lat' dir='ltr'><strong>Wandalhertusqui</strong></span> <span class='ocrx_word' id='word_1_394' title='bbox 1718 5097 1763 5131; x_wconf 73' lang='lat' dir='ltr'><strong>vn</strong></span> <span class='ocrx_word' id='word_1_395' title='bbox 1787 5082 1997 5133; x_wconf 77' lang='lat' dir='ltr'><strong>easdem</strong></span> 
     </span>
    </p>
   </div>
   <div class='ocr_carea' id='block_1_58' title="bbox 474 5144 1999 5215">
    <p class='ocr_par' dir='ltr' id='par_1_58' title="bbox 474 5144 1999 5215">
     <span class='ocr_line' id='line_1_58' title="bbox 474 5144 1999 5215; baseline 0.005 -22"><span class='ocrx_word' id='word_1_396' title='bbox 474 5144 722 5215; x_wconf 58' lang='lat' dir='ltr'><strong>linteum,</strong></span> <span class='ocrx_word' id='word_1_397' title='bbox 774 5146 1389 5215; x_wconf 14' lang='lat' dir='ltr'><strong>deniqneucorrigendak</strong></span> <span class='ocrx_word' id='word_1_398' title='bbox 1420 5160 1575 5198; x_wconf 83' lang='lat' dir='ltr'><strong>etiam</strong></span> <span class='ocrx_word' id='word_1_399' title='bbox 1630 5144 1999 5215; x_wconf 77' lang='lat' dir='ltr'><strong>Martyrologia</strong></span> 
     </span>
    </p>
   </div>
   <div class='ocr_carea' id='block_1_59' title="bbox 474 5212 2001 5282">
    <p class='ocr_par' dir='ltr' id='par_1_59' title="bbox 474 5212 2001 5282">
     <span class='ocr_line' id='line_1_59' title="bbox 474 5212 2001 5282; baseline 0.005 -21"><span class='ocrx_word' id='word_1_400' title='bbox 474 5213 801 5282; x_wconf 77' lang='lat' dir='ltr'><strong>ltotnannm,</strong></span> <span class='ocrx_word' id='word_1_401' title='bbox 852 5212 1238 5265; x_wconf 80' lang='lat' dir='ltr'><strong>Benedictiuum</strong></span> <span class='ocrx_word' id='word_1_402' title='bbox 1268 5229 1329 5265; x_wconf 89' lang='lat' dir='ltr'><strong>ac</strong></span> <span class='ocrx_word' id='word_1_403' title='bbox 1357 5213 1707 5271; x_wconf 84' lang='lat' dir='ltr'><strong>Gallicanum.</strong></span> <span class='ocrx_word' id='word_1_404' title='bbox 1742 5212 1789 5267; x_wconf 77' lang='lat' dir='ltr'><strong>in</strong></span> <span class='ocrx_word' id='word_1_405' title='bbox 1815 5212 2001 5282; x_wconf 80' lang='lat' dir='ltr'><strong>quibus</strong></span> 
     </span>
    </p>
   </div>
   <div class='ocr_carea' id='block_1_60' title="bbox 474 5281 2001 5342">
    <p class='ocr_par' dir='ltr' id='par_1_60' title="bbox 474 5281 2001 5342">
     <span class='ocr_line' id='line_1_60' title="bbox 474 5281 2001 5342; baseline 0.005 -13"><span class='ocrx_word' id='word_1_406' title='bbox 474 5291 663 5329; x_wconf 70' lang='lat' dir='ltr'><strong>Sancta:</strong></span> <span class='ocrx_word' id='word_1_407' title='bbox 696 5281 959 5332; x_wconf 62' lang='lat' dir='ltr'><strong>Balthildis</strong></span> <span class='ocrx_word' id='word_1_408' title='bbox 992 5282 1177 5332; x_wconf 83' lang='lat' dir='ltr'><strong>natalis</strong></span> <span class='ocrx_word' id='word_1_409' title='bbox 1222 5296 1288 5331; x_wconf 68' lang='lat' dir='ltr'><strong>tu</strong></span> <span class='ocrx_word' id='word_1_410' title='bbox 1342 5282 1451 5333; x_wconf 75' lang='lat' dir='ltr'><strong>Kal.</strong></span> <span class='ocrx_word' id='word_1_411' title='bbox 1495 5284 1648 5335; x_wconf 78' lang='lat' dir='ltr'><strong>Febr.</strong></span> <span class='ocrx_word' id='word_1_412' title='bbox 1694 5281 2001 5342; x_wconf 80' lang='lat' dir='ltr'><strong>eolloeatur.</strong></span> 
     </span>
    </p>
   </div>
   <div class='ocr_carea' id='block_1_61' title="bbox 476 5350 2003 5413">
    <p class='ocr_par' dir='ltr' id='par_1_61' title="bbox 476 5350 2003 5413">
     <span class='ocr_line' id='line_1_61' title="bbox 476 5350 2003 5413; baseline 0.004 -16"><span class='ocrx_word' id='word_1_413' title='bbox 476 5350 677 5397; x_wconf 77' lang='lat' dir='ltr'><strong>Annum</strong></span> <span class='ocrx_word' id='word_1_414' title='bbox 720 5363 821 5411; x_wconf 89' lang='lat' dir='ltr'><strong>quo</strong></span> <span class='ocrx_word' id='word_1_415' title='bbox 844 5358 1021 5400; x_wconf 89' lang='lat' dir='ltr'><strong>sancta</strong></span> <span class='ocrx_word' id='word_1_416' title='bbox 1077 5350 1253 5409; x_wconf 75' lang='lat' dir='ltr'><strong>regina</strong></span> <span class='ocrx_word' id='word_1_417' title='bbox 1277 5350 1424 5409; x_wconf 87' lang='lat' dir='ltr'><strong>obiit,</strong></span> <span class='ocrx_word' id='word_1_418' title='bbox 1453 5353 1829 5413; x_wconf 75' lang='lat' dir='ltr'><strong>quadamtenus</strong></span> <span class='ocrx_word' id='word_1_419' title='bbox 1872 5353 2003 5403; x_wconf 57' lang='lat' dir='ltr'><strong>desiv</strong></span> 
     </span>
    </p>
   </div>
   <div class='ocr_carea' id='block_1_62' title="bbox 474 5413 2007 5488">
    <p class='ocr_par' dir='ltr' id='par_1_62' title="bbox 474 5413 2007 5488">
     <span class='ocr_line' id='line_1_62' title="bbox 474 5413 2007 5488; baseline 0.005 -25"><span class='ocrx_word' id='word_1_420' title='bbox 474 5422 649 5488; x_wconf 75' lang='lat' dir='ltr'><strong>gnant</strong></span> <span class='ocrx_word' id='word_1_421' title='bbox 680 5413 783 5488; x_wconf 73' lang='lat' dir='ltr'><strong>duo</strong></span> <span class='ocrx_word' id='word_1_422' title='bbox 814 5417 1142 5488; x_wconf 72' lang='lat' dir='ltr'><strong>characteres</strong></span> <span class='ocrx_word' id='word_1_423' title='bbox 1172 5418 1547 5488; x_wconf 82' lang='lat' dir='ltr'><strong>chronologici,</strong></span> <span class='ocrx_word' id='word_1_424' title='bbox 1583 5436 1712 5471; x_wconf 88' lang='lat' dir='ltr'><strong>unus</strong></span> <span class='ocrx_word' id='word_1_425' title='bbox 1766 5438 1793 5471; x_wconf 85' lang='lat' dir='ltr'><strong>a</strong></span> <span class='ocrx_word' id='word_1_426' title='bbox 1846 5436 2007 5488; x_wconf 84' lang='lat' dir='ltr'><strong>regno</strong></span> 
     </span>
    </p>
   </div>
   <div class='ocr_carea' id='block_1_63' title="bbox 476 5483 2009 5554">
    <p class='ocr_par' dir='ltr' id='par_1_63' title="bbox 476 5483 2009 5554">
     <span class='ocr_line' id='line_1_63' title="bbox 476 5483 2009 5554; baseline 0.005 -22"><span class='ocrx_word' id='word_1_427' title='bbox 476 5483 943 5554; x_wconf 38' lang='lat' dir='ltr'><strong>&#39;l‘heotlorici-cjus</strong></span> <span class='ocrx_word' id='word_1_428' title='bbox 986 5485 1077 5535; x_wconf 88' lang='lat' dir='ltr'><strong>lilii</strong></span> <span class='ocrx_word' id='word_1_429' title='bbox 1113 5487 1201 5551; x_wconf 90' lang='lat' dir='ltr'><strong>qui</strong></span> <span class='ocrx_word' id='word_1_430' title='bbox 1252 5486 1412 5554; x_wconf 75' lang='lat' dir='ltr'><strong>matri</strong></span> <span class='ocrx_word' id='word_1_431' title='bbox 1453 5496 1717 5551; x_wconf 76' lang='lat' dir='ltr'><strong>superstes</strong></span> <span class='ocrx_word' id='word_1_432' title='bbox 1763 5483 2009 5554; x_wconf 63' lang='lat' dir='ltr'><strong>regnasse</strong></span> 
     </span>
    </p>
   </div>
   <div class='ocr_carea' id='block_1_64' title="bbox 478 5548 2006 5622">
    <p class='ocr_par' dir='ltr' id='par_1_64' title="bbox 478 5548 2006 5622">
     <span class='ocr_line' id='line_1_64' title="bbox 478 5548 2006 5622; baseline 0.006 -25"><span class='ocrx_word' id='word_1_433' title='bbox 478 5549 663 5622; x_wconf 60' lang='lat' dir='ltr'><strong>dicitur</strong></span> <span class='ocrx_word' id='word_1_434' title='bbox 688 5552 735 5599; x_wconf 79' lang='lat' dir='ltr'><strong>in</strong></span> <span class='ocrx_word' id='word_1_435' title='bbox 773 5548 883 5599; x_wconf 85' lang='lat' dir='ltr'><strong>Vita</strong></span> <span class='ocrx_word' id='word_1_436' title='bbox 915 5548 1323 5622; x_wconf 67' lang='lat' dir='ltr'><strong>secundasancti</strong></span> <span class='ocrx_word' id='word_1_437' title='bbox 1353 5548 1735 5622; x_wconf 13' lang='lat' dir='ltr'><strong>\Va‘ndregilisi,</strong></span> <span class='ocrx_word' id='word_1_438' title='bbox 1908 5555 2006 5617; x_wconf 68' lang='lat'><strong>25;</strong></span> 
     </span>
    </p>
   </div>
   <div class='ocr_carea' id='block_1_65' title="bbox 486 5620 2009 5689">
    <p class='ocr_par' dir='ltr' id='par_1_65' title="bbox 486 5620 2009 5689">
     <span class='ocr_line' id='line_1_65' title="bbox 486 5620 2009 5689; baseline 0.009 -26"><span class='ocrx_word' id='word_1_439' title='bbox 486 5620 605 5667; x_wconf 73' lang='lat' dir='ltr'><strong>alter</strong></span> <span class='ocrx_word' id='word_1_440' title='bbox 653 5635 711 5669; x_wconf 78' lang='lat' dir='ltr'><strong>cx</strong></span> <span class='ocrx_word' id='word_1_441' title='bbox 748 5628 915 5671; x_wconf 69' lang='lat' dir='ltr'><strong>morte</strong></span> <span class='ocrx_word' id='word_1_442' title='bbox 969 5622 1134 5671; x_wconf 80' lang='lat' dir='ltr'><strong>sancti</strong></span> <span class='ocrx_word' id='word_1_443' title='bbox 1177 5620 1386 5676; x_wconf 83' lang='lat' dir='ltr'><strong>Cenesii</strong></span> <span class='ocrx_word' id='word_1_444' title='bbox 1444 5620 1802 5687; x_wconf 82' lang='lat' dir='ltr'><strong>Lugdunensis</strong></span> <span class='ocrx_word' id='word_1_445' title='bbox 1832 5620 2009 5689; x_wconf 76' lang='lat' dir='ltr'><strong>ponti-</strong></span> 
     </span>
    </p>
   </div>
   <div class='ocr_carea' id='block_1_66' title="bbox 2118 584 3711 657">
    <p class='ocr_par' dir='ltr' id='par_1_66' title="bbox 2118 584 3711 657">
     <span class='ocr_line' id='line_1_66' title="bbox 2118 584 3711 657; baseline 0.004 -20"><span class='ocrx_word' id='word_1_446' title='bbox 2118 586 2313 653; x_wconf 76' lang='lat' dir='ltr'><strong>reginze</strong></span> <span class='ocrx_word' id='word_1_447' title='bbox 2346 584 2565 639; x_wconf 88' lang='lat' dir='ltr'><strong>Clotarii</strong></span> <span class='ocrx_word' id='word_1_448' title='bbox 2609 590 2871 654; x_wconf 90' lang='lat' dir='ltr'><strong>quondam</strong></span> <span class='ocrx_word' id='word_1_449' title='bbox 2900 590 3178 643; x_wconf 86' lang='lat' dir='ltr'><strong>anterioris</strong></span> <span class='ocrx_word' id='word_1_450' title='bbox 3206 591 3345 657; x_wconf 88' lang='lat' dir='ltr'><strong>regis</strong></span> <span class='ocrx_word' id='word_1_451' title='bbox 3392 590 3655 657; x_wconf 76' lang='lat' dir='ltr'><strong>conjugis,</strong></span> <span class='ocrx_word' id='word_1_452' title='bbox 3707 593 3711 596; x_wconf 79' lang='grc'><em>’</em></span> 
     </span>
    </p>
   </div>
   <div class='ocr_carea' id='block_1_67' title="bbox 2117 678 3660 747">
    <p class='ocr_par' dir='ltr' id='par_1_67' title="bbox 2117 678 3660 747">
     <span class='ocr_line' id='line_1_67' title="bbox 2117 678 3660 747; baseline 0.001 -18"><span class='ocrx_word' id='word_1_453' title='bbox 2117 692 2272 743; x_wconf 89' lang='lat' dir='ltr'><strong>quam</strong></span> <span class='ocrx_word' id='word_1_454' title='bbox 2313 685 2456 729; x_wconf 86' lang='lat' dir='ltr'><strong>tanta</strong></span> <span class='ocrx_word' id='word_1_455' title='bbox 2504 678 2670 730; x_wconf 88' lang='lat' dir='ltr'><strong>sancti</strong></span> <span class='ocrx_word' id='word_1_456' title='bbox 2718 678 2941 745; x_wconf 87' lang='lat' dir='ltr'><strong>Spiritus</strong></span> <span class='ocrx_word' id='word_1_457' title='bbox 2983 680 3328 734; x_wconf 82' lang='lat' dir='ltr'><strong>succcnderat</strong></span> <span class='ocrx_word' id='word_1_458' title='bbox 3367 680 3569 747; x_wconf 84' lang='lat' dir='ltr'><strong>gratia,</strong></span> <span class='ocrx_word' id='word_1_459' title='bbox 3602 688 3660 731; x_wconf 91' lang='lat' dir='ltr'><strong>ut</strong></span> 
     </span>
    </p>
   </div>
   <div class='ocr_carea' id='block_1_68' title="bbox 2118 762 3660 841">
    <p class='ocr_par' dir='ltr' id='par_1_68' title="bbox 2118 762 3660 841">
     <span class='ocr_line' id='line_1_68' title="bbox 2118 762 3660 841; baseline 0.001 -24"><span class='ocrx_word' id='word_1_460' title='bbox 2118 766 2293 817; x_wconf 86' lang='lat' dir='ltr'><strong>vivum</strong></span> <span class='ocrx_word' id='word_1_461' title='bbox 2340 766 2662 841; x_wconf 76' lang='lat' dir='ltr'><strong>relinqueret</strong></span> <span class='ocrx_word' id='word_1_462' title='bbox 2687 762 2964 833; x_wconf 53' lang='lat' dir='ltr'><strong>co&#39;njugem</strong></span> <span class='ocrx_word' id='word_1_463' title='bbox 3004 775 3059 819; x_wconf 94' lang='lat' dir='ltr'><strong>et</strong></span> <span class='ocrx_word' id='word_1_464' title='bbox 3098 780 3154 820; x_wconf 89' lang='lat' dir='ltr'><strong>se</strong></span> <span class='ocrx_word' id='word_1_465' title='bbox 3191 766 3399 819; x_wconf 86' lang='lat' dir='ltr'><strong>Christo</strong></span> <span class='ocrx_word' id='word_1_466' title='bbox 3436 764 3660 819; x_wconf 84' lang='lat' dir='ltr'><strong>Domino</strong></span> 
     </span>
    </p>
   </div>
   <div class='ocr_carea' id='block_1_69' title="bbox 2117 852 3660 921">
    <p class='ocr_par' dir='ltr' id='par_1_69' title="bbox 2117 852 3660 921">
     <span class='ocr_line' id='line_1_69' title="bbox 2117 852 3660 921; baseline 0 -17"><span class='ocrx_word' id='word_1_467' title='bbox 2117 852 2213 905; x_wconf 86' lang='lat' dir='ltr'><strong>sub</strong></span> <span class='ocrx_word' id='word_1_468' title='bbox 2234 866 2385 904; x_wconf 84' lang='lat' dir='ltr'><strong>sacro</strong></span> <span class='ocrx_word' id='word_1_469' title='bbox 2411 853 2670 905; x_wconf 88' lang='lat' dir='ltr'><strong>velamine</strong></span> <span class='ocrx_word' id='word_1_470' title='bbox 2708 863 3040 906; x_wconf 85' lang='lat' dir='ltr'><strong>consecraret</strong></span> <span class='ocrx_word' id='word_1_471' title='bbox 3060 889 3077 915; x_wconf 82' lang='lat'><strong>,</strong></span> <span class='ocrx_word' id='word_1_472' title='bbox 3125 853 3390 921; x_wconf 86' lang='lat' dir='ltr'><strong>multaque</strong></span> <span class='ocrx_word' id='word_1_473' title='bbox 3416 852 3517 905; x_wconf 86' lang='lat' dir='ltr'><strong>alia</strong></span> <span class='ocrx_word' id='word_1_474' title='bbox 3542 864 3660 919; x_wconf 68' lang='lat' dir='ltr'><strong>qua</strong></span> 
     </span>
    </p>
   </div>
   <div class='ocr_carea' id='block_1_70' title="bbox 2120 939 3128 1009">
    <p class='ocr_par' dir='ltr' id='par_1_70' title="bbox 2120 939 3128 1009">
     <span class='ocr_line' id='line_1_70' title="bbox 2120 939 3128 1009; baseline 0.003 -19"><span class='ocrx_word' id='word_1_475' title='bbox 2120 939 2169 992; x_wconf 93' lang='lat' dir='ltr'><strong>in</strong></span> <span class='ocrx_word' id='word_1_476' title='bbox 2195 940 2409 992; x_wconf 84' lang='lat' dir='ltr'><strong>Actibus</strong></span> <span class='ocrx_word' id='word_1_477' title='bbox 2430 942 2544 1005; x_wconf 85' lang='lat' dir='ltr'><strong>ejus</strong></span> <span class='ocrx_word' id='word_1_478' title='bbox 2566 941 2810 1007; x_wconf 89' lang='lat' dir='ltr'><strong>leguntur</strong></span> <span class='ocrx_word' id='word_1_479' title='bbox 2832 949 3128 1009; x_wconf 76' lang='lat' dir='ltr'><strong>perageret.</strong></span> 
     </span>
    </p>
   </div>
   <div class='ocr_carea' id='block_1_71' title="bbox 2186 1047 3658 1120">
    <p class='ocr_par' dir='ltr' id='par_1_71' title="bbox 2186 1047 3658 1120">
     <span class='ocr_line' id='line_1_71' title="bbox 2186 1047 3658 1120; baseline 0.003 -21"><span class='ocrx_word' id='word_1_480' title='bbox 2186 1048 2271 1101; x_wconf 78' lang='lat' dir='ltr'><strong>l9.</strong></span> <span class='ocrx_word' id='word_1_481' title='bbox 2315 1047 2421 1101; x_wconf 82' lang='lat' dir='ltr'><strong>Sed</strong></span> <span class='ocrx_word' id='word_1_482' title='bbox 2450 1062 2746 1115; x_wconf 82' lang='lat' dir='ltr'><strong>quanquam</strong></span> <span class='ocrx_word' id='word_1_483' title='bbox 2793 1050 2916 1102; x_wconf 89' lang='lat' dir='ltr'><strong>illud</strong></span> <span class='ocrx_word' id='word_1_484' title='bbox 2952 1051 3285 1104; x_wconf 85' lang='lat' dir='ltr'><strong>considerare</strong></span> <span class='ocrx_word' id='word_1_485' title='bbox 3311 1051 3472 1104; x_wconf 89' lang='lat' dir='ltr'><strong>libeat</strong></span> <span class='ocrx_word' id='word_1_486' title='bbox 3516 1053 3658 1120; x_wconf 84' lang='lat' dir='ltr'><strong>quod</strong></span> 
     </span>
    </p>
   </div>
   <div class='ocr_carea' id='block_1_72' title="bbox 2116 1138 3661 1215">
    <p class='ocr_par' dir='ltr' id='par_1_72' title="bbox 2116 1138 3661 1215">
     <span class='ocr_line' id='line_1_72' title="bbox 2116 1138 3661 1215; baseline 0.002 -25"><span class='ocrx_word' id='word_1_487' title='bbox 2116 1139 2183 1191; x_wconf 87' lang='lat' dir='ltr'><strong>ab</strong></span> <span class='ocrx_word' id='word_1_488' title='bbox 2204 1138 2327 1206; x_wconf 86' lang='lat' dir='ltr'><strong>ipsis</strong></span> <span class='ocrx_word' id='word_1_489' title='bbox 2354 1140 2549 1215; x_wconf 80' lang='lat' dir='ltr'><strong>sanctis</strong></span> <span class='ocrx_word' id='word_1_490' title='bbox 2578 1139 2784 1194; x_wconf 78' lang='lat' dir='ltr'><strong>feminis</strong></span> <span class='ocrx_word' id='word_1_491' title='bbox 2804 1148 2980 1194; x_wconf 88' lang='lat' dir='ltr'><strong>actum</strong></span> <span class='ocrx_word' id='word_1_492' title='bbox 2999 1149 3101 1205; x_wconf 89' lang='lat' dir='ltr'><strong>est,</strong></span> <span class='ocrx_word' id='word_1_493' title='bbox 3131 1151 3661 1208; x_wconf 79' lang='lat' dir='ltr'><strong>summOperetamcn</strong></span> 
     </span>
    </p>
   </div>
   <div class='ocr_carea' id='block_1_73' title="bbox 2114 1226 3658 1294">
    <p class='ocr_par' dir='ltr' id='par_1_73' title="bbox 2114 1226 3658 1294">
     <span class='ocr_line' id='line_1_73' title="bbox 2114 1226 3658 1294; baseline 0 -15"><span class='ocrx_word' id='word_1_494' title='bbox 2114 1228 2267 1280; x_wconf 86' lang='lat' dir='ltr'><strong>nobis</strong></span> <span class='ocrx_word' id='word_1_495' title='bbox 2294 1226 2358 1279; x_wconf 90' lang='lat' dir='ltr'><strong>ad</strong></span> <span class='ocrx_word' id='word_1_496' title='bbox 2389 1239 2623 1281; x_wconf 88' lang='lat' dir='ltr'><strong>sanctam</strong></span> <span class='ocrx_word' id='word_1_497' title='bbox 2672 1239 2888 1282; x_wconf 83' lang='lat' dir='ltr'><strong>matrem</strong></span> <span class='ocrx_word' id='word_1_498' title='bbox 2917 1228 3164 1281; x_wconf 90' lang='lat' dir='ltr'><strong>domnam</strong></span> <span class='ocrx_word' id='word_1_499' title='bbox 3205 1229 3517 1282; x_wconf 84' lang='lat' dir='ltr'><strong>Balthildem</strong></span> <span class='ocrx_word' id='word_1_500' title='bbox 3543 1243 3658 1294; x_wconf 68' lang='lat' dir='ltr'><strong>qua:</strong></span> 
     </span>
    </p>
   </div>
   <div class='ocr_carea' id='block_1_74' title="bbox 2116 1317 3659 1386">
    <p class='ocr_par' dir='ltr' id='par_1_74' title="bbox 2116 1317 3659 1386">
     <span class='ocr_line' id='line_1_74' title="bbox 2116 1317 3659 1386; baseline -0.001 -17"><span class='ocrx_word' id='word_1_501' title='bbox 2116 1318 2309 1371; x_wconf 87' lang='lat' dir='ltr'><strong>nostris</strong></span> <span class='ocrx_word' id='word_1_502' title='bbox 2328 1317 2520 1370; x_wconf 89' lang='lat' dir='ltr'><strong>effulsit</strong></span> <span class='ocrx_word' id='word_1_503' title='bbox 2550 1319 2893 1386; x_wconf 88' lang='lat' dir='ltr'><strong>temporibus,</strong></span> <span class='ocrx_word' id='word_1_504' title='bbox 2925 1332 3130 1372; x_wconf 87' lang='lat' dir='ltr'><strong>necnon</strong></span> <span class='ocrx_word' id='word_1_505' title='bbox 3159 1327 3213 1371; x_wconf 90' lang='lat' dir='ltr'><strong>et</strong></span> <span class='ocrx_word' id='word_1_506' title='bbox 3239 1320 3302 1370; x_wconf 87' lang='lat' dir='ltr'><strong>ad</strong></span> <span class='ocrx_word' id='word_1_507' title='bbox 3331 1318 3446 1385; x_wconf 89' lang='lat' dir='ltr'><strong>ejus</strong></span> <span class='ocrx_word' id='word_1_508' title='bbox 3468 1318 3659 1370; x_wconf 84' lang='lat' dir='ltr'><strong>merita</strong></span> 
     </span>
    </p>
   </div>
   <div class='ocr_carea' id='block_1_75' title="bbox 2115 1403 3661 1471">
    <p class='ocr_par' dir='ltr' id='par_1_75' title="bbox 2115 1403 3661 1471">
     <span class='ocr_line' id='line_1_75' title="bbox 2115 1403 3661 1471; baseline 0 -16"><span class='ocrx_word' id='word_1_509' title='bbox 2115 1403 2341 1471; x_wconf 85' lang='lat' dir='ltr'><strong>gloriosa</strong></span> <span class='ocrx_word' id='word_1_510' title='bbox 2371 1417 2488 1469; x_wconf 71' lang='lat' dir='ltr'><strong>qua:</strong></span> <span class='ocrx_word' id='word_1_511' title='bbox 2535 1404 2631 1471; x_wconf 83' lang='lat' dir='ltr'><strong>ipsi</strong></span> <span class='ocrx_word' id='word_1_512' title='bbox 2660 1406 2727 1457; x_wconf 89' lang='lat' dir='ltr'><strong>ab</strong></span> <span class='ocrx_word' id='word_1_513' title='bbox 2766 1418 2828 1457; x_wconf 86' lang='lat' dir='ltr'><strong>ea</strong></span> <span class='ocrx_word' id='word_1_514' title='bbox 2862 1410 3009 1470; x_wconf 86' lang='lat' dir='ltr'><strong>gesta</strong></span> <span class='ocrx_word' id='word_1_515' title='bbox 3052 1403 3295 1457; x_wconf 81' lang='lat' dir='ltr'><strong>novimus</strong></span> <span class='ocrx_word' id='word_1_516' title='bbox 3329 1412 3385 1457; x_wconf 88' lang='lat' dir='ltr'><strong>et</strong></span> <span class='ocrx_word' id='word_1_517' title='bbox 3411 1404 3661 1464; x_wconf 51' lang='lat' dir='ltr'><strong>vidimus,</strong></span> 
     </span>
    </p>
   </div>
   <div class='ocr_carea' id='block_1_76' title="bbox 2116 1490 3660 1560">
    <p class='ocr_par' dir='ltr' id='par_1_76' title="bbox 2116 1490 3660 1560">
     <span class='ocr_line' id='line_1_76' title="bbox 2116 1490 3660 1560; baseline 0 -17"><span class='ocrx_word' id='word_1_518' title='bbox 2116 1492 2489 1545; x_wconf 88' lang='lat' dir='ltr'><strong>recurrendum</strong></span> <span class='ocrx_word' id='word_1_519' title='bbox 2516 1501 2616 1545; x_wconf 89' lang='lat' dir='ltr'><strong>est.</strong></span> <span class='ocrx_word' id='word_1_520' title='bbox 2668 1492 2741 1545; x_wconf 89' lang='lat' dir='ltr'><strong>De</strong></span> <span class='ocrx_word' id='word_1_521' title='bbox 2786 1492 2975 1560; x_wconf 85' lang='lat' dir='ltr'><strong>quibus</strong></span> <span class='ocrx_word' id='word_1_522' title='bbox 3018 1490 3106 1543; x_wconf 88' lang='lat' dir='ltr'><strong>hic</strong></span> <span class='ocrx_word' id='word_1_523' title='bbox 3150 1490 3361 1557; x_wconf 83' lang='lat' dir='ltr'><strong>quidem</strong></span> <span class='ocrx_word' id='word_1_524' title='bbox 3396 1505 3564 1560; x_wconf 77' lang='lat' dir='ltr'><strong>pauca</strong></span> <span class='ocrx_word' id='word_1_525' title='bbox 3593 1493 3660 1543; x_wconf 87' lang='lat' dir='ltr'><strong>de</strong></span> 
     </span>
    </p>
   </div>
   <div class='ocr_carea' id='block_1_77' title="bbox 2116 1582 3661 1650">
    <p class='ocr_par' dir='ltr' id='par_1_77' title="bbox 2116 1582 3661 1650">
     <span class='ocr_line' id='line_1_77' title="bbox 2116 1582 3661 1650; baseline -0.001 -17"><span class='ocrx_word' id='word_1_526' title='bbox 2116 1583 2351 1649; x_wconf 89' lang='lat' dir='ltr'><strong>plurimis</strong></span> <span class='ocrx_word' id='word_1_527' title='bbox 2389 1582 2936 1643; x_wconf 81' lang='lat' dir='ltr'><strong>commemoravimus,</strong></span> <span class='ocrx_word' id='word_1_528' title='bbox 2988 1596 3083 1650; x_wconf 87' lang='lat' dir='ltr'><strong>per</strong></span> <span class='ocrx_word' id='word_1_529' title='bbox 3108 1595 3224 1647; x_wconf 70' lang='lat' dir='ltr'><strong>quae</strong></span> <span class='ocrx_word' id='word_1_530' title='bbox 3258 1596 3363 1635; x_wconf 89' lang='lat' dir='ltr'><strong>non</strong></span> <span class='ocrx_word' id='word_1_531' title='bbox 3412 1589 3661 1649; x_wconf 81' lang='lat' dir='ltr'><strong>putamus</strong></span> 
     </span>
    </p>
   </div>
   <div class='ocr_carea' id='block_1_78' title="bbox 2115 1668 3657 1735">
    <p class='ocr_par' dir='ltr' id='par_1_78' title="bbox 2115 1668 3657 1735">
     <span class='ocr_line' id='line_1_78' title="bbox 2115 1668 3657 1735; baseline -0.003 -12"><span class='ocrx_word' id='word_1_532' title='bbox 2115 1685 2233 1723; x_wconf 91' lang='lat' dir='ltr'><strong>eam</strong></span> <span class='ocrx_word' id='word_1_533' title='bbox 2272 1670 2574 1723; x_wconf 86' lang='lat' dir='ltr'><strong>inferiorem</strong></span> <span class='ocrx_word' id='word_1_534' title='bbox 2622 1670 2821 1722; x_wconf 88' lang='lat' dir='ltr'><strong>meritis</strong></span> <span class='ocrx_word' id='word_1_535' title='bbox 2866 1669 3026 1722; x_wconf 85' lang='lat' dir='ltr'><strong>fuisse</strong></span> <span class='ocrx_word' id='word_1_536' title='bbox 3072 1668 3174 1722; x_wconf 87' lang='lat' dir='ltr'><strong>illis</strong></span> <span class='ocrx_word' id='word_1_537' title='bbox 3218 1670 3510 1735; x_wconf 85' lang='lat' dir='ltr'><strong>prioribus,</strong></span> <span class='ocrx_word' id='word_1_538' title='bbox 3563 1668 3657 1720; x_wconf 84' lang='lat' dir='ltr'><strong>sed</strong></span> 
     </span>
    </p>
   </div>
   <div class='ocr_carea' id='block_1_79' title="bbox 2116 1758 3660 1826">
    <p class='ocr_par' dir='ltr' id='par_1_79' title="bbox 2116 1758 3660 1826">
     <span class='ocr_line' id='line_1_79' title="bbox 2116 1758 3660 1826; baseline -0.004 -11"><span class='ocrx_word' id='word_1_539' title='bbox 2116 1760 2284 1815; x_wconf 90' lang='lat' dir='ltr'><strong>multo</strong></span> <span class='ocrx_word' id='word_1_540' title='bbox 2311 1760 2475 1826; x_wconf 85' lang='lat' dir='ltr'><strong>magis</strong></span> <span class='ocrx_word' id='word_1_541' title='bbox 2505 1760 2555 1811; x_wconf 90' lang='lat' dir='ltr'><strong>in</strong></span> <span class='ocrx_word' id='word_1_542' title='bbox 2584 1758 2781 1811; x_wconf 85' lang='lat' dir='ltr'><strong>sanctis</strong></span> <span class='ocrx_word' id='word_1_543' title='bbox 2807 1758 2992 1811; x_wconf 89' lang='lat' dir='ltr'><strong>studiis</strong></span> <span class='ocrx_word' id='word_1_544' title='bbox 3020 1766 3072 1810; x_wconf 91' lang='lat' dir='ltr'><strong>et</strong></span> <span class='ocrx_word' id='word_1_545' title='bbox 3100 1758 3251 1810; x_wconf 86' lang='lat' dir='ltr'><strong>bonis</strong></span> <span class='ocrx_word' id='word_1_546' title='bbox 3279 1759 3529 1825; x_wconf 85' lang='lat' dir='ltr'><strong>operibus</strong></span> <span class='ocrx_word' id='word_1_547' title='bbox 3568 1773 3660 1809; x_wconf 83' lang='lat' dir='ltr'><strong>eas</strong></span> 
     </span>
    </p>
   </div>
   <div class='ocr_carea' id='block_1_80' title="bbox 2116 1847 3660 1921">
    <p class='ocr_par' dir='ltr' id='par_1_80' title="bbox 2116 1847 3660 1921">
     <span class='ocr_line' id='line_1_80' title="bbox 2116 1847 3660 1921; baseline -0.006 -16"><span class='ocrx_word' id='word_1_548' title='bbox 2116 1866 2443 1921; x_wconf 73' lang='lat' dir='ltr'><strong>pnecesstsse</strong></span> <span class='ocrx_word' id='word_1_549' title='bbox 2470 1850 2830 1915; x_wconf 83' lang='lat' dir='ltr'><strong>cognovimus.</strong></span> <span class='ocrx_word' id='word_1_550' title='bbox 2847 1847 3110 1917; x_wconf 50' lang='lat' dir='ltr'><strong>Quaspost</strong></span> <span class='ocrx_word' id='word_1_551' title='bbox 3134 1848 3294 1899; x_wconf 84' lang='lat' dir='ltr'><strong>multa</strong></span> <span class='ocrx_word' id='word_1_552' title='bbox 3317 1847 3660 1899; x_wconf 79' lang='lat' dir='ltr'><strong>memoranda</strong></span> 
     </span>
    </p>
   </div>
   <div class='ocr_carea' id='block_1_81' title="bbox 2112 1934 3658 2010">
    <p class='ocr_par' dir='ltr' id='par_1_81' title="bbox 2112 1934 3658 2010">
     <span class='ocr_line' id='line_1_81' title="bbox 2112 1934 3658 2010; baseline -0.007 -14"><span class='ocrx_word' id='word_1_553' title='bbox 2112 1956 2229 2009; x_wconf 68' lang='lat' dir='ltr'><strong>quae</strong></span> <span class='ocrx_word' id='word_1_554' title='bbox 2258 1951 2413 2008; x_wconf 83' lang='lat' dir='ltr'><strong>gessit</strong></span> <span class='ocrx_word' id='word_1_555' title='bbox 2442 1954 2628 2010; x_wconf 85' lang='lat' dir='ltr'><strong>opera,</strong></span> <span class='ocrx_word' id='word_1_556' title='bbox 2654 1934 2967 2003; x_wconf 77' lang='lat' dir='ltr'><strong>evangelica:</strong></span> <span class='ocrx_word' id='word_1_557' title='bbox 2996 1935 3329 2002; x_wconf 81' lang='lat' dir='ltr'><strong>perfectionis</strong></span> <span class='ocrx_word' id='word_1_558' title='bbox 3350 1935 3658 2002; x_wconf 87' lang='lat' dir='ltr'><strong>adimplevit</strong></span> 
     </span>
    </p>
   </div>
   <div class='ocr_carea' id='block_1_82' title="bbox 2113 2012 3657 2097">
    <p class='ocr_par' dir='ltr' id='par_1_82' title="bbox 2113 2012 3657 2097">
     <span class='ocr_line' id='line_1_82' title="bbox 2113 2012 3657 2097; baseline 0.001 -15"><span class='ocrx_word' id='word_1_559' title='bbox 2113 2032 2380 2095; x_wconf 83' lang='lat' dir='ltr'><strong>mandata,</strong></span> <span class='ocrx_word' id='word_1_560' title='bbox 2402 2032 2643 2097; x_wconf 78' lang='lat' dir='ltr'><strong>despexit</strong></span> <span class='ocrx_word' id='word_1_561' title='bbox 2664 2012 2922 2085; x_wconf 23' lang='lat' dir='ltr'><strong>“mundum</strong></span> <span class='ocrx_word' id='word_1_562' title='bbox 2947 2031 3002 2076; x_wconf 90' lang='lat' dir='ltr'><strong>et</strong></span> <span class='ocrx_word' id='word_1_563' title='bbox 3021 2025 3499 2091; x_wconf 85' lang='lat' dir='ltr'><strong>concupiscentiam</strong></span> <span class='ocrx_word' id='word_1_564' title='bbox 3518 2023 3657 2089; x_wconf 57' lang='lat' dir='ltr'><strong>ejus,</strong></span> 
     </span>
    </p>
   </div>
   <div class='ocr_carea' id='block_1_83' title="bbox 2113 2110 3661 2189">
    <p class='ocr_par' dir='ltr' id='par_1_83' title="bbox 2113 2110 3661 2189">
     <span class='ocr_line' id='line_1_83' title="bbox 2113 2110 3661 2189; baseline -0.003 -18"><span class='ocrx_word' id='word_1_565' title='bbox 2113 2118 2362 2171; x_wconf 85' lang='lat' dir='ltr'><strong>contrivit</strong></span> <span class='ocrx_word' id='word_1_566' title='bbox 2414 2117 2679 2172; x_wconf 86' lang='lat' dir='ltr'><strong>diabolum</strong></span> <span class='ocrx_word' id='word_1_567' title='bbox 2731 2129 2786 2171; x_wconf 89' lang='lat' dir='ltr'><strong>et</strong></span> <span class='ocrx_word' id='word_1_568' title='bbox 2829 2130 3045 2189; x_wconf 77' lang='lat' dir='ltr'><strong>pompas</strong></span> <span class='ocrx_word' id='word_1_569' title='bbox 3075 2110 3221 2179; x_wconf 62' lang='lat' dir='ltr'><strong>eius,</strong></span> <span class='ocrx_word' id='word_1_570' title='bbox 3252 2121 3539 2176; x_wconf 74' lang='lat' dir='ltr'><strong>secutaque</strong></span> <span class='ocrx_word' id='word_1_571' title='bbox 3578 2123 3661 2163; x_wconf 61' lang='lat' dir='ltr'><strong>est</strong></span> 
     </span>
    </p>
   </div>
   <div class='ocr_carea' id='block_1_84' title="bbox 2112 2203 3663 2275">
    <p class='ocr_par' dir='ltr' id='par_1_84' title="bbox 2112 2203 3663 2275">
     <span class='ocr_line' id='line_1_84' title="bbox 2112 2203 3663 2275; baseline -0.002 -19"><span class='ocrx_word' id='word_1_572' title='bbox 2112 2203 2378 2259; x_wconf 86' lang='lat' dir='ltr'><strong>Christum</strong></span> <span class='ocrx_word' id='word_1_573' title='bbox 2406 2214 2460 2258; x_wconf 91' lang='lat' dir='ltr'><strong>et</strong></span> <span class='ocrx_word' id='word_1_574' title='bbox 2494 2217 2754 2273; x_wconf 73' lang='lat' dir='ltr'><strong>pmcepta</strong></span> <span class='ocrx_word' id='word_1_575' title='bbox 2777 2206 2910 2273; x_wconf 86' lang='lat' dir='ltr'><strong>ejus,</strong></span> <span class='ocrx_word' id='word_1_576' title='bbox 2936 2218 3095 2275; x_wconf 89' lang='lat' dir='ltr'><strong>utque</strong></span> <span class='ocrx_word' id='word_1_577' title='bbox 3119 2224 3239 2261; x_wconf 86' lang='lat' dir='ltr'><strong>vera</strong></span> <span class='ocrx_word' id='word_1_578' title='bbox 3272 2208 3535 2263; x_wconf 87' lang='lat' dir='ltr'><strong>monacha</strong></span> <span class='ocrx_word' id='word_1_579' title='bbox 3556 2210 3663 2259; x_wconf 82' lang='lat' dir='ltr'><strong>snh</strong></span> 
     </span>
    </p>
   </div>
   <div class='ocr_carea' id='block_1_85' title="bbox 2113 2290 3661 2361">
    <p class='ocr_par' dir='ltr' id='par_1_85' title="bbox 2113 2290 3661 2361">
     <span class='ocr_line' id='line_1_85' title="bbox 2113 2290 3661 2361; baseline 0.003 -19"><span class='ocrx_word' id='word_1_580' title='bbox 2113 2290 2313 2359; x_wconf 87' lang='lat' dir='ltr'><strong>integra</strong></span> <span class='ocrx_word' id='word_1_581' title='bbox 2345 2296 2597 2361; x_wconf 85' lang='lat' dir='ltr'><strong>religione</strong></span> <span class='ocrx_word' id='word_1_582' title='bbox 2634 2298 2842 2348; x_wconf 88' lang='lat' dir='ltr'><strong>beatam</strong></span> <span class='ocrx_word' id='word_1_583' title='bbox 2882 2297 3039 2348; x_wconf 85' lang='lat' dir='ltr'><strong>vitant</strong></span> <span class='ocrx_word' id='word_1_584' title='bbox 3070 2297 3296 2350; x_wconf 76' lang='lat' dir='ltr'><strong>feliciter</strong></span> <span class='ocrx_word' id='word_1_585' title='bbox 3321 2313 3661 2350; x_wconf 80' lang='lat' dir='ltr'><strong>consumma-</strong></span> 
     </span>
    </p>
   </div>
   <div class='ocr_carea' id='block_1_86' title="bbox 2113 2381 3660 2448">
    <p class='ocr_par' dir='ltr' id='par_1_86' title="bbox 2113 2381 3660 2448">
     <span class='ocr_line' id='line_1_86' title="bbox 2113 2381 3660 2448; baseline 0.003 -16"><span class='ocrx_word' id='word_1_586' title='bbox 2113 2383 2206 2445; x_wconf 87' lang='lat' dir='ltr'><strong>vit,</strong></span> <span class='ocrx_word' id='word_1_587' title='bbox 2237 2390 2398 2448; x_wconf 88' lang='lat' dir='ltr'><strong>atque</strong></span> <span class='ocrx_word' id='word_1_588' title='bbox 2422 2396 2441 2420; x_wconf 78' lang='grc' dir='ltr'><em>ε</em></span> <span class='ocrx_word' id='word_1_589' title='bbox 2469 2398 2522 2434; x_wconf 90' lang='grc' dir='ltr'><strong>ιιι</strong></span> <span class='ocrx_word' id='word_1_590' title='bbox 2550 2381 2810 2440; x_wconf 73' lang='lat' dir='ltr'><strong>Kalendas</strong></span> <span class='ocrx_word' id='word_1_591' title='bbox 2834 2383 3141 2436; x_wconf 80' lang='lat' dir='ltr'><strong>Februarias</strong></span> <span class='ocrx_word' id='word_1_592' title='bbox 3172 2392 3377 2437; x_wconf 86' lang='lat' dir='ltr'><strong>terrena</strong></span> <span class='ocrx_word' id='word_1_593' title='bbox 3402 2387 3660 2438; x_wconf 80' lang='lat' dir='ltr'><strong>deserens</strong></span> 
     </span>
    </p>
   </div>
   <div class='ocr_carea' id='block_1_87' title="bbox 2112 2455 3658 2537">
    <p class='ocr_par' dir='ltr' id='par_1_87' title="bbox 2112 2455 3658 2537">
     <span class='ocr_line' id='line_1_87' title="bbox 2112 2455 3658 2537; baseline 0.002 -17"><span class='ocrx_word' id='word_1_594' title='bbox 2112 2478 2166 2521; x_wconf 90' lang='lat' dir='ltr'><strong>et</strong></span> <span class='ocrx_word' id='word_1_595' title='bbox 2194 2455 2429 2522; x_wconf 77' lang='lat' dir='ltr'><strong>ctelestia</strong></span> <span class='ocrx_word' id='word_1_596' title='bbox 2458 2478 2734 2536; x_wconf 79' lang='lat' dir='ltr'><strong>appetens,</strong></span> <span class='ocrx_word' id='word_1_597' title='bbox 2767 2470 2998 2521; x_wconf 87' lang='lat' dir='ltr'><strong>animam</strong></span> <span class='ocrx_word' id='word_1_598' title='bbox 3026 2471 3235 2522; x_wconf 86' lang='lat' dir='ltr'><strong>beatam</strong></span> <span class='ocrx_word' id='word_1_599' title='bbox 3266 2472 3490 2537; x_wconf 87' lang='lat' dir='ltr'><strong>benigno</strong></span> <span class='ocrx_word' id='word_1_600' title='bbox 3532 2470 3658 2523; x_wconf 78' lang='lat' dir='ltr'><strong>Jesn</strong></span> 
     </span>
    </p>
   </div>
   <div class='ocr_carea' id='block_1_88' title="bbox 2111 2557 3661 2626">
    <p class='ocr_par' dir='ltr' id='par_1_88' title="bbox 2111 2557 3661 2626">
     <span class='ocr_line' id='line_1_88' title="bbox 2111 2557 3661 2626; baseline 0.004 -17"><span class='ocrx_word' id='word_1_601' title='bbox 2111 2558 2201 2626; x_wconf 90' lang='lat' dir='ltr'><strong>qui</strong></span> <span class='ocrx_word' id='word_1_602' title='bbox 2227 2572 2343 2609; x_wconf 90' lang='lat' dir='ltr'><strong>eam</strong></span> <span class='ocrx_word' id='word_1_603' title='bbox 2371 2557 2612 2619; x_wconf 87' lang='lat' dir='ltr'><strong>dederat,</strong></span> <span class='ocrx_word' id='word_1_604' title='bbox 2665 2558 2912 2611; x_wconf 88' lang='lat' dir='ltr'><strong>mundam</strong></span> <span class='ocrx_word' id='word_1_605' title='bbox 2957 2567 3011 2611; x_wconf 92' lang='lat' dir='ltr'><strong>et</strong></span> <span class='ocrx_word' id='word_1_606' title='bbox 3037 2559 3422 2612; x_wconf 73' lang='lat' dir='ltr'><strong>immaculatum</strong></span> <span class='ocrx_word' id='word_1_607' title='bbox 3469 2575 3661 2614; x_wconf 78' lang='lat' dir='ltr'><strong>recon-</strong></span> 
     </span>
    </p>
   </div>
   <div class='ocr_carea' id='block_1_89' title="bbox 2112 2647 3659 2717">
    <p class='ocr_par' dir='ltr' id='par_1_89' title="bbox 2112 2647 3659 2717">
     <span class='ocr_line' id='line_1_89' title="bbox 2112 2647 3659 2717; baseline 0.005 -18"><span class='ocrx_word' id='word_1_608' title='bbox 2112 2648 2357 2715; x_wconf 85' lang='lat' dir='ltr'><strong>signavit,</strong></span> <span class='ocrx_word' id='word_1_609' title='bbox 2387 2647 2707 2714; x_wconf 88' lang='lat' dir='ltr'><strong>humataque</strong></span> <span class='ocrx_word' id='word_1_610' title='bbox 2735 2650 2785 2700; x_wconf 90' lang='lat' dir='ltr'><strong>in</strong></span> <span class='ocrx_word' id='word_1_611' title='bbox 2833 2663 2961 2716; x_wconf 86' lang='lat' dir='ltr'><strong>pace</strong></span> <span class='ocrx_word' id='word_1_612' title='bbox 3001 2652 3280 2717; x_wconf 84' lang='lat' dir='ltr'><strong>requiescit</strong></span> <span class='ocrx_word' id='word_1_613' title='bbox 3306 2652 3356 2702; x_wconf 90' lang='lat' dir='ltr'><strong>in</strong></span> <span class='ocrx_word' id='word_1_614' title='bbox 3384 2650 3513 2705; x_wconf 73' lang='lat' dir='ltr'><strong>Kala</strong></span> <span class='ocrx_word' id='word_1_615' title='bbox 3542 2666 3659 2706; x_wconf 82' lang='lat' dir='ltr'><strong>mo-</strong></span> 
     </span>
    </p>
   </div>
   <div class='ocr_carea' id='block_1_90' title="bbox 2115 2737 3657 2807">
    <p class='ocr_par' dir='ltr' id='par_1_90' title="bbox 2115 2737 3657 2807">
     <span class='ocr_line' id='line_1_90' title="bbox 2115 2737 3657 2807; baseline 0.005 -18"><span class='ocrx_word' id='word_1_616' title='bbox 2115 2737 2366 2800; x_wconf 85' lang='lat' dir='ltr'><strong>nasterio,</strong></span> <span class='ocrx_word' id='word_1_617' title='bbox 2394 2747 2447 2789; x_wconf 92' lang='lat' dir='ltr'><strong>et</strong></span> <span class='ocrx_word' id='word_1_618' title='bbox 2473 2748 2660 2804; x_wconf 83' lang='lat' dir='ltr'><strong>regnat</strong></span> <span class='ocrx_word' id='word_1_619' title='bbox 2683 2739 2733 2790; x_wconf 91' lang='lat' dir='ltr'><strong>in</strong></span> <span class='ocrx_word' id='word_1_620' title='bbox 2774 2747 3025 2807; x_wconf 84' lang='lat' dir='ltr'><strong>perpetua</strong></span> <span class='ocrx_word' id='word_1_621' title='bbox 3048 2741 3379 2806; x_wconf 76' lang='lat' dir='ltr'><strong>jucunditate</strong></span> <span class='ocrx_word' id='word_1_622' title='bbox 3404 2758 3524 2796; x_wconf 85' lang='lat' dir='ltr'><strong>cum</strong></span> <span class='ocrx_word' id='word_1_623' title='bbox 3549 2742 3657 2797; x_wconf 86' lang='lat' dir='ltr'><strong>Do-</strong></span> 
     </span>
    </p>
   </div>
   <div class='ocr_carea' id='block_1_91' title="bbox 2114 2818 3657 2892">
    <p class='ocr_par' dir='ltr' id='par_1_91' title="bbox 2114 2818 3657 2892">
     <span class='ocr_line' id='line_1_91' title="bbox 2114 2818 3657 2892; baseline 0.003 -14"><span class='ocrx_word' id='word_1_624' title='bbox 2114 2826 2277 2890; x_wconf 86' lang='lat' dir='ltr'><strong>mino,</strong></span> <span class='ocrx_word' id='word_1_625' title='bbox 2305 2842 2408 2878; x_wconf 87' lang='lat' dir='ltr'><strong>non</strong></span> <span class='ocrx_word' id='word_1_626' title='bbox 2440 2826 2745 2889; x_wconf 91' lang='lat' dir='ltr'><strong>immemor,</strong></span> <span class='ocrx_word' id='word_1_627' title='bbox 2780 2836 2835 2877; x_wconf 91' lang='lat' dir='ltr'><strong>ut</strong></span> <span class='ocrx_word' id='word_1_628' title='bbox 2860 2828 3137 2890; x_wconf 85' lang='lat' dir='ltr'><strong>credimus,</strong></span> <span class='ocrx_word' id='word_1_629' title='bbox 3166 2844 3378 2882; x_wconf 84' lang='lat' dir='ltr'><strong>suorum</strong></span> <span class='ocrx_word' id='word_1_630' title='bbox 3403 2818 3657 2892; x_wconf 78' lang='lat' dir='ltr'><strong>fidelium.</strong></span> 
     </span>
    </p>
   </div>
   <div class='ocr_carea' id='block_1_92' title="bbox 2112 2916 3658 2986">
    <p class='ocr_par' dir='ltr' id='par_1_92' title="bbox 2112 2916 3658 2986">
     <span class='ocr_line' id='line_1_92' title="bbox 2112 2916 3658 2986; baseline 0.005 -20"><span class='ocrx_word' id='word_1_631' title='bbox 2112 2916 2199 2983; x_wconf 91' lang='lat' dir='ltr'><strong>qui</strong></span> <span class='ocrx_word' id='word_1_632' title='bbox 2226 2916 2339 2981; x_wconf 89' lang='lat' dir='ltr'><strong>ejus</strong></span> <span class='ocrx_word' id='word_1_633' title='bbox 2387 2916 2605 2981; x_wconf 86' lang='lat' dir='ltr'><strong>cupiunt</strong></span> <span class='ocrx_word' id='word_1_634' title='bbox 2628 2917 2883 2969; x_wconf 88' lang='lat' dir='ltr'><strong>veraciter</strong></span> <span class='ocrx_word' id='word_1_635' title='bbox 2920 2920 3160 2971; x_wconf 85' lang='lat' dir='ltr'><strong>attollere</strong></span> <span class='ocrx_word' id='word_1_636' title='bbox 3188 2920 3526 2986; x_wconf 79' lang='lat' dir='ltr'><strong>pra-ennium.</strong></span> <span class='ocrx_word' id='word_1_637' title='bbox 3552 2923 3658 2973; x_wconf 74' lang='lat' dir='ltr'><strong>Nos</strong></span> 
     </span>
    </p>
   </div>
   <div class='ocr_carea' id='block_1_93' title="bbox 2113 3004 3658 3076">
    <p class='ocr_par' dir='ltr' id='par_1_93' title="bbox 2113 3004 3658 3076">
     <span class='ocr_line' id='line_1_93' title="bbox 2113 3004 3658 3076; baseline 0.006 -24"><span class='ocrx_word' id='word_1_638' title='bbox 2113 3018 2237 3055; x_wconf 85' lang='lat' dir='ltr'><strong>vero</strong></span> <span class='ocrx_word' id='word_1_639' title='bbox 2262 3004 2359 3055; x_wconf 85' lang='lat' dir='ltr'><strong>etsi</strong></span> <span class='ocrx_word' id='word_1_640' title='bbox 2396 3019 2499 3055; x_wconf 91' lang='lat' dir='ltr'><strong>non</strong></span> <span class='ocrx_word' id='word_1_641' title='bbox 2533 3004 2603 3054; x_wconf 93' lang='lat' dir='ltr'><strong>ita</strong></span> <span class='ocrx_word' id='word_1_642' title='bbox 2648 3014 2704 3055; x_wconf 90' lang='lat' dir='ltr'><strong>ut</strong></span> <span class='ocrx_word' id='word_1_643' title='bbox 2731 3004 3043 3068; x_wconf 67' lang='lat' dir='ltr'><strong>debuimus;</strong></span> <span class='ocrx_word' id='word_1_644' title='bbox 3074 3009 3263 3058; x_wconf 86' lang='lat' dir='ltr'><strong>saltem</strong></span> <span class='ocrx_word' id='word_1_645' title='bbox 3304 3017 3360 3059; x_wconf 91' lang='lat' dir='ltr'><strong>ut</strong></span> <span class='ocrx_word' id='word_1_646' title='bbox 3388 3009 3658 3076; x_wconf 79' lang='lat' dir='ltr'><strong>potuimus</strong></span> 
     </span>
    </p>
   </div>
   <div class='ocr_carea' id='block_1_94' title="bbox 2113 3091 3658 3162">
    <p class='ocr_par' dir='ltr' id='par_1_94' title="bbox 2113 3091 3658 3162">
     <span class='ocr_line' id='line_1_94' title="bbox 2113 3091 3658 3162; baseline 0.006 -20"><span class='ocrx_word' id='word_1_647' title='bbox 2113 3099 2340 3142; x_wconf 82' lang='lat' dir='ltr'><strong>vestrum</strong></span> <span class='ocrx_word' id='word_1_648' title='bbox 2375 3091 2646 3155; x_wconf 90' lang='lat' dir='ltr'><strong>imperium</strong></span> <span class='ocrx_word' id='word_1_649' title='bbox 2693 3092 2977 3159; x_wconf 87' lang='lat' dir='ltr'><strong>adimplere</strong></span> <span class='ocrx_word' id='word_1_650' title='bbox 3017 3096 3335 3146; x_wconf 86' lang='lat' dir='ltr'><strong>curavimus.</strong></span> <span class='ocrx_word' id='word_1_651' title='bbox 3374 3096 3658 3162; x_wconf 58' lang='lat' dir='ltr'><strong>Imperitis</strong></span> 
     </span>
    </p>
   </div>
   <div class='ocr_carea' id='block_1_95' title="bbox 2114 3179 3658 3253">
    <p class='ocr_par' dir='ltr' id='par_1_95' title="bbox 2114 3179 3658 3253">
     <span class='ocr_line' id='line_1_95' title="bbox 2114 3179 3658 3253; baseline 0.004 -22"><span class='ocrx_word' id='word_1_652' title='bbox 2114 3180 2373 3232; x_wconf 82' lang='lat' dir='ltr'><strong>sermonis</strong></span> <span class='ocrx_word' id='word_1_653' title='bbox 2396 3179 2774 3247; x_wconf 83' lang='lat' dir='ltr'><strong>indulgentiam</strong></span> <span class='ocrx_word' id='word_1_654' title='bbox 2802 3181 2945 3244; x_wconf 77' lang='lat' dir='ltr'><strong>date,</strong></span> <span class='ocrx_word' id='word_1_655' title='bbox 2974 3189 3030 3233; x_wconf 89' lang='lat' dir='ltr'><strong>et</strong></span> <span class='ocrx_word' id='word_1_656' title='bbox 3068 3198 3162 3248; x_wconf 88' lang='lat' dir='ltr'><strong>pro</strong></span> <span class='ocrx_word' id='word_1_657' title='bbox 3192 3182 3359 3251; x_wconf 85' lang='lat' dir='ltr'><strong>culpis</strong></span> <span class='ocrx_word' id='word_1_658' title='bbox 3382 3186 3658 3253; x_wconf 64' lang='lat' dir='ltr'><strong>negligen-</strong></span> 
     </span>
    </p>
   </div>
   <div class='ocr_carea' id='block_1_96' title="bbox 2116 3268 3660 3345">
    <p class='ocr_par' dir='ltr' id='par_1_96' title="bbox 2116 3268 3660 3345">
     <span class='ocr_line' id='line_1_96' title="bbox 2116 3268 3660 3345; baseline 0.006 -24"><span class='ocrx_word' id='word_1_659' title='bbox 2116 3270 2304 3322; x_wconf 91' lang='lat' dir='ltr'><strong>tiarum</strong></span> <span class='ocrx_word' id='word_1_660' title='bbox 2344 3284 2463 3322; x_wconf 91' lang='lat' dir='ltr'><strong>cum</strong></span> <span class='ocrx_word' id='word_1_661' title='bbox 2508 3268 2764 3323; x_wconf 88' lang='lat' dir='ltr'><strong>charitate</strong></span> <span class='ocrx_word' id='word_1_662' title='bbox 2796 3270 2955 3322; x_wconf 86' lang='lat' dir='ltr'><strong>Deum</strong></span> <span class='ocrx_word' id='word_1_663' title='bbox 3006 3280 3241 3324; x_wconf 80' lang='lat' dir='ltr'><strong>exorate.</strong></span> <span class='ocrx_word' id='word_1_664' title='bbox 3276 3271 3382 3327; x_wconf 84' lang='lat' dir='ltr'><strong>Nos</strong></span> <span class='ocrx_word' id='word_1_665' title='bbox 3410 3286 3539 3340; x_wconf 80' lang='lat' dir='ltr'><strong>ergo</strong></span> <span class='ocrx_word' id='word_1_666' title='bbox 3566 3277 3660 3345; x_wconf 80' lang='lat' dir='ltr'><strong>qui</strong></span> 
     </span>
    </p>
   </div>
   <div class='ocr_carea' id='block_1_97' title="bbox 2113 3357 3657 3430">
    <p class='ocr_par' dir='ltr' id='par_1_97' title="bbox 2113 3357 3657 3430">
     <span class='ocr_line' id='line_1_97' title="bbox 2113 3357 3657 3430; baseline 0.006 -21"><span class='ocrx_word' id='word_1_667' title='bbox 2113 3359 2286 3409; x_wconf 85' lang='lat' dir='ltr'><strong>adhuc</strong></span> <span class='ocrx_word' id='word_1_668' title='bbox 2312 3358 2450 3409; x_wconf 91' lang='lat' dir='ltr'><strong>mole</strong></span> <span class='ocrx_word' id='word_1_669' title='bbox 2492 3357 2719 3409; x_wconf 81' lang='lat' dir='ltr'><strong>carnalis</strong></span> <span class='ocrx_word' id='word_1_670' title='bbox 2762 3359 3012 3423; x_wconf 77' lang='lat' dir='ltr'><strong>ergastuli</strong></span> <span class='ocrx_word' id='word_1_671' title='bbox 3069 3360 3230 3425; x_wconf 84' lang='lat' dir='ltr'><strong>pressi</strong></span> <span class='ocrx_word' id='word_1_672' title='bbox 3278 3375 3340 3414; x_wconf 87' lang='lat' dir='ltr'><strong>ac</strong></span> <span class='ocrx_word' id='word_1_673' title='bbox 3382 3363 3657 3430; x_wconf 80' lang='lat' dir='ltr'><strong>multiplici</strong></span> 
     </span>
    </p>
   </div>
   <div class='ocr_carea' id='block_1_98' title="bbox 2112 3445 3659 3512">
    <p class='ocr_par' dir='ltr' id='par_1_98' title="bbox 2112 3445 3659 3512">
     <span class='ocr_line' id='line_1_98' title="bbox 2112 3445 3659 3512; baseline 0.002 -13"><span class='ocrx_word' id='word_1_674' title='bbox 2112 3446 2369 3499; x_wconf 78' lang='lat' dir='ltr'><strong>scelerum</strong></span> <span class='ocrx_word' id='word_1_675' title='bbox 2400 3445 2633 3512; x_wconf 88' lang='lat' dir='ltr'><strong>pondere</strong></span> <span class='ocrx_word' id='word_1_676' title='bbox 2671 3446 2981 3511; x_wconf 67' lang='lat' dir='ltr'><strong>prmgravati</strong></span> <span class='ocrx_word' id='word_1_677' title='bbox 3028 3445 3077 3497; x_wconf 85' lang='lat' dir='ltr'><strong>in</strong></span> <span class='ocrx_word' id='word_1_678' title='bbox 3125 3446 3276 3512; x_wconf 88' lang='lat' dir='ltr'><strong>hujus</strong></span> <span class='ocrx_word' id='word_1_679' title='bbox 3302 3447 3523 3501; x_wconf 81' lang='lat' dir='ltr'><strong>labentis</strong></span> <span class='ocrx_word' id='word_1_680' title='bbox 3555 3465 3659 3503; x_wconf 58' lang='lat' dir='ltr'><strong>sa.</strong></span> 
     </span>
    </p>
   </div>
   <div class='ocr_carea' id='block_1_99' title="bbox 2112 3526 3661 3607">
    <p class='ocr_par' dir='ltr' id='par_1_99' title="bbox 2112 3526 3661 3607">
     <span class='ocr_line' id='line_1_99' title="bbox 2112 3526 3661 3607; baseline 0.004 -20"><span class='ocrx_word' id='word_1_681' title='bbox 2112 3534 2215 3587; x_wconf 89' lang='lat' dir='ltr'><strong>culi</strong></span> <span class='ocrx_word' id='word_1_682' title='bbox 2246 3526 2486 3587; x_wconf 79' lang='lat' dir='ltr'><strong>fluctibus</strong></span> <span class='ocrx_word' id='word_1_683' title='bbox 2533 3546 2782 3599; x_wconf 84' lang='lat' dir='ltr'><strong>vagamur</strong></span> <span class='ocrx_word' id='word_1_684' title='bbox 2820 3533 3083 3599; x_wconf 85' lang='lat' dir='ltr'><strong>ambigui,</strong></span> <span class='ocrx_word' id='word_1_685' title='bbox 3136 3534 3250 3600; x_wconf 85' lang='lat' dir='ltr'><strong>ejus</strong></span> <span class='ocrx_word' id='word_1_686' title='bbox 3294 3535 3539 3604; x_wconf 67' lang='grc' dir='ltr'><strong>ωσι-θεὴ</strong></span> <span class='ocrx_word' id='word_1_687' title='bbox 3569 3541 3661 3607; x_wconf 78' lang='lat' dir='ltr'><strong>pia</strong></span> 
     </span>
    </p>
   </div>
   <div class='ocr_carea' id='block_1_100' title="bbox 2112 3622 3657 3693">
    <p class='ocr_par' dir='ltr' id='par_1_100' title="bbox 2112 3622 3657 3693">
     <span class='ocr_line' id='line_1_100' title="bbox 2112 3622 3657 3693; baseline 0.004 -18"><span class='ocrx_word' id='word_1_688' title='bbox 2112 3624 2393 3677; x_wconf 88' lang='lat' dir='ltr'><strong>devotione</strong></span> <span class='ocrx_word' id='word_1_689' title='bbox 2430 3636 2705 3688; x_wconf 82' lang='lat' dir='ltr'><strong>poscamus</strong></span> <span class='ocrx_word' id='word_1_690' title='bbox 2734 3622 2929 3674; x_wconf 80' lang='lat' dir='ltr'><strong>assidui</strong></span> <span class='ocrx_word' id='word_1_691' title='bbox 2951 3663 2964 3681; x_wconf 88' lang='lat'><strong>,</strong></span> <span class='ocrx_word' id='word_1_692' title='bbox 2996 3632 3054 3674; x_wconf 91' lang='lat' dir='ltr'><strong>ut</strong></span> <span class='ocrx_word' id='word_1_693' title='bbox 3084 3639 3177 3689; x_wconf 90' lang='lat' dir='ltr'><strong>pro</strong></span> <span class='ocrx_word' id='word_1_694' title='bbox 3217 3624 3367 3677; x_wconf 85' lang='lat' dir='ltr'><strong>nobis</strong></span> <span class='ocrx_word' id='word_1_695' title='bbox 3390 3628 3529 3693; x_wconf 88' lang='lat' dir='ltr'><strong>apud</strong></span> <span class='ocrx_word' id='word_1_696' title='bbox 3559 3630 3657 3681; x_wconf 77' lang='lat' dir='ltr'><strong>Ini-</strong></span> 
     </span>
    </p>
   </div>
   <div class='ocr_carea' id='block_1_101' title="bbox 2111 3702 3660 3781">
    <p class='ocr_par' dir='ltr' id='par_1_101' title="bbox 2111 3702 3660 3781">
     <span class='ocr_line' id='line_1_101' title="bbox 2111 3702 3660 3781; baseline 0.002 -15"><span class='ocrx_word' id='word_1_697' title='bbox 2111 3713 2428 3766; x_wconf 87' lang='lat' dir='ltr'><strong>sericordem</strong></span> <span class='ocrx_word' id='word_1_698' title='bbox 2463 3711 2735 3762; x_wconf 84' lang='lat' dir='ltr'><strong>Dominum</strong></span> <span class='ocrx_word' id='word_1_699' title='bbox 2761 3710 3090 3763; x_wconf 70' lang='lat' dir='ltr'><strong>intercedere</strong></span> <span class='ocrx_word' id='word_1_700' title='bbox 3113 3702 3374 3778; x_wconf 82' lang='lat' dir='ltr'><strong>dignetur,</strong></span> <span class='ocrx_word' id='word_1_701' title='bbox 3396 3723 3660 3781; x_wconf 85' lang='lat' dir='ltr'><strong>quatenus</strong></span> 
     </span>
    </p>
   </div>
   <div class='ocr_carea' id='block_1_102' title="bbox 2114 3799 3658 3869">
    <p class='ocr_par' dir='ltr' id='par_1_102' title="bbox 2114 3799 3658 3869">
     <span class='ocr_line' id='line_1_102' title="bbox 2114 3799 3658 3869; baseline 0.005 -17"><span class='ocrx_word' id='word_1_702' title='bbox 2114 3801 2321 3853; x_wconf 83' lang='lat' dir='ltr'><strong>ablutos</strong></span> <span class='ocrx_word' id='word_1_703' title='bbox 2377 3814 2560 3853; x_wconf 80' lang='lat' dir='ltr'><strong>omnes</strong></span> <span class='ocrx_word' id='word_1_704' title='bbox 2607 3799 2725 3851; x_wconf 86' lang='lat' dir='ltr'><strong>labe</strong></span> <span class='ocrx_word' id='word_1_705' title='bbox 2775 3800 3049 3852; x_wconf 88' lang='lat' dir='ltr'><strong>criminum</strong></span> <span class='ocrx_word' id='word_1_706' title='bbox 3106 3802 3356 3867; x_wconf 83' lang='lat' dir='ltr'><strong>perducat</strong></span> <span class='ocrx_word' id='word_1_707' title='bbox 3410 3820 3508 3869; x_wconf 87' lang='lat' dir='ltr'><strong>pro</strong></span> <span class='ocrx_word' id='word_1_708' title='bbox 3561 3820 3658 3859; x_wconf 85' lang='lat' dir='ltr'><strong>sua</strong></span> 
     </span>
    </p>
   </div>
   <div class='ocr_carea' id='block_1_103' title="bbox 2113 3889 3657 3958">
    <p class='ocr_par' dir='ltr' id='par_1_103' title="bbox 2113 3889 3657 3958">
     <span class='ocr_line' id='line_1_103' title="bbox 2113 3889 3657 3958; baseline 0.001 -15"><span class='ocrx_word' id='word_1_709' title='bbox 2113 3892 2309 3958; x_wconf 88' lang='lat' dir='ltr'><strong>pietate</strong></span> <span class='ocrx_word' id='word_1_710' title='bbox 2340 3890 2404 3942; x_wconf 89' lang='lat' dir='ltr'><strong>ad</strong></span> <span class='ocrx_word' id='word_1_711' title='bbox 2446 3891 2661 3942; x_wconf 66' lang='lat' dir='ltr'><strong>caeleste</strong></span> <span class='ocrx_word' id='word_1_712' title='bbox 2712 3901 2947 3953; x_wconf 90' lang='lat' dir='ltr'><strong>regnum,</strong></span> <span class='ocrx_word' id='word_1_713' title='bbox 3004 3889 3088 3941; x_wconf 84' lang='lat' dir='ltr'><strong>ubi</strong></span> <span class='ocrx_word' id='word_1_714' title='bbox 3142 3900 3223 3942; x_wconf 87' lang='lat' dir='ltr'><strong>est</strong></span> <span class='ocrx_word' id='word_1_715' title='bbox 3270 3892 3434 3957; x_wconf 82' lang='lat' dir='ltr'><strong>gloria</strong></span> <span class='ocrx_word' id='word_1_716' title='bbox 3466 3894 3657 3947; x_wconf 83' lang='lat' dir='ltr'><strong>indeli-</strong></span> 
     </span>
    </p>
   </div>
   <div class='ocr_carea' id='block_1_104' title="bbox 2112 3977 3658 4053">
    <p class='ocr_par' dir='ltr' id='par_1_104' title="bbox 2112 3977 3658 4053">
     <span class='ocr_line' id='line_1_104' title="bbox 2112 3977 3658 4053; baseline 0.003 -22"><span class='ocrx_word' id='word_1_717' title='bbox 2112 3980 2275 4041; x_wconf 89' lang='lat' dir='ltr'><strong>ciens,</strong></span> <span class='ocrx_word' id='word_1_718' title='bbox 2310 3988 2563 4045; x_wconf 87' lang='lat' dir='ltr'><strong>perpetua</strong></span> <span class='ocrx_word' id='word_1_719' title='bbox 2591 3992 2710 4045; x_wconf 80' lang='lat' dir='ltr'><strong>pax,</strong></span> <span class='ocrx_word' id='word_1_720' title='bbox 2740 3977 2912 4029; x_wconf 91' lang='lat' dir='ltr'><strong>lumen</strong></span> <span class='ocrx_word' id='word_1_721' title='bbox 2934 3979 3311 4053; x_wconf 86' lang='lat' dir='ltr'><strong>sempiternum</strong></span> <span class='ocrx_word' id='word_1_722' title='bbox 3334 3996 3452 4033; x_wconf 84' lang='lat' dir='ltr'><strong>cum</strong></span> <span class='ocrx_word' id='word_1_723' title='bbox 3497 3980 3658 4037; x_wconf 84' lang='lat' dir='ltr'><strong>Patre</strong></span> 
     </span>
    </p>
   </div>
   <div class='ocr_carea' id='block_1_105' title="bbox 2110 4071 3655 4147">
    <p class='ocr_par' dir='ltr' id='par_1_105' title="bbox 2110 4071 3655 4147">
     <span class='ocr_line' id='line_1_105' title="bbox 2110 4071 3655 4147; baseline 0.004 -23"><span class='ocrx_word' id='word_1_724' title='bbox 2110 4080 2165 4124; x_wconf 90' lang='lat' dir='ltr'><strong>et</strong></span> <span class='ocrx_word' id='word_1_725' title='bbox 2196 4071 2328 4124; x_wconf 77' lang='lat' dir='ltr'><strong>Filio</strong></span> <span class='ocrx_word' id='word_1_726' title='bbox 2374 4080 2427 4122; x_wconf 93' lang='lat' dir='ltr'><strong>et</strong></span> <span class='ocrx_word' id='word_1_727' title='bbox 2469 4071 2668 4137; x_wconf 86' lang='lat' dir='ltr'><strong>Spiritu</strong></span> <span class='ocrx_word' id='word_1_728' title='bbox 2698 4078 2903 4129; x_wconf 74' lang='lat' dir='ltr'><strong>sancto,</strong></span> <span class='ocrx_word' id='word_1_729' title='bbox 2951 4085 3066 4135; x_wconf 71' lang='lat' dir='ltr'><strong>quae</strong></span> <span class='ocrx_word' id='word_1_730' title='bbox 3096 4073 3409 4138; x_wconf 65' lang='lat' dir='ltr'><strong>praeparavit</strong></span> <span class='ocrx_word' id='word_1_731' title='bbox 3454 4074 3535 4128; x_wconf 87' lang='lat' dir='ltr'><strong>his</strong></span> <span class='ocrx_word' id='word_1_732' title='bbox 3560 4079 3655 4147; x_wconf 91' lang='lat' dir='ltr'><strong>qui</strong></span> 
     </span>
    </p>
   </div>
   <div class='ocr_carea' id='block_1_106' title="bbox 2111 4158 2544 4226">
    <p class='ocr_par' dir='ltr' id='par_1_106' title="bbox 2111 4158 2544 4226">
     <span class='ocr_line' id='line_1_106' title="bbox 2111 4158 2544 4226; baseline -0.012 -13"><span class='ocrx_word' id='word_1_733' title='bbox 2111 4160 2330 4226; x_wconf 83' lang='lat' dir='ltr'><strong>diligunt</strong></span> <span class='ocrx_word' id='word_1_734' title='bbox 2354 4174 2474 4211; x_wconf 86' lang='lat' dir='ltr'><strong>eum</strong></span> <span class='ocrx_word' id='word_1_735' title='bbox 2498 4158 2544 4209; x_wconf 69' lang='grc' dir='ltr'><strong>ά.</strong></span> 
     </span>
    </p>
   </div>
   <div class='ocr_carea' id='block_1_107' title="bbox 2111 4332 3656 4404">
    <p class='ocr_par' dir='ltr' id='par_1_107' title="bbox 2111 4332 3656 4404">
     <span class='ocr_line' id='line_1_107' title="bbox 2111 4332 3656 4404; baseline 0.017 -27"><span class='ocrx_word' id='word_1_736' title='bbox 2111 4333 2243 4397; x_wconf 63' lang='lat' dir='ltr'><strong>ﬁcis,</strong></span> <span class='ocrx_word' id='word_1_737' title='bbox 2288 4334 2375 4400; x_wconf 88' lang='lat' dir='ltr'><strong>qui</strong></span> <span class='ocrx_word' id='word_1_738' title='bbox 2406 4342 2598 4384; x_wconf 70' lang='lat' dir='ltr'><strong>Sanctae</strong></span> <span class='ocrx_word' id='word_1_739' title='bbox 2620 4332 2803 4384; x_wconf 77' lang='lat' dir='ltr'><strong>anima:</strong></span> <span class='ocrx_word' id='word_1_740' title='bbox 2832 4332 2895 4384; x_wconf 86' lang='lat' dir='ltr'><strong>de</strong></span> <span class='ocrx_word' id='word_1_741' title='bbox 2922 4348 3142 4404; x_wconf 83' lang='lat' dir='ltr'><strong>corpore</strong></span> <span class='ocrx_word' id='word_1_742' title='bbox 3172 4337 3415 4404; x_wconf 86' lang='lat' dir='ltr'><strong>migranti</strong></span> <span class='ocrx_word' id='word_1_743' title='bbox 3458 4346 3656 4401; x_wconf 65' lang='lat' dir='ltr'><strong>chria-</strong></span> 
     </span>
    </p>
   </div>
   <div class='ocr_carea' id='block_1_108' title="bbox 2034 4401 3648 4489">
    <p class='ocr_par' dir='ltr' id='par_1_108' title="bbox 2034 4401 3648 4489">
     <span class='ocr_line' id='line_1_108' title="bbox 2034 4401 3648 4489; baseline 0.007 -36"><span class='ocrx_word' id='word_1_744' title='bbox 2034 4432 2081 4489; x_wconf 78' lang='lat' dir='ltr'><strong>D</strong></span> <span class='ocrx_word' id='word_1_745' title='bbox 2112 4404 2244 4483; x_wconf 76' lang='lat' dir='ltr'><strong>visse</strong></span> <span class='ocrx_word' id='word_1_746' title='bbox 2293 4404 2497 4489; x_wconf 69' lang='lat' dir='ltr'><strong>legitur,</strong></span> <span class='ocrx_word' id='word_1_747' title='bbox 2530 4417 2705 4489; x_wconf 32' lang='lat' dir='ltr'><strong>sopiat,</strong></span> <span class='ocrx_word' id='word_1_748' title='bbox 2762 4417 2903 4479; x_wconf 75' lang='lat' dir='ltr'><strong>nutu.</strong></span> <span class='ocrx_word' id='word_1_749' title='bbox 2930 4401 3193 4489; x_wconf 16' lang='lat' dir='ltr'><strong>‘MIntItbiit</strong></span> <span class='ocrx_word' id='word_1_750' title='bbox 3218 4401 3427 4489; x_wconf 55' lang='lat' dir='ltr'><strong>sanctus</strong></span> <span class='ocrx_word' id='word_1_751' title='bbox 3473 4417 3648 4472; x_wconf 70' lang='lat' dir='ltr'><strong>liene.</strong></span> 
     </span>
    </p>
   </div>
   <div class='ocr_carea' id='block_1_109' title="bbox 2106 4468 3649 4540">
    <p class='ocr_par' dir='ltr' id='par_1_109' title="bbox 2106 4468 3649 4540">
     <span class='ocr_line' id='line_1_109' title="bbox 2106 4468 3649 4540; baseline 0.002 -17"><span class='ocrx_word' id='word_1_752' title='bbox 2106 4473 2213 4523; x_wconf 88' lang='lat' dir='ltr'><strong>sius</strong></span> <span class='ocrx_word' id='word_1_753' title='bbox 2234 4486 2381 4540; x_wconf 85' lang='lat' dir='ltr'><strong>anno</strong></span> <span class='ocrx_word' id='word_1_754' title='bbox 2402 4475 2432 4521; x_wconf 72' lang='grc' dir='ltr'><strong>ξ)</strong></span> <span class='ocrx_word' id='word_1_755' title='bbox 2456 4472 2595 4540; x_wconf 84' lang='lat' dir='ltr'><strong>regni</strong></span> <span class='ocrx_word' id='word_1_756' title='bbox 2627 4468 2939 4540; x_wconf 71' lang='lat' dir='ltr'><strong>Theudorici</strong></span> <span class='ocrx_word' id='word_1_757' title='bbox 2966 4510 2977 4532; x_wconf 91' lang='lat'><strong>,</strong></span> <span class='ocrx_word' id='word_1_758' title='bbox 3019 4470 3211 4540; x_wconf 72' lang='lat' dir='ltr'><strong>Christi</strong></span> <span class='ocrx_word' id='word_1_759' title='bbox 3238 4475 3338 4526; x_wconf 81' lang='lat'><strong>677</strong></span> <span class='ocrx_word' id='word_1_760' title='bbox 3362 4516 3377 4539; x_wconf 90' lang='lat'><strong>,</strong></span> <span class='ocrx_word' id='word_1_761' title='bbox 3423 4468 3649 4540; x_wconf 37' lang='lat' dir='ltr'><strong>[Saleii],</strong></span> 
     </span>
    </p>
   </div>
   <div class='ocr_carea' id='block_1_110' title="bbox 2109 4538 3651 4617">
    <p class='ocr_par' dir='ltr' id='par_1_110' title="bbox 2109 4538 3651 4617">
     <span class='ocr_line' id='line_1_110' title="bbox 2109 4538 3651 4617; baseline 0.007 -27"><span class='ocrx_word' id='word_1_762' title='bbox 2109 4539 2416 4617; x_wconf 48' lang='lat' dir='ltr'><strong>[Novembris</strong></span> <span class='ocrx_word' id='word_1_763' title='bbox 2440 4576 2453 4597; x_wconf 86' lang='lat'><em>.</em></span> <span class='ocrx_word' id='word_1_764' title='bbox 2512 4538 2792 4617; x_wconf 69' lang='lat' dir='ltr'><strong>siquidem</strong></span> <span class='ocrx_word' id='word_1_765' title='bbox 2837 4544 2976 4617; x_wconf 71' lang='lat' dir='ltr'><strong>anno</strong></span> <span class='ocrx_word' id='word_1_766' title='bbox 3009 4538 3395 4617; x_wconf 5' lang='lat' dir='ltr'><strong>“&#39;l‘tnodoriciq</strong></span> <span class='ocrx_word' id='word_1_767' title='bbox 3420 4538 3651 4617; x_wconf 72' lang='lat' dir='ltr'><strong>septimo</strong></span> 
     </span>
    </p>
   </div>
   <div class='ocr_carea' id='block_1_111' title="bbox 2108 4605 3651 4673">
    <p class='ocr_par' dir='ltr' id='par_1_111' title="bbox 2108 4605 3651 4673">
     <span class='ocr_line' id='line_1_111' title="bbox 2108 4605 3651 4673; baseline 0.009 -14"><span class='ocrx_word' id='word_1_768' title='bbox 2108 4608 2419 4667; x_wconf 80' lang='lat' dir='ltr'><strong>Attshertus,</strong></span> <span class='ocrx_word' id='word_1_769' title='bbox 2437 4606 2525 4669; x_wconf 92' lang='lat' dir='ltr'><strong>qni</strong></span> <span class='ocrx_word' id='word_1_770' title='bbox 2552 4606 2981 4673; x_wconf 18' lang='lat' dir='ltr'><strong>Lantbcrtoiab’b.</strong></span> <span class='ocrx_word' id='word_1_771' title='bbox 3006 4605 3397 4669; x_wconf 74' lang='lat' dir='ltr'><strong>Fontanellensi</strong></span> <span class='ocrx_word' id='word_1_772' title='bbox 3420 4605 3497 4668; x_wconf 47' lang='lat' dir='ltr'><strong>ad.</strong></span> <span class='ocrx_word' id='word_1_773' title='bbox 3515 4605 3651 4673; x_wconf 44' lang='lat' dir='ltr'><strong>inin;</strong></span> 
     </span>
    </p>
   </div>
   <div class='ocr_carea' id='block_1_112' title="bbox 2105 4672 3653 4743">
    <p class='ocr_par' dir='ltr' id='par_1_112' title="bbox 2105 4672 3653 4743">
     <span class='ocr_line' id='line_1_112' title="bbox 2105 4672 3653 4743; baseline 0.004 -16"><span class='ocrx_word' id='word_1_774' title='bbox 2105 4676 2183 4728; x_wconf 87' lang='lat' dir='ltr'><strong>las</strong></span> <span class='ocrx_word' id='word_1_775' title='bbox 2237 4674 2631 4743; x_wconf 75' lang='lat' dir='ltr'><strong>Lugdunenses</strong></span> <span class='ocrx_word' id='word_1_776' title='bbox 2661 4681 2777 4743; x_wconf 78' lang='lat' dir='ltr'><strong>post</strong></span> <span class='ocrx_word' id='word_1_777' title='bbox 2828 4672 3109 4743; x_wconf 70' lang='lat' dir='ltr'><strong>Genesium</strong></span> <span class='ocrx_word' id='word_1_778' title='bbox 3158 4686 3342 4732; x_wconf 86' lang='lat' dir='ltr'><strong>evecto</strong></span> <span class='ocrx_word' id='word_1_779' title='bbox 3396 4672 3653 4743; x_wconf 50' lang='lat' dir='ltr'><strong>simcui}.</strong></span> 
     </span>
    </p>
   </div>
   <div class='ocr_carea' id='block_1_113' title="bbox 2104 4740 3647 4812">
    <p class='ocr_par' dir='ltr' id='par_1_113' title="bbox 2104 4740 3647 4812">
     <span class='ocr_line' id='line_1_113' title="bbox 2104 4740 3647 4812; baseline 0.009 -19"><span class='ocrx_word' id='word_1_780' title='bbox 2104 4752 2203 4801; x_wconf 78' lang='lat' dir='ltr'><strong>est,</strong></span> <span class='ocrx_word' id='word_1_781' title='bbox 2238 4756 2428 4792; x_wconf 86' lang='lat' dir='ltr'><strong>annum</strong></span> <span class='ocrx_word' id='word_1_782' title='bbox 2458 4740 2721 4812; x_wconf 84' lang='lat' dir='ltr'><strong>regnninis</strong></span> <span class='ocrx_word' id='word_1_783' title='bbox 2749 4742 3033 4812; x_wconf 83' lang='lat' dir='ltr'><strong>secundum</strong></span> <span class='ocrx_word' id='word_1_784' title='bbox 3056 4745 3261 4809; x_wconf 82' lang='lat' dir='ltr'><strong>agebat,</strong></span> <span class='ocrx_word' id='word_1_785' title='bbox 3293 4740 3647 4812; x_wconf 56' lang='lat' dir='ltr'><strong>quemadmo;</strong></span> 
     </span>
    </p>
   </div>
   <div class='ocr_carea' id='block_1_114' title="bbox 2102 4809 3646 4877">
    <p class='ocr_par' dir='ltr' id='par_1_114' title="bbox 2102 4809 3646 4877">
     <span class='ocr_line' id='line_1_114' title="bbox 2102 4809 3646 4877; baseline 0.006 -16"><span class='ocrx_word' id='word_1_786' title='bbox 2102 4812 2223 4863; x_wconf 90' lang='lat' dir='ltr'><strong>dum</strong></span> <span class='ocrx_word' id='word_1_787' title='bbox 2277 4824 2341 4861; x_wconf 76' lang='lat' dir='ltr'><strong>ex</strong></span> <span class='ocrx_word' id='word_1_788' title='bbox 2392 4811 2539 4875; x_wconf 70' lang='lat' dir='ltr'><strong>Actis</strong></span> <span class='ocrx_word' id='word_1_789' title='bbox 2590 4812 2758 4861; x_wconf 85' lang='lat' dir='ltr'><strong>sancti</strong></span> <span class='ocrx_word' id='word_1_790' title='bbox 2804 4809 3036 4863; x_wconf 87' lang='lat' dir='ltr'><strong>Condedi</strong></span> <span class='ocrx_word' id='word_1_791' title='bbox 3080 4809 3323 4866; x_wconf 71' lang='lat' dir='ltr'><strong>.mferios</strong></span> <span class='ocrx_word' id='word_1_792' title='bbox 3352 4817 3646 4877; x_wconf 61' lang='grc' dir='ltr'><strong>τόθι-οπως</strong></span> 
     </span>
    </p>
   </div>
   <div class='ocr_carea' id='block_1_115' title="bbox 2102 4876 3648 4944">
    <p class='ocr_par' dir='ltr' id='par_1_115' title="bbox 2102 4876 3648 4944">
     <span class='ocr_line' id='line_1_115' title="bbox 2102 4876 3648 4944; baseline 0.008 -14"><span class='ocrx_word' id='word_1_793' title='bbox 2102 4888 2325 4931; x_wconf 87' lang='lat' dir='ltr'><strong>constat.</strong></span> <span class='ocrx_word' id='word_1_794' title='bbox 2372 4882 2522 4929; x_wconf 80' lang='lat' dir='ltr'><strong>Anno</strong></span> <span class='ocrx_word' id='word_1_795' title='bbox 2550 4878 2767 4943; x_wconf 80' lang='lat' dir='ltr'><strong>proinle</strong></span> <span class='ocrx_word' id='word_1_796' title='bbox 2806 4880 2945 4929; x_wconf 69' lang='lat' dir='ltr'><strong>circa</strong></span> <span class='ocrx_word' id='word_1_797' title='bbox 2996 4876 3099 4930; x_wconf 70' lang='lat'><strong>580</strong></span> <span class='ocrx_word' id='word_1_798' title='bbox 3143 4892 3321 4935; x_wconf 81' lang='lat' dir='ltr'><strong>sancta</strong></span> <span class='ocrx_word' id='word_1_799' title='bbox 3371 4876 3648 4944; x_wconf 71' lang='lat' dir='ltr'><strong>Baltltildis</strong></span> 
     </span>
    </p>
   </div>
   <div class='ocr_carea' id='block_1_116' title="bbox 2044 4944 3636 5013">
    <p class='ocr_par' dir='ltr' id='par_1_116' title="bbox 2044 4944 3636 5013">
     <span class='ocr_line' id='line_1_116' title="bbox 2044 4944 3636 5013; baseline 0.009 -17"><span class='ocrx_word' id='word_1_800' title='bbox 2044 5006 2049 5013; x_wconf 30' lang='lat'><strong><em>.</em></strong></span> <span class='ocrx_word' id='word_1_801' title='bbox 2102 4946 2165 4997; x_wconf 83' lang='lat' dir='ltr'><strong>ad</strong></span> <span class='ocrx_word' id='word_1_802' title='bbox 2212 4962 2429 5012; x_wconf 72' lang='lat' dir='ltr'><strong>superos</strong></span> <span class='ocrx_word' id='word_1_803' title='bbox 2484 4946 2707 4997; x_wconf 73' lang='lat' dir='ltr'><strong>lralhltl.</strong></span> <span class='ocrx_word' id='word_1_804' title='bbox 2759 4944 2885 5009; x_wconf 83' lang='lat' dir='ltr'><strong>Ejus</strong></span> <span class='ocrx_word' id='word_1_805' title='bbox 2915 4944 3100 4998; x_wconf 84' lang='lat' dir='ltr'><strong>festum</strong></span> <span class='ocrx_word' id='word_1_806' title='bbox 3152 4950 3289 5002; x_wconf 76' lang='lat' dir='ltr'><strong>diem</strong></span> <span class='ocrx_word' id='word_1_807' title='bbox 3320 4952 3459 5007; x_wconf 75' lang='lat' dir='ltr'><strong>inter</strong></span> <span class='ocrx_word' id='word_1_808' title='bbox 3496 4963 3636 5009; x_wconf 82' lang='lat' dir='ltr'><strong>cclc-</strong></span> 
     </span>
    </p>
   </div>
   <div class='ocr_carea' id='block_1_117' title="bbox 2102 5013 3642 5079">
    <p class='ocr_par' dir='ltr' id='par_1_117' title="bbox 2102 5013 3642 5079">
     <span class='ocr_line' id='line_1_117' title="bbox 2102 5013 3642 5079; baseline 0.003 -14"><span class='ocrx_word' id='word_1_809' title='bbox 2102 5014 2302 5065; x_wconf 84' lang='lat' dir='ltr'><strong>hriores</strong></span> <span class='ocrx_word' id='word_1_810' title='bbox 2359 5013 2664 5063; x_wconf 50' lang='lat' dir='ltr'><strong>festivitates</strong></span> <span class='ocrx_word' id='word_1_811' title='bbox 2720 5024 2931 5064; x_wconf 84' lang='lat' dir='ltr'><strong>sanctus</strong></span> <span class='ocrx_word' id='word_1_812' title='bbox 2980 5015 3271 5070; x_wconf 63' lang='lat' dir='ltr'><strong>Atlelardus</strong></span> <span class='ocrx_word' id='word_1_813' title='bbox 3309 5022 3469 5076; x_wconf 72' lang='lat' dir='ltr'><strong>abbas</strong></span> <span class='ocrx_word' id='word_1_814' title='bbox 3504 5024 3642 5079; x_wconf 71' lang='lat' dir='ltr'><strong>cor.</strong></span> 
     </span>
    </p>
   </div>
   <div class='ocr_carea' id='block_1_118' title="bbox 2102 5080 3647 5155">
    <p class='ocr_par' dir='ltr' id='par_1_118' title="bbox 2102 5080 3647 5155">
     <span class='ocr_line' id='line_1_118' title="bbox 2102 5080 3647 5155; baseline 0.001 -22"><span class='ocrx_word' id='word_1_815' title='bbox 2102 5081 2348 5134; x_wconf 86' lang='lat' dir='ltr'><strong>beiensis.</strong></span> <span class='ocrx_word' id='word_1_816' title='bbox 2384 5083 2437 5131; x_wconf 89' lang='lat' dir='ltr'><strong>in</strong></span> <span class='ocrx_word' id='word_1_817' title='bbox 2466 5082 2551 5132; x_wconf 85' lang='lat' dir='ltr'><strong>lib.</strong></span> <span class='ocrx_word' id='word_1_818' title='bbox 2587 5096 2600 5130; x_wconf 92' lang='lat' dir='ltr'><strong>t</strong></span> <span class='ocrx_word' id='word_1_819' title='bbox 2627 5089 2679 5133; x_wconf 91' lang='lat' dir='ltr'><strong>et</strong></span> <span class='ocrx_word' id='word_1_820' title='bbox 2718 5095 2751 5131; x_wconf 87' lang='grc' dir='ltr'><strong>ιι</strong></span> <span class='ocrx_word' id='word_1_821' title='bbox 2778 5081 2969 5133; x_wconf 85' lang='lat' dir='ltr'><strong>Statut.</strong></span> <span class='ocrx_word' id='word_1_822' title='bbox 3001 5080 3183 5148; x_wconf 82' lang='lat' dir='ltr'><strong>Coib.,</strong></span> <span class='ocrx_word' id='word_1_823' title='bbox 3214 5100 3330 5152; x_wconf 86' lang='lat' dir='ltr'><strong>cap.</strong></span> <span class='ocrx_word' id='word_1_824' title='bbox 3361 5086 3428 5155; x_wconf 74' lang='lat'><strong>2,</strong></span> <span class='ocrx_word' id='word_1_825' title='bbox 3457 5105 3647 5146; x_wconf 66' lang='lat' dir='ltr'><strong>recc..-</strong></span> 
     </span>
    </p>
   </div>
   <div class='ocr_carea' id='block_1_119' title="bbox 2104 5160 2203 5202">
    <p class='ocr_par' dir='ltr' id='par_1_119' title="bbox 2104 5160 2203 5202">
     <span class='ocr_line' id='line_1_119' title="bbox 2104 5160 2203 5202; baseline 0 -1"><span class='ocrx_word' id='word_1_826' title='bbox 2104 5160 2203 5202; x_wconf 88' lang='lat' dir='ltr'><strong>set.</strong></span> 
     </span>
    </p>
   </div>
   <div class='ocr_carea' id='block_1_120' title="bbox 2173 5216 3646 5293">
    <p class='ocr_par' dir='ltr' id='par_1_120' title="bbox 2173 5216 3646 5293">
     <span class='ocr_line' id='line_1_120' title="bbox 2173 5216 3646 5293; baseline 0.01 -27"><span class='ocrx_word' id='word_1_827' title='bbox 2173 5217 2197 5253; x_wconf 72' lang='grc' dir='ltr'>ἀ</span> <span class='ocrx_word' id='word_1_828' title='bbox 2237 5216 2441 5293; x_wconf 82' lang='lat' dir='ltr'><strong>Corpus</strong></span> <span class='ocrx_word' id='word_1_829' title='bbox 2456 5218 2654 5293; x_wconf 61' lang='lat' dir='ltr'><strong>Sancta:</strong></span> <span class='ocrx_word' id='word_1_830' title='bbox 2688 5218 2956 5293; x_wconf 62' lang='lat' dir='ltr'><strong>Italthildis</strong></span> <span class='ocrx_word' id='word_1_831' title='bbox 2984 5220 3144 5293; x_wconf 71' lang='lat' dir='ltr'><strong>thecre</strong></span> <span class='ocrx_word' id='word_1_832' title='bbox 3173 5230 3451 5286; x_wconf 70' lang='lat' dir='ltr'><strong>argenteaz,</strong></span> <span class='ocrx_word' id='word_1_833' title='bbox 3481 5238 3646 5293; x_wconf 76' lang='lat' dir='ltr'><strong>caput</strong></span> 
     </span>
    </p>
   </div>
   <div class='ocr_carea' id='block_1_121' title="bbox 2103 5287 3646 5352">
    <p class='ocr_par' dir='ltr' id='par_1_121' title="bbox 2103 5287 3646 5352">
     <span class='ocr_line' id='line_1_121' title="bbox 2103 5287 3646 5352; baseline 0.006 -16"><span class='ocrx_word' id='word_1_834' title='bbox 2103 5300 2231 5337; x_wconf 85' lang='lat' dir='ltr'><strong>vero</strong></span> <span class='ocrx_word' id='word_1_835' title='bbox 2261 5288 2473 5352; x_wconf 86' lang='lat' dir='ltr'><strong>proprio</strong></span> <span class='ocrx_word' id='word_1_836' title='bbox 2496 5289 2687 5337; x_wconf 83' lang='lat' dir='ltr'><strong>scrinio</strong></span> <span class='ocrx_word' id='word_1_837' title='bbox 2718 5287 2970 5338; x_wconf 80' lang='lat' dir='ltr'><strong>inclusum</strong></span> <span class='ocrx_word' id='word_1_838' title='bbox 3000 5288 3159 5340; x_wconf 90' lang='lat' dir='ltr'><strong>etiam</strong></span> <span class='ocrx_word' id='word_1_839' title='bbox 3192 5303 3328 5340; x_wconf 81' lang='lat' dir='ltr'><strong>nunc</strong></span> <span class='ocrx_word' id='word_1_840' title='bbox 3353 5293 3403 5344; x_wconf 88' lang='lat' dir='ltr'><strong>in</strong></span> <span class='ocrx_word' id='word_1_841' title='bbox 3424 5287 3646 5346; x_wconf 62' lang='lat' dir='ltr'><strong>monas-</strong></span> 
     </span>
    </p>
   </div>
   <div class='ocr_carea' id='block_1_122' title="bbox 2104 5352 3646 5425">
    <p class='ocr_par' dir='ltr' id='par_1_122' title="bbox 2104 5352 3646 5425">
     <span class='ocr_line' id='line_1_122' title="bbox 2104 5352 3646 5425; baseline 0.006 -20"><span class='ocrx_word' id='word_1_842' title='bbox 2104 5357 2237 5407; x_wconf 76' lang='lat' dir='ltr'><strong>tet-io</strong></span> <span class='ocrx_word' id='word_1_843' title='bbox 2268 5352 2540 5425; x_wconf 35' lang='grc' dir='ltr'><strong>-Κιιιθιιδι</strong></span> <span class='ocrx_word' id='word_1_844' title='bbox 2567 5356 2810 5425; x_wconf 72' lang='lat' dir='ltr'><strong>religiose</strong></span> <span class='ocrx_word' id='word_1_845' title='bbox 2836 5422 2844 5425; x_wconf 16' lang='grc' dir='ltr'><strong>Α</strong></span> <span class='ocrx_word' id='word_1_846' title='bbox 2866 5358 3056 5406; x_wconf 74' lang='grc' dir='ltr'><strong>οοιιιιιι</strong></span> <span class='ocrx_word' id='word_1_847' title='bbox 3081 5395 3095 5417; x_wconf 84' lang='grc'><em>,</em></span> <span class='ocrx_word' id='word_1_848' title='bbox 3152 5366 3339 5421; x_wconf 62' lang='lat' dir='ltr'><strong>praeter</strong></span> <span class='ocrx_word' id='word_1_849' title='bbox 3384 5361 3646 5425; x_wconf 82' lang='lat' dir='ltr'><strong>insignem</strong></span> 
     </span>
    </p>
   </div>
   <div class='ocr_carea' id='block_1_123' title="bbox 2104 5422 3649 5491">
    <p class='ocr_par' dir='ltr' id='par_1_123' title="bbox 2104 5422 3649 5491">
     <span class='ocr_line' id='line_1_123' title="bbox 2104 5422 3649 5491; baseline 0.008 -20"><span class='ocrx_word' id='word_1_850' title='bbox 2104 5423 2325 5473; x_wconf 68' lang='lat' dir='ltr'><strong>maxilla:</strong></span> <span class='ocrx_word' id='word_1_851' title='bbox 2371 5422 2655 5487; x_wconf 88' lang='lat' dir='ltr'><strong>superioris</strong></span> <span class='ocrx_word' id='word_1_852' title='bbox 2712 5422 3045 5491; x_wconf 82' lang='lat' dir='ltr'><strong>portionem,</strong></span> <span class='ocrx_word' id='word_1_853' title='bbox 3089 5438 3245 5490; x_wconf 79' lang='lat' dir='ltr'><strong>quam</strong></span> <span class='ocrx_word' id='word_1_854' title='bbox 3294 5422 3649 5491; x_wconf 59' lang='lat' dir='ltr'><strong>CorbeiI-uscs</strong></span> 
     </span>
    </p>
   </div>
   <div class='ocr_carea' id='block_1_124' title="bbox 2107 5490 3649 5560">
    <p class='ocr_par' dir='ltr' id='par_1_124' title="bbox 2107 5490 3649 5560">
     <span class='ocr_line' id='line_1_124' title="bbox 2107 5490 3649 5560; baseline 0.006 -20"><span class='ocrx_word' id='word_1_855' title='bbox 2107 5491 2266 5541; x_wconf 86' lang='lat' dir='ltr'><strong>nostri</strong></span> <span class='ocrx_word' id='word_1_856' title='bbox 2300 5503 2439 5560; x_wconf 75' lang='lat' dir='ltr'><strong>anno</strong></span> <span class='ocrx_word' id='word_1_857' title='bbox 2468 5492 2851 5560; x_wconf 69' lang='lat' dir='ltr'><strong>sexcentesimo</strong></span> <span class='ocrx_word' id='word_1_858' title='bbox 2876 5490 3276 5560; x_wconf 76' lang='lat' dir='ltr'><strong>quadragesimo</strong></span> <span class='ocrx_word' id='word_1_859' title='bbox 3302 5497 3528 5560; x_wconf 75' lang='lat' dir='ltr'><strong>septimo</strong></span> <span class='ocrx_word' id='word_1_860' title='bbox 3548 5507 3649 5551; x_wconf 73' lang='lat' dir='ltr'><strong>sn-</strong></span> 
     </span>
    </p>
   </div>
   <div class='ocr_carea' id='block_1_125' title="bbox 2125 5558 3647 5618">
    <p class='ocr_par' dir='ltr' id='par_1_125' title="bbox 2125 5558 3647 5618">
     <span class='ocr_line' id='line_1_125' title="bbox 2125 5558 3647 5618; baseline 0.009 -13"><span class='ocrx_word' id='word_1_861' title='bbox 2125 5573 2197 5618; x_wconf 74' lang='lat' dir='ltr'><strong>)ra</strong></span> <span class='ocrx_word' id='word_1_862' title='bbox 2244 5558 2571 5609; x_wconf 84' lang='lat' dir='ltr'><strong>millesimum</strong></span> <span class='ocrx_word' id='word_1_863' title='bbox 2600 5559 2665 5607; x_wconf 86' lang='lat' dir='ltr'><strong>ah</strong></span> <span class='ocrx_word' id='word_1_864' title='bbox 2710 5558 2897 5607; x_wconf 79' lang='lat' dir='ltr'><strong>illustri</strong></span> <span class='ocrx_word' id='word_1_865' title='bbox 2929 5571 2991 5609; x_wconf 89' lang='lat' dir='ltr'><strong>ac</strong></span> <span class='ocrx_word' id='word_1_866' title='bbox 3045 5558 3647 5618; x_wconf 41' lang='lat' dir='ltr'><strong>venerabili—abbatissa</strong></span> 
     </span>
    </p>
   </div>
   <div class='ocr_carea' id='block_1_126' title="bbox 2136 5624 3645 5695">
    <p class='ocr_par' dir='ltr' id='par_1_126' title="bbox 2136 5624 3645 5695">
     <span class='ocr_line' id='line_1_126' title="bbox 2136 5624 3645 5695; baseline 0.007 -21"><span class='ocrx_word' id='word_1_867' title='bbox 2136 5624 2407 5690; x_wconf 74' lang='lat' dir='ltr'><strong>lagdatena</strong></span> <span class='ocrx_word' id='word_1_868' title='bbox 2438 5632 2805 5687; x_wconf 67' lang='lat' dir='ltr'><strong>obtutuernnt,</strong></span> <span class='ocrx_word' id='word_1_869' title='bbox 2861 5634 2909 5677; x_wconf 79' lang='lat' dir='ltr'><strong>ct</strong></span> <span class='ocrx_word' id='word_1_870' title='bbox 2958 5627 3007 5678; x_wconf 88' lang='lat' dir='ltr'><strong>in</strong></span> <span class='ocrx_word' id='word_1_871' title='bbox 3038 5636 3284 5695; x_wconf 76' lang='lat' dir='ltr'><strong>argentea</strong></span> <span class='ocrx_word' id='word_1_872' title='bbox 3330 5628 3503 5694; x_wconf 71' lang='lat' dir='ltr'><strong>efﬁgie</strong></span> <span class='ocrx_word' id='word_1_873' title='bbox 3536 5645 3645 5685; x_wconf 79' lang='lat' dir='ltr'><strong>una</strong></span> 
     </span>
    </p>
   </div>
  </div>
