  <div class='ocr_page' id='page_1' title='image "/cluster/home/n/w/nwhite01/storage/ocr_20150623/87-88/uva.x000827073/350.png"; bbox 0 0 3886 6226; ppageno 0'>
   <div class='ocr_carea' id='block_1_1' title="bbox 154 446 228 500">
    <p class='ocr_par' dir='ltr' id='par_1_1' title="bbox 154 446 228 500">
     <span class='ocr_line' id='line_1_1' title="bbox 154 446 228 500; baseline -0.041 0"><span class='ocrx_word' id='word_1_1' title='bbox 154 446 228 500; x_wconf 64' lang='lat' dir='ltr'><strong>is;</strong></span> 
     </span>
    </p>
   </div>
   <div class='ocr_carea' id='block_1_2' title="bbox 1291 421 2063 506">
    <p class='ocr_par' dir='ltr' id='par_1_2' title="bbox 1291 421 2063 506">
     <span class='ocr_line' id='line_1_2' title="bbox 1291 421 2063 506; baseline 0.003 -20"><span class='ocrx_word' id='word_1_2' title='bbox 1291 483 1294 486; x_wconf 77' lang='lat'><strong><em>.</em></strong></span> <span class='ocrx_word' id='word_1_3' title='bbox 1385 421 1768 506; x_wconf 73' lang='lat' dir='ltr'><strong>DIP|.(_)MA&#39;I‘A</strong></span> <span class='ocrx_word' id='word_1_4' title='bbox 1804 434 2063 489; x_wconf 83' lang='lat' dir='ltr'><strong>SPUltlA.</strong></span> 
     </span>
    </p>
   </div>
   <div class='ocr_carea' id='block_1_3' title="bbox 3222 438 3323 490">
    <p class='ocr_par' dir='ltr' id='par_1_3' title="bbox 3222 438 3323 490">
     <span class='ocr_line' id='line_1_3' title="bbox 3222 438 3323 490; baseline -0.01 -1"><span class='ocrx_word' id='word_1_5' title='bbox 3222 438 3323 490; x_wconf 63' lang='lat'><strong>680</strong></span> 
     </span>
    </p>
   </div>
   <div class='ocr_carea' id='block_1_4' title="bbox 155 545 3323 624">
    <p class='ocr_par' dir='ltr' id='par_1_4' title="bbox 155 545 3323 624">
     <span class='ocr_line' id='line_1_4' title="bbox 155 545 3323 624; baseline -0.001 -13"><span class='ocrx_word' id='word_1_6' title='bbox 155 559 366 612; x_wconf 79' lang='lat' dir='ltr'><strong>Probata.</strong></span> <span class='ocrx_word' id='word_1_7' title='bbox 392 555 607 624; x_wconf 89' lang='lat' dir='ltr'><strong>Signum</strong></span> <span class='ocrx_word' id='word_1_8' title='bbox 632 554 672 623; x_wconf 64' lang='grc' dir='ltr'><strong>-ίν</strong></span> <span class='ocrx_word' id='word_1_9' title='bbox 697 550 1058 610; x_wconf 81' lang='lat' dir='ltr'><strong>Cundoberto.</strong></span> <span class='ocrx_word' id='word_1_10' title='bbox 1090 551 1306 618; x_wconf 87' lang='lat' dir='ltr'><strong>Signum</strong></span> <span class='ocrx_word' id='word_1_11' title='bbox 1328 549 1368 618; x_wconf 75' lang='lat'><strong>1-</strong></span> <span class='ocrx_word' id='word_1_12' title='bbox 1393 550 1470 602; x_wconf 87' lang='lat' dir='ltr'><strong>vir</strong></span> <span class='ocrx_word' id='word_1_13' title='bbox 1490 547 1673 600; x_wconf 85' lang='lat' dir='ltr'><strong>inlust.</strong></span> <span class='ocrx_word' id='word_1_14' title='bbox 1703 554 1750 611; x_wconf 75' lang='grc' dir='ltr'>Α</span> <span class='ocrx_word' id='word_1_15' title='bbox 1778 553 1833 600; x_wconf 91' lang='lat' dir='ltr'><strong>et</strong></span> <span class='ocrx_word' id='word_1_16' title='bbox 1864 554 2002 600; x_wconf 89' lang='lat' dir='ltr'><strong>terra</strong></span> <span class='ocrx_word' id='word_1_17' title='bbox 2030 545 2097 599; x_wconf 89' lang='lat' dir='ltr'><strong>ad</strong></span> <span class='ocrx_word' id='word_1_18' title='bbox 2132 546 2247 615; x_wconf 88' lang='lat' dir='ltr'><strong>ipso</strong></span> <span class='ocrx_word' id='word_1_19' title='bbox 2288 561 2431 602; x_wconf 91' lang='lat' dir='ltr'><strong>maro</strong></span> <span class='ocrx_word' id='word_1_20' title='bbox 2463 548 2753 617; x_wconf 83' lang='lat' dir='ltr'><strong>aspiciente</strong></span> <span class='ocrx_word' id='word_1_21' title='bbox 2781 548 3111 604; x_wconf 82' lang='lat' dir='ltr'><strong>hunoariaxu</strong></span> <span class='ocrx_word' id='word_1_22' title='bbox 3143 561 3190 618; x_wconf 77' lang='grc' dir='ltr'><strong>ο,</strong></span> <span class='ocrx_word' id='word_1_23' title='bbox 3222 569 3323 607; x_wconf 85' lang='lat' dir='ltr'><strong>una</strong></span> 
     </span>
    </p>
   </div>
   <div class='ocr_carea' id='block_1_5' title="bbox 155 635 1672 710">
    <p class='ocr_par' dir='ltr' id='par_1_5' title="bbox 155 635 1672 710">
     <span class='ocr_line' id='line_1_5' title="bbox 155 635 1672 710; baseline -0.007 -12"><span class='ocrx_word' id='word_1_24' title='bbox 155 645 422 698; x_wconf 79' lang='lat' dir='ltr'><strong>Ermenrico</strong></span> <span class='ocrx_word' id='word_1_25' title='bbox 470 646 611 702; x_wconf 74' lang='lat' dir='ltr'><strong>dom.</strong></span> <span class='ocrx_word' id='word_1_26' title='bbox 670 642 890 708; x_wconf 83' lang='lat' dir='ltr'><strong>Signum</strong></span> <span class='ocrx_word' id='word_1_27' title='bbox 921 642 956 710; x_wconf 77' lang='grc' dir='ltr'><strong>-ι-</strong></span> <span class='ocrx_word' id='word_1_28' title='bbox 997 640 1078 694; x_wconf 87' lang='lat' dir='ltr'><strong>vir</strong></span> <span class='ocrx_word' id='word_1_29' title='bbox 1121 638 1302 693; x_wconf 83' lang='lat' dir='ltr'><strong>inlust.</strong></span> <span class='ocrx_word' id='word_1_30' title='bbox 1344 635 1672 691; x_wconf 79' lang='lat' dir='ltr'><strong>Madalfrido.</strong></span> 
     </span>
    </p>
   </div>
   <div class='ocr_carea' id='block_1_6' title="bbox 151 723 1675 801">
    <p class='ocr_par' dir='ltr' id='par_1_6' title="bbox 151 723 1675 801">
     <span class='ocr_line' id='line_1_6' title="bbox 151 723 1675 801; baseline -0.005 -17"><span class='ocrx_word' id='word_1_31' title='bbox 151 732 372 801; x_wconf 57' lang='lat' dir='ltr'><strong>(Ihaldqf</strong></span> <span class='ocrx_word' id='word_1_32' title='bbox 395 730 704 797; x_wconf 56' lang='lat' dir='ltr'><strong>subsiripsi.</strong></span> <span class='ocrx_word' id='word_1_33' title='bbox 738 729 884 783; x_wconf 66' lang='lat' dir='ltr'><strong>[lado</strong></span> <span class='ocrx_word' id='word_1_34' title='bbox 925 727 1228 795; x_wconf 83' lang='lat' dir='ltr'><strong>subscripsi.</strong></span> <span class='ocrx_word' id='word_1_35' title='bbox 1263 725 1563 790; x_wconf 85' lang='lat' dir='ltr'><strong>Auderdus,</strong></span> <span class='ocrx_word' id='word_1_36' title='bbox 1594 723 1675 776; x_wconf 89' lang='lat' dir='ltr'><strong>vir</strong></span> 
     </span>
    </p>
   </div>
   <div class='ocr_carea' id='block_1_7' title="bbox 153 815 1392 886">
    <p class='ocr_par' dir='ltr' id='par_1_7' title="bbox 153 815 1392 886">
     <span class='ocr_line' id='line_1_7' title="bbox 153 815 1392 886; baseline -0.005 -13"><span class='ocrx_word' id='word_1_37' title='bbox 153 822 303 873; x_wconf 74' lang='lat' dir='ltr'><strong>intust.</strong></span> <span class='ocrx_word' id='word_1_38' title='bbox 325 828 476 885; x_wconf 88' lang='lat' dir='ltr'><strong>atque</strong></span> <span class='ocrx_word' id='word_1_39' title='bbox 499 818 776 885; x_wconf 88' lang='lat' dir='ltr'><strong>patricius,</strong></span> <span class='ocrx_word' id='word_1_40' title='bbox 806 819 950 872; x_wconf 85' lang='lat' dir='ltr'><strong>subs.</strong></span> <span class='ocrx_word' id='word_1_41' title='bbox 971 816 1164 886; x_wconf 86' lang='lat' dir='ltr'><strong>(Locus</strong></span> <span class='ocrx_word' id='word_1_42' title='bbox 1190 815 1392 884; x_wconf 78' lang='lat' dir='ltr'><strong>sigilli.)</strong></span> 
     </span>
    </p>
   </div>
   <div class='ocr_carea' id='block_1_8' title="bbox 206 903 1672 972">
    <p class='ocr_par' dir='ltr' id='par_1_8' title="bbox 206 903 1672 972">
     <span class='ocr_line' id='line_1_8' title="bbox 206 903 1672 972; baseline -0.003 -10"><span class='ocrx_word' id='word_1_43' title='bbox 206 911 374 963; x_wconf 86' lang='lat' dir='ltr'><strong>Datum</strong></span> <span class='ocrx_word' id='word_1_44' title='bbox 406 908 502 961; x_wconf 88' lang='lat' dir='ltr'><strong>sub</strong></span> <span class='ocrx_word' id='word_1_45' title='bbox 529 906 599 960; x_wconf 90' lang='lat' dir='ltr'><strong>dii</strong></span> <span class='ocrx_word' id='word_1_46' title='bbox 627 924 658 959; x_wconf 80' lang='lat' dir='ltr'><strong>x</strong></span> <span class='ocrx_word' id='word_1_47' title='bbox 683 907 787 959; x_wconf 78' lang='lat' dir='ltr'><strong>kal.</strong></span> <span class='ocrx_word' id='word_1_48' title='bbox 812 905 978 960; x_wconf 84' lang='lat' dir='ltr'><strong>Julias</strong></span> <span class='ocrx_word' id='word_1_49' title='bbox 1008 914 1056 972; x_wconf 77' lang='grc' dir='ltr'><strong>α,</strong></span> <span class='ocrx_word' id='word_1_50' title='bbox 1084 920 1172 958; x_wconf 90' lang='lat' dir='ltr'><strong>an.</strong></span> <span class='ocrx_word' id='word_1_51' title='bbox 1201 920 1284 960; x_wconf 69' lang='grc' dir='ltr'>τίνι</span> <span class='ocrx_word' id='word_1_52' title='bbox 1325 903 1350 940; x_wconf 69' lang='grc' dir='ltr'>ιο</span> <span class='ocrx_word' id='word_1_53' title='bbox 1400 917 1546 971; x_wconf 87' lang='lat' dir='ltr'><strong>regnt</strong></span> <span class='ocrx_word' id='word_1_54' title='bbox 1577 916 1672 958; x_wconf 88' lang='lat' dir='ltr'><strong>no-</strong></span> 
     </span>
    </p>
   </div>
   <div class='ocr_carea' id='block_1_9' title="bbox 149 995 1194 1064">
    <p class='ocr_par' dir='ltr' id='par_1_9' title="bbox 149 995 1194 1064">
     <span class='ocr_line' id='line_1_9' title="bbox 149 995 1194 1064; baseline -0.004 -13"><span class='ocrx_word' id='word_1_55' title='bbox 149 998 246 1051; x_wconf 78' lang='lat' dir='ltr'><strong>stri.</strong></span> <span class='ocrx_word' id='word_1_56' title='bbox 283 1035 296 1048; x_wconf 95' lang='lat'><strong>.</strong></span> <span class='ocrx_word' id='word_1_57' title='bbox 373 1035 387 1048; x_wconf 95' lang='lat'><strong>.</strong></span> <span class='ocrx_word' id='word_1_58' title='bbox 415 996 562 1064; x_wconf 83' lang='lat' dir='ltr'><strong>piaco</strong></span> <span class='ocrx_word' id='word_1_59' title='bbox 596 1007 643 1060; x_wconf 76' lang='grc' dir='ltr'><em>ε,</em></span> <span class='ocrx_word' id='word_1_60' title='bbox 675 997 725 1047; x_wconf 90' lang='lat' dir='ltr'><strong>in</strong></span> <span class='ocrx_word' id='word_1_61' title='bbox 753 995 850 1060; x_wconf 80' lang='lat' dir='ltr'><strong>Dei</strong></span> <span class='ocrx_word' id='word_1_62' title='bbox 873 995 1086 1049; x_wconf 89' lang='lat' dir='ltr'><strong>nomine</strong></span> <span class='ocrx_word' id='word_1_63' title='bbox 1108 995 1194 1048; x_wconf 80' lang='lat' dir='ltr'><strong>fel.</strong></span> 
     </span>
    </p>
   </div>
   <div class='ocr_carea' id='block_1_10' title="bbox 685 1105 1088 1160">
    <p class='ocr_par' dir='ltr' id='par_1_10' title="bbox 685 1105 1088 1160">
     <span class='ocr_line' id='line_1_10' title="bbox 685 1105 1088 1160; baseline 0 -2"><span class='ocrx_word' id='word_1_64' title='bbox 685 1105 982 1160; x_wconf 77' lang='lat' dir='ltr'><strong>DiPLOMA</strong></span> <span class='ocrx_word' id='word_1_65' title='bbox 1020 1105 1088 1159; x_wconf 84' lang='lat' dir='ltr'><strong>ill</strong></span> 
     </span>
    </p>
   </div>
   <div class='ocr_carea' id='block_1_11' title="bbox 148 1191 1670 1264">
    <p class='ocr_par' dir='ltr' id='par_1_11' title="bbox 148 1191 1670 1264">
     <span class='ocr_line' id='line_1_11' title="bbox 148 1191 1670 1264; baseline -0.003 -14"><span class='ocrx_word' id='word_1_66' title='bbox 148 1195 374 1260; x_wconf 67' lang='lat' dir='ltr'><strong>Clodovei,</strong></span> <span class='ocrx_word' id='word_1_67' title='bbox 393 1196 520 1264; x_wconf 76' lang='lat' dir='ltr'><strong>regis</strong></span> <span class='ocrx_word' id='word_1_68' title='bbox 542 1191 887 1264; x_wconf 77' lang='lat' dir='ltr'><strong>Francorum,</strong></span> <span class='ocrx_word' id='word_1_69' title='bbox 910 1203 1206 1264; x_wconf 76' lang='lat' dir='ltr'><strong>suggerente</strong></span> <span class='ocrx_word' id='word_1_70' title='bbox 1232 1202 1470 1247; x_wconf 80' lang='lat' dir='ltr'><strong>matrona</strong></span> <span class='ocrx_word' id='word_1_71' title='bbox 1514 1194 1670 1245; x_wconf 86' lang='lat' dir='ltr'><strong>Ama-</strong></span> 
     </span>
    </p>
   </div>
   <div class='ocr_carea' id='block_1_12' title="bbox 645 1263 1141 1316">
    <p class='ocr_par' dir='ltr' id='par_1_12' title="bbox 645 1263 1141 1316">
     <span class='ocr_line' id='line_1_12' title="bbox 645 1263 1141 1316; baseline 0.006 -3"><span class='ocrx_word' id='word_1_72' title='bbox 645 1263 800 1315; x_wconf 82' lang='lat' dir='ltr'><strong>tliilde</strong></span> <span class='ocrx_word' id='word_1_73' title='bbox 827 1263 1064 1316; x_wconf 57' lang='lat' dir='ltr'><strong>misum</strong></span> <span class='ocrx_word' id='word_1_74' title='bbox 1100 1265 1141 1316; x_wconf 69' lang='grc' dir='ltr'><strong>ά.</strong></span> 
     </span>
    </p>
   </div>
   <div class='ocr_carea' id='block_1_13' title="bbox 150 1349 1667 1420">
    <p class='ocr_par' dir='ltr' id='par_1_13' title="bbox 150 1349 1667 1420">
     <span class='ocr_line' id='line_1_13' title="bbox 150 1349 1667 1420; baseline -0.002 -14"><span class='ocrx_word' id='word_1_75' title='bbox 150 1393 187 1406; x_wconf 92' lang='grc'><strong>..</strong></span> <span class='ocrx_word' id='word_1_76' title='bbox 209 1390 246 1406; x_wconf 92' lang='grc'><strong>..</strong></span> <span class='ocrx_word' id='word_1_77' title='bbox 273 1352 379 1406; x_wconf 79' lang='lat' dir='ltr'><strong>viro</strong></span> <span class='ocrx_word' id='word_1_78' title='bbox 401 1350 624 1404; x_wconf 74' lang='lat' dir='ltr'><strong>inlustri.</strong></span> <span class='ocrx_word' id='word_1_79' title='bbox 644 1388 657 1402; x_wconf 93' lang='lat'><strong>.</strong></span> <span class='ocrx_word' id='word_1_80' title='bbox 680 1388 695 1402; x_wconf 94' lang='lat'><strong>.</strong></span> <span class='ocrx_word' id='word_1_81' title='bbox 718 1391 731 1403; x_wconf 95' lang='lat'><strong>.</strong></span> <span class='ocrx_word' id='word_1_82' title='bbox 769 1365 865 1405; x_wconf 88' lang='lat' dir='ltr'><strong>are</strong></span> <span class='ocrx_word' id='word_1_83' title='bbox 886 1350 1132 1420; x_wconf 84' lang='lat' dir='ltr'><strong>idemque</strong></span> <span class='ocrx_word' id='word_1_84' title='bbox 1163 1349 1397 1404; x_wconf 75' lang='lat' dir='ltr'><strong>inlustris</strong></span> <span class='ocrx_word' id='word_1_85' title='bbox 1426 1358 1667 1403; x_wconf 87' lang='lat' dir='ltr'><strong>matrona</strong></span> 
     </span>
    </p>
   </div>
   <div class='ocr_carea' id='block_1_14' title="bbox 149 1440 1668 1510">
    <p class='ocr_par' dir='ltr' id='par_1_14' title="bbox 149 1440 1668 1510">
     <span class='ocr_line' id='line_1_14' title="bbox 149 1440 1668 1510; baseline -0.001 -13"><span class='ocrx_word' id='word_1_86' title='bbox 149 1442 438 1497; x_wconf 75' lang='lat' dir='ltr'><strong>Amathildes</strong></span> <span class='ocrx_word' id='word_1_87' title='bbox 476 1441 780 1496; x_wconf 83' lang='lat' dir='ltr'><strong>clcrneuciac</strong></span> <span class='ocrx_word' id='word_1_88' title='bbox 823 1442 959 1508; x_wconf 82' lang='lat' dir='ltr'><strong>rigui</strong></span> <span class='ocrx_word' id='word_1_89' title='bbox 1009 1440 1175 1496; x_wconf 89' lang='lat' dir='ltr'><strong>nostri</strong></span> <span class='ocrx_word' id='word_1_90' title='bbox 1203 1440 1428 1506; x_wconf 74' lang='lat' dir='ltr'><strong>credidit</strong></span> <span class='ocrx_word' id='word_1_91' title='bbox 1481 1455 1668 1510; x_wconf 85' lang='lat' dir='ltr'><strong>sugge-</strong></span> 
     </span>
    </p>
   </div>
   <div class='ocr_carea' id='block_1_15' title="bbox 148 1530 1666 1585">
    <p class='ocr_par' dir='ltr' id='par_1_15' title="bbox 148 1530 1666 1585">
     <span class='ocr_line' id='line_1_15' title="bbox 148 1530 1666 1585; baseline 0 -1"><span class='ocrx_word' id='word_1_92' title='bbox 148 1531 363 1585; x_wconf 76' lang='lat' dir='ltr'><strong>rrndum.</strong></span> <span class='ocrx_word' id='word_1_93' title='bbox 389 1570 402 1583; x_wconf 93' lang='lat'><strong>.</strong></span> <span class='ocrx_word' id='word_1_94' title='bbox 423 1566 438 1582; x_wconf 93' lang='lat'><strong>.</strong></span> <span class='ocrx_word' id='word_1_95' title='bbox 461 1569 476 1582; x_wconf 98' lang='lat'><strong>.</strong></span> <span class='ocrx_word' id='word_1_96' title='bbox 519 1530 584 1583; x_wconf 85' lang='lat' dir='ltr'><strong>lis</strong></span> <span class='ocrx_word' id='word_1_97' title='bbox 636 1531 905 1583; x_wconf 85' lang='lat' dir='ltr'><strong>chramlos</strong></span> <span class='ocrx_word' id='word_1_98' title='bbox 933 1530 1230 1585; x_wconf 88' lang='lat' dir='ltr'><strong>subteriore</strong></span> <span class='ocrx_word' id='word_1_99' title='bbox 1273 1531 1558 1585; x_wconf 87' lang='lat' dir='ltr'><strong>Satelliaco</strong></span> <span class='ocrx_word' id='word_1_100' title='bbox 1587 1531 1666 1585; x_wconf 89' lang='lat' dir='ltr'><strong>vel</strong></span> 
     </span>
    </p>
   </div>
   <div class='ocr_carea' id='block_1_16' title="bbox 151 1618 1667 1688">
    <p class='ocr_par' dir='ltr' id='par_1_16' title="bbox 151 1618 1667 1688">
     <span class='ocr_line' id='line_1_16' title="bbox 151 1618 1667 1688; baseline 0.002 -16"><span class='ocrx_word' id='word_1_101' title='bbox 151 1620 313 1674; x_wconf 82' lang='lat' dir='ltr'><strong>locello</strong></span> <span class='ocrx_word' id='word_1_102' title='bbox 335 1620 420 1688; x_wconf 87' lang='lat' dir='ltr'><strong>qui</strong></span> <span class='ocrx_word' id='word_1_103' title='bbox 443 1618 632 1672; x_wconf 89' lang='lat' dir='ltr'><strong>dicitur</strong></span> <span class='ocrx_word' id='word_1_104' title='bbox 661 1619 894 1683; x_wconf 86' lang='lat' dir='ltr'><strong>Curtilis,</strong></span> <span class='ocrx_word' id='word_1_105' title='bbox 912 1619 1422 1684; x_wconf 28' lang='lat' dir='ltr'><strong>sibiberimariacas‘</strong></span> <span class='ocrx_word' id='word_1_106' title='bbox 1446 1658 1458 1671; x_wconf 93' lang='lat'><strong>.</strong></span> <span class='ocrx_word' id='word_1_107' title='bbox 1481 1659 1495 1672; x_wconf 95' lang='lat'><strong>.</strong></span> <span class='ocrx_word' id='word_1_108' title='bbox 1523 1659 1535 1672; x_wconf 95' lang='lat'><strong>.</strong></span> <span class='ocrx_word' id='word_1_109' title='bbox 1560 1659 1574 1673; x_wconf 95' lang='lat'><strong>.</strong></span> <span class='ocrx_word' id='word_1_110' title='bbox 1603 1636 1667 1675; x_wconf 92' lang='lat' dir='ltr'><strong>co</strong></span> 
     </span>
    </p>
   </div>
   <div class='ocr_carea' id='block_1_17' title="bbox 208 1747 1664 1819">
    <p class='ocr_par' dir='ltr' id='par_1_17' title="bbox 208 1747 1664 1819">
     <span class='ocr_line' id='line_1_17' title="bbox 208 1747 1664 1819; baseline 0 -17"><span class='ocrx_word' id='word_1_111' title='bbox 208 1759 226 1783; x_wconf 85' lang='lat'>&#39;</span> <span class='ocrx_word' id='word_1_112' title='bbox 243 1747 426 1819; x_wconf 80' lang='lat' dir='ltr'><strong>Duplex</strong></span> <span class='ocrx_word' id='word_1_113' title='bbox 447 1750 579 1803; x_wconf 85' lang='lat' dir='ltr'><strong>ratio</strong></span> <span class='ocrx_word' id='word_1_114' title='bbox 604 1759 685 1804; x_wconf 87' lang='lat' dir='ltr'><strong>est</strong></span> <span class='ocrx_word' id='word_1_115' title='bbox 706 1749 1045 1819; x_wconf 88' lang='lat' dir='ltr'><strong>computandi</strong></span> <span class='ocrx_word' id='word_1_116' title='bbox 1060 1764 1228 1804; x_wconf 89' lang='lat' dir='ltr'><strong>annos</strong></span> <span class='ocrx_word' id='word_1_117' title='bbox 1247 1749 1393 1816; x_wconf 82' lang='lat' dir='ltr'><strong>regni</strong></span> <span class='ocrx_word' id='word_1_118' title='bbox 1413 1749 1664 1804; x_wconf 87' lang='lat' dir='ltr'><strong>Clodovei</strong></span> 
     </span>
    </p>
   </div>
   <div class='ocr_carea' id='block_1_18' title="bbox 151 1817 1664 1886">
    <p class='ocr_par' dir='ltr' id='par_1_18' title="bbox 151 1817 1664 1886">
     <span class='ocr_line' id='line_1_18' title="bbox 151 1817 1664 1886; baseline 0.001 -16"><span class='ocrx_word' id='word_1_119' title='bbox 151 1817 199 1880; x_wconf 88' lang='lat' dir='ltr'><strong>ll,</strong></span> <span class='ocrx_word' id='word_1_120' title='bbox 229 1818 301 1870; x_wconf 76' lang='lat' dir='ltr'><strong>rei</strong></span> <span class='ocrx_word' id='word_1_121' title='bbox 320 1819 382 1870; x_wconf 80' lang='lat' dir='ltr'><strong>ab</strong></span> <span class='ocrx_word' id='word_1_122' title='bbox 403 1834 534 1873; x_wconf 87' lang='lat' dir='ltr'><strong>anno</strong></span> <span class='ocrx_word' id='word_1_123' title='bbox 555 1821 769 1886; x_wconf 87' lang='lat' dir='ltr'><strong>quoipsi</strong></span> <span class='ocrx_word' id='word_1_124' title='bbox 793 1817 954 1886; x_wconf 83' lang='lat' dir='ltr'><strong>regna</strong></span> <span class='ocrx_word' id='word_1_125' title='bbox 975 1821 1228 1886; x_wconf 68' lang='lat' dir='ltr'><strong>Ncustria:</strong></span> <span class='ocrx_word' id='word_1_126' title='bbox 1261 1830 1316 1872; x_wconf 90' lang='lat' dir='ltr'><strong>et</strong></span> <span class='ocrx_word' id='word_1_127' title='bbox 1353 1819 1664 1886; x_wconf 76' lang='lat' dir='ltr'><strong>Burgundize</strong></span> 
     </span>
    </p>
   </div>
   <div class='ocr_carea' id='block_1_19' title="bbox 151 1885 1667 1953">
    <p class='ocr_par' dir='ltr' id='par_1_19' title="bbox 151 1885 1667 1953">
     <span class='ocr_line' id='line_1_19' title="bbox 151 1885 1667 1953; baseline 0.003 -16"><span class='ocrx_word' id='word_1_128' title='bbox 151 1907 174 1938; x_wconf 66' lang='grc' dir='ltr'><em>λ</em></span> <span class='ocrx_word' id='word_1_129' title='bbox 200 1898 334 1953; x_wconf 81' lang='lat' dir='ltr'><strong>patre</strong></span> <span class='ocrx_word' id='word_1_130' title='bbox 386 1899 577 1939; x_wconf 81' lang='lat' dir='ltr'><strong>asserta</strong></span> <span class='ocrx_word' id='word_1_131' title='bbox 609 1885 752 1950; x_wconf 86' lang='lat' dir='ltr'><strong>sunt,</strong></span> <span class='ocrx_word' id='word_1_132' title='bbox 781 1885 922 1941; x_wconf 82' lang='lat' dir='ltr'><strong>circa</strong></span> <span class='ocrx_word' id='word_1_133' title='bbox 970 1903 1095 1940; x_wconf 92' lang='lat' dir='ltr'><strong>ann.</strong></span> <span class='ocrx_word' id='word_1_134' title='bbox 1130 1885 1260 1940; x_wconf 82' lang='lat' dir='ltr'><strong>Chr.</strong></span> <span class='ocrx_word' id='word_1_135' title='bbox 1320 1887 1440 1945; x_wconf 70' lang='grc'><strong>654,</strong></span> <span class='ocrx_word' id='word_1_136' title='bbox 1472 1885 1558 1941; x_wconf 86' lang='lat' dir='ltr'><strong>vel</strong></span> <span class='ocrx_word' id='word_1_137' title='bbox 1601 1888 1667 1942; x_wconf 88' lang='lat' dir='ltr'><strong>ab</strong></span> 
     </span>
    </p>
   </div>
   <div class='ocr_carea' id='block_1_20' title="bbox 151 1955 1671 2022">
    <p class='ocr_par' dir='ltr' id='par_1_20' title="bbox 151 1955 1671 2022">
     <span class='ocr_line' id='line_1_20' title="bbox 151 1955 1671 2022; baseline 0.004 -18"><span class='ocrx_word' id='word_1_138' title='bbox 151 1969 268 2005; x_wconf 81' lang='lat' dir='ltr'><strong>anno</strong></span> <span class='ocrx_word' id='word_1_139' title='bbox 294 1969 397 2021; x_wconf 87' lang='lat' dir='ltr'><strong>quo</strong></span> <span class='ocrx_word' id='word_1_140' title='bbox 420 1965 563 2022; x_wconf 88' lang='lat' dir='ltr'><strong>pater</strong></span> <span class='ocrx_word' id='word_1_141' title='bbox 592 1957 708 2021; x_wconf 83' lang='lat' dir='ltr'><strong>ejus</strong></span> <span class='ocrx_word' id='word_1_142' title='bbox 735 1958 845 2009; x_wconf 80' lang='lat' dir='ltr'><strong>fato</strong></span> <span class='ocrx_word' id='word_1_143' title='bbox 864 1955 1078 2021; x_wconf 67' lang='lat' dir='ltr'><strong>Iunctus</strong></span> <span class='ocrx_word' id='word_1_144' title='bbox 1098 1964 1197 2020; x_wconf 89' lang='lat' dir='ltr'><strong>est,</strong></span> <span class='ocrx_word' id='word_1_145' title='bbox 1217 1972 1356 2011; x_wconf 88' lang='lat' dir='ltr'><strong>anno</strong></span> <span class='ocrx_word' id='word_1_146' title='bbox 1372 1956 1491 2010; x_wconf 67' lang='lat'><strong>638.</strong></span> <span class='ocrx_word' id='word_1_147' title='bbox 1511 1959 1671 2011; x_wconf 76' lang='lat' dir='ltr'><strong>Juxta</strong></span> 
     </span>
    </p>
   </div>
   <div class='ocr_carea' id='block_1_21' title="bbox 151 2024 1673 2092">
    <p class='ocr_par' dir='ltr' id='par_1_21' title="bbox 151 2024 1673 2092">
     <span class='ocr_line' id='line_1_21' title="bbox 151 2024 1673 2092; baseline 0.005 -20"><span class='ocrx_word' id='word_1_148' title='bbox 151 2024 345 2090; x_wconf 77' lang='lat' dir='ltr'><strong>primatu</strong></span> <span class='ocrx_word' id='word_1_149' title='bbox 393 2026 644 2077; x_wconf 87' lang='lat' dir='ltr'><strong>rationem</strong></span> <span class='ocrx_word' id='word_1_150' title='bbox 673 2065 686 2082; x_wconf 86' lang='lat'><strong>,</strong></span> <span class='ocrx_word' id='word_1_151' title='bbox 733 2041 902 2078; x_wconf 89' lang='lat' dir='ltr'><strong>annus</strong></span> <span class='ocrx_word' id='word_1_152' title='bbox 925 2026 1069 2091; x_wconf 82' lang='lat' dir='ltr'><strong>regni</strong></span> <span class='ocrx_word' id='word_1_153' title='bbox 1100 2025 1216 2092; x_wconf 81' lang='lat' dir='ltr'><strong>ejus</strong></span> <span class='ocrx_word' id='word_1_154' title='bbox 1256 2041 1341 2078; x_wconf 79' lang='lat' dir='ltr'><strong>XVI</strong></span> <span class='ocrx_word' id='word_1_155' title='bbox 1382 2028 1673 2081; x_wconf 86' lang='lat' dir='ltr'><strong>concordat</strong></span> 
     </span>
    </p>
   </div>
   <div class='ocr_carea' id='block_1_22' title="bbox 149 2093 1672 2160">
    <p class='ocr_par' dir='ltr' id='par_1_22' title="bbox 149 2093 1672 2160">
     <span class='ocr_line' id='line_1_22' title="bbox 149 2093 1672 2160; baseline 0.004 -17"><span class='ocrx_word' id='word_1_156' title='bbox 149 2108 249 2143; x_wconf 76' lang='lat' dir='ltr'><strong>cum</strong></span> <span class='ocrx_word' id='word_1_157' title='bbox 272 2107 404 2146; x_wconf 86' lang='lat' dir='ltr'><strong>anno</strong></span> <span class='ocrx_word' id='word_1_158' title='bbox 425 2093 611 2146; x_wconf 75' lang='lat' dir='ltr'><strong>Christi</strong></span> <span class='ocrx_word' id='word_1_159' title='bbox 659 2094 789 2154; x_wconf 79' lang='lat'><strong>6.9;</strong></span> <span class='ocrx_word' id='word_1_160' title='bbox 829 2095 978 2160; x_wconf 82' lang='lat' dir='ltr'><strong>juxta</strong></span> <span class='ocrx_word' id='word_1_161' title='bbox 1022 2096 1338 2158; x_wconf 84' lang='lat' dir='ltr'><strong>secundani,</strong></span> <span class='ocrx_word' id='word_1_162' title='bbox 1381 2110 1501 2149; x_wconf 91' lang='lat' dir='ltr'><strong>cum</strong></span> <span class='ocrx_word' id='word_1_163' title='bbox 1532 2110 1672 2149; x_wconf 87' lang='lat' dir='ltr'><strong>anno</strong></span> 
     </span>
    </p>
   </div>
   <div class='ocr_carea' id='block_1_23' title="bbox 151 2161 1673 2231">
    <p class='ocr_par' dir='ltr' id='par_1_23' title="bbox 151 2161 1673 2231">
     <span class='ocr_line' id='line_1_23' title="bbox 151 2161 1673 2231; baseline 0.002 -21"><span class='ocrx_word' id='word_1_164' title='bbox 151 2162 254 2212; x_wconf 71' lang='lat'><strong>6.5.</strong></span> <span class='ocrx_word' id='word_1_165' title='bbox 277 2161 400 2214; x_wconf 82' lang='lat' dir='ltr'><strong>Cum</strong></span> <span class='ocrx_word' id='word_1_166' title='bbox 426 2178 544 2215; x_wconf 84' lang='lat' dir='ltr'><strong>vero</strong></span> <span class='ocrx_word' id='word_1_167' title='bbox 571 2164 622 2216; x_wconf 94' lang='lat' dir='ltr'><strong>in</strong></span> <span class='ocrx_word' id='word_1_168' title='bbox 653 2163 972 2231; x_wconf 84' lang='lat' dir='ltr'><strong>Clipiaceusi</strong></span> <span class='ocrx_word' id='word_1_169' title='bbox 1004 2164 1197 2229; x_wconf 63' lang='lat' dir='ltr'><strong>placito</strong></span> <span class='ocrx_word' id='word_1_170' title='bbox 1226 2165 1476 2216; x_wconf 89' lang='lat' dir='ltr'><strong>emissum</strong></span> <span class='ocrx_word' id='word_1_171' title='bbox 1515 2165 1673 2216; x_wconf 78' lang='lat' dir='ltr'><strong>fuerit</strong></span> 
     </span>
    </p>
   </div>
   <div class='ocr_carea' id='block_1_24' title="bbox 150 2231 1672 2300">
    <p class='ocr_par' dir='ltr' id='par_1_24' title="bbox 150 2231 1672 2300">
     <span class='ocr_line' id='line_1_24' title="bbox 150 2231 1672 2300; baseline 0.003 -23"><span class='ocrx_word' id='word_1_172' title='bbox 150 2231 352 2296; x_wconf 78' lang='lat' dir='ltr'><strong>diploma</strong></span> <span class='ocrx_word' id='word_1_173' title='bbox 367 2233 428 2284; x_wconf 87' lang='lat' dir='ltr'><strong>de</strong></span> <span class='ocrx_word' id='word_1_174' title='bbox 442 2246 544 2298; x_wconf 88' lang='lat' dir='ltr'><strong>quo</strong></span> <span class='ocrx_word' id='word_1_175' title='bbox 563 2232 761 2299; x_wconf 87' lang='lat' dir='ltr'><strong>agitur,</strong></span> <span class='ocrx_word' id='word_1_176' title='bbox 775 2234 876 2284; x_wconf 91' lang='lat' dir='ltr'><strong>hoc</strong></span> <span class='ocrx_word' id='word_1_177' title='bbox 901 2246 1024 2284; x_wconf 85' lang='lat' dir='ltr'><strong>vero</strong></span> <span class='ocrx_word' id='word_1_178' title='bbox 1042 2231 1288 2298; x_wconf 86' lang='lat' dir='ltr'><strong>placitqu</strong></span> <span class='ocrx_word' id='word_1_179' title='bbox 1305 2233 1402 2300; x_wconf 85' lang='lat' dir='ltr'><strong>sub</strong></span> <span class='ocrx_word' id='word_1_180' title='bbox 1416 2248 1553 2300; x_wconf 79' lang='lat' dir='ltr'><strong>anno</strong></span> <span class='ocrx_word' id='word_1_181' title='bbox 1568 2233 1672 2284; x_wconf 77' lang='lat'><strong>653</strong></span> 
     </span>
    </p>
   </div>
   <div class='ocr_carea' id='block_1_25' title="bbox 150 2299 1668 2368">
    <p class='ocr_par' dir='ltr' id='par_1_25' title="bbox 150 2299 1668 2368">
     <span class='ocr_line' id='line_1_25' title="bbox 150 2299 1668 2368; baseline 0.003 -20"><span class='ocrx_word' id='word_1_182' title='bbox 150 2303 204 2368; x_wconf 84' lang='lat' dir='ltr'><strong>ab</strong></span> <span class='ocrx_word' id='word_1_183' title='bbox 240 2300 488 2352; x_wconf 68' lang='lat' dir='ltr'><strong>historicis</strong></span> <span class='ocrx_word' id='word_1_184' title='bbox 541 2310 886 2364; x_wconf 83' lang='lat' dir='ltr'><strong>memoretur,</strong></span> <span class='ocrx_word' id='word_1_185' title='bbox 915 2299 1036 2353; x_wconf 84' lang='lat' dir='ltr'><strong>huic</strong></span> <span class='ocrx_word' id='word_1_186' title='bbox 1068 2314 1209 2354; x_wconf 90' lang='lat' dir='ltr'><strong>anno</strong></span> <span class='ocrx_word' id='word_1_187' title='bbox 1248 2301 1394 2368; x_wconf 87' lang='lat' dir='ltr'><strong>regni</strong></span> <span class='ocrx_word' id='word_1_188' title='bbox 1416 2299 1668 2354; x_wconf 85' lang='lat' dir='ltr'><strong>Clodovci</strong></span> 
     </span>
    </p>
   </div>
   <div class='ocr_carea' id='block_1_26' title="bbox 152 2367 772 2422">
    <p class='ocr_par' dir='ltr' id='par_1_26' title="bbox 152 2367 772 2422">
     <span class='ocr_line' id='line_1_26' title="bbox 152 2367 772 2422; baseline 0.005 -6"><span class='ocrx_word' id='word_1_189' title='bbox 152 2367 453 2418; x_wconf 83' lang='lat' dir='ltr'><strong>tribuendum</strong></span> <span class='ocrx_word' id='word_1_190' title='bbox 475 2383 772 2422; x_wconf 75' lang='lat' dir='ltr'><strong>censemus.</strong></span> 
     </span>
    </p>
   </div>
   <div class='ocr_carea' id='block_1_27' title="bbox 208 2434 874 2501">
    <p class='ocr_par' dir='ltr' id='par_1_27' title="bbox 208 2434 874 2501">
     <span class='ocr_line' id='line_1_27' title="bbox 208 2434 874 2501; baseline 0.009 -16"><span class='ocrx_word' id='word_1_191' title='bbox 208 2434 230 2468; x_wconf 70' lang='grc' dir='ltr'>ι’</span> <span class='ocrx_word' id='word_1_192' title='bbox 264 2437 345 2490; x_wconf 63' lang='grc' dir='ltr'><strong>δὶς</strong></span> <span class='ocrx_word' id='word_1_193' title='bbox 373 2437 494 2501; x_wconf 83' lang='lat' dir='ltr'><strong>legit</strong></span> <span class='ocrx_word' id='word_1_194' title='bbox 521 2436 874 2493; x_wconf 78' lang='lat' dir='ltr'><strong>Habillonius.</strong></span> 
     </span>
    </p>
   </div>
   <div class='ocr_carea' id='block_1_28' title="bbox 210 2503 1333 2576">
    <p class='ocr_par' dir='ltr' id='par_1_28' title="bbox 210 2503 1333 2576">
     <span class='ocr_line' id='line_1_28' title="bbox 210 2503 1333 2576; baseline 0.002 -21"><span class='ocrx_word' id='word_1_195' title='bbox 210 2515 229 2576; x_wconf 63' lang='grc' dir='ltr'>ξ</span> <span class='ocrx_word' id='word_1_196' title='bbox 255 2505 347 2576; x_wconf 75' lang='lat' dir='ltr'><strong>§ic</strong></span> <span class='ocrx_word' id='word_1_197' title='bbox 366 2503 579 2571; x_wconf 74' lang='lat' dir='ltr'><strong>legimus</strong></span> <span class='ocrx_word' id='word_1_198' title='bbox 608 2508 660 2559; x_wconf 88' lang='lat' dir='ltr'><strong>in</strong></span> <span class='ocrx_word' id='word_1_199' title='bbox 684 2509 932 2576; x_wconf 73' lang='lat' dir='ltr'><strong>exemplo</strong></span> <span class='ocrx_word' id='word_1_200' title='bbox 959 2507 1333 2576; x_wconf 78' lang='lat' dir='ltr'><strong>Merovingico.</strong></span> 
     </span>
    </p>
   </div>
   <div class='ocr_carea' id='block_1_29' title="bbox 208 2569 1670 2644">
    <p class='ocr_par' dir='ltr' id='par_1_29' title="bbox 208 2569 1670 2644">
     <span class='ocr_line' id='line_1_29' title="bbox 208 2569 1670 2644; baseline 0.003 -20"><span class='ocrx_word' id='word_1_201' title='bbox 208 2569 728 2644; x_wconf 7' lang='lat' dir='ltr'><strong>Gillocinstrumenti</strong></span> <span class='ocrx_word' id='word_1_202' title='bbox 787 2569 1136 2642; x_wconf 70' lang='lat' dir='ltr'><strong>fragmentum</strong></span> <span class='ocrx_word' id='word_1_203' title='bbox 1185 2569 1384 2644; x_wconf 77' lang='lat' dir='ltr'><strong>primus</strong></span> <span class='ocrx_word' id='word_1_204' title='bbox 1433 2575 1670 2641; x_wconf 83' lang='lat' dir='ltr'><strong>vulgavit</strong></span> 
     </span>
    </p>
   </div>
   <div class='ocr_carea' id='block_1_30' title="bbox 148 2640 1666 2711">
    <p class='ocr_par' dir='ltr' id='par_1_30' title="bbox 148 2640 1666 2711">
     <span class='ocr_line' id='line_1_30' title="bbox 148 2640 1666 2711; baseline 0.002 -19"><span class='ocrx_word' id='word_1_205' title='bbox 148 2640 452 2711; x_wconf 54' lang='lat' dir='ltr'><strong>hiabillonius</strong></span> <span class='ocrx_word' id='word_1_206' title='bbox 488 2640 948 2711; x_wconf 68' lang='lat' dir='ltr'><strong>inappendicead</strong></span> <span class='ocrx_word' id='word_1_207' title='bbox 983 2640 1213 2698; x_wconf 78' lang='lat' dir='ltr'><strong>Annales</strong></span> <span class='ocrx_word' id='word_1_208' title='bbox 1249 2644 1451 2696; x_wconf 91' lang='lat' dir='ltr'><strong>ordinis</strong></span> <span class='ocrx_word' id='word_1_209' title='bbox 1483 2640 1666 2696; x_wconf 71' lang='lat' dir='ltr'><strong>Sani-ti</strong></span> 
     </span>
    </p>
   </div>
   <div class='ocr_carea' id='block_1_31' title="bbox 156 2709 1666 2781">
    <p class='ocr_par' dir='ltr' id='par_1_31' title="bbox 156 2709 1666 2781">
     <span class='ocr_line' id='line_1_31' title="bbox 156 2709 1666 2781; baseline 0.002 -21"><span class='ocrx_word' id='word_1_210' title='bbox 156 2709 445 2781; x_wconf 71' lang='lat' dir='ltr'><strong>Benedicti,</strong></span> <span class='ocrx_word' id='word_1_211' title='bbox 465 2719 510 2762; x_wconf 82' lang='lat' dir='ltr'><strong>t:</strong></span> <span class='ocrx_word' id='word_1_212' title='bbox 533 2709 573 2774; x_wconf 84' lang='grc' dir='ltr'><strong>Ι,</strong></span> <span class='ocrx_word' id='word_1_213' title='bbox 596 2709 824 2778; x_wconf 69' lang='lat' dir='ltr'><strong>append.</strong></span> <span class='ocrx_word' id='word_1_214' title='bbox 855 2715 948 2764; x_wconf 89' lang='lat' dir='ltr'><strong>alt.</strong></span> <span class='ocrx_word' id='word_1_215' title='bbox 980 2728 1033 2781; x_wconf 92' lang='lat' dir='ltr'><strong>p.</strong></span> <span class='ocrx_word' id='word_1_216' title='bbox 1064 2712 1187 2771; x_wconf 79' lang='lat'><strong>686,</strong></span> <span class='ocrx_word' id='word_1_217' title='bbox 1216 2728 1271 2779; x_wconf 71' lang='grc' dir='ltr'>ιι.</span> <span class='ocrx_word' id='word_1_218' title='bbox 1302 2727 1418 2776; x_wconf 75' lang='lat' dir='ltr'><strong>xw,</strong></span> <span class='ocrx_word' id='word_1_219' title='bbox 1443 2721 1666 2781; x_wconf 82' lang='lat' dir='ltr'><strong>annota-</strong></span> 
     </span>
    </p>
   </div>
   <div class='ocr_carea' id='block_1_32' title="bbox 150 2779 1663 2850">
    <p class='ocr_par' dir='ltr' id='par_1_32' title="bbox 150 2779 1663 2850">
     <span class='ocr_line' id='line_1_32' title="bbox 150 2779 1663 2850; baseline 0.002 -23"><span class='ocrx_word' id='word_1_220' title='bbox 150 2779 354 2850; x_wconf 80' lang='lat' dir='ltr'><strong>tionibus</strong></span> <span class='ocrx_word' id='word_1_221' title='bbox 364 2781 572 2833; x_wconf 87' lang='lat' dir='ltr'><strong>omnino</strong></span> <span class='ocrx_word' id='word_1_222' title='bbox 590 2783 898 2834; x_wconf 85' lang='lat' dir='ltr'><strong>destitutum</strong></span> <span class='ocrx_word' id='word_1_223' title='bbox 915 2822 928 2841; x_wconf 86' lang='lat'><strong>,</strong></span> <span class='ocrx_word' id='word_1_224' title='bbox 953 2779 1190 2850; x_wconf 80' lang='lat' dir='ltr'><strong>apposita</strong></span> <span class='ocrx_word' id='word_1_225' title='bbox 1215 2779 1576 2850; x_wconf 79' lang='lat' dir='ltr'><strong>tantummodo</strong></span> <span class='ocrx_word' id='word_1_226' title='bbox 1597 2779 1663 2850; x_wconf 85' lang='lat' dir='ltr'><strong>ad</strong></span> 
     </span>
    </p>
   </div>
   <div class='ocr_carea' id='block_1_33' title="bbox 148 2847 1659 2915">
    <p class='ocr_par' dir='ltr' id='par_1_33' title="bbox 148 2847 1659 2915">
     <span class='ocr_line' id='line_1_33' title="bbox 148 2847 1659 2915; baseline 0.003 -20"><span class='ocrx_word' id='word_1_227' title='bbox 148 2847 415 2913; x_wconf 75' lang='lat' dir='ltr'><strong>marginem</strong></span> <span class='ocrx_word' id='word_1_228' title='bbox 438 2849 610 2915; x_wconf 85' lang='lat' dir='ltr'><strong>notula</strong></span> <span class='ocrx_word' id='word_1_229' title='bbox 639 2866 703 2902; x_wconf 75' lang='lat' dir='ltr'><strong>ea:</strong></span> <span class='ocrx_word' id='word_1_230' title='bbox 724 2847 1042 2911; x_wconf 69' lang='lat' dir='ltr'><strong>authentico}</strong></span> <span class='ocrx_word' id='word_1_231' title='bbox 1059 2859 1126 2903; x_wconf 89' lang='lat' dir='ltr'><strong>et</strong></span> <span class='ocrx_word' id='word_1_232' title='bbox 1153 2849 1364 2915; x_wconf 70' lang='lat' dir='ltr'><strong>praiﬁxo</strong></span> <span class='ocrx_word' id='word_1_233' title='bbox 1395 2849 1545 2901; x_wconf 88' lang='lat' dir='ltr'><strong>titulo</strong></span> <span class='ocrx_word' id='word_1_234' title='bbox 1571 2848 1659 2915; x_wconf 88' lang='lat' dir='ltr'><strong>qui</strong></span> 
     </span>
    </p>
   </div>
   <div class='ocr_carea' id='block_1_34' title="bbox 149 2914 1662 2986">
    <p class='ocr_par' dir='ltr' id='par_1_34' title="bbox 149 2914 1662 2986">
     <span class='ocr_line' id='line_1_34' title="bbox 149 2914 1662 2986; baseline 0 -18"><span class='ocrx_word' id='word_1_235' title='bbox 149 2930 174 2963; x_wconf 81' lang='grc' dir='ltr'>α</span> <span class='ocrx_word' id='word_1_236' title='bbox 200 2915 429 2986; x_wconf 61' lang='lat' dir='ltr'><strong>Clodoveo</strong></span> <span class='ocrx_word' id='word_1_237' title='bbox 463 2914 516 2968; x_wconf 83' lang='grc' dir='ltr'><strong>ιι</strong></span> <span class='ocrx_word' id='word_1_238' title='bbox 527 2956 540 2978; x_wconf 91' lang='lat'><strong>,</strong></span> <span class='ocrx_word' id='word_1_239' title='bbox 566 2935 654 2985; x_wconf 58' lang='lat' dir='ltr'><strong>iro</strong></span> <span class='ocrx_word' id='word_1_240' title='bbox 683 2921 988 2971; x_wconf 75' lang='lat' dir='ltr'><strong>monasterio</strong></span> <span class='ocrx_word' id='word_1_241' title='bbox 1011 2918 1071 2973; x_wconf 89' lang='lat' dir='ltr'><strong>S.</strong></span> <span class='ocrx_word' id='word_1_242' title='bbox 1096 2914 1326 2986; x_wconf 77' lang='lat' dir='ltr'><strong>Dionysii</strong></span> <span class='ocrx_word' id='word_1_243' title='bbox 1351 2914 1662 2986; x_wconf 74' lang='lat' dir='ltr'><strong>conoessum</strong></span> 
     </span>
    </p>
   </div>
   <div class='ocr_carea' id='block_1_35' title="bbox 150 2983 1706 3055">
    <p class='ocr_par' dir='ltr' id='par_1_35' title="bbox 150 2983 1706 3055">
     <span class='ocr_line' id='line_1_35' title="bbox 150 2983 1706 3055; baseline 0.003 -22"><span class='ocrx_word' id='word_1_244' title='bbox 150 2983 340 3055; x_wconf 60' lang='lat' dir='ltr'><strong>indicat,</strong></span> <span class='ocrx_word' id='word_1_245' title='bbox 370 2986 435 3038; x_wconf 80' lang='lat' dir='ltr'><strong>de</strong></span> <span class='ocrx_word' id='word_1_246' title='bbox 481 2983 581 3053; x_wconf 82' lang='lat' dir='ltr'><strong>quo</strong></span> <span class='ocrx_word' id='word_1_247' title='bbox 631 2987 797 3055; x_wconf 79' lang='lat' dir='ltr'><strong>ipsum</strong></span> <span class='ocrx_word' id='word_1_248' title='bbox 831 2983 1402 3055; x_wconf 53' lang='lat' dir='ltr'><strong>instruruentutn&#39;silet.</strong></span> <span class='ocrx_word' id='word_1_249' title='bbox 1454 2989 1526 3038; x_wconf 77' lang='lat' dir='ltr'><strong>Ex</strong></span> <span class='ocrx_word' id='word_1_250' title='bbox 1556 2984 1664 3037; x_wconf 82' lang='lat' dir='ltr'><strong>Ma-</strong></span> <span class='ocrx_word' id='word_1_251' title='bbox 1694 3046 1706 3054; x_wconf 30' lang='grc' dir='ltr'>ί</span> 
     </span>
    </p>
   </div>
   <div class='ocr_carea' id='block_1_36' title="bbox 150 3049 1663 3123">
    <p class='ocr_par' dir='ltr' id='par_1_36' title="bbox 150 3049 1663 3123">
     <span class='ocr_line' id='line_1_36' title="bbox 150 3049 1663 3123; baseline 0.004 -23"><span class='ocrx_word' id='word_1_252' title='bbox 150 3049 362 3118; x_wconf 65' lang='grc' dir='ltr'><strong>ΜΙΙΟΠῘΟ,</strong></span> <span class='ocrx_word' id='word_1_253' title='bbox 393 3049 526 3123; x_wconf 72' lang='lat' dir='ltr'><strong>typis</strong></span> <span class='ocrx_word' id='word_1_254' title='bbox 548 3049 732 3108; x_wconf 75' lang='lat' dir='ltr'><strong>iterum</strong></span> <span class='ocrx_word' id='word_1_255' title='bbox 758 3058 1140 3112; x_wconf 81' lang='lat' dir='ltr'><strong>mandaverunt</strong></span> <span class='ocrx_word' id='word_1_256' title='bbox 1157 3054 1480 3110; x_wconf 73' lang='lat' dir='ltr'><strong>Collectores</strong></span> <span class='ocrx_word' id='word_1_257' title='bbox 1499 3056 1663 3122; x_wconf 87' lang='lat' dir='ltr'><strong>scrip-</strong></span> 
     </span>
    </p>
   </div>
   <div class='ocr_carea' id='block_1_37' title="bbox 1776 636 3321 710">
    <p class='ocr_par' dir='ltr' id='par_1_37' title="bbox 1776 636 3321 710">
     <span class='ocr_line' id='line_1_37' title="bbox 1776 636 3321 710; baseline 0.005 -21"><span class='ocrx_word' id='word_1_258' title='bbox 1776 651 1897 689; x_wconf 90' lang='lat' dir='ltr'><strong>cum</strong></span> <span class='ocrx_word' id='word_1_259' title='bbox 1949 636 2275 702; x_wconf 89' lang='lat' dir='ltr'><strong>adjecentias</strong></span> <span class='ocrx_word' id='word_1_260' title='bbox 2304 638 2486 693; x_wconf 89' lang='lat' dir='ltr'><strong>earum</strong></span> <span class='ocrx_word' id='word_1_261' title='bbox 2526 639 2915 708; x_wconf 83' lang='lat' dir='ltr'><strong>promeruissit.</strong></span> <span class='ocrx_word' id='word_1_262' title='bbox 2943 679 2956 692; x_wconf 96' lang='lat'><strong>.</strong></span> <span class='ocrx_word' id='word_1_263' title='bbox 2986 676 3000 693; x_wconf 92' lang='lat'><strong>.</strong></span> <span class='ocrx_word' id='word_1_264' title='bbox 3023 681 3038 696; x_wconf 91' lang='lat'><strong>.</strong></span> <span class='ocrx_word' id='word_1_265' title='bbox 3069 643 3321 710; x_wconf 86' lang='lat' dir='ltr'><strong>cessissit,</strong></span> 
     </span>
    </p>
   </div>
   <div class='ocr_carea' id='block_1_38' title="bbox 1774 724 3326 798">
    <p class='ocr_par' dir='ltr' id='par_1_38' title="bbox 1774 724 3326 798">
     <span class='ocr_line' id='line_1_38' title="bbox 1774 724 3326 798; baseline 0.006 -21"><span class='ocrx_word' id='word_1_266' title='bbox 1774 724 1857 778; x_wconf 91' lang='lat' dir='ltr'><strong>vel</strong></span> <span class='ocrx_word' id='word_1_267' title='bbox 1886 725 2447 796; x_wconf 87' lang='lat' dir='ltr'><strong>contirmassit,.quem</strong></span> <span class='ocrx_word' id='word_1_268' title='bbox 2477 729 2592 782; x_wconf 89' lang='lat' dir='ltr'><strong>viro</strong></span> <span class='ocrx_word' id='word_1_269' title='bbox 2634 727 2887 796; x_wconf 84' lang='lat' dir='ltr'><strong>epistolas</strong></span> <span class='ocrx_word' id='word_1_270' title='bbox 2927 743 3035 798; x_wconf 67' lang='lat' dir='ltr'><strong>pra:</strong></span> <span class='ocrx_word' id='word_1_271' title='bbox 3084 734 3326 786; x_wconf 88' lang='lat' dir='ltr'><strong>manibus</strong></span> 
     </span>
    </p>
   </div>
   <div class='ocr_carea' id='block_1_39' title="bbox 1774 815 3327 888">
    <p class='ocr_par' dir='ltr' id='par_1_39' title="bbox 1774 815 3327 888">
     <span class='ocr_line' id='line_1_39' title="bbox 1774 815 3327 888; baseline 0.006 -21"><span class='ocrx_word' id='word_1_272' title='bbox 1774 815 1970 870; x_wconf 89' lang='lat' dir='ltr'><strong>habere</strong></span> <span class='ocrx_word' id='word_1_273' title='bbox 1997 816 2262 881; x_wconf 89' lang='lat' dir='ltr'><strong>adﬁrmat,</strong></span> <span class='ocrx_word' id='word_1_274' title='bbox 2286 827 2339 871; x_wconf 90' lang='lat' dir='ltr'><strong>et</strong></span> <span class='ocrx_word' id='word_1_275' title='bbox 2361 817 2502 884; x_wconf 87' lang='lat' dir='ltr'><strong>ipsas</strong></span> <span class='ocrx_word' id='word_1_276' title='bbox 2529 817 2771 872; x_wconf 88' lang='lat' dir='ltr'><strong>viilas....</strong></span> <span class='ocrx_word' id='word_1_277' title='bbox 2805 819 2943 872; x_wconf 91' lang='lat' dir='ltr'><strong>cium</strong></span> <span class='ocrx_word' id='word_1_278' title='bbox 2976 819 3170 888; x_wconf 90' lang='lat' dir='ltr'><strong>plinius</strong></span> <span class='ocrx_word' id='word_1_279' title='bbox 3195 837 3327 876; x_wconf 92' lang='lat' dir='ltr'><strong>con-</strong></span> 
     </span>
    </p>
   </div>
   <div class='ocr_carea' id='block_1_40' title="bbox 1774 906 3327 971">
    <p class='ocr_par' dir='ltr' id='par_1_40' title="bbox 1774 906 3327 971">
     <span class='ocr_line' id='line_1_40' title="bbox 1774 906 3327 971; baseline 0.003 -12"><span class='ocrx_word' id='word_1_280' title='bbox 1774 906 1986 961; x_wconf 83' lang='lat' dir='ltr'><strong>ﬁrmare</strong></span> <span class='ocrx_word' id='word_1_281' title='bbox 2012 907 2346 971; x_wconf 85' lang='lat' dir='ltr'><strong>deberemus,</strong></span> <span class='ocrx_word' id='word_1_282' title='bbox 2408 923 2494 962; x_wconf 88' lang='lat' dir='ltr'><strong>cui</strong></span> <span class='ocrx_word' id='word_1_283' title='bbox 2525 923 2627 964; x_wconf 88' lang='lat' dir='ltr'><strong>nos</strong></span> <span class='ocrx_word' id='word_1_284' title='bbox 2681 911 2821 963; x_wconf 90' lang='lat' dir='ltr'><strong>hunc</strong></span> <span class='ocrx_word' id='word_1_285' title='bbox 2839 910 3163 964; x_wconf 81' lang='lat' dir='ltr'><strong>beneﬁcium</strong></span> <span class='ocrx_word' id='word_1_286' title='bbox 3193 915 3327 965; x_wconf 84' lang='lat' dir='ltr'><strong>sicut</strong></span> 
     </span>
    </p>
   </div>
   <div class='ocr_carea' id='block_1_41' title="bbox 1774 997 3326 1066">
    <p class='ocr_par' dir='ltr' id='par_1_41' title="bbox 1774 997 3326 1066">
     <span class='ocr_line' id='line_1_41' title="bbox 1774 997 3326 1066; baseline -0.003 -13"><span class='ocrx_word' id='word_1_287' title='bbox 1774 999 2056 1065; x_wconf 77' lang='lat' dir='ltr'><strong>unicuique</strong></span> <span class='ocrx_word' id='word_1_288' title='bbox 2077 997 2218 1066; x_wconf 90' lang='lat' dir='ltr'><strong>justa</strong></span> <span class='ocrx_word' id='word_1_289' title='bbox 2243 997 2556 1065; x_wconf 87' lang='lat' dir='ltr'><strong>petentebus</strong></span> <span class='ocrx_word' id='word_1_290' title='bbox 2696 998 3112 1066; x_wconf 82' lang='lat' dir='ltr'><strong>veladjecentias</strong></span> <span class='ocrx_word' id='word_1_291' title='bbox 3124 1014 3326 1060; x_wconf 86' lang='lat' dir='ltr'><strong>earum,</strong></span> 
     </span>
    </p>
   </div>
   <div class='ocr_carea' id='block_1_42' title="bbox 1771 1083 3324 1156">
    <p class='ocr_par' dir='ltr' id='par_1_42' title="bbox 1771 1083 3324 1156">
     <span class='ocr_line' id='line_1_42' title="bbox 1771 1083 3324 1156; baseline -0.001 -13"><span class='ocrx_word' id='word_1_292' title='bbox 1771 1103 1894 1143; x_wconf 88' lang='lat' dir='ltr'><strong>cum</strong></span> <span class='ocrx_word' id='word_1_293' title='bbox 1945 1087 2122 1149; x_wconf 88' lang='lat' dir='ltr'><strong>terris,</strong></span> <span class='ocrx_word' id='word_1_294' title='bbox 2171 1086 2424 1140; x_wconf 89' lang='lat' dir='ltr'><strong>domebus</strong></span> <span class='ocrx_word' id='word_1_295' title='bbox 2447 1125 2462 1150; x_wconf 92' lang='lat'><strong>,</strong></span> <span class='ocrx_word' id='word_1_296' title='bbox 2495 1083 2770 1151; x_wconf 80' lang='lat' dir='ltr'><strong>edcfeciis,</strong></span> <span class='ocrx_word' id='word_1_297' title='bbox 2805 1087 3114 1156; x_wconf 84' lang='lat' dir='ltr'><strong>mancipiis,</strong></span> <span class='ocrx_word' id='word_1_298' title='bbox 3144 1089 3288 1141; x_wconf 83' lang='lat' dir='ltr'><strong>silvis</strong></span> <span class='ocrx_word' id='word_1_299' title='bbox 3311 1129 3324 1151; x_wconf 95' lang='lat'><strong>,</strong></span> 
     </span>
    </p>
   </div>
   <div class='ocr_carea' id='block_1_43' title="bbox 1770 1174 3324 1245">
    <p class='ocr_par' dir='ltr' id='par_1_43' title="bbox 1770 1174 3324 1245">
     <span class='ocr_line' id='line_1_43' title="bbox 1770 1174 3324 1245; baseline -0.001 -17"><span class='ocrx_word' id='word_1_300' title='bbox 1770 1176 1960 1245; x_wconf 85' lang='lat' dir='ltr'><strong>pratis,</strong></span> <span class='ocrx_word' id='word_1_301' title='bbox 1988 1175 2235 1242; x_wconf 88' lang='lat' dir='ltr'><strong>pascuiis,</strong></span> <span class='ocrx_word' id='word_1_302' title='bbox 2267 1174 2509 1242; x_wconf 89' lang='lat' dir='ltr'><strong>peculiis.</strong></span> <span class='ocrx_word' id='word_1_303' title='bbox 2528 1212 2542 1224; x_wconf 94' lang='lat'><strong>.</strong></span> <span class='ocrx_word' id='word_1_304' title='bbox 2561 1213 2574 1226; x_wconf 96' lang='lat'><strong>.</strong></span> <span class='ocrx_word' id='word_1_305' title='bbox 2597 1212 2611 1227; x_wconf 92' lang='lat'><strong>.</strong></span> <span class='ocrx_word' id='word_1_306' title='bbox 2660 1174 2895 1242; x_wconf 88' lang='lat' dir='ltr'><strong>inspecta</strong></span> <span class='ocrx_word' id='word_1_307' title='bbox 2926 1176 3040 1244; x_wconf 89' lang='lat' dir='ltr'><strong>ipsa</strong></span> <span class='ocrx_word' id='word_1_308' title='bbox 3066 1176 3324 1242; x_wconf 87' lang='lat' dir='ltr'><strong>aepistola</strong></span> 
     </span>
    </p>
   </div>
   <div class='ocr_carea' id='block_1_44' title="bbox 1770 1252 3328 1332">
    <p class='ocr_par' dir='ltr' id='par_1_44' title="bbox 1770 1252 3328 1332">
     <span class='ocr_line' id='line_1_44' title="bbox 1770 1252 3328 1332; baseline -0.001 -14"><span class='ocrx_word' id='word_1_309' title='bbox 1770 1267 1822 1318; x_wconf 89' lang='lat' dir='ltr'><strong>in</strong></span> <span class='ocrx_word' id='word_1_310' title='bbox 1843 1263 2199 1332; x_wconf 74' lang='lat' dir='ltr'><strong>supfascripta</strong></span> <span class='ocrx_word' id='word_1_311' title='bbox 2221 1263 2336 1317; x_wconf 90' lang='lat' dir='ltr'><strong>loca</strong></span> <span class='ocrx_word' id='word_1_312' title='bbox 2360 1262 2470 1316; x_wconf 89' lang='lat' dir='ltr'><strong>visa</strong></span> <span class='ocrx_word' id='word_1_313' title='bbox 2517 1261 2613 1314; x_wconf 76' lang='lat' dir='ltr'><strong>fuit</strong></span> <span class='ocrx_word' id='word_1_314' title='bbox 2643 1252 3016 1329; x_wconf 86' lang='lat' dir='ltr'><strong>promeruisse,</strong></span> <span class='ocrx_word' id='word_1_315' title='bbox 3046 1271 3101 1316; x_wconf 90' lang='lat' dir='ltr'><strong>et</strong></span> <span class='ocrx_word' id='word_1_316' title='bbox 3139 1263 3240 1318; x_wconf 92' lang='lat' dir='ltr'><strong>hoc</strong></span> <span class='ocrx_word' id='word_1_317' title='bbox 3260 1265 3328 1317; x_wconf 90' lang='lat' dir='ltr'><strong>ad</strong></span> 
     </span>
    </p>
   </div>
   <div class='ocr_carea' id='block_1_45' title="bbox 1769 1347 3327 1424">
    <p class='ocr_par' dir='ltr' id='par_1_45' title="bbox 1769 1347 3327 1424">
     <span class='ocr_line' id='line_1_45' title="bbox 1769 1347 3327 1424; baseline 0 -16"><span class='ocrx_word' id='word_1_318' title='bbox 1769 1369 1989 1424; x_wconf 84' lang='lat' dir='ltr'><strong>presens</strong></span> <span class='ocrx_word' id='word_1_319' title='bbox 2035 1354 2220 1421; x_wconf 87' lang='lat' dir='ltr'><strong>quieto</strong></span> <span class='ocrx_word' id='word_1_320' title='bbox 2249 1353 2448 1407; x_wconf 90' lang='lat' dir='ltr'><strong>ordene</strong></span> <span class='ocrx_word' id='word_1_321' title='bbox 2482 1367 2624 1420; x_wconf 89' lang='lat' dir='ltr'><strong>poss.</strong></span> <span class='ocrx_word' id='word_1_322' title='bbox 2645 1394 2656 1406; x_wconf 90' lang='lat'><strong>.</strong></span> <span class='ocrx_word' id='word_1_323' title='bbox 2679 1391 2692 1406; x_wconf 95' lang='lat'><strong>.</strong></span> <span class='ocrx_word' id='word_1_324' title='bbox 2714 1391 2728 1405; x_wconf 95' lang='lat'><strong>.</strong></span> <span class='ocrx_word' id='word_1_325' title='bbox 2749 1347 2993 1405; x_wconf 81' lang='lat' dir='ltr'><strong>voluerit</strong></span> <span class='ocrx_word' id='word_1_326' title='bbox 3023 1353 3242 1408; x_wconf 90' lang='lat' dir='ltr'><strong>liberum</strong></span> <span class='ocrx_word' id='word_1_327' title='bbox 3275 1356 3327 1408; x_wconf 91' lang='lat' dir='ltr'><strong>in</strong></span> 
     </span>
    </p>
   </div>
   <div class='ocr_carea' id='block_1_46' title="bbox 1769 1441 3323 1509">
    <p class='ocr_par' dir='ltr' id='par_1_46' title="bbox 1769 1441 3323 1509">
     <span class='ocr_line' id='line_1_46' title="bbox 1769 1441 3323 1509; baseline -0.001 -12"><span class='ocrx_word' id='word_1_328' title='bbox 1769 1443 2014 1497; x_wconf 80' lang='lat' dir='ltr'><strong>erunibus</strong></span> <span class='ocrx_word' id='word_1_329' title='bbox 2039 1441 2284 1509; x_wconf 88' lang='lat' dir='ltr'><strong>puciatur</strong></span> <span class='ocrx_word' id='word_1_330' title='bbox 2308 1441 2609 1508; x_wconf 87' lang='lat' dir='ltr'><strong>arbitrium,</strong></span> <span class='ocrx_word' id='word_1_331' title='bbox 2638 1450 2693 1496; x_wconf 88' lang='lat' dir='ltr'><strong>et</strong></span> <span class='ocrx_word' id='word_1_332' title='bbox 2724 1442 2859 1494; x_wconf 87' lang='lat' dir='ltr'><strong>haec</strong></span> <span class='ocrx_word' id='word_1_333' title='bbox 2885 1449 3189 1495; x_wconf 86' lang='lat' dir='ltr'><strong>auctoretas</strong></span> <span class='ocrx_word' id='word_1_334' title='bbox 3218 1450 3323 1496; x_wconf 91' lang='lat' dir='ltr'><strong>tam</strong></span> 
     </span>
    </p>
   </div>
   <div class='ocr_carea' id='block_1_47' title="bbox 1769 1531 2560 1597">
    <p class='ocr_par' dir='ltr' id='par_1_47' title="bbox 1769 1531 2560 1597">
     <span class='ocr_line' id='line_1_47' title="bbox 1769 1531 2560 1597; baseline 0 -13"><span class='ocrx_word' id='word_1_335' title='bbox 1769 1547 1798 1584; x_wconf 85' lang='lat' dir='ltr'><strong>a</strong></span> <span class='ocrx_word' id='word_1_336' title='bbox 1828 1531 2022 1586; x_wconf 84' lang='lat' dir='ltr'><strong>nostris</strong></span> <span class='ocrx_word' id='word_1_337' title='bbox 2049 1545 2229 1597; x_wconf 88' lang='lat' dir='ltr'><strong>quam.</strong></span> <span class='ocrx_word' id='word_1_338' title='bbox 2259 1569 2272 1583; x_wconf 92' lang='lat'><strong>.</strong></span> <span class='ocrx_word' id='word_1_339' title='bbox 2303 1569 2317 1584; x_wconf 93' lang='lat'><strong>.</strong></span> <span class='ocrx_word' id='word_1_340' title='bbox 2343 1570 2360 1585; x_wconf 84' lang='lat'><strong>.</strong></span> <span class='ocrx_word' id='word_1_341' title='bbox 2391 1569 2438 1582; x_wconf 93' lang='lat'><strong>..</strong></span> <span class='ocrx_word' id='word_1_342' title='bbox 2468 1570 2480 1582; x_wconf 94' lang='lat'><strong>.</strong></span> <span class='ocrx_word' id='word_1_343' title='bbox 2509 1570 2560 1584; x_wconf 95' lang='lat'><strong>..</strong></span> 
     </span>
    </p>
   </div>
   <div class='ocr_carea' id='block_1_48' title="bbox 1773 1620 2959 1686">
    <p class='ocr_par' dir='ltr' id='par_1_48' title="bbox 1773 1620 2959 1686">
     <span class='ocr_line' id='line_1_48' title="bbox 1773 1620 2959 1686; baseline -0.004 -10"><span class='ocrx_word' id='word_1_344' title='bbox 1773 1662 1787 1677; x_wconf 93' lang='lat'><strong>.</strong></span> <span class='ocrx_word' id='word_1_345' title='bbox 1819 1661 1830 1674; x_wconf 95' lang='lat'><strong>.</strong></span> <span class='ocrx_word' id='word_1_346' title='bbox 1864 1663 1874 1674; x_wconf 93' lang='lat'><strong>.</strong></span> <span class='ocrx_word' id='word_1_347' title='bbox 1903 1659 1916 1673; x_wconf 95' lang='lat'><strong>.</strong></span> <span class='ocrx_word' id='word_1_348' title='bbox 1940 1661 1953 1674; x_wconf 93' lang='lat'><strong>.</strong></span> <span class='ocrx_word' id='word_1_349' title='bbox 1982 1661 1993 1674; x_wconf 95' lang='lat'><strong>.</strong></span> <span class='ocrx_word' id='word_1_350' title='bbox 2019 1660 2030 1673; x_wconf 95' lang='lat'><strong>.</strong></span> <span class='ocrx_word' id='word_1_351' title='bbox 2053 1659 2066 1673; x_wconf 95' lang='lat'><strong>.</strong></span> <span class='ocrx_word' id='word_1_352' title='bbox 2093 1660 2107 1673; x_wconf 97' lang='lat'><strong>.</strong></span> <span class='ocrx_word' id='word_1_353' title='bbox 2135 1661 2148 1686; x_wconf 87' lang='lat'><strong>,</strong></span> <span class='ocrx_word' id='word_1_354' title='bbox 2177 1636 2210 1674; x_wconf 93' lang='grc' dir='ltr'>ο</span> <span class='ocrx_word' id='word_1_355' title='bbox 2238 1621 2372 1686; x_wconf 88' lang='lat' dir='ltr'><strong>rigui</strong></span> <span class='ocrx_word' id='word_1_356' title='bbox 2397 1620 2593 1674; x_wconf 89' lang='lat' dir='ltr'><strong>domno</strong></span> <span class='ocrx_word' id='word_1_357' title='bbox 2615 1621 2959 1676; x_wconf 67' lang='lat' dir='ltr'><strong>Chlodovco-</strong></span> 
     </span>
    </p>
   </div>
   <div class='ocr_carea' id='block_1_49' title="bbox 1770 1750 3318 1818">
    <p class='ocr_par' dir='ltr' id='par_1_49' title="bbox 1770 1750 3318 1818">
     <span class='ocr_line' id='line_1_49' title="bbox 1770 1750 3318 1818; baseline -0.004 -11"><span class='ocrx_word' id='word_1_358' title='bbox 1770 1764 1942 1808; x_wconf 87' lang='lat' dir='ltr'><strong>torum</strong></span> <span class='ocrx_word' id='word_1_359' title='bbox 1970 1768 2147 1807; x_wconf 87' lang='lat' dir='ltr'><strong>rerum</strong></span> <span class='ocrx_word' id='word_1_360' title='bbox 2173 1753 2565 1815; x_wconf 86' lang='lat' dir='ltr'><strong>Francicarum,</strong></span> <span class='ocrx_word' id='word_1_361' title='bbox 2594 1757 2635 1803; x_wconf 85' lang='lat' dir='ltr'><strong>t.</strong></span> <span class='ocrx_word' id='word_1_362' title='bbox 2667 1751 2751 1813; x_wconf 84' lang='lat' dir='ltr'><strong>IV,</strong></span> <span class='ocrx_word' id='word_1_363' title='bbox 2778 1765 2897 1818; x_wconf 88' lang='lat' dir='ltr'><strong>pag.</strong></span> <span class='ocrx_word' id='word_1_364' title='bbox 2924 1750 3047 1813; x_wconf 76' lang='lat'><strong>6&#39;58,</strong></span> <span class='ocrx_word' id='word_1_365' title='bbox 3082 1759 3142 1803; x_wconf 91' lang='lat' dir='ltr'><strong>n°</strong></span> <span class='ocrx_word' id='word_1_366' title='bbox 3176 1767 3318 1814; x_wconf 73' lang='grc' dir='ltr'><strong>ΧΧΧΙ,</strong></span> 
     </span>
    </p>
   </div>
   <div class='ocr_carea' id='block_1_50' title="bbox 1770 1820 3318 1898">
    <p class='ocr_par' dir='ltr' id='par_1_50' title="bbox 1770 1820 3318 1898">
     <span class='ocr_line' id='line_1_50' title="bbox 1770 1820 3318 1898; baseline -0.005 -21"><span class='ocrx_word' id='word_1_367' title='bbox 1770 1833 1823 1898; x_wconf 83' lang='lat' dir='ltr'><strong>et</strong></span> <span class='ocrx_word' id='word_1_368' title='bbox 1842 1823 1950 1898; x_wconf 74' lang='lat' dir='ltr'><strong>ipsi</strong></span> <span class='ocrx_word' id='word_1_369' title='bbox 1982 1826 2181 1898; x_wconf 81' lang='lat' dir='ltr'><strong>absque</strong></span> <span class='ocrx_word' id='word_1_370' title='bbox 2211 1823 2314 1875; x_wconf 89' lang='lat' dir='ltr'><strong>ulla</strong></span> <span class='ocrx_word' id='word_1_371' title='bbox 2337 1822 2708 1874; x_wconf 80' lang='lat' dir='ltr'><strong>illustratione.</strong></span> <span class='ocrx_word' id='word_1_372' title='bbox 2735 1822 3117 1898; x_wconf 68' lang='lat' dir='ltr'><strong>[Archetypum</strong></span> <span class='ocrx_word' id='word_1_373' title='bbox 3149 1820 3200 1872; x_wconf 91' lang='lat' dir='ltr'><strong>iu</strong></span> <span class='ocrx_word' id='word_1_374' title='bbox 3230 1836 3318 1898; x_wconf 75' lang='lat' dir='ltr'><strong>ar-</strong></span> 
     </span>
    </p>
   </div>
   <div class='ocr_carea' id='block_1_51' title="bbox 1701 1888 3317 1958">
    <p class='ocr_par' dir='ltr' id='par_1_51' title="bbox 1701 1888 3317 1958">
     <span class='ocr_line' id='line_1_51' title="bbox 1701 1888 3317 1958; baseline -0.004 -13"><span class='ocrx_word' id='word_1_375' title='bbox 1701 1900 1744 1957; x_wconf 79' lang='lat' dir='ltr'><strong>B</strong></span> <span class='ocrx_word' id='word_1_376' title='bbox 1771 1888 1927 1945; x_wconf 89' lang='lat' dir='ltr'><strong>chivo</strong></span> <span class='ocrx_word' id='word_1_377' title='bbox 1975 1888 2142 1958; x_wconf 75' lang='lat' dir='ltr'><strong>regio,</strong></span> <span class='ocrx_word' id='word_1_378' title='bbox 2175 1907 2226 1953; x_wconf 84' lang='lat' dir='ltr'><strong>tt,</strong></span> <span class='ocrx_word' id='word_1_379' title='bbox 2259 1906 2445 1953; x_wconf 87' lang='lat' dir='ltr'><strong>n.vtu,</strong></span> <span class='ocrx_word' id='word_1_380' title='bbox 2480 1904 2618 1942; x_wconf 91' lang='lat' dir='ltr'><strong>nunc</strong></span> <span class='ocrx_word' id='word_1_381' title='bbox 2645 1888 2973 1958; x_wconf 68' lang='lat' dir='ltr'><strong>asservatur,</strong></span> <span class='ocrx_word' id='word_1_382' title='bbox 3021 1889 3113 1940; x_wconf 88' lang='lat' dir='ltr'><strong>sed</strong></span> <span class='ocrx_word' id='word_1_383' title='bbox 3168 1888 3317 1958; x_wconf 80' lang='lat' dir='ltr'><strong>valde</strong></span> 
     </span>
    </p>
   </div>
   <div class='ocr_carea' id='block_1_52' title="bbox 1774 1956 3317 2032">
    <p class='ocr_par' dir='ltr' id='par_1_52' title="bbox 1774 1956 3317 2032">
     <span class='ocr_line' id='line_1_52' title="bbox 1774 1956 3317 2032; baseline -0.006 -17"><span class='ocrx_word' id='word_1_384' title='bbox 1774 1956 2139 2032; x_wconf 57' lang='lat' dir='ltr'><strong>mutilum,&#39;a&#39;d</strong></span> <span class='ocrx_word' id='word_1_385' title='bbox 2167 1961 2319 2026; x_wconf 86' lang='lat' dir='ltr'><strong>cujus</strong></span> <span class='ocrx_word' id='word_1_386' title='bbox 2345 1960 2497 2032; x_wconf 68' lang='lat' dir='ltr'><strong>ﬁdem</strong></span> <span class='ocrx_word' id='word_1_387' title='bbox 2531 1956 3120 2032; x_wconf 47' lang='lat' dir='ltr'><strong>novamjecensionem</strong></span> <span class='ocrx_word' id='word_1_388' title='bbox 3167 1956 3317 2032; x_wconf 77' lang='lat' dir='ltr'><strong>iusti-</strong></span> 
     </span>
    </p>
   </div>
   <div class='ocr_carea' id='block_1_53' title="bbox 1777 2025 3326 2095">
    <p class='ocr_par' dir='ltr' id='par_1_53' title="bbox 1777 2025 3326 2095">
     <span class='ocr_line' id='line_1_53' title="bbox 1777 2025 3326 2095; baseline -0.005 -12"><span class='ocrx_word' id='word_1_389' title='bbox 1777 2025 2180 2084; x_wconf 60' lang='lat' dir='ltr'><strong>tnere&#39;conatus</strong></span> <span class='ocrx_word' id='word_1_390' title='bbox 2232 2038 2314 2081; x_wconf 88' lang='lat' dir='ltr'><strong>est</strong></span> <span class='ocrx_word' id='word_1_391' title='bbox 2351 2030 2410 2079; x_wconf 84' lang='lat' dir='ltr'><strong>A.</strong></span> <span class='ocrx_word' id='word_1_392' title='bbox 2457 2026 2689 2095; x_wconf 79' lang='lat' dir='ltr'><strong>Teulet.]</strong></span> <span class='ocrx_word' id='word_1_393' title='bbox 2732 2025 3140 2080; x_wconf 83' lang='lat' dir='ltr'><strong>instrumentum</strong></span> <span class='ocrx_word' id='word_1_394' title='bbox 3190 2025 3326 2095; x_wconf 76' lang='lat' dir='ltr'><strong>adeo</strong></span> 
     </span>
    </p>
   </div>
   <div class='ocr_carea' id='block_1_54' title="bbox 1776 2093 3330 2163">
    <p class='ocr_par' dir='ltr' id='par_1_54' title="bbox 1776 2093 3330 2163">
     <span class='ocr_line' id='line_1_54' title="bbox 1776 2093 3330 2163; baseline -0.005 -11"><span class='ocrx_word' id='word_1_395' title='bbox 1776 2099 2039 2158; x_wconf 88' lang='lat' dir='ltr'><strong>mutilum,</strong></span> <span class='ocrx_word' id='word_1_396' title='bbox 2091 2098 2424 2159; x_wconf 84' lang='lat' dir='ltr'><strong>Amathildis,</strong></span> <span class='ocrx_word' id='word_1_397' title='bbox 2457 2093 2697 2163; x_wconf 59' lang='lat' dir='ltr'><strong>personae</strong></span> <span class='ocrx_word' id='word_1_398' title='bbox 2745 2095 2984 2163; x_wconf 61' lang='lat' dir='ltr'><strong>private,</strong></span> <span class='ocrx_word' id='word_1_399' title='bbox 3035 2108 3133 2163; x_wconf 85' lang='lat' dir='ltr'><strong>ncc</strong></span> <span class='ocrx_word' id='word_1_400' title='bbox 3179 2093 3330 2146; x_wconf 87' lang='lat' dir='ltr'><strong>nobis</strong></span> 
     </span>
    </p>
   </div>
   <div class='ocr_carea' id='block_1_55' title="bbox 1774 2161 3325 2233">
    <p class='ocr_par' dir='ltr' id='par_1_55' title="bbox 1774 2161 3325 2233">
     <span class='ocr_line' id='line_1_55' title="bbox 1774 2161 3325 2233; baseline -0.004 -13"><span class='ocrx_word' id='word_1_401' title='bbox 1774 2166 1986 2220; x_wconf 85' lang='lat' dir='ltr'><strong>aliunde</strong></span> <span class='ocrx_word' id='word_1_402' title='bbox 2009 2168 2255 2233; x_wconf 77' lang='lat' dir='ltr'><strong>cognitae,</strong></span> <span class='ocrx_word' id='word_1_403' title='bbox 2286 2161 2477 2218; x_wconf 83' lang='lat' dir='ltr'><strong>nomen</strong></span> <span class='ocrx_word' id='word_1_404' title='bbox 2508 2166 2681 2217; x_wconf 85' lang='lat' dir='ltr'><strong>solum</strong></span> <span class='ocrx_word' id='word_1_405' title='bbox 2713 2161 3008 2230; x_wconf 79' lang='lat' dir='ltr'><strong>proferens,</strong></span> <span class='ocrx_word' id='word_1_406' title='bbox 3038 2161 3102 2215; x_wconf 90' lang='lat' dir='ltr'><strong>ad</strong></span> <span class='ocrx_word' id='word_1_407' title='bbox 3125 2171 3325 2216; x_wconf 83' lang='lat' dir='ltr'><strong>certam</strong></span> 
     </span>
    </p>
   </div>
   <div class='ocr_carea' id='block_1_56' title="bbox 1775 2233 3328 2302">
    <p class='ocr_par' dir='ltr' id='par_1_56' title="bbox 1775 2233 3328 2302">
     <span class='ocr_line' id='line_1_56' title="bbox 1775 2233 3328 2302; baseline -0.004 -14"><span class='ocrx_word' id='word_1_408' title='bbox 1775 2235 2031 2302; x_wconf 88' lang='lat' dir='ltr'><strong>epocham</strong></span> <span class='ocrx_word' id='word_1_409' title='bbox 2057 2248 2331 2296; x_wconf 87' lang='lat' dir='ltr'><strong>revocare,</strong></span> <span class='ocrx_word' id='word_1_410' title='bbox 2354 2241 2406 2286; x_wconf 92' lang='lat' dir='ltr'><strong>et</strong></span> <span class='ocrx_word' id='word_1_411' title='bbox 2432 2247 2572 2302; x_wconf 85' lang='lat' dir='ltr'><strong>anno</strong></span> <span class='ocrx_word' id='word_1_412' title='bbox 2595 2233 2870 2302; x_wconf 63' lang='lat' dir='ltr'><strong>peculiari</strong></span> <span class='ocrx_word' id='word_1_413' title='bbox 2902 2233 3180 2302; x_wconf 53' lang='lat' dir='ltr'><strong>assignare</strong></span> <span class='ocrx_word' id='word_1_414' title='bbox 3227 2247 3328 2282; x_wconf 87' lang='lat' dir='ltr'><strong>non</strong></span> 
     </span>
    </p>
   </div>
   <div class='ocr_carea' id='block_1_57' title="bbox 1774 2297 3326 2367">
    <p class='ocr_par' dir='ltr' id='par_1_57' title="bbox 1774 2297 3326 2367">
     <span class='ocr_line' id='line_1_57' title="bbox 1774 2297 3326 2367; baseline -0.004 -12"><span class='ocrx_word' id='word_1_415' title='bbox 1774 2297 1915 2356; x_wconf 77' lang='lat' dir='ltr'><strong>licet.</strong></span> <span class='ocrx_word' id='word_1_416' title='bbox 1949 2301 2004 2354; x_wconf 85' lang='lat' dir='ltr'><strong>id</strong></span> <span class='ocrx_word' id='word_1_417' title='bbox 2035 2309 2236 2354; x_wconf 88' lang='lat' dir='ltr'><strong>tantum</strong></span> <span class='ocrx_word' id='word_1_418' title='bbox 2261 2315 2329 2354; x_wconf 78' lang='lat' dir='ltr'><strong>ex</strong></span> <span class='ocrx_word' id='word_1_419' title='bbox 2376 2301 2556 2353; x_wconf 87' lang='lat' dir='ltr'><strong>ultima</strong></span> <span class='ocrx_word' id='word_1_420' title='bbox 2588 2297 2867 2367; x_wconf 78' lang='lat' dir='ltr'><strong>fragmenti</strong></span> <span class='ocrx_word' id='word_1_421' title='bbox 2891 2313 3019 2351; x_wconf 89' lang='lat' dir='ltr'><strong>voce</strong></span> <span class='ocrx_word' id='word_1_422' title='bbox 3060 2299 3326 2367; x_wconf 80' lang='lat' dir='ltr'><strong>noviums,</strong></span> 
     </span>
    </p>
   </div>
   <div class='ocr_carea' id='block_1_58' title="bbox 1774 2364 3325 2432">
    <p class='ocr_par' dir='ltr' id='par_1_58' title="bbox 1774 2364 3325 2432">
     <span class='ocr_line' id='line_1_58' title="bbox 1774 2364 3325 2432; baseline -0.005 -6"><span class='ocrx_word' id='word_1_423' title='bbox 1774 2372 2022 2426; x_wconf 88' lang='lat' dir='ltr'><strong>emissum</strong></span> <span class='ocrx_word' id='word_1_424' title='bbox 2053 2369 2213 2423; x_wconf 85' lang='lat' dir='ltr'><strong>fuisse</strong></span> <span class='ocrx_word' id='word_1_425' title='bbox 2241 2376 2496 2432; x_wconf 83' lang='lat' dir='ltr'><strong>regnante</strong></span> <span class='ocrx_word' id='word_1_426' title='bbox 2533 2364 2858 2431; x_wconf 79' lang='lat' dir='ltr'><strong>Chlodoveo,</strong></span> <span class='ocrx_word' id='word_1_427' title='bbox 2900 2367 3037 2432; x_wconf 89' lang='lat' dir='ltr'><strong>quod</strong></span> <span class='ocrx_word' id='word_1_428' title='bbox 3062 2367 3128 2420; x_wconf 88' lang='lat' dir='ltr'><strong>de</strong></span> <span class='ocrx_word' id='word_1_429' title='bbox 3173 2364 3325 2419; x_wconf 60' lang='lat' dir='ltr'><strong>Clito»</strong></span> 
     </span>
    </p>
   </div>
   <div class='ocr_carea' id='block_1_59' title="bbox 1767 2435 3318 2506">
    <p class='ocr_par' dir='ltr' id='par_1_59' title="bbox 1767 2435 3318 2506">
     <span class='ocr_line' id='line_1_59' title="bbox 1767 2435 3318 2506; baseline -0.004 -13"><span class='ocrx_word' id='word_1_430' title='bbox 1767 2442 1936 2494; x_wconf 87' lang='lat' dir='ltr'><strong>dovco</strong></span> <span class='ocrx_word' id='word_1_431' title='bbox 1978 2439 2016 2491; x_wconf 95' lang='lat' dir='ltr'><strong>Il</strong></span> <span class='ocrx_word' id='word_1_432' title='bbox 2046 2439 2290 2506; x_wconf 87' lang='lat' dir='ltr'><strong>intelligit</strong></span> <span class='ocrx_word' id='word_1_433' title='bbox 2312 2435 2685 2501; x_wconf 82' lang='lat' dir='ltr'><strong>Mabillonius;</strong></span> <span class='ocrx_word' id='word_1_434' title='bbox 2714 2435 2851 2506; x_wconf 83' lang='lat' dir='ltr'><strong>unde</strong></span> <span class='ocrx_word' id='word_1_435' title='bbox 2883 2435 3030 2500; x_wconf 92' lang='lat' dir='ltr'><strong>illud,</strong></span> <span class='ocrx_word' id='word_1_436' title='bbox 3053 2435 3318 2506; x_wconf 81' lang='lat' dir='ltr'><strong>cu_m__Col-</strong></span> 
     </span>
    </p>
   </div>
   <div class='ocr_carea' id='block_1_60' title="bbox 1770 2502 3326 2575">
    <p class='ocr_par' dir='ltr' id='par_1_60' title="bbox 1770 2502 3326 2575">
     <span class='ocr_line' id='line_1_60' title="bbox 1770 2502 3326 2575; baseline -0.004 -13"><span class='ocrx_word' id='word_1_437' title='bbox 1770 2509 2062 2564; x_wconf 86' lang='lat' dir='ltr'><strong>lectoribus</strong></span> <span class='ocrx_word' id='word_1_438' title='bbox 2090 2502 2408 2575; x_wconf 75' lang='lat' dir='ltr'><strong>scriptorum</strong></span> <span class='ocrx_word' id='word_1_439' title='bbox 2440 2504 3039 2575; x_wconf 62' lang='lat' dir='ltr'><strong>reruml’rancicaruiu,</strong></span> <span class='ocrx_word' id='word_1_440' title='bbox 3067 2503 3134 2575; x_wconf 81' lang='lat' dir='ltr'><strong>ad</strong></span> <span class='ocrx_word' id='word_1_441' title='bbox 3169 2502 3326 2575; x_wconf 83' lang='lat' dir='ltr'><strong>linem</strong></span> 
     </span>
    </p>
   </div>
   <div class='ocr_carea' id='block_1_61' title="bbox 1769 2571 3323 2645">
    <p class='ocr_par' dir='ltr' id='par_1_61' title="bbox 1769 2571 3323 2645">
     <span class='ocr_line' id='line_1_61' title="bbox 1769 2571 3323 2645; baseline -0.005 -15"><span class='ocrx_word' id='word_1_442' title='bbox 1769 2578 1917 2645; x_wconf 85' lang='lat' dir='ltr'><strong>regni</strong></span> <span class='ocrx_word' id='word_1_443' title='bbox 1947 2571 2235 2631; x_wconf 80' lang='lat' dir='ltr'><strong>Chlodovéi</strong></span> <span class='ocrx_word' id='word_1_444' title='bbox 2261 2574 2301 2628; x_wconf 92' lang='lat' dir='ltr'><strong>ll</strong></span> <span class='ocrx_word' id='word_1_445' title='bbox 2324 2617 2338 2640; x_wconf 98' lang='lat'><strong>,</strong></span> <span class='ocrx_word' id='word_1_446' title='bbox 2373 2583 2430 2628; x_wconf 89' lang='lat' dir='ltr'><strong>ut</strong></span> <span class='ocrx_word' id='word_1_447' title='bbox 2469 2586 2593 2643; x_wconf 74' lang='lat' dir='ltr'><strong>pou:</strong></span> <span class='ocrx_word' id='word_1_448' title='bbox 2622 2574 2809 2628; x_wconf 88' lang='lat' dir='ltr'><strong>incerti</strong></span> <span class='ocrx_word' id='word_1_449' title='bbox 2854 2572 3138 2641; x_wconf 88' lang='lat' dir='ltr'><strong>temporis,</strong></span> <span class='ocrx_word' id='word_1_450' title='bbox 3196 2571 3323 2638; x_wconf 85' lang='lat' dir='ltr'><strong>reji-</strong></span> 
     </span>
    </p>
   </div>
   <div class='ocr_carea' id='block_1_62' title="bbox 1769 2661 1958 2698">
    <p class='ocr_par' dir='ltr' id='par_1_62' title="bbox 1769 2661 1958 2698">
     <span class='ocr_line' id='line_1_62' title="bbox 1769 2661 1958 2698; baseline 0 0"><span class='ocrx_word' id='word_1_451' title='bbox 1769 2661 1816 2698; x_wconf 82' lang='lat' dir='ltr'><strong>CI</strong></span> <span class='ocrx_word' id='word_1_452' title='bbox 1823 2663 1870 2697; x_wconf 80' lang='lat' dir='ltr'><strong>Ill</strong></span> <span class='ocrx_word' id='word_1_453' title='bbox 1877 2661 1936 2698; x_wconf 75' lang='lat' dir='ltr'><strong>US</strong></span> <span class='ocrx_word' id='word_1_454' title='bbox 1943 2684 1958 2698; x_wconf 84' lang='lat'><strong>.</strong></span> 
     </span>
    </p>
   </div>
   <div class='ocr_carea' id='block_1_63' title="bbox 1842 2710 3328 2780">
    <p class='ocr_par' dir='ltr' id='par_1_63' title="bbox 1842 2710 3328 2780">
     <span class='ocr_line' id='line_1_63' title="bbox 1842 2710 3328 2780; baseline -0.004 -15"><span class='ocrx_word' id='word_1_455' title='bbox 1842 2723 1866 2749; x_wconf 76' lang='grc' dir='ltr'><strong>ο</strong></span> <span class='ocrx_word' id='word_1_456' title='bbox 1917 2712 2219 2780; x_wconf 89' lang='lat' dir='ltr'><strong>Legendum</strong></span> <span class='ocrx_word' id='word_1_457' title='bbox 2259 2710 2571 2780; x_wconf 83' lang='lat' dir='ltr'><strong>conjicimus</strong></span> <span class='ocrx_word' id='word_1_458' title='bbox 2613 2710 2863 2780; x_wconf 82' lang='lat' dir='ltr'><strong>bunoaria</strong></span> <span class='ocrx_word' id='word_1_459' title='bbox 2902 2710 3002 2776; x_wconf 68' lang='lat' dir='ltr'><strong>aij,</strong></span> <span class='ocrx_word' id='word_1_460' title='bbox 3054 2722 3150 2776; x_wconf 92' lang='lat' dir='ltr'><strong>pro</strong></span> <span class='ocrx_word' id='word_1_461' title='bbox 3197 2721 3328 2780; x_wconf 75' lang='lat' dir='ltr'><strong>voce</strong></span> 
     </span>
    </p>
   </div>
   <div class='ocr_carea' id='block_1_64' title="bbox 1770 2775 3320 2834">
    <p class='ocr_par' dir='ltr' id='par_1_64' title="bbox 1770 2775 3320 2834">
     <span class='ocr_line' id='line_1_64' title="bbox 1770 2775 3320 2834; baseline -0.005 -1"><span class='ocrx_word' id='word_1_462' title='bbox 1770 2775 2017 2834; x_wconf 53' lang='lat' dir='ltr'><strong>barbara&#39;</strong></span> <span class='ocrx_word' id='word_1_463' title='bbox 2044 2775 2390 2833; x_wconf 70' lang='lat' dir='ltr'><strong>bunoariaxn.</strong></span> <span class='ocrx_word' id='word_1_464' title='bbox 2442 2779 2557 2832; x_wconf 74' lang='lat' dir='ltr'><strong>Vox</strong></span> <span class='ocrx_word' id='word_1_465' title='bbox 2605 2779 2854 2830; x_wconf 86' lang='lat' dir='ltr'><strong>bunoaria</strong></span> <span class='ocrx_word' id='word_1_466' title='bbox 2901 2775 3005 2829; x_wconf 87' lang='lat' dir='ltr'><strong>non</strong></span> <span class='ocrx_word' id='word_1_467' title='bbox 3053 2775 3218 2829; x_wconf 73' lang='lat' dir='ltr'><strong>Semel</strong></span> <span class='ocrx_word' id='word_1_468' title='bbox 3268 2777 3320 2827; x_wconf 91' lang='lat' dir='ltr'><strong>in</strong></span> 
     </span>
    </p>
   </div>
   <div class='ocr_carea' id='block_1_65' title="bbox 1769 2845 3327 2914">
    <p class='ocr_par' dir='ltr' id='par_1_65' title="bbox 1769 2845 3327 2914">
     <span class='ocr_line' id='line_1_65' title="bbox 1769 2845 3327 2914; baseline -0.003 -13"><span class='ocrx_word' id='word_1_469' title='bbox 1769 2849 2133 2902; x_wconf 88' lang='lat' dir='ltr'><strong>instruruentis</strong></span> <span class='ocrx_word' id='word_1_470' title='bbox 2160 2849 2317 2913; x_wconf 88' lang='lat' dir='ltr'><strong>hujus</strong></span> <span class='ocrx_word' id='word_1_471' title='bbox 2344 2848 2516 2901; x_wconf 66' lang='lat' dir='ltr'><strong>aetatis</strong></span> <span class='ocrx_word' id='word_1_472' title='bbox 2556 2854 2839 2914; x_wconf 67' lang='lat' dir='ltr'><strong>usurpatur</strong></span> <span class='ocrx_word' id='word_1_473' title='bbox 2867 2860 2964 2913; x_wconf 88' lang='lat' dir='ltr'><strong>pro</strong></span> <span class='ocrx_word' id='word_1_474' title='bbox 3001 2845 3327 2914; x_wconf 78' lang='lat' dir='ltr'><strong>designanda</strong></span> 
     </span>
    </p>
   </div>
   <div class='ocr_carea' id='block_1_66' title="bbox 1768 2911 3316 2982">
    <p class='ocr_par' dir='ltr' id='par_1_66' title="bbox 1768 2911 3316 2982">
     <span class='ocr_line' id='line_1_66' title="bbox 1768 2911 3316 2982; baseline -0.005 -12"><span class='ocrx_word' id='word_1_475' title='bbox 1768 2927 1909 2970; x_wconf 84' lang='lat' dir='ltr'><strong>certa</strong></span> <span class='ocrx_word' id='word_1_476' title='bbox 1942 2925 2094 2971; x_wconf 65' lang='lat' dir='ltr'><strong>terra:</strong></span> <span class='ocrx_word' id='word_1_477' title='bbox 2141 2911 2407 2978; x_wconf 83' lang='lat' dir='ltr'><strong>mensura,</strong></span> <span class='ocrx_word' id='word_1_478' title='bbox 2458 2923 2516 2968; x_wconf 94' lang='lat' dir='ltr'><strong>ut</strong></span> <span class='ocrx_word' id='word_1_479' title='bbox 2558 2911 3208 2982; x_wconf 54' lang='lat' dir='ltr'><strong>jam&#39;aliashotatimus.</strong></span> <span class='ocrx_word' id='word_1_480' title='bbox 3257 2911 3316 2964; x_wconf 89' lang='lat' dir='ltr'><strong>In</strong></span> 
     </span>
    </p>
   </div>
   <div class='ocr_carea' id='block_1_67' title="bbox 1764 2983 3041 3063">
    <p class='ocr_par' dir='ltr' id='par_1_67' title="bbox 1764 2983 3041 3063">
     <span class='ocr_line' id='line_1_67' title="bbox 1764 2983 3041 3063; baseline -0.005 -23"><span class='ocrx_word' id='word_1_481' title='bbox 1764 2986 1948 3063; x_wconf 73' lang='lat' dir='ltr'><strong>charta</strong></span> <span class='ocrx_word' id='word_1_482' title='bbox 1980 2985 2262 3052; x_wconf 84' lang='lat' dir='ltr'><strong>Blidegisili</strong></span> <span class='ocrx_word' id='word_1_483' title='bbox 2292 2985 2482 3052; x_wconf 84' lang='lat' dir='ltr'><strong>legitur</strong></span> <span class='ocrx_word' id='word_1_484' title='bbox 2501 2984 2735 3037; x_wconf 80' lang='lat' dir='ltr'><strong>bninaria</strong></span> <span class='ocrx_word' id='word_1_485' title='bbox 2761 2983 3041 3037; x_wconf 72' lang='lat' dir='ltr'><strong>duodecim.</strong></span> 
     </span>
    </p>
   </div>
   <div class='ocr_carea' id='block_1_68' title="bbox 152 3193 3317 3218">
    <p class='ocr_par' dir='ltr' id='par_1_68' title="bbox 152 3193 3317 3218">
     <span class='ocr_line' id='line_1_68' title="bbox 152 3193 3317 3218; baseline 0 -8"><span class='ocrx_word' id='word_1_486' title='bbox 152 3193 3317 3218; x_wconf 48' lang='lat' dir='ltr'>ww</span> 
     </span>
    </p>
   </div>
   <div class='ocr_carea' id='block_1_69' title="bbox 1307 3281 2108 3342">
    <p class='ocr_par' dir='ltr' id='par_1_69' title="bbox 1307 3281 2108 3342">
     <span class='ocr_line' id='line_1_69' title="bbox 1307 3281 2108 3342; baseline 0 -2"><span class='ocrx_word' id='word_1_487' title='bbox 1307 3282 1380 3340; x_wconf 91' lang='lat' dir='ltr'><strong>Dl</strong></span> <span class='ocrx_word' id='word_1_488' title='bbox 1393 3281 1766 3341; x_wconf 81' lang='lat' dir='ltr'><strong>PLOMATA</strong></span> <span class='ocrx_word' id='word_1_489' title='bbox 1813 3283 2108 3342; x_wconf 80' lang='lat' dir='ltr'><strong>SPURIA.</strong></span> 
     </span>
    </p>
   </div>
   <div class='ocr_carea' id='block_1_70' title="bbox 598 3509 1186 3568">
    <p class='ocr_par' dir='ltr' id='par_1_70' title="bbox 598 3509 1186 3568">
     <span class='ocr_line' id='line_1_70' title="bbox 598 3509 1186 3568; baseline 0.003 -2"><span class='ocrx_word' id='word_1_490' title='bbox 598 3509 890 3567; x_wconf 79' lang='lat' dir='ltr'><strong>DIPLOMA</strong></span> <span class='ocrx_word' id='word_1_491' title='bbox 927 3511 1186 3568; x_wconf 74' lang='lat' dir='ltr'><strong>PRIMUM</strong></span> 
     </span>
    </p>
   </div>
   <div class='ocr_carea' id='block_1_71' title="bbox 137 3601 1670 3675">
    <p class='ocr_par' dir='ltr' id='par_1_71' title="bbox 137 3601 1670 3675">
     <span class='ocr_line' id='line_1_71' title="bbox 137 3601 1670 3675; baseline 0.004 -21"><span class='ocrx_word' id='word_1_492' title='bbox 137 3605 244 3669; x_wconf 62' lang='lat' dir='ltr'><strong>{leo</strong></span> <span class='ocrx_word' id='word_1_493' title='bbox 264 3601 611 3675; x_wconf 47' lang='lat' dir='ltr'><strong>Chlodoreual</strong></span> <span class='ocrx_word' id='word_1_494' title='bbox 654 3645 666 3660; x_wconf 87' lang='lat'><strong>,</strong></span> <span class='ocrx_word' id='word_1_495' title='bbox 686 3601 1133 3675; x_wconf 24' lang='lat' dir='ltr'><strong>rege‘Frant-orum,</strong></span> <span class='ocrx_word' id='word_1_496' title='bbox 1155 3611 1374 3675; x_wconf 72' lang='lat' dir='ltr'><strong>castrum</strong></span> <span class='ocrx_word' id='word_1_497' title='bbox 1397 3606 1670 3675; x_wconf 82' lang='lat' dir='ltr'><strong>Bagauda-</strong></span> 
     </span>
    </p>
   </div>
   <div class='ocr_carea' id='block_1_72' title="bbox 207 3670 1664 3738">
    <p class='ocr_par' dir='ltr' id='par_1_72' title="bbox 207 3670 1664 3738">
     <span class='ocr_line' id='line_1_72' title="bbox 207 3670 1664 3738; baseline 0.001 -12"><span class='ocrx_word' id='word_1_498' title='bbox 207 3691 310 3726; x_wconf 81' lang='lat' dir='ltr'><strong>rum</strong></span> <span class='ocrx_word' id='word_1_499' title='bbox 323 3675 493 3726; x_wconf 70' lang='lat' dir='ltr'><strong>’donat</strong></span> <span class='ocrx_word' id='word_1_500' title='bbox 518 3670 848 3738; x_wconf 80' lang='lat' dir='ltr'><strong>Blidegisillo,</strong></span> <span class='ocrx_word' id='word_1_501' title='bbox 881 3671 950 3720; x_wconf 84' lang='lat' dir='ltr'><strong>ad</strong></span> <span class='ocrx_word' id='word_1_502' title='bbox 987 3673 1376 3725; x_wconf 76' lang='lat' dir='ltr'><strong>construendum</strong></span> <span class='ocrx_word' id='word_1_503' title='bbox 1399 3670 1664 3728; x_wconf 67' lang='lat' dir='ltr'><strong>monaste-</strong></span> 
     </span>
    </p>
   </div>
   <div class='ocr_carea' id='block_1_73' title="bbox 203 3738 1597 3811">
    <p class='ocr_par' dir='ltr' id='par_1_73' title="bbox 203 3738 1597 3811">
     <span class='ocr_line' id='line_1_73' title="bbox 203 3738 1597 3811; baseline 0.001 -16"><span class='ocrx_word' id='word_1_504' title='bbox 203 3746 326 3795; x_wconf 79' lang='lat' dir='ltr'><strong>riam</strong></span> <span class='ocrx_word' id='word_1_505' title='bbox 353 3740 485 3807; x_wconf 84' lang='lat' dir='ltr'><strong>quod</strong></span> <span class='ocrx_word' id='word_1_506' title='bbox 514 3739 819 3791; x_wconf 75' lang='lat' dir='ltr'><strong>Fossatense</strong></span> <span class='ocrx_word' id='word_1_507' title='bbox 848 3738 1038 3790; x_wconf 80' lang='lat' dir='ltr'><strong>dictum</strong></span> <span class='ocrx_word' id='word_1_508' title='bbox 1076 3740 1170 3806; x_wconf 82' lang='lat' dir='ltr'><strong>[uit</strong></span> <span class='ocrx_word' id='word_1_509' title='bbox 1197 3747 1222 3774; x_wconf 75' lang='grc'>⁸</span> <span class='ocrx_word' id='word_1_510' title='bbox 1270 3741 1415 3808; x_wconf 87' lang='lat' dir='ltr'><strong>(ann.</strong></span> <span class='ocrx_word' id='word_1_511' title='bbox 1447 3742 1597 3811; x_wconf 79' lang='grc'><strong>658).</strong></span> 
     </span>
    </p>
   </div>
   <div class='ocr_carea' id='block_1_74' title="bbox 208 3826 1671 3894">
    <p class='ocr_par' dir='ltr' id='par_1_74' title="bbox 208 3826 1671 3894">
     <span class='ocr_line' id='line_1_74' title="bbox 208 3826 1671 3894; baseline -0.001 -9"><span class='ocrx_word' id='word_1_512' title='bbox 208 3830 530 3894; x_wconf 80' lang='lat' dir='ltr'><strong>Clodoveus,</strong></span> <span class='ocrx_word' id='word_1_513' title='bbox 579 3842 672 3880; x_wconf 69' lang='lat' dir='ltr'><strong>res</strong></span> <span class='ocrx_word' id='word_1_514' title='bbox 723 3826 1084 3888; x_wconf 85' lang='lat' dir='ltr'><strong>Francorum,</strong></span> <span class='ocrx_word' id='word_1_515' title='bbox 1138 3826 1219 3880; x_wconf 84' lang='lat' dir='ltr'><strong>vir</strong></span> <span class='ocrx_word' id='word_1_516' title='bbox 1269 3827 1506 3893; x_wconf 87' lang='lat' dir='ltr'><strong>illustcr,</strong></span> <span class='ocrx_word' id='word_1_517' title='bbox 1552 3830 1671 3884; x_wconf 92' lang='lat' dir='ltr'><strong>duci</strong></span> 
     </span>
    </p>
   </div>
   <div class='ocr_carea' id='block_1_75' title="bbox 151 3916 1670 3986">
    <p class='ocr_par' dir='ltr' id='par_1_75' title="bbox 151 3916 1670 3986">
     <span class='ocr_line' id='line_1_75' title="bbox 151 3916 1670 3986; baseline 0.001 -14"><span class='ocrx_word' id='word_1_518' title='bbox 151 3918 477 3979; x_wconf 76' lang='lat' dir='ltr'><strong>Archevaldo,</strong></span> <span class='ocrx_word' id='word_1_519' title='bbox 503 3917 586 3972; x_wconf 83' lang='lat' dir='ltr'><strong>vel</strong></span> <span class='ocrx_word' id='word_1_520' title='bbox 608 3917 850 3972; x_wconf 86' lang='lat' dir='ltr'><strong>omnibus</strong></span> <span class='ocrx_word' id='word_1_521' title='bbox 871 3916 1217 3986; x_wconf 62' lang='lat' dir='ltr'><strong>praesentibus</strong></span> <span class='ocrx_word' id='word_1_522' title='bbox 1244 3931 1307 3971; x_wconf 91' lang='lat' dir='ltr'><strong>ac</strong></span> <span class='ocrx_word' id='word_1_523' title='bbox 1328 3916 1514 3971; x_wconf 79' lang='lat' dir='ltr'><strong>futuris</strong></span> <span class='ocrx_word' id='word_1_524' title='bbox 1542 3919 1670 3973; x_wconf 86' lang='lat' dir='ltr'><strong>lide-</strong></span> 
     </span>
    </p>
   </div>
   <div class='ocr_carea' id='block_1_76' title="bbox 151 4009 286 4063">
    <p class='ocr_par' dir='ltr' id='par_1_76' title="bbox 151 4009 286 4063">
     <span class='ocr_line' id='line_1_76' title="bbox 151 4009 286 4063; baseline 0 -2"><span class='ocrx_word' id='word_1_525' title='bbox 151 4009 286 4063; x_wconf 80' lang='lat' dir='ltr'><strong>libus.</strong></span> 
     </span>
    </p>
   </div>
   <div class='ocr_carea' id='block_1_77' title="bbox 209 4094 1672 4167">
    <p class='ocr_par' dir='ltr' id='par_1_77' title="bbox 209 4094 1672 4167">
     <span class='ocr_line' id='line_1_77' title="bbox 209 4094 1672 4167; baseline 0 -15"><span class='ocrx_word' id='word_1_526' title='bbox 209 4098 457 4167; x_wconf 86' lang='lat' dir='ltr'><strong>Quiequid</strong></span> <span class='ocrx_word' id='word_1_527' title='bbox 480 4094 840 4151; x_wconf 84' lang='lat' dir='ltr'><strong>sacerdOIibus</strong></span> <span class='ocrx_word' id='word_1_528' title='bbox 858 4111 920 4149; x_wconf 90' lang='lat' dir='ltr'><strong>ac</strong></span> <span class='ocrx_word' id='word_1_529' title='bbox 937 4095 1194 4164; x_wconf 83' lang='lat' dir='ltr'><strong>religiosis</strong></span> <span class='ocrx_word' id='word_1_530' title='bbox 1214 4097 1582 4152; x_wconf 86' lang='lat' dir='ltr'><strong>ecclesiasticis</strong></span> <span class='ocrx_word' id='word_1_531' title='bbox 1594 4099 1672 4152; x_wconf 86' lang='lat' dir='ltr'><strong>vi-</strong></span> 
     </span>
    </p>
   </div>
   <div class='ocr_carea' id='block_1_78' title="bbox 152 4185 1675 4255">
    <p class='ocr_par' dir='ltr' id='par_1_78' title="bbox 152 4185 1675 4255">
     <span class='ocr_line' id='line_1_78' title="bbox 152 4185 1675 4255; baseline 0 -13"><span class='ocrx_word' id='word_1_532' title='bbox 152 4188 229 4253; x_wconf 77' lang='lat' dir='ltr'><strong>ris,</strong></span> <span class='ocrx_word' id='word_1_533' title='bbox 247 4187 462 4255; x_wconf 81' lang='lat' dir='ltr'><strong>adopus</strong></span> <span class='ocrx_word' id='word_1_534' title='bbox 483 4185 576 4240; x_wconf 83' lang='lat' dir='ltr'><strong>Dei</strong></span> <span class='ocrx_word' id='word_1_535' title='bbox 598 4185 1029 4250; x_wconf 86' lang='lat' dir='ltr'><strong>construendum,</strong></span> <span class='ocrx_word' id='word_1_536' title='bbox 1047 4187 1399 4252; x_wconf 88' lang='lat' dir='ltr'><strong>concedimus,</strong></span> <span class='ocrx_word' id='word_1_537' title='bbox 1425 4189 1524 4242; x_wconf 91' lang='lat' dir='ltr'><strong>hoc</strong></span> <span class='ocrx_word' id='word_1_538' title='bbox 1540 4198 1596 4242; x_wconf 89' lang='lat' dir='ltr'><strong>et</strong></span> <span class='ocrx_word' id='word_1_539' title='bbox 1611 4187 1675 4242; x_wconf 87' lang='lat' dir='ltr'><strong>ad</strong></span> 
     </span>
    </p>
   </div>
   <div class='ocr_carea' id='block_1_79' title="bbox 152 4274 1676 4345">
    <p class='ocr_par' dir='ltr' id='par_1_79' title="bbox 152 4274 1676 4345">
     <span class='ocr_line' id='line_1_79' title="bbox 152 4274 1676 4345; baseline -0.001 -16"><span class='ocrx_word' id='word_1_540' title='bbox 152 4277 282 4343; x_wconf 79' lang='lat' dir='ltr'><strong>regni</strong></span> <span class='ocrx_word' id='word_1_541' title='bbox 310 4276 479 4330; x_wconf 86' lang='lat' dir='ltr'><strong>nostri</strong></span> <span class='ocrx_word' id='word_1_542' title='bbox 508 4274 870 4335; x_wconf 84' lang='lat' dir='ltr'><strong>stabilitatem,</strong></span> <span class='ocrx_word' id='word_1_543' title='bbox 893 4284 950 4327; x_wconf 86' lang='lat' dir='ltr'><strong>et</strong></span> <span class='ocrx_word' id='word_1_544' title='bbox 974 4276 1040 4328; x_wconf 86' lang='lat' dir='ltr'><strong>ad</strong></span> <span class='ocrx_word' id='word_1_545' title='bbox 1081 4277 1269 4330; x_wconf 65' lang='lat' dir='ltr'><strong>animae</strong></span> <span class='ocrx_word' id='word_1_546' title='bbox 1304 4276 1528 4331; x_wconf 88' lang='lat' dir='ltr'><strong>salutem</strong></span> <span class='ocrx_word' id='word_1_547' title='bbox 1556 4291 1676 4345; x_wconf 84' lang='lat' dir='ltr'><strong>per-</strong></span> 
     </span>
    </p>
   </div>
   <div class='ocr_carea' id='block_1_80' title="bbox 154 4361 1675 4438">
    <p class='ocr_par' dir='ltr' id='par_1_80' title="bbox 154 4361 1675 4438">
     <span class='ocr_line' id='line_1_80' title="bbox 154 4361 1675 4438; baseline 0.003 -24"><span class='ocrx_word' id='word_1_548' title='bbox 154 4364 304 4418; x_wconf 85' lang='lat' dir='ltr'><strong>tinere</strong></span> <span class='ocrx_word' id='word_1_549' title='bbox 336 4379 444 4438; x_wconf 83' lang='lat' dir='ltr'><strong>non</strong></span> <span class='ocrx_word' id='word_1_550' title='bbox 487 4361 790 4417; x_wconf 79' lang='lat' dir='ltr'><strong>difﬁdimus.</strong></span> <span class='ocrx_word' id='word_1_551' title='bbox 825 4362 1052 4415; x_wconf 82' lang='lat' dir='ltr'><strong>Proinde</strong></span> <span class='ocrx_word' id='word_1_552' title='bbox 1084 4364 1330 4417; x_wconf 84' lang='lat' dir='ltr'><strong>omnibus</strong></span> <span class='ocrx_word' id='word_1_553' title='bbox 1358 4373 1554 4418; x_wconf 69' lang='lat' dir='ltr'><strong>sancta:</strong></span> <span class='ocrx_word' id='word_1_554' title='bbox 1585 4365 1675 4418; x_wconf 82' lang='lat' dir='ltr'><strong>Dei</strong></span> 
     </span>
    </p>
   </div>
   <div class='ocr_carea' id='block_1_81' title="bbox 215 4491 1675 4560">
    <p class='ocr_par' dir='ltr' id='par_1_81' title="bbox 215 4491 1675 4560">
     <span class='ocr_line' id='line_1_81' title="bbox 215 4491 1675 4560; baseline -0.001 -12"><span class='ocrx_word' id='word_1_555' title='bbox 215 4503 238 4530; x_wconf 78' lang='grc'><strong>⁸</strong></span> <span class='ocrx_word' id='word_1_556' title='bbox 272 4494 638 4559; x_wconf 80' lang='lat' dir='ltr'><strong>Fragmentum</strong></span> <span class='ocrx_word' id='word_1_557' title='bbox 661 4493 820 4554; x_wconf 80' lang='lat' dir='ltr'><strong>huius</strong></span> <span class='ocrx_word' id='word_1_558' title='bbox 846 4491 1147 4560; x_wconf 80' lang='lat' dir='ltr'><strong>diplomatis</strong></span> <span class='ocrx_word' id='word_1_559' title='bbox 1173 4492 1372 4560; x_wconf 87' lang='lat' dir='ltr'><strong>primus</strong></span> <span class='ocrx_word' id='word_1_560' title='bbox 1416 4493 1580 4547; x_wconf 85' lang='lat' dir='ltr'><strong>edidit</strong></span> <span class='ocrx_word' id='word_1_561' title='bbox 1624 4495 1675 4546; x_wconf 92' lang='lat' dir='ltr'><strong>in</strong></span> 
     </span>
    </p>
   </div>
   <div class='ocr_carea' id='block_1_82' title="bbox 152 4559 1673 4628">
    <p class='ocr_par' dir='ltr' id='par_1_82' title="bbox 152 4559 1673 4628">
     <span class='ocr_line' id='line_1_82' title="bbox 152 4559 1673 4628; baseline -0.001 -13"><span class='ocrx_word' id='word_1_562' title='bbox 152 4563 546 4628; x_wconf 79' lang='lat' dir='ltr'><strong>Antiquitatibus</strong></span> <span class='ocrx_word' id='word_1_563' title='bbox 594 4559 975 4615; x_wconf 87' lang='lat' dir='ltr'><strong>Parisiensibus</strong></span> <span class='ocrx_word' id='word_1_564' title='bbox 1003 4559 1266 4627; x_wconf 86' lang='lat' dir='ltr'><strong>Breuiius,</strong></span> <span class='ocrx_word' id='word_1_565' title='bbox 1289 4563 1379 4615; x_wconf 93' lang='lat' dir='ltr'><strong>lib.</strong></span> <span class='ocrx_word' id='word_1_566' title='bbox 1431 4577 1502 4624; x_wconf 86' lang='lat' dir='ltr'><strong>tv,</strong></span> <span class='ocrx_word' id='word_1_567' title='bbox 1551 4576 1673 4628; x_wconf 86' lang='lat' dir='ltr'><strong>pag.</strong></span> 
     </span>
    </p>
   </div>
   <div class='ocr_carea' id='block_1_83' title="bbox 152 4629 1675 4697">
    <p class='ocr_par' dir='ltr' id='par_1_83' title="bbox 152 4629 1675 4697">
     <span class='ocr_line' id='line_1_83' title="bbox 152 4629 1675 4697; baseline 0.001 -18"><span class='ocrx_word' id='word_1_568' title='bbox 152 4631 256 4690; x_wconf 70' lang='grc' dir='ltr'><strong>ειη.</strong></span> <span class='ocrx_word' id='word_1_569' title='bbox 277 4631 364 4697; x_wconf 90' lang='lat' dir='ltr'><strong>qui</strong></span> <span class='ocrx_word' id='word_1_570' title='bbox 395 4632 754 4697; x_wconf 76' lang='lat' dir='ltr'><strong>apographnm</strong></span> <span class='ocrx_word' id='word_1_571' title='bbox 778 4629 1161 4691; x_wconf 87' lang='lat' dir='ltr'><strong>authenticum,</strong></span> <span class='ocrx_word' id='word_1_572' title='bbox 1185 4645 1250 4684; x_wconf 86' lang='lat' dir='ltr'><strong>ex</strong></span> <span class='ocrx_word' id='word_1_573' title='bbox 1279 4630 1609 4697; x_wconf 90' lang='lat' dir='ltr'><strong>autographo</strong></span> <span class='ocrx_word' id='word_1_574' title='bbox 1627 4635 1675 4681; x_wconf 86' lang='lat' dir='ltr'><strong>in</strong></span> 
     </span>
    </p>
   </div>
   <div class='ocr_carea' id='block_1_84' title="bbox 153 4695 1678 4764">
    <p class='ocr_par' dir='ltr' id='par_1_84' title="bbox 153 4695 1678 4764">
     <span class='ocr_line' id='line_1_84' title="bbox 153 4695 1678 4764; baseline 0 -15"><span class='ocrx_word' id='word_1_575' title='bbox 153 4695 349 4752; x_wconf 70' lang='lat' dir='ltr'><strong>archivo</strong></span> <span class='ocrx_word' id='word_1_576' title='bbox 379 4695 698 4749; x_wconf 77' lang='lat' dir='ltr'><strong>monasterii</strong></span> <span class='ocrx_word' id='word_1_577' title='bbox 717 4695 1051 4750; x_wconf 82' lang='lat' dir='ltr'><strong>Fossatensis</strong></span> <span class='ocrx_word' id='word_1_578' title='bbox 1072 4709 1343 4753; x_wconf 89' lang='lat' dir='ltr'><strong>asservato</strong></span> <span class='ocrx_word' id='word_1_579' title='bbox 1395 4695 1678 4764; x_wconf 77' lang='lat' dir='ltr'><strong>transcrip-</strong></span> 
     </span>
    </p>
   </div>
   <div class='ocr_carea' id='block_1_85' title="bbox 154 4765 1679 4833">
    <p class='ocr_par' dir='ltr' id='par_1_85' title="bbox 154 4765 1679 4833">
     <span class='ocr_line' id='line_1_85' title="bbox 154 4765 1679 4833; baseline 0.002 -17"><span class='ocrx_word' id='word_1_580' title='bbox 154 4779 266 4827; x_wconf 84' lang='lat' dir='ltr'><strong>tum.</strong></span> <span class='ocrx_word' id='word_1_581' title='bbox 297 4771 346 4818; x_wconf 92' lang='lat' dir='ltr'><strong>in</strong></span> <span class='ocrx_word' id='word_1_582' title='bbox 369 4765 605 4818; x_wconf 78' lang='lat' dir='ltr'><strong>manibus</strong></span> <span class='ocrx_word' id='word_1_583' title='bbox 625 4778 684 4817; x_wconf 87' lang='lat' dir='ltr'><strong>se</strong></span> <span class='ocrx_word' id='word_1_584' title='bbox 711 4765 956 4833; x_wconf 82' lang='lat' dir='ltr'><strong>habuisse</strong></span> <span class='ocrx_word' id='word_1_585' title='bbox 975 4767 1188 4830; x_wconf 84' lang='lat' dir='ltr'><strong>asserit;</strong></span> <span class='ocrx_word' id='word_1_586' title='bbox 1209 4767 1466 4833; x_wconf 88' lang='lat' dir='ltr'><strong>integrum</strong></span> <span class='ocrx_word' id='word_1_587' title='bbox 1488 4767 1679 4819; x_wconf 80' lang='lat' dir='ltr'><strong>deinde</strong></span> 
     </span>
    </p>
   </div>
   <div class='ocr_carea' id='block_1_86' title="bbox 1700 3521 3321 3610">
    <p class='ocr_par' dir='ltr' id='par_1_86' title="bbox 1700 3521 3321 3610">
     <span class='ocr_line' id='line_1_86' title="bbox 1700 3521 3321 3610; baseline 0.001 -17"><span class='ocrx_word' id='word_1_588' title='bbox 1700 3521 1746 3584; x_wconf 65' lang='grc' dir='ltr'><strong>(ἶ</strong></span> <span class='ocrx_word' id='word_1_589' title='bbox 1778 3536 2029 3594; x_wconf 64' lang='lat' dir='ltr'><strong>Ecclesiae</strong></span> <span class='ocrx_word' id='word_1_590' title='bbox 2055 3545 2161 3590; x_wconf 87' lang='lat' dir='ltr'><strong>tam</strong></span> <span class='ocrx_word' id='word_1_591' title='bbox 2188 3536 2531 3603; x_wconf 72' lang='lat' dir='ltr'><strong>prmsentibus</strong></span> <span class='ocrx_word' id='word_1_592' title='bbox 2555 3549 2712 3601; x_wconf 89' lang='lat' dir='ltr'><strong>quam</strong></span> <span class='ocrx_word' id='word_1_593' title='bbox 2742 3543 2798 3589; x_wconf 89' lang='lat' dir='ltr'><strong>et</strong></span> <span class='ocrx_word' id='word_1_594' title='bbox 2825 3534 3014 3590; x_wconf 80' lang='lat' dir='ltr'><strong>futuris</strong></span> <span class='ocrx_word' id='word_1_595' title='bbox 3050 3537 3321 3610; x_wconf 86' lang='lat' dir='ltr'><strong>utriusque</strong></span> 
     </span>
    </p>
   </div>
   <div class='ocr_carea' id='block_1_87' title="bbox 1770 3626 3319 3692">
    <p class='ocr_par' dir='ltr' id='par_1_87' title="bbox 1770 3626 3319 3692">
     <span class='ocr_line' id='line_1_87' title="bbox 1770 3626 3319 3692; baseline -0.005 -7"><span class='ocrx_word' id='word_1_596' title='bbox 1770 3644 1932 3685; x_wconf 82' lang='lat' dir='ltr'><strong>sexus</strong></span> <span class='ocrx_word' id='word_1_597' title='bbox 1967 3627 2208 3682; x_wconf 89' lang='lat' dir='ltr'><strong>ﬁdelibus</strong></span> <span class='ocrx_word' id='word_1_598' title='bbox 2243 3634 2425 3680; x_wconf 92' lang='lat' dir='ltr'><strong>notum</strong></span> <span class='ocrx_word' id='word_1_599' title='bbox 2476 3626 2587 3678; x_wconf 86' lang='lat' dir='ltr'><strong>ﬁeri</strong></span> <span class='ocrx_word' id='word_1_600' title='bbox 2635 3627 2895 3692; x_wconf 86' lang='lat' dir='ltr'><strong>cupimus,</strong></span> <span class='ocrx_word' id='word_1_601' title='bbox 2927 3626 3190 3691; x_wconf 85' lang='lat' dir='ltr'><strong>quendam</strong></span> <span class='ocrx_word' id='word_1_602' title='bbox 3241 3632 3319 3682; x_wconf 83' lang='lat' dir='ltr'><strong>vi—</strong></span> 
     </span>
    </p>
   </div>
   <div class='ocr_carea' id='block_1_88' title="bbox 1771 3714 3316 3782">
    <p class='ocr_par' dir='ltr' id='par_1_88' title="bbox 1771 3714 3316 3782">
     <span class='ocr_line' id='line_1_88' title="bbox 1771 3714 3316 3782; baseline -0.005 -7"><span class='ocrx_word' id='word_1_603' title='bbox 1771 3736 1888 3774; x_wconf 85' lang='lat' dir='ltr'><strong>rum</strong></span> <span class='ocrx_word' id='word_1_604' title='bbox 1915 3721 2210 3779; x_wconf 90' lang='lat' dir='ltr'><strong>diacouem,</strong></span> <span class='ocrx_word' id='word_1_605' title='bbox 2243 3715 2420 3769; x_wconf 85' lang='lat' dir='ltr'><strong>carnis</strong></span> <span class='ocrx_word' id='word_1_606' title='bbox 2453 3714 2811 3782; x_wconf 86' lang='lat' dir='ltr'><strong>generositate</strong></span> <span class='ocrx_word' id='word_1_607' title='bbox 2838 3714 3147 3782; x_wconf 88' lang='lat' dir='ltr'><strong>pollentem,</strong></span> <span class='ocrx_word' id='word_1_608' title='bbox 3174 3729 3236 3770; x_wconf 92' lang='lat' dir='ltr'><strong>ac</strong></span> <span class='ocrx_word' id='word_1_609' title='bbox 3265 3717 3316 3767; x_wconf 80' lang='lat' dir='ltr'><strong>in</strong></span> 
     </span>
    </p>
   </div>
   <div class='ocr_carea' id='block_1_89' title="bbox 1771 3803 3327 3872">
    <p class='ocr_par' dir='ltr' id='par_1_89' title="bbox 1771 3803 3327 3872">
     <span class='ocr_line' id='line_1_89' title="bbox 1771 3803 3327 3872; baseline -0.002 -10"><span class='ocrx_word' id='word_1_610' title='bbox 1771 3809 1986 3862; x_wconf 88' lang='lat' dir='ltr'><strong>Christo</strong></span> <span class='ocrx_word' id='word_1_611' title='bbox 2032 3805 2414 3866; x_wconf 86' lang='lat' dir='ltr'><strong>venerabilem,</strong></span> <span class='ocrx_word' id='word_1_612' title='bbox 2466 3803 2779 3871; x_wconf 84' lang='lat' dir='ltr'><strong>valdequea</strong></span> <span class='ocrx_word' id='word_1_613' title='bbox 2831 3804 2980 3858; x_wconf 91' lang='lat' dir='ltr'><strong>nobis</strong></span> <span class='ocrx_word' id='word_1_614' title='bbox 3011 3819 3109 3872; x_wconf 91' lang='lat' dir='ltr'><strong>per</strong></span> <span class='ocrx_word' id='word_1_615' title='bbox 3149 3807 3327 3860; x_wconf 85' lang='lat' dir='ltr'><strong>omnia</strong></span> 
     </span>
    </p>
   </div>
   <div class='ocr_carea' id='block_1_90' title="bbox 1773 3892 3334 3960">
    <p class='ocr_par' dir='ltr' id='par_1_90' title="bbox 1773 3892 3334 3960">
     <span class='ocr_line' id='line_1_90' title="bbox 1773 3892 3334 3960; baseline -0.006 -9"><span class='ocrx_word' id='word_1_616' title='bbox 1773 3898 2044 3959; x_wconf 87' lang='lat' dir='ltr'><strong>dilectum,</strong></span> <span class='ocrx_word' id='word_1_617' title='bbox 2074 3896 2286 3949; x_wconf 86' lang='lat' dir='ltr'><strong>nomine</strong></span> <span class='ocrx_word' id='word_1_618' title='bbox 2317 3892 2715 3960; x_wconf 79' lang='lat' dir='ltr'><strong>Blitlegisillum,</strong></span> <span class='ocrx_word' id='word_1_619' title='bbox 2749 3892 2812 3945; x_wconf 89' lang='lat' dir='ltr'><strong>ad</strong></span> <span class='ocrx_word' id='word_1_620' title='bbox 2847 3903 3040 3948; x_wconf 58' lang='lat' dir='ltr'><strong>nostrae</strong></span> <span class='ocrx_word' id='word_1_621' title='bbox 3083 3895 3334 3949; x_wconf 43' lang='lat' dir='ltr'><strong>sublimia</strong></span> 
     </span>
    </p>
   </div>
   <div class='ocr_carea' id='block_1_91' title="bbox 1773 3967 3327 4055">
    <p class='ocr_par' dir='ltr' id='par_1_91' title="bbox 1773 3967 3327 4055">
     <span class='ocr_line' id='line_1_91' title="bbox 1773 3967 3327 4055; baseline 0 -17"><span class='ocrx_word' id='word_1_622' title='bbox 1773 3985 1896 4038; x_wconf 89' lang='lat' dir='ltr'><strong>tatis</strong></span> <span class='ocrx_word' id='word_1_623' title='bbox 1926 3983 2259 4055; x_wconf 61' lang='lat' dir='ltr'><strong>praiseutiatu</strong></span> <span class='ocrx_word' id='word_1_624' title='bbox 2291 3981 2592 4046; x_wconf 88' lang='lat' dir='ltr'><strong>advenisse,</strong></span> <span class='ocrx_word' id='word_1_625' title='bbox 2633 3967 2700 4034; x_wconf 79' lang='lat' dir='ltr'><strong>et</strong></span> <span class='ocrx_word' id='word_1_626' title='bbox 2719 3981 2987 4035; x_wconf 86' lang='lat' dir='ltr'><strong>humiliter</strong></span> <span class='ocrx_word' id='word_1_627' title='bbox 3015 3982 3327 4051; x_wconf 79' lang='lat' dir='ltr'><strong>deprecasse</strong></span> 
     </span>
    </p>
   </div>
   <div class='ocr_carea' id='block_1_92' title="bbox 1773 4071 3323 4144">
    <p class='ocr_par' dir='ltr' id='par_1_92' title="bbox 1773 4071 3323 4144">
     <span class='ocr_line' id='line_1_92' title="bbox 1773 4071 3323 4144; baseline 0 -15"><span class='ocrx_word' id='word_1_628' title='bbox 1773 4077 2041 4144; x_wconf 85' lang='lat' dir='ltr'><strong>quatinus,</strong></span> <span class='ocrx_word' id='word_1_629' title='bbox 2065 4075 2129 4127; x_wconf 87' lang='lat' dir='ltr'><strong>ad</strong></span> <span class='ocrx_word' id='word_1_630' title='bbox 2163 4072 2437 4128; x_wconf 88' lang='lat' dir='ltr'><strong>ecclesiam</strong></span> <span class='ocrx_word' id='word_1_631' title='bbox 2464 4073 2553 4132; x_wconf 88' lang='lat' dir='ltr'><strong>Dej</strong></span> <span class='ocrx_word' id='word_1_632' title='bbox 2591 4071 2822 4126; x_wconf 81' lang='lat' dir='ltr'><strong>funditus</strong></span> <span class='ocrx_word' id='word_1_633' title='bbox 2845 4073 3210 4128; x_wconf 60' lang='lat' dir='ltr'><strong>aediﬁcandam</strong></span> <span class='ocrx_word' id='word_1_634' title='bbox 3229 4115 3245 4140; x_wconf 87' lang='lat'><strong>,</strong></span> <span class='ocrx_word' id='word_1_635' title='bbox 3270 4077 3323 4129; x_wconf 91' lang='lat' dir='ltr'><strong>in</strong></span> 
     </span>
    </p>
   </div>
   <div class='ocr_carea' id='block_1_93' title="bbox 1775 4161 3356 4231">
    <p class='ocr_par' dir='ltr' id='par_1_93' title="bbox 1775 4161 3356 4231">
     <span class='ocr_line' id='line_1_93' title="bbox 1775 4161 3356 4231; baseline 0.001 -14"><span class='ocrx_word' id='word_1_636' title='bbox 1775 4167 1978 4218; x_wconf 89' lang='lat' dir='ltr'><strong>honore</strong></span> <span class='ocrx_word' id='word_1_637' title='bbox 1997 4163 2200 4216; x_wconf 84' lang='lat' dir='ltr'><strong>scilicet</strong></span> <span class='ocrx_word' id='word_1_638' title='bbox 2221 4171 2415 4216; x_wconf 82' lang='lat' dir='ltr'><strong>sanctae</strong></span> <span class='ocrx_word' id='word_1_639' title='bbox 2448 4161 2538 4231; x_wconf 86' lang='lat' dir='ltr'><strong>Dei</strong></span> <span class='ocrx_word' id='word_1_640' title='bbox 2574 4162 2843 4228; x_wconf 69' lang='lat' dir='ltr'><strong>genitricis</strong></span> <span class='ocrx_word' id='word_1_641' title='bbox 2869 4163 3042 4216; x_wconf 73' lang='lat' dir='ltr'><strong>Maria:</strong></span> <span class='ocrx_word' id='word_1_642' title='bbox 3074 4179 3138 4218; x_wconf 81' lang='lat' dir='ltr'><strong>ac</strong></span> <span class='ocrx_word' id='word_1_643' title='bbox 3168 4180 3322 4227; x_wconf 79' lang='lat' dir='ltr'><strong>sanc-</strong></span> <span class='ocrx_word' id='word_1_644' title='bbox 3343 4181 3356 4194; x_wconf 59' lang='grc' dir='ltr'><strong><em>θ</em></strong></span> 
     </span>
    </p>
   </div>
   <div class='ocr_carea' id='block_1_94' title="bbox 1776 4249 3323 4319">
    <p class='ocr_par' dir='ltr' id='par_1_94' title="bbox 1776 4249 3323 4319">
     <span class='ocr_line' id='line_1_94' title="bbox 1776 4249 3323 4319; baseline 0.001 -14"><span class='ocrx_word' id='word_1_645' title='bbox 1776 4262 1948 4308; x_wconf 89' lang='lat' dir='ltr'><strong>torum</strong></span> <span class='ocrx_word' id='word_1_646' title='bbox 2001 4250 2139 4304; x_wconf 87' lang='lat' dir='ltr'><strong>Petri</strong></span> <span class='ocrx_word' id='word_1_647' title='bbox 2173 4260 2227 4303; x_wconf 88' lang='lat' dir='ltr'><strong>et</strong></span> <span class='ocrx_word' id='word_1_648' title='bbox 2274 4249 2421 4303; x_wconf 87' lang='lat' dir='ltr'><strong>Pauli</strong></span> <span class='ocrx_word' id='word_1_649' title='bbox 2471 4251 2766 4318; x_wconf 88' lang='lat' dir='ltr'><strong>principum</strong></span> <span class='ocrx_word' id='word_1_650' title='bbox 2820 4251 3217 4319; x_wconf 83' lang='lat' dir='ltr'><strong>apostolorum,</strong></span> <span class='ocrx_word' id='word_1_651' title='bbox 3265 4260 3323 4307; x_wconf 88' lang='lat' dir='ltr'><strong>et</strong></span> 
     </span>
    </p>
   </div>
   <div class='ocr_carea' id='block_1_95' title="bbox 1775 4338 3326 4409">
    <p class='ocr_par' dir='ltr' id='par_1_95' title="bbox 1775 4338 3326 4409">
     <span class='ocr_line' id='line_1_95' title="bbox 1775 4338 3326 4409; baseline 0.002 -14"><span class='ocrx_word' id='word_1_652' title='bbox 1775 4341 2064 4396; x_wconf 86' lang='lat' dir='ltr'><strong>monachos</strong></span> <span class='ocrx_word' id='word_1_653' title='bbox 2111 4339 2210 4392; x_wconf 90' lang='lat' dir='ltr'><strong>sub</strong></span> <span class='ocrx_word' id='word_1_654' title='bbox 2263 4339 2440 4406; x_wconf 86' lang='lat' dir='ltr'><strong>regula</strong></span> <span class='ocrx_word' id='word_1_655' title='bbox 2489 4338 2515 4376; x_wconf 74' lang='grc' dir='ltr'>δ</span> <span class='ocrx_word' id='word_1_656' title='bbox 2558 4338 2615 4394; x_wconf 90' lang='lat' dir='ltr'><strong>S.</strong></span> <span class='ocrx_word' id='word_1_657' title='bbox 2667 4339 2938 4394; x_wconf 87' lang='lat' dir='ltr'><strong>Benedicti</strong></span> <span class='ocrx_word' id='word_1_658' title='bbox 2980 4354 3078 4409; x_wconf 92' lang='lat' dir='ltr'><strong>pro</strong></span> <span class='ocrx_word' id='word_1_659' title='bbox 3130 4339 3326 4398; x_wconf 86' lang='lat' dir='ltr'><strong>Christi</strong></span> 
     </span>
    </p>
   </div>
   <div class='ocr_carea' id='block_1_96' title="bbox 1777 4492 3317 4561">
    <p class='ocr_par' dir='ltr' id='par_1_96' title="bbox 1777 4492 3317 4561">
     <span class='ocr_line' id='line_1_96' title="bbox 1777 4492 3317 4561; baseline 0.001 -13"><span class='ocrx_word' id='word_1_660' title='bbox 1777 4493 2127 4561; x_wconf 86' lang='lat' dir='ltr'><strong>suspicionem</strong></span> <span class='ocrx_word' id='word_1_661' title='bbox 2156 4492 2417 4545; x_wconf 88' lang='lat' dir='ltr'><strong>habuerit.</strong></span> <span class='ocrx_word' id='word_1_662' title='bbox 2445 4493 2845 4561; x_wconf 78' lang='lat' dir='ltr'><strong>Autographum</strong></span> <span class='ocrx_word' id='word_1_663' title='bbox 2876 4503 3022 4548; x_wconf 88' lang='lat' dir='ltr'><strong>certe</strong></span> <span class='ocrx_word' id='word_1_664' title='bbox 3050 4496 3117 4549; x_wconf 90' lang='lat' dir='ltr'><strong>ab</strong></span> <span class='ocrx_word' id='word_1_665' title='bbox 3144 4511 3210 4550; x_wconf 94' lang='lat' dir='ltr'><strong>eo</strong></span> <span class='ocrx_word' id='word_1_666' title='bbox 3237 4498 3317 4550; x_wconf 80' lang='lat' dir='ltr'><strong>vi-</strong></span> 
     </span>
    </p>
   </div>
   <div class='ocr_carea' id='block_1_97' title="bbox 1776 4561 3323 4640">
    <p class='ocr_par' dir='ltr' id='par_1_97' title="bbox 1776 4561 3323 4640">
     <span class='ocr_line' id='line_1_97' title="bbox 1776 4561 3323 4640; baseline 0.003 -28"><span class='ocrx_word' id='word_1_667' title='bbox 1776 4577 1891 4640; x_wconf 44' lang='lat' dir='ltr'><strong>s‘um</strong></span> <span class='ocrx_word' id='word_1_668' title='bbox 1923 4577 2024 4613; x_wconf 86' lang='lat' dir='ltr'><strong>nun</strong></span> <span class='ocrx_word' id='word_1_669' title='bbox 2057 4561 2214 4639; x_wconf 76' lang='lat' dir='ltr'><strong>fuisse</strong></span> <span class='ocrx_word' id='word_1_670' title='bbox 2267 4576 2331 4614; x_wconf 80' lang='lat' dir='ltr'><strong>ex</strong></span> <span class='ocrx_word' id='word_1_671' title='bbox 2387 4561 2551 4640; x_wconf 69' lang='lat' dir='ltr'><strong>ipsius</strong></span> <span class='ocrx_word' id='word_1_672' title='bbox 2603 4562 2778 4640; x_wconf 66' lang='lat' dir='ltr'><strong>verbis</strong></span> <span class='ocrx_word' id='word_1_673' title='bbox 2828 4564 3152 4639; x_wconf 77' lang='lat' dir='ltr'><strong>intelligitur,</strong></span> <span class='ocrx_word' id='word_1_674' title='bbox 3203 4582 3323 4640; x_wconf 70' lang='lat' dir='ltr'><strong>cum</strong></span> 
     </span>
    </p>
   </div>
   <div class='ocr_carea' id='block_1_98' title="bbox 1777 4629 3324 4686">
    <p class='ocr_par' dir='ltr' id='par_1_98' title="bbox 1777 4629 3324 4686">
     <span class='ocr_line' id='line_1_98' title="bbox 1777 4629 3324 4686; baseline 0.001 -4"><span class='ocrx_word' id='word_1_675' title='bbox 1777 4629 2110 4683; x_wconf 88' lang='lat' dir='ltr'><strong>Fossatensis</strong></span> <span class='ocrx_word' id='word_1_676' title='bbox 2139 4629 2443 4682; x_wconf 88' lang='lat' dir='ltr'><strong>monasterii</strong></span> <span class='ocrx_word' id='word_1_677' title='bbox 2493 4629 2852 4682; x_wconf 82' lang='lat' dir='ltr'><strong>fundatiouem</strong></span> <span class='ocrx_word' id='word_1_678' title='bbox 2902 4630 3086 4683; x_wconf 85' lang='lat' dir='ltr'><strong>recitet</strong></span> <span class='ocrx_word' id='word_1_679' title='bbox 3109 4646 3176 4685; x_wconf 83' lang='lat' dir='ltr'><strong>ex</strong></span> <span class='ocrx_word' id='word_1_680' title='bbox 3207 4632 3324 4686; x_wconf 86' lang='lat' dir='ltr'><strong>Vita</strong></span> 
     </span>
    </p>
   </div>
   <div class='ocr_carea' id='block_1_99' title="bbox 1778 4697 3326 4766">
    <p class='ocr_par' dir='ltr' id='par_1_99' title="bbox 1778 4697 3326 4766">
     <span class='ocr_line' id='line_1_99' title="bbox 1778 4697 3326 4766; baseline 0.001 -16"><span class='ocrx_word' id='word_1_681' title='bbox 1778 4698 1834 4750; x_wconf 90' lang='lat' dir='ltr'><strong>S.</strong></span> <span class='ocrx_word' id='word_1_682' title='bbox 1869 4697 2140 4761; x_wconf 82' lang='lat' dir='ltr'><strong>Baholeni,</strong></span> <span class='ocrx_word' id='word_1_683' title='bbox 2173 4712 2356 4766; x_wconf 85' lang='lat' dir='ltr'><strong>parum</strong></span> <span class='ocrx_word' id='word_1_684' title='bbox 2381 4706 2631 4766; x_wconf 78' lang='lat' dir='ltr'><strong>accurate</strong></span> <span class='ocrx_word' id='word_1_685' title='bbox 2648 4699 2880 4766; x_wconf 54' lang='lat' dir='ltr'><strong>scripta,</strong></span> <span class='ocrx_word' id='word_1_686' title='bbox 2899 4707 2955 4751; x_wconf 91' lang='lat' dir='ltr'><strong>ut</strong></span> <span class='ocrx_word' id='word_1_687' title='bbox 2984 4699 3098 4766; x_wconf 79' lang='lat' dir='ltr'><strong>ipse</strong></span> <span class='ocrx_word' id='word_1_688' title='bbox 3116 4702 3326 4761; x_wconf 78' lang='lat' dir='ltr'><strong>fatetur,</strong></span> 
     </span>
    </p>
   </div>
   <div class='ocr_carea' id='block_1_100' title="bbox 1766 4764 3326 4836">
    <p class='ocr_par' dir='ltr' id='par_1_100' title="bbox 1766 4764 3326 4836">
     <span class='ocr_line' id='line_1_100' title="bbox 1766 4764 3326 4836; baseline 0.001 -17"><span class='ocrx_word' id='word_1_689' title='bbox 1766 4769 1834 4819; x_wconf 68' lang='lat' dir='ltr'><strong>’et</strong></span> <span class='ocrx_word' id='word_1_690' title='bbox 1873 4766 1924 4818; x_wconf 92' lang='lat' dir='ltr'><strong>in</strong></span> <span class='ocrx_word' id='word_1_691' title='bbox 1978 4765 2349 4836; x_wconf 82' lang='lat' dir='ltr'><strong>compendium</strong></span> <span class='ocrx_word' id='word_1_692' title='bbox 2402 4781 2430 4818; x_wconf 88' lang='lat' dir='ltr'><strong>a</strong></span> <span class='ocrx_word' id='word_1_693' title='bbox 2476 4764 2691 4836; x_wconf 75' lang='lat' dir='ltr'><strong>Brenlio</strong></span> <span class='ocrx_word' id='word_1_694' title='bbox 2739 4764 2973 4836; x_wconf 86' lang='lat' dir='ltr'><strong>redacta,</strong></span> <span class='ocrx_word' id='word_1_695' title='bbox 3005 4764 3326 4836; x_wconf 28' lang='lat' dir='ltr'><strong>‘diplomatis</strong></span> 
     </span>
    </p>
   </div>
   <div class='ocr_carea' id='block_1_101' title="bbox 155 4832 3324 4909">
    <p class='ocr_par' dir='ltr' id='par_1_101' title="bbox 155 4832 3324 4909">
     <span class='ocr_line' id='line_1_101' title="bbox 155 4832 3324 4909; baseline 0.001 -23"><span class='ocrx_word' id='word_1_696' title='bbox 155 4847 198 4886; x_wconf 77' lang='lat' dir='ltr'><strong>et</strong></span> <span class='ocrx_word' id='word_1_697' title='bbox 221 4834 536 4909; x_wconf 76' lang='lat' dir='ltr'><strong>emendatius</strong></span> <span class='ocrx_word' id='word_1_698' title='bbox 563 4832 743 4909; x_wconf 86' lang='lat' dir='ltr'><strong>recudi</strong></span> <span class='ocrx_word' id='word_1_699' title='bbox 773 4833 1059 4909; x_wconf 59' lang='lat' dir='ltr'><strong>curavitjn</strong></span> <span class='ocrx_word' id='word_1_700' title='bbox 1081 4832 1672 4909; x_wconf 75' lang='lat' dir='ltr'><strong>earuiitdem_Autiqui-</strong></span> <span class='ocrx_word' id='word_1_701' title='bbox 1704 4852 1757 4909; x_wconf 75' lang='grc' dir='ltr'>ι)</span> <span class='ocrx_word' id='word_1_702' title='bbox 1780 4848 1942 4909; x_wconf 39' lang='lat' dir='ltr'><strong>vero,</strong></span> <span class='ocrx_word' id='word_1_703' title='bbox 1971 4835 2037 4887; x_wconf 89' lang='lat' dir='ltr'><strong>de</strong></span> <span class='ocrx_word' id='word_1_704' title='bbox 2083 4832 2188 4902; x_wconf 81' lang='lat' dir='ltr'><strong>quo</strong></span> <span class='ocrx_word' id='word_1_705' title='bbox 2238 4835 2458 4901; x_wconf 88' lang='lat' dir='ltr'><strong>agimus,</strong></span> <span class='ocrx_word' id='word_1_706' title='bbox 2491 4834 2580 4885; x_wconf 84' lang='lat' dir='ltr'><strong>vix</strong></span> <span class='ocrx_word' id='word_1_707' title='bbox 2634 4832 3042 4909; x_wconf 69' lang='lat' dir='ltr'><strong>fragttientulurn</strong></span> <span class='ocrx_word' id='word_1_708' title='bbox 3073 4832 3324 4909; x_wconf 78' lang='lat' dir='ltr'><strong>adducat.</strong></span> 
     </span>
    </p>
   </div>
   <div class='ocr_carea' id='block_1_102' title="bbox 156 4897 1679 4971">
    <p class='ocr_par' dir='ltr' id='par_1_102' title="bbox 156 4897 1679 4971">
     <span class='ocr_line' id='line_1_102' title="bbox 156 4897 1679 4971; baseline 0.001 -17"><span class='ocrx_word' id='word_1_709' title='bbox 156 4912 302 4971; x_wconf 72' lang='lat' dir='ltr'><strong>tatem</strong></span> <span class='ocrx_word' id='word_1_710' title='bbox 313 4905 701 4971; x_wconf 83' lang='lat' dir='ltr'><strong>supplemento,</strong></span> <span class='ocrx_word' id='word_1_711' title='bbox 717 4899 878 4971; x_wconf 78' lang='lat' dir='ltr'><strong>pag._l</strong></span> <span class='ocrx_word' id='word_1_712' title='bbox 890 4900 949 4971; x_wconf 63' lang='lat' dir='ltr'><strong>lii</strong></span> <span class='ocrx_word' id='word_1_713' title='bbox 963 4940 977 4952; x_wconf 95' lang='lat'><strong>.</strong></span> <span class='ocrx_word' id='word_1_714' title='bbox 993 4897 1120 4971; x_wconf 84' lang='lat' dir='ltr'><strong>Illud</strong></span> <span class='ocrx_word' id='word_1_715' title='bbox 1134 4911 1313 4969; x_wconf 85' lang='lat' dir='ltr'><strong>postea</strong></span> <span class='ocrx_word' id='word_1_716' title='bbox 1327 4897 1612 4970; x_wconf 69' lang='lat' dir='ltr'><strong>vulgaverit</strong></span> <span class='ocrx_word' id='word_1_717' title='bbox 1622 4912 1679 4956; x_wconf 90' lang='lat' dir='ltr'><strong>nt</strong></span> 
     </span>
    </p>
   </div>
   <div class='ocr_carea' id='block_1_103' title="bbox 157 4968 1675 5038">
    <p class='ocr_par' dir='ltr' id='par_1_103' title="bbox 157 4968 1675 5038">
     <span class='ocr_line' id='line_1_103' title="bbox 157 4968 1675 5038; baseline 0.003 -18"><span class='ocrx_word' id='word_1_718' title='bbox 157 4968 486 5035; x_wconf 53' lang='lat' dir='ltr'><strong>Halingréus,</strong></span> <span class='ocrx_word' id='word_1_719' title='bbox 523 4970 780 5038; x_wconf 85' lang='lat' dir='ltr'><strong>Autiquit.</strong></span> <span class='ocrx_word' id='word_1_720' title='bbox 833 4968 1009 5038; x_wconf 58' lang='lat' dir='ltr'><strong>Paris:</strong></span> <span class='ocrx_word' id='word_1_721' title='bbox 1037 4968 1198 5033; x_wconf 46' lang='lat' dir='ltr'><strong>lib.&#39;t,</strong></span> <span class='ocrx_word' id='word_1_722' title='bbox 1245 4984 1364 5038; x_wconf 87' lang='lat' dir='ltr'><strong>pag.</strong></span> <span class='ocrx_word' id='word_1_723' title='bbox 1397 4968 1491 5033; x_wconf 59' lang='lat' dir='ltr'><strong>eis;</strong></span> <span class='ocrx_word' id='word_1_724' title='bbox 1518 4973 1675 5024; x_wconf 73' lang='lat' dir='ltr'><strong>Caiu-</strong></span> 
     </span>
    </p>
   </div>
   <div class='ocr_carea' id='block_1_104' title="bbox 158 5035 1673 5106">
    <p class='ocr_par' dir='ltr' id='par_1_104' title="bbox 158 5035 1673 5106">
     <span class='ocr_line' id='line_1_104' title="bbox 158 5035 1673 5106; baseline 0.003 -18"><span class='ocrx_word' id='word_1_725' title='bbox 158 5039 268 5106; x_wconf 76' lang='lat' dir='ltr'><strong>titu,</strong></span> <span class='ocrx_word' id='word_1_726' title='bbox 294 5039 484 5106; x_wconf 55' lang='lat' dir='ltr'><strong>Qunal.</strong></span> <span class='ocrx_word' id='word_1_727' title='bbox 516 5047 552 5090; x_wconf 89' lang='grc' dir='ltr'>ι.</span> <span class='ocrx_word' id='word_1_728' title='bbox 580 5035 679 5106; x_wconf 78' lang='grc' dir='ltr'>ιιι,’</span> <span class='ocrx_word' id='word_1_729' title='bbox 698 5053 816 5106; x_wconf 88' lang='lat' dir='ltr'><strong>pag.</strong></span> <span class='ocrx_word' id='word_1_730' title='bbox 843 5035 911 5088; x_wconf 69' lang='grc'><strong>82</strong></span> <span class='ocrx_word' id='word_1_731' title='bbox 931 5035 1296 5106; x_wconf 52' lang='lat' dir='ltr'><strong>;_§erardus&#39;a</strong></span> <span class='ocrx_word' id='word_1_732' title='bbox 1322 5040 1508 5106; x_wconf 59' lang='lat' dir='ltr'><strong>Doson,</strong></span> <span class='ocrx_word' id='word_1_733' title='bbox 1539 5039 1673 5092; x_wconf 66' lang='grc' dir='ltr'><strong>Ηίδί.</strong></span> 
     </span>
    </p>
   </div>
   <div class='ocr_carea' id='block_1_105' title="bbox 160 5077 1671 5176">
    <p class='ocr_par' dir='ltr' id='par_1_105' title="bbox 160 5077 1671 5176">
     <span class='ocr_line' id='line_1_105' title="bbox 160 5077 1671 5176; baseline 0.005 -20"><span class='ocrx_word' id='word_1_734' title='bbox 573 5077 911 5176; x_wconf 50' lang='lat' dir='ltr'><strong>fingar:</strong></span> <span class='ocrx_word' id='word_1_735' title='bbox 925 5079 945 5169; x_wconf 74' lang='grc' dir='ltr'><em>ξ</em></span> <span class='ocrx_word' id='word_1_736' title='bbox 961 5077 1296 5176; x_wconf 47' lang='lat' dir='ltr'><strong>agressa:</strong></span> <span class='ocrx_word' id='word_1_737' title='bbox 1322 5077 1671 5176; x_wconf 57' lang='lat' dir='ltr'><strong>v.3;</strong></span> 
     </span>
    </p>
   </div>
   <div class='ocr_carea' id='block_1_106' title="bbox 159 5172 1674 5243">
    <p class='ocr_par' dir='ltr' id='par_1_106' title="bbox 159 5172 1674 5243">
     <span class='ocr_line' id='line_1_106' title="bbox 159 5172 1674 5243; baseline 0.001 -17"><span class='ocrx_word' id='word_1_738' title='bbox 159 5173 294 5243; x_wconf 57' lang='grc' dir='ltr'><strong>μω,</strong></span> <span class='ocrx_word' id='word_1_739' title='bbox 323 5189 447 5243; x_wconf 79' lang='lat' dir='ltr'><strong>pag.</strong></span> <span class='ocrx_word' id='word_1_740' title='bbox 477 5172 574 5243; x_wconf 73' lang='lat'><strong>20;</strong></span> <span class='ocrx_word' id='word_1_741' title='bbox 603 5172 936 5243; x_wconf 73' lang='lat' dir='ltr'><strong>Seript.&#39;rer.</strong></span> <span class='ocrx_word' id='word_1_742' title='bbox 970 5173 1158 5228; x_wconf 82' lang='lat' dir='ltr'><strong>Frauc.</strong></span> <span class='ocrx_word' id='word_1_743' title='bbox 1183 5175 1305 5228; x_wconf 89' lang='lat' dir='ltr'><strong>coll.</strong></span> <span class='ocrx_word' id='word_1_744' title='bbox 1346 5183 1385 5228; x_wconf 91' lang='lat' dir='ltr'><strong>t.</strong></span> <span class='ocrx_word' id='word_1_745' title='bbox 1418 5173 1505 5238; x_wconf 89' lang='lat' dir='ltr'><strong>IV,</strong></span> <span class='ocrx_word' id='word_1_746' title='bbox 1554 5191 1674 5243; x_wconf 88' lang='lat' dir='ltr'><strong>pag.</strong></span> 
     </span>
    </p>
   </div>
   <div class='ocr_carea' id='block_1_107' title="bbox 158 5241 1670 5308">
    <p class='ocr_par' dir='ltr' id='par_1_107' title="bbox 158 5241 1670 5308">
     <span class='ocr_line' id='line_1_107' title="bbox 158 5241 1670 5308; baseline 0.001 -12"><span class='ocrx_word' id='word_1_747' title='bbox 158 5242 275 5308; x_wconf 60' lang='lat' dir='ltr'><strong>l133;</strong></span> <span class='ocrx_word' id='word_1_748' title='bbox 295 5241 454 5298; x_wconf 67' lang='lat' dir='ltr'><strong>Nova:</strong></span> <span class='ocrx_word' id='word_1_749' title='bbox 479 5242 657 5298; x_wconf 73' lang='lat' dir='ltr'><strong>Gallia:</strong></span> <span class='ocrx_word' id='word_1_750' title='bbox 685 5241 881 5296; x_wconf 85' lang='lat' dir='ltr'><strong>Christ.</strong></span> <span class='ocrx_word' id='word_1_751' title='bbox 907 5254 1169 5306; x_wconf 84' lang='lat' dir='ltr'><strong>auctores,</strong></span> <span class='ocrx_word' id='word_1_752' title='bbox 1211 5253 1248 5296; x_wconf 93' lang='lat' dir='ltr'><strong>t.</strong></span> <span class='ocrx_word' id='word_1_753' title='bbox 1283 5243 1389 5304; x_wconf 83' lang='lat' dir='ltr'><strong>Vll,</strong></span> <span class='ocrx_word' id='word_1_754' title='bbox 1419 5241 1670 5297; x_wconf 39' lang='lat' dir='ltr'><strong>instho‘l.</strong></span> 
     </span>
    </p>
   </div>
   <div class='ocr_carea' id='block_1_108' title="bbox 157 5309 1678 5380">
    <p class='ocr_par' dir='ltr' id='par_1_108' title="bbox 157 5309 1678 5380">
     <span class='ocr_line' id='line_1_108' title="bbox 157 5309 1678 5380; baseline 0.004 -20"><span class='ocrx_word' id='word_1_755' title='bbox 157 5310 208 5372; x_wconf 69' lang='grc'><strong>2,</strong></span> <span class='ocrx_word' id='word_1_756' title='bbox 226 5315 368 5365; x_wconf 66' lang='lat' dir='ltr'><strong>intr.</strong></span> <span class='ocrx_word' id='word_1_757' title='bbox 395 5328 463 5377; x_wconf 84' lang='lat' dir='ltr'><strong>lt;</strong></span> <span class='ocrx_word' id='word_1_758' title='bbox 484 5313 570 5380; x_wconf 87' lang='lat' dir='ltr'><strong>qui</strong></span> <span class='ocrx_word' id='word_1_759' title='bbox 591 5323 780 5380; x_wconf 84' lang='lat' dir='ltr'><strong>omnes</strong></span> <span class='ocrx_word' id='word_1_760' title='bbox 803 5309 1086 5374; x_wconf 85' lang='lat' dir='ltr'><strong>Breulium,</strong></span> <span class='ocrx_word' id='word_1_761' title='bbox 1112 5313 1309 5380; x_wconf 80' lang='lat' dir='ltr'><strong>absque</strong></span> <span class='ocrx_word' id='word_1_762' title='bbox 1332 5314 1433 5365; x_wconf 85' lang='lat' dir='ltr'><strong>ulla</strong></span> <span class='ocrx_word' id='word_1_763' title='bbox 1456 5329 1589 5366; x_wconf 87' lang='lat' dir='ltr'><strong>nova</strong></span> <span class='ocrx_word' id='word_1_764' title='bbox 1611 5315 1678 5366; x_wconf 87' lang='lat' dir='ltr'><strong>de</strong></span> 
     </span>
    </p>
   </div>
   <div class='ocr_carea' id='block_1_109' title="bbox 161 5379 1676 5452">
    <p class='ocr_par' dir='ltr' id='par_1_109' title="bbox 161 5379 1676 5452">
     <span class='ocr_line' id='line_1_109' title="bbox 161 5379 1676 5452; baseline 0.001 -22"><span class='ocrx_word' id='word_1_765' title='bbox 161 5383 473 5452; x_wconf 72' lang='lat' dir='ltr'><strong>antegrapho</strong></span> <span class='ocrx_word' id='word_1_766' title='bbox 491 5379 889 5452; x_wconf 79' lang='lat' dir='ltr'><strong>disquisitione,</strong></span> <span class='ocrx_word' id='word_1_767' title='bbox 935 5382 1105 5434; x_wconf 88' lang='lat' dir='ltr'><strong>secuti</strong></span> <span class='ocrx_word' id='word_1_768' title='bbox 1135 5379 1548 5452; x_wconf 61' lang='lat' dir='ltr'><strong>suaccmuuus</strong></span> <span class='ocrx_word' id='word_1_769' title='bbox 1579 5382 1676 5452; x_wconf 75' lang='lat' dir='ltr'><strong>ali-</strong></span> 
     </span>
    </p>
   </div>
   <div class='ocr_carea' id='block_1_110' title="bbox 160 5447 1675 5516">
    <p class='ocr_par' dir='ltr' id='par_1_110' title="bbox 160 5447 1675 5516">
     <span class='ocr_line' id='line_1_110' title="bbox 160 5447 1675 5516; baseline 0.001 -16"><span class='ocrx_word' id='word_1_770' title='bbox 160 5447 292 5512; x_wconf 66' lang='lat' dir='ltr'><strong>quas</strong></span> <span class='ocrx_word' id='word_1_771' title='bbox 325 5447 856 5516; x_wconf 78' lang='lat' dir='ltr'><strong>interpolationes-in</strong></span> <span class='ocrx_word' id='word_1_772' title='bbox 905 5456 1155 5516; x_wconf 74' lang='lat' dir='ltr'><strong>contextu</strong></span> <span class='ocrx_word' id='word_1_773' title='bbox 1201 5465 1229 5501; x_wconf 90' lang='lat' dir='ltr'><strong>a</strong></span> <span class='ocrx_word' id='word_1_774' title='bbox 1281 5447 1488 5504; x_wconf 83' lang='lat' dir='ltr'><strong>Breulio</strong></span> <span class='ocrx_word' id='word_1_775' title='bbox 1533 5450 1675 5502; x_wconf 81' lang='lat' dir='ltr'><strong>edito</strong></span> 
     </span>
    </p>
   </div>
   <div class='ocr_carea' id='block_1_111' title="bbox 162 5515 1676 5643">
    <p class='ocr_par' dir='ltr' id='par_1_111' title="bbox 162 5515 1676 5643">
     <span class='ocr_line' id='line_1_111' title="bbox 163 5515 1676 5598; baseline 0.002 -31"><span class='ocrx_word' id='word_1_776' title='bbox 163 5518 430 5597; x_wconf 37' lang='lat' dir='ltr'><strong>expauit:</strong></span> <span class='ocrx_word' id='word_1_777' title='bbox 448 5515 700 5598; x_wconf 73' lang='lat' dir='ltr'><strong>Iinmur</strong></span> <span class='ocrx_word' id='word_1_778' title='bbox 718 5516 859 5583; x_wconf 87' lang='lat' dir='ltr'><strong>quod</strong></span> <span class='ocrx_word' id='word_1_779' title='bbox 877 5515 1232 5594; x_wconf 56' lang='lat' dir='ltr'><strong>Mabillonius,</strong></span> <span class='ocrx_word' id='word_1_780' title='bbox 1255 5518 1676 5597; x_wconf 73' lang='lat' dir='ltr'><strong>quiBlidegisilli</strong></span> 
     </span>
     <span class='ocr_line' id='line_1_112' title="bbox 162 5584 1675 5643; baseline 0 -7"><span class='ocrx_word' id='word_1_781' title='bbox 162 5584 222 5638; x_wconf 85' lang='lat' dir='ltr'><strong>de</strong></span> <span class='ocrx_word' id='word_1_782' title='bbox 241 5584 538 5643; x_wconf 69' lang='lat' dir='ltr'><strong>laudatione</strong></span> <span class='ocrx_word' id='word_1_783' title='bbox 587 5587 918 5639; x_wconf 55' lang='lat' dir='ltr'><strong>fossatenm</strong></span> <span class='ocrx_word' id='word_1_784' title='bbox 962 5589 1268 5640; x_wconf 79' lang='lat' dir='ltr'><strong>merrasterh</strong></span> <span class='ocrx_word' id='word_1_785' title='bbox 1317 5589 1538 5643; x_wconf 88' lang='lat' dir='ltr'><strong>litteras.</strong></span> <span class='ocrx_word' id='word_1_786' title='bbox 1585 5600 1675 5637; x_wconf 86' lang='lat' dir='ltr'><strong>or-</strong></span> 
     </span>
    </p>
   </div>
   <div class='ocr_carea' id='block_1_112' title="bbox 165 5653 1676 5720">
    <p class='ocr_par' dir='ltr' id='par_1_112' title="bbox 165 5653 1676 5720">
     <span class='ocr_line' id='line_1_113' title="bbox 165 5653 1676 5720; baseline -0.004 -12"><span class='ocrx_word' id='word_1_787' title='bbox 165 5653 386 5708; x_wconf 65' lang='lat' dir='ltr'><strong>inemo</strong></span> <span class='ocrx_word' id='word_1_788' title='bbox 431 5670 461 5706; x_wconf 71' lang='grc' dir='ltr'>ε</span> <span class='ocrx_word' id='word_1_789' title='bbox 507 5655 661 5707; x_wconf 82' lang='lat' dir='ltr'><strong>nobis</strong></span> <span class='ocrx_word' id='word_1_790' title='bbox 710 5653 1031 5714; x_wconf 78' lang='lat' dir='ltr'><strong>reterendas,</strong></span> <span class='ocrx_word' id='word_1_791' title='bbox 1073 5660 1279 5708; x_wconf 82' lang='lat' dir='ltr'><strong>omnino</strong></span> <span class='ocrx_word' id='word_1_792' title='bbox 1303 5658 1528 5709; x_wconf 76' lang='lat' dir='ltr'><strong>sinceras</strong></span> <span class='ocrx_word' id='word_1_793' title='bbox 1557 5670 1676 5720; x_wconf 83' lang='lat' dir='ltr'><strong>pru-</strong></span> 
     </span>
    </p>
   </div>
   <div class='ocr_carea' id='block_1_113' title="bbox 167 5722 1673 5792">
    <p class='ocr_par' dir='ltr' id='par_1_113' title="bbox 167 5722 1673 5792">
     <span class='ocr_line' id='line_1_114' title="bbox 167 5722 1673 5792; baseline -0.003 -14"><span class='ocrx_word' id='word_1_794' title='bbox 167 5724 521 5792; x_wconf 61' lang='lat' dir='ltr'><strong>ggntiarenon</strong></span> <span class='ocrx_word' id='word_1_795' title='bbox 569 5724 749 5792; x_wconf 79' lang='lat' dir='ltr'><strong>audet,</strong></span> <span class='ocrx_word' id='word_1_796' title='bbox 783 5723 912 5792; x_wconf 69' lang='lat' dir='ltr'><strong>Ann.</strong></span> <span class='ocrx_word' id='word_1_797' title='bbox 948 5722 1147 5792; x_wconf 70' lang='lat' dir='ltr'><strong>Bencd.</strong></span> <span class='ocrx_word' id='word_1_798' title='bbox 1179 5732 1218 5775; x_wconf 94' lang='lat' dir='ltr'><strong>t.</strong></span> <span class='ocrx_word' id='word_1_799' title='bbox 1245 5724 1282 5786; x_wconf 89' lang='grc' dir='ltr'>ι,</span> <span class='ocrx_word' id='word_1_800' title='bbox 1315 5725 1406 5778; x_wconf 88' lang='lat' dir='ltr'><strong>lib.</strong></span> <span class='ocrx_word' id='word_1_801' title='bbox 1439 5741 1530 5787; x_wconf 79' lang='lat' dir='ltr'><strong>xu,</strong></span> <span class='ocrx_word' id='word_1_802' title='bbox 1555 5735 1673 5792; x_wconf 82' lang='lat' dir='ltr'><strong>pag.</strong></span> 
     </span>
    </p>
   </div>
   <div class='ocr_carea' id='block_1_114' title="bbox 165 5787 1682 5858">
    <p class='ocr_par' dir='ltr' id='par_1_114' title="bbox 165 5787 1682 5858">
     <span class='ocr_line' id='line_1_115' title="bbox 165 5787 1682 5858; baseline 0.004 -18"><span class='ocrx_word' id='word_1_803' title='bbox 165 5787 292 5856; x_wconf 72' lang='grc'><strong>572,</strong></span> <span class='ocrx_word' id='word_1_804' title='bbox 334 5789 530 5848; x_wconf 82' lang='lat' dir='ltr'><strong>nullam</strong></span> <span class='ocrx_word' id='word_1_805' title='bbox 583 5789 652 5846; x_wconf 86' lang='lat' dir='ltr'><strong>de</strong></span> <span class='ocrx_word' id='word_1_806' title='bbox 699 5789 997 5858; x_wconf 83' lang='lat' dir='ltr'><strong>diplomatis</strong></span> <span class='ocrx_word' id='word_1_807' title='bbox 1040 5790 1328 5849; x_wconf 84' lang='lat' dir='ltr'><strong>Chlodovei</strong></span> <span class='ocrx_word' id='word_1_808' title='bbox 1381 5787 1682 5848; x_wconf 84' lang='lat' dir='ltr'><strong>sinceritate</strong></span> 
     </span>
    </p>
   </div>
   <div class='ocr_carea' id='block_1_115' title="bbox 1781 4901 3327 4969">
    <p class='ocr_par' dir='ltr' id='par_1_115' title="bbox 1781 4901 3327 4969">
     <span class='ocr_line' id='line_1_116' title="bbox 1781 4901 3327 4969; baseline 0.002 -15"><span class='ocrx_word' id='word_1_809' title='bbox 1781 4901 2101 4965; x_wconf 83' lang='lat' dir='ltr'><strong>Felibianus,</strong></span> <span class='ocrx_word' id='word_1_810' title='bbox 2132 4917 2287 4969; x_wconf 87' lang='lat' dir='ltr'><strong>quem</strong></span> <span class='ocrx_word' id='word_1_811' title='bbox 2312 4909 2606 4967; x_wconf 86' lang='lat' dir='ltr'><strong>sequuntur</strong></span> <span class='ocrx_word' id='word_1_812' title='bbox 2622 4902 2797 4954; x_wconf 63' lang='lat' dir='ltr'><strong>caeteri</strong></span> <span class='ocrx_word' id='word_1_813' title='bbox 2818 4902 2972 4964; x_wconf 87' lang='lat' dir='ltr'><strong>huius</strong></span> <span class='ocrx_word' id='word_1_814' title='bbox 2991 4903 3327 4956; x_wconf 84' lang='lat' dir='ltr'><strong>instrumenti</strong></span> 
     </span>
    </p>
   </div>
   <div class='ocr_carea' id='block_1_116' title="bbox 1781 4970 3326 5034">
    <p class='ocr_par' dir='ltr' id='par_1_116' title="bbox 1781 4970 3326 5034">
     <span class='ocr_line' id='line_1_117' title="bbox 1781 4970 3326 5034; baseline 0 -10"><span class='ocrx_word' id='word_1_815' title='bbox 1781 4972 2032 5032; x_wconf 86' lang='lat' dir='ltr'><strong>editores,</strong></span> <span class='ocrx_word' id='word_1_816' title='bbox 2065 4986 2132 5023; x_wconf 91' lang='lat' dir='ltr'><strong>ne</strong></span> <span class='ocrx_word' id='word_1_817' title='bbox 2160 4970 2430 5022; x_wconf 88' lang='lat' dir='ltr'><strong>minunam</strong></span> <span class='ocrx_word' id='word_1_818' title='bbox 2455 4971 2664 5034; x_wconf 83' lang='lat' dir='ltr'><strong>quidem</strong></span> <span class='ocrx_word' id='word_1_819' title='bbox 2713 4970 2778 5023; x_wconf 87' lang='lat' dir='ltr'><strong>de</strong></span> <span class='ocrx_word' id='word_1_820' title='bbox 2825 4972 2963 5024; x_wconf 89' lang='lat' dir='ltr'><strong>illius</strong></span> <span class='ocrx_word' id='word_1_821' title='bbox 3020 4972 3326 5024; x_wconf 83' lang='lat' dir='ltr'><strong>sinceritate</strong></span> 
     </span>
    </p>
   </div>
   <div class='ocr_carea' id='block_1_117' title="bbox 1781 5037 3329 5102">
    <p class='ocr_par' dir='ltr' id='par_1_117' title="bbox 1781 5037 3329 5102">
     <span class='ocr_line' id='line_1_118' title="bbox 1781 5037 3329 5102; baseline 0.001 -10"><span class='ocrx_word' id='word_1_822' title='bbox 1781 5040 2162 5092; x_wconf 85' lang='lat' dir='ltr'><strong>dubitationem</strong></span> <span class='ocrx_word' id='word_1_823' title='bbox 2193 5037 2561 5102; x_wconf 84' lang='lat' dir='ltr'><strong>proferendam</strong></span> <span class='ocrx_word' id='word_1_824' title='bbox 2609 5055 2725 5092; x_wconf 85' lang='lat' dir='ltr'><strong>csse</strong></span> <span class='ocrx_word' id='word_1_825' title='bbox 2755 5041 2995 5092; x_wconf 88' lang='lat' dir='ltr'><strong>credidit.</strong></span> <span class='ocrx_word' id='word_1_826' title='bbox 3023 5038 3148 5099; x_wconf 87' lang='lat' dir='ltr'><strong>Nos,</strong></span> <span class='ocrx_word' id='word_1_827' title='bbox 3207 5057 3329 5094; x_wconf 85' lang='lat' dir='ltr'><strong>cum</strong></span> 
     </span>
    </p>
   </div>
   <div class='ocr_carea' id='block_1_118' title="bbox 1781 5107 3329 5174">
    <p class='ocr_par' dir='ltr' id='par_1_118' title="bbox 1781 5107 3329 5174">
     <span class='ocr_line' id='line_1_119' title="bbox 1781 5107 3329 5174; baseline 0.001 -14"><span class='ocrx_word' id='word_1_828' title='bbox 1781 5107 2168 5174; x_wconf 84' lang='lat' dir='ltr'><strong>autographum</strong></span> <span class='ocrx_word' id='word_1_829' title='bbox 2199 5107 2366 5172; x_wconf 89' lang='lat' dir='ltr'><strong>ipsum</strong></span> <span class='ocrx_word' id='word_1_830' title='bbox 2399 5108 2562 5174; x_wconf 87' lang='lat' dir='ltr'><strong>(quod</strong></span> <span class='ocrx_word' id='word_1_831' title='bbox 2605 5109 2655 5160; x_wconf 92' lang='lat' dir='ltr'><strong>in</strong></span> <span class='ocrx_word' id='word_1_832' title='bbox 2700 5107 2929 5159; x_wconf 74' lang='lat' dir='ltr'><strong>archivis</strong></span> <span class='ocrx_word' id='word_1_833' title='bbox 2967 5114 3077 5159; x_wconf 87' lang='lat' dir='ltr'><strong>tum</strong></span> <span class='ocrx_word' id='word_1_834' title='bbox 3124 5109 3329 5162; x_wconf 84' lang='lat' dir='ltr'><strong>archie-</strong></span> 
     </span>
    </p>
   </div>
   <div class='ocr_carea' id='block_1_119' title="bbox 1782 5173 3325 5244">
    <p class='ocr_par' dir='ltr' id='par_1_119' title="bbox 1782 5173 3325 5244">
     <span class='ocr_line' id='line_1_120' title="bbox 1782 5173 3325 5244; baseline -0.001 -15"><span class='ocrx_word' id='word_1_835' title='bbox 1782 5178 2086 5244; x_wconf 86' lang='lat' dir='ltr'><strong>piscopatus</strong></span> <span class='ocrx_word' id='word_1_836' title='bbox 2112 5173 2451 5244; x_wconf 75' lang='lat' dir='ltr'><strong>Parisieusis,</strong></span> <span class='ocrx_word' id='word_1_837' title='bbox 2489 5174 2840 5244; x_wconf 84' lang='lat' dir='ltr'><strong>tum_capituli</strong></span> <span class='ocrx_word' id='word_1_838' title='bbox 2871 5174 2922 5226; x_wconf 90' lang='lat' dir='ltr'><strong>S.</strong></span> <span class='ocrx_word' id='word_1_839' title='bbox 2969 5174 3187 5230; x_wconf 69' lang='lat' dir='ltr'><strong>Thomte</strong></span> <span class='ocrx_word' id='word_1_840' title='bbox 3217 5175 3325 5228; x_wconf 81' lang='lat' dir='ltr'><strong>Lu-</strong></span> 
     </span>
    </p>
   </div>
   <div class='ocr_carea' id='block_1_120' title="bbox 1780 5242 3324 5311">
    <p class='ocr_par' dir='ltr' id='par_1_120' title="bbox 1780 5242 3324 5311">
     <span class='ocr_line' id='line_1_121' title="bbox 1780 5242 3324 5311; baseline -0.001 -16"><span class='ocrx_word' id='word_1_841' title='bbox 1780 5242 2127 5311; x_wconf 75' lang='lat' dir='ltr'><strong>parensis,ad</strong></span> <span class='ocrx_word' id='word_1_842' title='bbox 2158 5257 2310 5309; x_wconf 88' lang='lat' dir='ltr'><strong>quem</strong></span> <span class='ocrx_word' id='word_1_843' title='bbox 2350 5259 2435 5297; x_wconf 88' lang='lat' dir='ltr'><strong>res</strong></span> <span class='ocrx_word' id='word_1_844' title='bbox 2482 5244 2546 5294; x_wconf 90' lang='lat' dir='ltr'><strong>ad</strong></span> <span class='ocrx_word' id='word_1_845' title='bbox 2579 5242 2893 5311; x_wconf 73' lang='lat' dir='ltr'><strong>Fossatense</strong></span> <span class='ocrx_word' id='word_1_846' title='bbox 2942 5245 3324 5298; x_wconf 85' lang='lat' dir='ltr'><strong>monasterium</strong></span> 
     </span>
    </p>
   </div>
   <div class='ocr_carea' id='block_1_121' title="bbox 1782 5310 3323 5378">
    <p class='ocr_par' dir='ltr' id='par_1_121' title="bbox 1782 5310 3323 5378">
     <span class='ocr_line' id='line_1_122' title="bbox 1782 5310 3323 5378; baseline -0.001 -15"><span class='ocrx_word' id='word_1_847' title='bbox 1782 5310 1905 5365; x_wconf 77' lang='lat' dir='ltr'><strong>oliui</strong></span> <span class='ocrx_word' id='word_1_848' title='bbox 1933 5310 2253 5377; x_wconf 88' lang='lat' dir='ltr'><strong>pertinentes</strong></span> <span class='ocrx_word' id='word_1_849' title='bbox 2283 5311 2622 5370; x_wconf 87' lang='lat' dir='ltr'><strong>devenerunt,</strong></span> <span class='ocrx_word' id='word_1_850' title='bbox 2655 5310 2843 5364; x_wconf 85' lang='lat' dir='ltr'><strong>l‘iustra</strong></span> <span class='ocrx_word' id='word_1_851' title='bbox 2877 5312 3323 5378; x_wconf 84' lang='lat' dir='ltr'><strong>investigavimus)</strong></span> 
     </span>
    </p>
   </div>
   <div class='ocr_carea' id='block_1_122' title="bbox 1787 5378 3324 5447">
    <p class='ocr_par' dir='ltr' id='par_1_122' title="bbox 1787 5378 3324 5447">
     <span class='ocr_line' id='line_1_123' title="bbox 1787 5378 3324 5447; baseline -0.001 -16"><span class='ocrx_word' id='word_1_852' title='bbox 1787 5380 2048 5447; x_wconf 89' lang='lat' dir='ltr'><strong>inspicere</strong></span> <span class='ocrx_word' id='word_1_853' title='bbox 2080 5395 2182 5432; x_wconf 89' lang='lat' dir='ltr'><strong>non</strong></span> <span class='ocrx_word' id='word_1_854' title='bbox 2214 5381 2436 5443; x_wconf 83' lang='lat' dir='ltr'><strong>licuerit,</strong></span> <span class='ocrx_word' id='word_1_855' title='bbox 2470 5378 2957 5433; x_wconf 86' lang='lat' dir='ltr'><strong>animadversiones</strong></span> <span class='ocrx_word' id='word_1_856' title='bbox 2985 5381 3176 5433; x_wconf 84' lang='lat' dir='ltr'><strong>Cointii</strong></span> <span class='ocrx_word' id='word_1_857' title='bbox 3205 5381 3324 5432; x_wconf 77' lang='lat' dir='ltr'><strong>loco</strong></span> 
     </span>
    </p>
   </div>
   <div class='ocr_carea' id='block_1_123' title="bbox 1782 5447 3326 5515">
    <p class='ocr_par' dir='ltr' id='par_1_123' title="bbox 1782 5447 3326 5515">
     <span class='ocr_line' id='line_1_124' title="bbox 1782 5447 3326 5515; baseline 0.001 -15"><span class='ocrx_word' id='word_1_858' title='bbox 1782 5465 1879 5500; x_wconf 78' lang='lat' dir='ltr'><strong>suo</strong></span> <span class='ocrx_word' id='word_1_859' title='bbox 1909 5447 2230 5509; x_wconf 82' lang='lat' dir='ltr'><strong>referemus;</strong></span> <span class='ocrx_word' id='word_1_860' title='bbox 2264 5449 2612 5501; x_wconf 87' lang='lat' dir='ltr'><strong>instrumento</strong></span> <span class='ocrx_word' id='word_1_861' title='bbox 2635 5462 2763 5502; x_wconf 90' lang='lat' dir='ltr'><strong>vero</strong></span> <span class='ocrx_word' id='word_1_862' title='bbox 2808 5449 3041 5515; x_wconf 89' lang='lat' dir='ltr'><strong>pluribus</strong></span> <span class='ocrx_word' id='word_1_863' title='bbox 3068 5461 3165 5500; x_wconf 89' lang='lat' dir='ltr'><strong>nec</strong></span> <span class='ocrx_word' id='word_1_864' title='bbox 3194 5448 3326 5501; x_wconf 88' lang='lat' dir='ltr'><strong>levis</strong></span> 
     </span>
    </p>
   </div>
   <div class='ocr_carea' id='block_1_124' title="bbox 1783 5515 3328 5583">
    <p class='ocr_par' dir='ltr' id='par_1_124' title="bbox 1783 5515 3328 5583">
     <span class='ocr_line' id='line_1_125' title="bbox 1783 5515 3328 5583; baseline -0.001 -15"><span class='ocrx_word' id='word_1_865' title='bbox 1783 5516 2034 5569; x_wconf 87' lang='lat' dir='ltr'><strong>momenti</strong></span> <span class='ocrx_word' id='word_1_866' title='bbox 2060 5516 2547 5581; x_wconf 89' lang='lat' dir='ltr'><strong>interpolationibus</strong></span> <span class='ocrx_word' id='word_1_867' title='bbox 2570 5515 2786 5583; x_wconf 78' lang='lat' dir='ltr'><strong>ftedato,</strong></span> <span class='ocrx_word' id='word_1_868' title='bbox 2812 5515 3208 5569; x_wconf 87' lang='lat' dir='ltr'><strong>adulterationis</strong></span> <span class='ocrx_word' id='word_1_869' title='bbox 3231 5533 3328 5568; x_wconf 86' lang='lat' dir='ltr'><strong>uo-</strong></span> 
     </span>
    </p>
   </div>
   <div class='ocr_carea' id='block_1_125' title="bbox 1785 5585 2770 5652">
    <p class='ocr_par' dir='ltr' id='par_1_125' title="bbox 1785 5585 2770 5652">
     <span class='ocr_line' id='line_1_126' title="bbox 1785 5585 2770 5652; baseline 0.002 -16"><span class='ocrx_word' id='word_1_870' title='bbox 1785 5595 1886 5636; x_wconf 87' lang='lat' dir='ltr'><strong>tain</strong></span> <span class='ocrx_word' id='word_1_871' title='bbox 1915 5585 2250 5652; x_wconf 72' lang='lat' dir='ltr'><strong>prteﬁgimus.</strong></span> <span class='ocrx_word' id='word_1_872' title='bbox 2447 5617 2449 5620; x_wconf 64' lang='grc'>‹</span> <span class='ocrx_word' id='word_1_873' title='bbox 2765 5585 2770 5591; x_wconf 20' lang='grc' dir='ltr'>κ</span> 
     </span>
    </p>
   </div>
   <div class='ocr_carea' id='block_1_126' title="bbox 1767 5651 3322 5721">
    <p class='ocr_par' dir='ltr' id='par_1_126' title="bbox 1767 5651 3322 5721">
     <span class='ocr_line' id='line_1_127' title="bbox 1767 5651 3322 5721; baseline -0.003 -14"><span class='ocrx_word' id='word_1_874' title='bbox 1767 5703 1771 5712; x_wconf 70' lang='lat'><strong>,</strong></span> <span class='ocrx_word' id='word_1_875' title='bbox 1854 5658 1878 5694; x_wconf 65' lang='grc' dir='ltr'>δ</span> <span class='ocrx_word' id='word_1_876' title='bbox 1909 5651 1984 5707; x_wconf 80' lang='lat' dir='ltr'><strong>Ad</strong></span> <span class='ocrx_word' id='word_1_877' title='bbox 2009 5651 2120 5707; x_wconf 64' lang='lat' dir='ltr'><strong>haec</strong></span> <span class='ocrx_word' id='word_1_878' title='bbox 2150 5657 2306 5705; x_wconf 86' lang='lat' dir='ltr'><strong>verba</strong></span> <span class='ocrx_word' id='word_1_879' title='bbox 2353 5654 2429 5706; x_wconf 86' lang='lat' dir='ltr'><strong>sic</strong></span> <span class='ocrx_word' id='word_1_880' title='bbox 2476 5653 2734 5716; x_wconf 72' lang='lat' dir='ltr'><strong>Colntius,</strong></span> <span class='ocrx_word' id='word_1_881' title='bbox 2766 5653 2953 5705; x_wconf 83' lang='lat' dir='ltr'><strong>Annal.</strong></span> <span class='ocrx_word' id='word_1_882' title='bbox 2987 5661 3026 5706; x_wconf 94' lang='lat' dir='ltr'><strong>t.</strong></span> <span class='ocrx_word' id='word_1_883' title='bbox 3057 5651 3144 5717; x_wconf 88' lang='lat' dir='ltr'><strong>ill,</strong></span> <span class='ocrx_word' id='word_1_884' title='bbox 3201 5665 3322 5721; x_wconf 82' lang='lat' dir='ltr'><strong>pag.</strong></span> 
     </span>
    </p>
   </div>
   <div class='ocr_carea' id='block_1_127' title="bbox 1785 5722 3327 5795">
    <p class='ocr_par' dir='ltr' id='par_1_127' title="bbox 1785 5722 3327 5795">
     <span class='ocr_line' id='line_1_128' title="bbox 1785 5722 3327 5795; baseline -0.003 -21"><span class='ocrx_word' id='word_1_885' title='bbox 1785 5722 1853 5795; x_wconf 69' lang='lat'><strong>§5</strong></span> <span class='ocrx_word' id='word_1_886' title='bbox 1887 5743 1898 5775; x_wconf 89' lang='lat'><strong>:</strong></span> <span class='ocrx_word' id='word_1_887' title='bbox 1937 5723 2110 5795; x_wconf 31' lang='lat' dir='ltr'><strong>«Nilaca</strong></span> <span class='ocrx_word' id='word_1_888' title='bbox 2140 5724 2492 5795; x_wconf 71' lang='lat' dir='ltr'><strong>areceutiore</strong></span> <span class='ocrx_word' id='word_1_889' title='bbox 2513 5724 2759 5795; x_wconf 81' lang='lat' dir='ltr'><strong>qquiam</strong></span> <span class='ocrx_word' id='word_1_890' title='bbox 2791 5725 2841 5773; x_wconf 91' lang='lat' dir='ltr'><strong>in</strong></span> <span class='ocrx_word' id='word_1_891' title='bbox 2871 5724 3092 5795; x_wconf 64' lang='lat' dir='ltr'><strong>gratiam</strong></span> <span class='ocrx_word' id='word_1_892' title='bbox 3130 5724 3327 5795; x_wconf 70' lang='lat' dir='ltr'><strong>ordinis</strong></span> 
     </span>
    </p>
   </div>
   <div class='ocr_carea' id='block_1_128' title="bbox 1791 5790 3326 5863">
    <p class='ocr_par' dir='ltr' id='par_1_128' title="bbox 1791 5790 3326 5863">
     <span class='ocr_line' id='line_1_129' title="bbox 1791 5790 3326 5863; baseline -0.001 -21"><span class='ocrx_word' id='word_1_893' title='bbox 1791 5790 2112 5846; x_wconf 78' lang='lat' dir='ltr'><strong>Betiedictini</strong></span> <span class='ocrx_word' id='word_1_894' title='bbox 2142 5791 2383 5845; x_wconf 86' lang='lat' dir='ltr'><strong>videntur</strong></span> <span class='ocrx_word' id='word_1_895' title='bbox 2422 5791 2735 5856; x_wconf 85' lang='lat' dir='ltr'><strong>interpolata</strong></span> <span class='ocrx_word' id='word_1_896' title='bbox 2760 5807 2774 5856; x_wconf 86' lang='lat'><strong>;</strong></span> <span class='ocrx_word' id='word_1_897' title='bbox 2806 5803 2925 5843; x_wconf 91' lang='lat' dir='ltr'><strong>nam</strong></span> <span class='ocrx_word' id='word_1_898' title='bbox 2955 5790 3326 5863; x_wconf 53' lang='lat' dir='ltr'><strong>,Blidegisillus</strong></span> 
     </span>
    </p>
   </div>
  </div>
