3886 6226
466 380 567 432 Ἱεὶῦ

1744 355 2416 444 MARCULFIMONACHI

3557 348 3662 399 71H

460 490 826 556 subscriptam,
857 489 921 542 de
948 487 1084 541 villis
1127 485 1361 540 ecclesia:
1398 495 1505 537 sua:
1542 480 1714 545 illius,
1760 489 1891 546 quas
1934 472 1999 528 ad
2026 473 2074 531 Α
2101 468 2314 540 poribus
2358 465 2636 556 ἱιινίοῐέιιὲιν⁸
2685 464 2792 520 υεο
2838 465 3102 556 adium?!
3149 462 3330 556 P0535l_
3365 468 3663 525 conﬂare.

461 594 692 648 prtesens
720 579 1037 648 possidebat,
1064 577 1147 629 vel
1177 576 1241 628 de
1267 589 1331 628 eo
1357 571 1498 641 quod
1525 586 1554 623 u
1577 570 1745 623 Deum
1777 564 2007 620 timenti-

460 669 560 723 bus
589 668 886 722 hominibus
911 666 1106 719 ibidem
1133 664 1345 716 iuantea
1370 661 1716 726 delegaretur,
1749 653 2042 722 integram'

461 759 801 826 emunitatem
825 745 1192 816 concessisset,
1220 759 1278 804 ut
1303 750 1472 804 nullus
1495 749 1654 816 iudex
1681 743 1916 815 publicus
1941 743 2007 796 ad

459 863 641 902 causas
663 846 998 904 audiendum,
1028 842 1110 896 vel
1137 840 1278 894 l'reda
1305 838 1636 908 exigendum,
1662 849 1759 888 nec
1781 831 2007 886 mansio-

459 955 574 1004 nes,
603 946 693 991 aut
720 946 928 1006 paratas
967 933 1281 995 faciendum,
1311 914 1412 985 nec
1453 928 1788 996 ﬁdeiussores
1826 924 2006 979 tollen-

457 1033 604 1093 dum,
629 1043 725 1082 nec
748 1027 988 1081 homines
1009 1025 1172 1092 ipsius
1197 1021 1440 1076 Ecclesiae
1459 1019 1523 1072 de
1541 1017 1859 1088 quibuslibet
1881 1031 2007 1070 cau-

457 1119 529 1172 sis
559 1115 990 1183 distringendum,
1013 1127 1126 1187 nec!
1153 1111 1217 1164 ad
1246 1111 1379 1163 ullas
1406 1107 1782 1162 redhibitiones
1824 1105 2002 1171 requi-

461 1209 702 1269 rendum,
731 1206 924 1258 ibidem
946 1198 1151 1270 ingredi
1180 1216 1284 1254 non
1311 1200 1558 1254 debeant.
1596 1195 1742 1250 Unde
1765 1203 1818 1248 et
1840 1195 2005 1261 ipsam

461 1295 863 1362 preceptionem
891 1297 996 1360 iam
1019 1292 1143 1345 dicti
1183 1290 1450 1359 principis,
1474 1302 1565 1341 seu
1596 1298 1648 1339 et
1677 1293 1700 1320 ⁸
1721 1284 2002 1368 conﬁrma-

460 1389 654 1440 tionem
704 1385 910 1438 illorum
957 1396 1158 1450 regum,
1201 1394 1382 1434 eorum
1424 1378 1663 1430 manibus
1707 1375 2002 1435 roboratus,

459 1477 756 1530 antedictos
785 1473 1019 1541 pontifex
1049 1471 1198 1524 nobis
1220 1467 1450 1523 osmridit
1469 1464 1795 1532 relegendas,
1821 1471 1875 1516 et
1896 1463 2007 1530 ipse

461 1565 766 1619 beneﬁcium
797 1563 936 1615 circa
963 1560 1168 1622 eodem,
1206 1557 1287 1611 vel
1317 1561 1606 1610 memorata
1637 1551 1858 1606 ecclesia
1888 1565 2002 1612 sua,

455 1658 596 1715 sicut
639 1669 667 1705 a
706 1651 1020 1720 supradictis
1070 1648 1390 1717 principibus
1431 1645 1528 1698 fuit
1572 1643 1854 1707 indultum,
1892 1657 2005 1694 mo-

462 1743 630 1795 derno
676 1750 913 1808 tempore
957 1738 1145 1794 asserit
1189 1751 1306 1790 esse
1355 1741 1742 1787 conservatum.
1773 1731 1877 1786 Sed
1908 1745 2001 1796 pro

460 1829 719 1883 lirmitatis
748 1827 940 1890 studio,
969 1827 1100 1895 petit
1143 1824 1505 1881 celsitudinem
1532 1829 1784 1880 nostram.
1819 1828 1875 1873 ut
1901 1820 2003 1872 hoc

458 1922 635 1974 denuo
681 1919 820 1972 circa
865 1916 1067 1981 eodem,
1118 1909 1202 1969 vel
1244 1920 1531 1967 memorata
1562 1909 1796 1963 Ecclesia
1841 1905 2007 1960 sancti

458 2009 616 2071 illius,
651 2016 827 2058 nostra
868 2006 1083 2058 deberet
1132 2003 1421 2058 auctoritas
1471 2000 1786 2068 generaliter
1817 1995 2006 2052 conﬁr-

458 2112 622 2150 mare.
655 2097 814 2164 Cujus
844 2095 868 2132 ι’
900 2084 1136 2162 petitioni
1181 2108 1275 2162 pro
1313 2093 1603 2146 reverentia
1650 2091 1812 2158 ipsius
1839 2087 2008 2141 sancti

459 2188 580 2250 loci,
605 2195 662 2238 ut
691 2199 986 2238 mereamur
1013 2183 1064 2236 in
1095 2182 1390 2235 mercedem
1417 2180 1628 2256 sociari,
1656 2177 2007 2246 plenissimam

457 2276 782 2328 voiuntatem
822 2271 1146 2340 praestitisse,
1179 2270 1262 2323 vei
1306 2268 1642 2323 conﬁrmasse
1685 2267 2002 2334 cognoscite.

463 2364 834 2429 l’nccipientes
861 2374 987 2426 ergo
1013 2358 1277 2426 iubemus,
1297 2366 1366 2412 nt-
1386 2359 1522 2412 sicut
1541 2365 1749 2411 constat
1773 2356 1838 2408 ab
1860 2363 2008 2407 ante-

458 2451 610 2504 dictis
639 2449 958 2516 principibus
1003 2449 1070 2503 de
1099 2449 1234 2502 villis
1264 2448 1492 2516 prmfata:
1537 2446 1784 2500 Ecclesiae
1831 2444 2008 2498 domui

458 2540 599 2593 illius
629 2540 880 2606 integram
912 2539 1254 2593 emunitalem
1283 2540 1481 2605 absque
1526 2538 1746 2589 introitu
1768 2533 2007 2602 iudicum

460 2628 621 2680 fuisse
661 2642 992 2693 concessam,
1022 2629 1091 2680 ita
1120 2636 1175 2681 et
1196 2628 1428 2688 iuantea,
1453 2625 1734 2677 auxiliante
1759 2621 2005 2688 Domino,

447 2718 714 2783 inspectm
753 2720 987 2784 priorum
1019 2717 1312 2784 principum
1341 2715 1683 2770 auctoritates
1708 2713 2013 2766 omnimodo

461 2815 858 2870 conserventur,
891 2814 945 2857 et
972 2820 1142 2873 neque
1171 2821 1282 2870 vos,
1307 2818 1478 2871 neque
1510 2812 1530 2838 ο
1556 2803 1812 2869 iuniores,
1843 2815 2014 2867 neque

464 2909 798 2948 successores
828 2895 1019 2959 vestri,
1047 2896 1131 2948 vel
1159 2895 1405 2962 quislibet
1437 2896 1501 2947 de
1549 2891 1822 2960 iudiciaria
1868 2901 2016 2961 pote-

464 2991 619 3044 state,
670 2983 720 3034 in
767 2983 917 3036 villas
964 2983 1240 3036 antedicla:
1278 2981 1540 3042 Ecclesiae,
1588 2994 1716 3046 quas
1761 2979 2014 3032 moderno

466 3082 704 3139 tempore
727 3072 1023 3137 ubicunque
1044 3071 1094 3122 in
1111 3084 1272 3136 regno
1295 3081 1474 3123 nostro
1496 3067 1765 3136 possidere
1785 3081 2011 3120 noscun-

468 3131 682 3220 tur,'vel
711 3174 826 3224 qu:e
855 3159 1063 3212 inantea
1093 3173 1122 3210 a
1151 3157 1315 3211 Deum
1364 3156 1666 3211 timentibus
1711 3154 2010 3208 hominibus
2040 3131 2085 3190 C
2113 3140 2154 3178 ⁵⁸

467 3248 678 3300 fuerunt
706 3248 929 3309 collatre,
958 3255 1064 3298 tam
1100 3247 1165 3299 de
1209 3247 1470 3313 ingenuis,
1497 3259 1656 3310 quam
1682 3245 1748 3297 de
1774 3243 2013 3296 servien-

468 3335 626 3396 tibus,
657 3334 740 3386 vel
765 3334 1083 3401 quibuslibet
1108 3334 1410 3386 nationibus
1437 3333 1727 3394 lmnrinum,
1755 3331 1807 3384 in
1831 3331 2015 3398 praedi-

466 3422 565 3474 etis
617 3422 776 3487 ipsius
822 3421 1069 3474 Ecclesia!
1115 3422 1252 3474 villis
1297 3420 1768 3480 commanentibus,
1809 3434 1908 3472 nec
1949 3417 2016 3470 ad

468 3508 758 3572 agendum,
806 3521 903 3559 nec
950 3507 1094 3560 freda
1141 3509 1491 3572 exigendum,
1540 3523 1637 3560 nec
1683 3506 2016 3573 ﬁdeiussores

467 3595 774 3656 tollendum,
818 3609 915 3648 nec
951 3596 1267 3657 mansiones,
1309 3603 1399 3647 aut
1448 3608 1655 3662 paratas
1697 3595 2012 3656 faciendum,

469 3700 568 3738 nee
593 3701 684 3738 eos
713 3686 777 3740 de
806 3689 1126 3754 quibuslibet
1150 3691 1324 3743 causis
1345 3688 1778 3754 distringendum,
1801 3691 1903 3741 hec
1932 3687 2013 3738 ul-

469 3772 545 3823 las
588 3773 965 3827 rcdlnbitloues
1008 3775 1396 3842 requirendum,
1432 3775 1621 3827 ibidem
1666 3776 1864 3840 ingredi
1911 3790 2014 3825 non

470 3862 813 3925 prmsunntis,
842 3863 932 3914 sed
959 3863 1096 3915 sicut
1124 3865 1290 3929 ipsum
1333 3864 1641 3930 beneficium
1671 3878 1700 3915 a
1724 3865 1832 3930 iam
1863 3864 2014 3916 dictis

468 3949 790 4016 principibus
835 3950 945 4018 iam
994 3951 1146 4004 dicta:
1201 3951 1445 4005 Ecclesia:
1492 3953 1588 4005 fuit
1641 3953 1919 4012 indultum,
1961 3959 2016 4006 et

470 4054 635 4102 usque
664 4041 819 4093 modo
860 4051 1248 4106 conservatum,
1277 4044 1347 4095 ita
1392 4051 1444 4095 et
1485 4041 1734 4109 deinceps
1762 4057 1860 4109 per
1885 4043 2017 4098 hanc

471 4135 703 4179 nostram
746 4129 1114 4182 auctOritatem
1168 4131 1485 4196 generaliter
1535 4130 1929 4192 conﬁrmatam,
1958 4129 2012 4181 in

472 4216 561 4266 Dei
584 4217 794 4268 nomine
812 4206 1117 4284 perenniter
1139 4227 1349 4269 maneat
1375 4219 1760 4282 ineonvulsnm,
1787 4226 1841 4270 et
1860 4219 2011 4283 quid-

470 4306 593 4370 quid
623 4305 814 4358 exinde
851 4310 1005 4359 liscus
1031 4317 1211 4365 noster
1237 4317 1443 4376 poterat
1469 4321 1685 4375 sperare
1708 4308 1760 4360 in
1789 4309 2014 4359 lumina—

472 4392 615 4443 ribus
665 4393 909 4445 Ecclesia:
956 4395 1117 4461 ipsius
1158 4395 1209 4446 in
1256 4404 1562 4461 perpetuum
1591 4395 1847 4461 proficiat,
1880 4403 2016 4448 etut

473 4479 581 4532 lucc
612 4482 898 4533 auctoritas
941 4490 1047 4533 tam
1089 4485 1431 4550 preesentibus
1462 4501 1617 4552 quam
1663 4483 1852 4539 futuris
1882 4494 2016 4538 tem-

545 4641 569 4665 ⁸
602 4633 797 4693 "alim,
830 4634 1256 4692 con/irnmtioncs.

549 4699 572 4734 ιι
609 4701 807 4770 tiatur...
831 4703 1186 4768 permanent...
1219 4705 1506 4770 plenissima
1542 4704 1812 4756 roluntate.

549 4772 568 4793 “
602 4768 843 4821 .luoiorcs
873 4785 1062 4821 nomen
1095 4781 1174 4821 est
1202 4768 1538 4837 Conditionis,
1569 4789 1672 4824 non
1702 4773 1892 4834 :ctatis;
1925 4786 2020 4835 per

478 4837 616 4905 quod
649 4839 730 4888 Inc
782 4838 926 4905 ctriu
955 4842 1126 4903 capite
1171 4841 1479 4905 praecedenti
1521 4842 1766 4892 videntur
1800 4841 2018 4905 intelligi

479 4904 670 4954 subditi
703 4915 754 4955 et
786 4904 1085 4965 inferiores,
1131 4904 1186 4959 ut
1219 4916 1366 4957 notat
1403 4909 1699 4972 ltignonius.
1751 4904 2016 4969 Bouourxr.

547 4971 569 5042 ξ¹
607 4971 842 5024 Formula
867 4981 964 5034 est,
998 4982 1052 5024 ttt
1083 4984 1134 5025 et
1159 4977 1325 5026 lemna
1356 4971 1578 5026 ostendit
1605 5012 1620 5033 ,
1643 4990 1750 5042 qua
1766 4990 1880 5034 rex,
1904 4993 2017 5030 cum

480 5038 701 5113 primum
733 5042 798 5093 de
826 5043 970 5093 obitu
1000 5043 1217 5107 alicujus
1256 5044 1486 5109 episcopi
1511 5038 1703 5096 certior
1732 5041 1898 5097 factus
1917 5055 2018 5105 est,

480 5108 609 5178 ade;
636 5108 865 5172 iscopum
915 5113 1374 5177 metrOpolitanum
1416 5108 1638 5174 scribit,
1690 5118 1742 5163 et
1788 5115 2022 5178 pranipit

482 5183 538 5224 ut
565 5176 727 5226 virum
758 5178 899 5249 illum
949 5195 974 5230 a
1023 5176 1382 5249 sedprobatum
1428 5189 1481 5232 et
1522 5181 1744 5233 electum
1769 5176 1867 5243 ,iin
1906 5176 2017 5249 epi-

481 5258 698 5308 scopum
730 5247 934 5296 ordinet
963 5247 1334 5300 etbenedicat.
1367 5249 1508 5300 BICN.

525 5303 536 5319 ’
559 5303 589 5386 ς’
618 5314 1070 5386 ljflitaljndenbr.
1093 5356 1105 5376 ,
1156 5325 1254 5366 tum
1286 5317 1562 5382 principale
1587 5333 1736 5386 quam
1758 5327 1830 5368 ut.

556 5378 574 5414 τ
627 5379 881 5435 Videlicet
926 5391 981 5434 ut
1013 5386 1174 5448 magis
1221 5378 1317 5434 rite
1369 5397 1421 5435 et
1451 5378 1740 5437 secundum
1791 5399 2020 5438 canones

486 5447 969 5569 flectusnvideretur
990 5490 1005 5516 ,
1051 5447 1154 5504 nun
1187 5454 1323 5519 regis
1350 5461 1547 5505 tantum
1580 5454 1796 5521 imperio
1827 5455 2025 5506 consti-

513 5527 647 5568 utus.
715 5534 813 5569 rex.

490 5525 647 5568 tutus.
675 5522 813 5572 UIGS.

559 5588 582 5620 ⁸
612 5585 754 5641 Tuuc
807 5603 909 5642 non
956 5589 1040 5643 alii
1065 5602 1222 5657 quam
1279 5589 1484 5646 nobiles
1530 5591 1762 5661 episcopi
1811 5590 2002 5644 licbant

2046 4443 2094 4501 ο

2083 556 2290 610 subtus
2315 568 2432 608 eam
2461 552 2670 622 prepria
2701 566 2859 605 manu
2885 549 3224 604 describimus
3253 547 3564 601 roburasse.

2712 656 2932 712 CAI'UT
2974 657 3036 708 V.

2459 733 2484 771 ἀ
2525 728 2840 800 Prwceptum
2886 726 2949 779 de
2991 725 3306 795 episcopatu.

2177 818 2266 872 llle
2295 817 2538 884 νει,νίτο
2565 815 2856 886 apostolico
2879 813 2953 867 illi
2979 813 3250 882 episcopo,
3285 807 3530 877 quamvis
3557 821 3662 861 nos

2049 947 2058 958 ,
2095 906 2175 960 ad
2205 906 2674 960 administrandum
2710 902 3213 972 gubernandumque
3242 915 3416 954 rerum
3463 906 3661 975 status,

2108 993 2371 1060 prmeebis
2421 993 2857 1062 occupationibus
2883 992 3040 1058 regia:
3076 987 3448 1044 sollicitudinis
3494 999 3664 1039 causa

2108 1082 2452 1148 constringat,
2485 1081 2610 1134 nihil
2641 1092 2813 1134 tamen
2847 1089 2868 1115 ε
2900 1088 3005 1132 tam
3035 1077 3304 1146 principali
3331 1089 3491 1142 quam
3514 1073 3664 1142 prin-

2106 1167 2205 1236 cipi
2227 1168 2437 1235 dignum
2465 1176 2636 1234 est,ut
2660 1184 2781 1222 cum
2811 1167 3058 1249 pastor‘ali
3090 1166 3356 1234 paululum
3385 1163 3540 1233 plebs
3565 1163 3656 1217 de-

2105 1258 2283 1308 stituta
2313 1265 2395 1310 est
2414 1258 2671 1324 pra‘sidio,
2695 1271 2791 1325 pro
2815 1256 2987 1310 salute
3012 1256 3326 1319 animarum,
3354 1253 3665 1322 huiusmodi

2106 1346 2362 1419 personis,
2391 1347 2520 1398 locis
2547 1335 2850 1399 celsioribus
2873 1345 3223 1412 pontilicalem
3246 1344 3490 1412 perﬁciat
3514 1357 3666 1397 como

2109 1433 2317 1486 mittere
2327 1432 2653 1500 dignitatem,
2673 1433 2927 1500 inquibus
2945 1431 3332 1499 maneatduplic
3345 1432 3447 1484 iter
3459 1444 3666 1494 sermo,

2108 1532 2166 1578 ut
2213 1525 2436 1593 popdus
2485 1525 2785 1592 magistrum
2837 1531 2985 1578 actus
3027 1523 3222 1578 Christi
3273 1523 3525 1584 imitetur,
3572 1523 3669 1588 qui

2107 1617 2312 1684 plebem
2343 1632 2447 1669 non
2480 1617 2650 1670 minus
2679 1616 2875 1684 pietate
2900 1630 3058 1682 quam
3087 1614 3369 1667 severitate
3393 1611 3669 1665 constrin-

2108 1713 2215 1772 gat,
2237 1705 2324 1773 qui
2367 1705 2499 1759 sciat
2538 1704 2819 1758 commissa
2855 1703 2955 1756 sibi
2986 1702 3184 1755 talenta
3214 1701 3436 1753 assidua:
3467 1698 3668 1767 pradi-

2039 1797 2076 1848 B
2105 1795 2328 1849 cationis
2357 1794 2690 1848 sermonibus
2718 1793 2984 1862 expolire,
3016 1799 3069 1844 et
3113 1790 3367 1857 acquisita
3407 1786 3674 1856 multipli-

2105 1890 2326 1951 cataque
2359 1882 2530 1950 gregis
2557 1881 2634 1933 sui
2661 1880 2830 1934 salute
2856 1881 2920 1933 ad
2963 1879 3101 1933 ovile
3133 1878 3463 1931 Dominicum
3504 1874 3673 1928 nullis

2108 1971 2327 2024 maculis
2356 1970 2676 2022 sordidatum
2709 1968 2877 2020 valeat
2905 1976 3240 2034 praesentare.
3285 1964 3350 2018 Et
3390 1965 3514 2031 quia
3570 1977 3671 2016 co-

2105 2060 2380 2124 gnovimus
2409 2067 2602 2111 sancta:
2645 2057 3024 2110 recor.‘ationis
3052 2056 3300 2108 domuum
3327 2055 3494 2116 illum,
3519 2053 3674 2104 urbis

2106 2149 2242 2202 illius
2271 2148 2577 2208 antistitem,
2609 2149 2917 2201 evocatione
2956 2146 3129 2200 divina
3159 2146 3226 2196 ab
3269 2146 3369 2197 hac
3414 2145 3533 2196 luce
3565 2144 3672 2194 mi—

2105 2252 2302 2305 grasse,
2331 2239 2397 2291 de
2416 2240 2564 2302 cuius
2592 2251 2895 2291 successore
2915 2235 3326 2290 subicitndiuem
3348 2247 3672 2300 congruam,

2106 2342 2209 2378 una
2237 2341 2354 2379 cum
2387 2325 2722 2394 pontiﬁcibus
2751 2326 2834 2377 vel
2879 2325 3182 2392 proceribus
3221 2332 3361 2376 nustr
3376 2323 3420 2375 is
3459 2323 3676 2389 plenius

2112 2411 2131 2450 ί
2165 2422 2471 2478 tractantes,
2500 2414 2829 2467 decrevimus
2872 2414 3060 2466 illustri
3091 2429 3218 2466 vero
3249 2422 3340 2464 aut
3373 2412 3673 2464 venerabili

2109 2503 2202 2563 illi,
2233 2504 2282 2555 in
2312 2503 2419 2571 ipsa
2446 2503 2571 2556 urbe
2599 2503 2961 2570 pontiﬁcalem-
2981 2503 3029 2554 in
3065 2503 3153 2555 Dei
3178 2501 3391 2554 nomine
3420 2503 3676 2554 coirmit-

2111 2597 2221 2642 tere
2246 2591 2573 2657 dignitatem.
2605 2591 2782 2660 Quem
2815 2590 3122 2659 plerumque
3160 2582 3298 2658 apud
3326 2590 3534 2642 animos
3568 2605 3677 2641 no-

2109 2686 2266 2741 stros,
2298 2687 2350 2730 et
2379 2679 2518 2732 act‘o
2564 2679 2784 2748 probata
2813 2678 3166 2739 commendat,
3209 2687 3262 2731 et
3304 2690 3328 2725 ε
3373 2678 3676 2732 nobilitatis

2111 2770 2242 2821 ordo
2268 2770 2549 2832 sublimat,
2581 2785 2643 2824 ac
2672 2775 2872 2824 morum
2904 2770 3159 2839 probitas,
3191 2771 3272 2822 vel
3305 2771 3677 2824 mansuetudi-

2112 2858 2191 2911 nis
2219 2866 2272 2910 et
2299 2858 2586 2926 prudentia:
2613 2859 2860 2923 honestas
2888 2868 3123 2913 exornat.
3153 2859 3262 2923 Qua
3291 2860 3358 2913 de
3382 2876 3444 2913 re
3470 2869 3594 2914 stat.
3622 2869 3674 2914 ta

2112 2949 2456 3016 praesentibus
2480 2935 2811 3012 ordinamus,
2847 2960 2903 3002 ut
2928 2965 3045 3003 cum
3079 2951 3423 3003 adunatorum
3453 2958 3675 3003 caterva

2115 3037 2438 3104 pontiﬁcum,
2460 3037 2523 3088 ad
2549 3054 2678 3106 quos
2707 3047 2872 3094 tamen
2900 3049 3095 3095 nostrzr
3125 3040 3422 3092 serenitatis
3453 3040 3675 3093 devotio

2157 3126 2305 3192 'ripta
2355 3127 2622 3192 pervenit,
2656 3128 2822 3194 ipsum
2865 3135 2922 3206 ut
2953 3125 3086 3179 ordo
3133 3127 3366 3192 postulat
3393 3125 3673 3191 benedici,

2117 3224 2289 3268 vestra
2322 3216 2570 3269 industria
2600 3218 2809 3270 studeat
2838 3205 3119 3268 voluntatis
3159 3225 3353 3269 nostrm
3395 3216 3675 3269 delibera-

2118 3304 2313 3356 tionem
2362 3306 2606 3358 reseratis
2649 3305 2877 3358 oraculis
2905 3305 3189 3371 pnblicare,
3231 3314 3390 3370 atque
3417 3303 3677 3358 enectum

2116 3392 2338 3445 Domino
2367 3405 2632 3447 annuen'e
2665 3394 2861 3447 sartiri.
2908 3393 3175 3460 Quatenus
3219 3394 3340 3446 dum
3371 3393 3677 3446 Eeclesiam

2114 3481 2215 3533 sibi
2263 3495 2292 3532 a
2329 3481 2721 3548 dispensatione
2747 3481 2920 3534 divina
2961 3482 3297 3534 commissam
3343 3490 3564 3533 strenue
3596 3494 3678 3532 re-

2115 3583 2240 3636 gere
2269 3581 2425 3638 atque
2452 3571 2744 3636 gubernare
2784 3571 3008 3630 videtur,
3046 3571 3196 3622 nobis
3222 3571 3359 3638 apud
3403 3579 3676 3622 mternum

2117 3657 2484 3708 retributorem
2527 3657 2823 3717 mercedem
2861 3645 3104 3723 sulTragia
3145 3658 3456 3724 largiantur,
3498 3665 3554 3708 et
3586 3657 3679 3708 ille

2118 3758 2214 3810 pro
2243 3753 2578 3810 peccatorum
2628 3755 2924 3797 nostrorum
2972 3747 3112 3797 mole
3150 3746 3513 3799 iudesiurnter
3570 3746 3679 3798 im-

2121 3844 2357 3883 mensum
2387 3831 2875 3884 Dominumdcln-at
2899 3831 3189 3898 deprecari.

2717 3940 2940 3996 CAPUT
2981 3941 3065 3996 vL
3270 4006 3272 4008 ,

2179 4031 2204 4068 δ
2234 4031 2492 4083 [ridiculus
2521 4031 2646 4094 regis
2676 4032 2743 4083 ad
2767 4034 3050 4100 episcoimnt
3075 4044 3129 4084 ut
3151 4033 3307 4084 alium
3329 4033 3623 4086 benedicat.

2187 4118 2405 4171 Domino
2421 4131 2624 4184 sancto,
2641 4121 2785 4173 sedis
2811 4121 3111 4189 apostolica:
3137 4121 3391 4188 dignitate
3419 4123 3680 4188 colendo,

2117 4209 2168 4260 in
2194 4207 2400 4259 Christo
2427 4207 2568 4260 l’atri
2589 4207 2599 4242 ί
2623 4209 2697 4260 illi
2721 4210 2988 4276 episcOpo,
3025 4209 3110 4262 ille
3131 4224 3244 4262 rex.
3267 4210 3542 4263 Credimus
3558 4211 3679 4277 iam

2116 4297 2180 4347 ad
2210 4307 2435 4349 vestram
2463 4300 2812 4351 reverentiam
2838 4301 3162 4367 pervenisse,
3195 4309 3391 4352 saneta:
3420 4301 3682 4352 recorda—

2119 4386 2298 4438 tionis-
2325 4387 2479 4453 illius
2509 4389 2650 4441 urbis
2693 4389 2981 4441 antistitem
3033 4388 3345 4441 evocatione
3385 4387 3583 4440 divina
3612 4387 3682 4441 dc

2121 4479 2389 4532 praesentis
2418 4480 2590 4531 saeculi
2623 4480 2736 4531 luce
2768 4480 3038 4544 migrasse.
3075 4482 3145 4532 De
3174 4479 3325 4546 cujus
3350 4493 3684 4533 successore

2118 4625 2250 4690 Quin
2305 4636 2357 4680 et
2406 4630 2456 4680 in
2485 4629 2758 4681 abbatibus
2797 4627 2934 4681 idem
2976 4629 3367 4695 quodammodo
3410 4629 3678 4693 exigeba-

2121 4705 2222 4747 tur.
2250 4696 2416 4748 anx.‘
3017 4700 3022 4704 ”
3542 4697 3562 4723 ⁸

2191 4763 2213 4799 ιι
2245 4767 2410 4830 Caput
2451 4767 2547 4816 hoe
2596 4767 2828 4828 e',usdem
2882 4779 2999 4818 cum
3048 4767 3318 4830 superiore
3371 4766 3680 4830 argumenti

2119 4847 2235 4885 esse
2258 4834 2436 4885 titulus
2487 4843 2723 4885 testatur.
2772 4835 2960 4886 Verum
2987 4837 3123 4886 hanc
3153 4836 3321 4886 inesse
3342 4843 3470 4896 puto
3518 4833 3683 4887 (ἰᾶσθ-

2121 4902 2364 4964 rentiatn,
2390 4903 2530 4967 quod
2557 4902 2797 4967 st-perins
2819 4911 3136 4966 prmeeptum
3185 4903 3518 4962 inscribatur,
3563 4919 3684 4955 rna-

2115 4968 2248 5034 joris
2297 4971 2493 5021 scilicet
2541 4986 2604 5019 au
2642 4969 2868 5020 toritatis
2911 4969 3174 5036 diploma,
3226 4985 3381 5024 manu
3451 4972 3678 5037 propria

2123 5038 2371 5101 principis
2399 5038 2745 5102 solnzeriptum
2774 5077 2787 5099 ,
2830 5047 2882 5089 et
2910 5039 3102 5088 atumlo
3130 5037 3264 5090 forte
3286 5047 3544 5090 mutillum
3575 5079 3594 5103 ,
3621 5049 3682 5091 ut

2122 5120 2275 5170 supra
2306 5104 2369 5155 de.
2419 5109 2732 5157 auctoritate
2775 5106 3015 5157 diximus.
3063 5107 3200 5159 Istud
3233 5122 3358 5156 vero
3409 5105 3681 5159 indiculus

2124 5173 2529 5243 diciturpquem
2553 5213 2565 5232 ,
2599 5183 2654 5224 ut
2675 5175 2919 5227 existimo
2940 5211 2956 5237 ,
2988 5183 3132 5226 recte
3160 5174 3433 5241 epistolam
3468 5175 3682 5243 absque

2125 5241 2294 5304 sigillo
2318 5241 2530 5291 dixeris.
2566 5244 2634 5293 Ib.

2201 5311 2212 5342 ί
2248 5307 2553 5374 Metropolis
2599 5310 2885 5377 antistitem
2931 5307 3382 5377 archiepiscoptnu
3425 5307 3677 5374 dixisSet,

2123 5377 2165 5429 si
2209 5379 2384 5428 smculi
2416 5379 2612 5427 tulisset
2642 5393 2782 5428 usus.
2817 5376 2914 5428 l’er
2948 5392 3008 5428 ea
3058 5376 3280 5444 namque
3323 5387 3559 5444 tempora
3589 5395 3680 5430 ar-

2123 5446 2579 5511 chiepiscoporum
2644 5445 2926 5513 appellatio
2982 5447 3193 5498 vixdum
3262 5447 3312 5496 in
3380 5446 3682 5500 Occidente

2126 5515 2362 5579 usurpari
2413 5522 2674 5576 coeperat.
2723 5514 2926 5578 solique
2964 5514 3273 5580 patriarcha:
3313 5515 3380 5565 ita
3433 5513 3684 5579 designa-

2128 5584 2333 5649 bantur,
2383 5581 2521 5642 quml
2553 5591 2734 5647 postea
2775 5582 3187 5649 Metropolitanis
3227 5585 3682 5638 eommunieattuu

2126 5646 2280 5702 hodie
2314 5651 2606 5703 relate-mus.
2636 5649 2708 5702 lo.
