3848 6340
191 418 283 472 7115

1437 395 1806 454 FOllMUIJE.
1852 426 1913 436 —
1951 395 2076 450 LIB.
2121 396 2160 452 Ι.

3273 401 3374 450 70ῐὶ

183 525 578 586 sollicitudinem
610 522 836 588 integra,
867 532 986 572 cum
1017 514 1367 585 pontil'cihus,
1399 511 1479 565 vel
1525 484 1720 578 prima-
1753 507 1802 567 Δ
1830 505 1982 561 fidem
2012 507 2266 560 illibatam
2305 505 2589 570 custodias,
2645 512 2700 560 et
2743 518 2930 559 omnes
2957 504 3140 574 populi
3179 505 3374 560 ibidem

183 624 313 677 tibus
340 619 516 688 pepuli
546 615 715 681 nostri
765 614 1148 681 perpetrantes,
1178 608 1511 663 decrevimus
1538 603 1726 657 illustri
1824 605 2217 650 commanentes
2238 634 2254 660 ,
2285 604 2391 648 tam
2424 593 2638 657 Franci,
2673 593 2915 656 Romani,
2947 591 3373 659 Burgundiones,
3421 645 3426 650 _

182 713 288 764 viro
315 709 408 772 illi,
439 715 530 761 aut
556 703 845 758 venerabili
874 703 986 754 viro
1015 699 1107 763 illi,
1150 698 1215 751 ad
1244 695 1512 766 praefatam
1545 694 1726 746 urbem

180 797 530 869 pontiﬁcalem
548 794 876 864 regulariter,
907 789 1118 845 Christo
1140 785 1374 855 auspice,
1397 783 1730 838 committere
1775 819 1783 824 -

178 891 504 958 dignitatem.
548 885 613 939 Et
653 886 774 939 ideo
803 881 1178 936 salutationum
1217 878 1334 944 jura
1367 876 1526 943 digno
1553 874 1729 929 debita

179 983 380 1034 honore
406 977 694 1036 solventes,
742 973 971 1040 petimus
1010 979 1066 1022 nt
1107 983 1226 1022 cum
1273 967 1337 1020 ad
1393 980 1488 1019 vos
1539 977 1731 1033 perve-

178 1069 331 1129 nerit.
364 1068 532 1135 ipsum
564 1074 621 1117 ut
648 1063 781 1116 ordo
811 1059 1043 1130 postulat
1071 1056 1309 1112 benedici
1340 1062 1515 1109 vestra
1539 1052 1730 1105 sancti-

180 1167 256 1210 tas
287 1173 391 1210 non
419 1163 677 1213 moretur,
722 1159 776 1205 et
810 1150 1008 1219 junctis
1031 1148 1181 1201 vobis
1207 1163 1324 1200 cum
1366 1145 1549 1198 vestris
1587 1157 1734 1198 com-

178 1244 606 1311 provincialibus,
663 1243 832 1310 ipsum
887 1240 937 1292 in
975 1237 1332 1302 suprascripta
1383 1235 1511 1287 urbe
1541 1246 1730 1285 conse-

179 1347 348 1397 crare,
380 1331 589 1386 Christo
619 1330 836 1398 auspice
856 1369 870 1391 ,
902 1327 1161 1380 debeatis.
1201 1327 1336 1392 Agat
1363 1337 1490 1390 ergo
1526 1322 1734 1374 almitas

181 1431 377 1486 vestra,
422 1430 479 1474 ut
515 1430 568 1474 et
607 1429 802 1474 nostra:
831 1419 1157 1471 voluntatem
1201 1411 1499 1467 devotionis
1550 1411 1733 1464 incun-

179 1517 388 1564 ctanter
408 1510 646 1564 debeatis
674 1508 918 1574 implere,
948 1515 1001 1560 et
1024 1517 1132 1559 tam
1162 1521 1258 1558 vos
1285 1519 1442 1568 quam
1467 1501 1734 1571 ipse,'pro

177 1601 469 1655 stabilitate
522 1599 669 1668 regni
732 1597 896 1652 nostri
950 1597 1060 1665 jugi
1125 1596 1478 1664 invigilatione
1531 1591 1736 1662 plenius

181 1695 430 1750 exoretis.

788 1780 1010 1836 CAPUT
1051 1779 1154 1833 VII.

465 1882 488 1908 ³
521 1873 789 1926 Caucasio
811 1873 990 1924 civium
1019 1885 1112 1938 pro
1139 1875 1452 1936 episcopatu.

204 1982 214 1994 '
248 1963 590 2033 Suggerendo
613 1963 867 2030 piissimo,
899 1975 963 2013 ac
986 1957 1471 2028 prmcellentissimo
1493 1955 1734 2018 Domino,

179 2055 252 2109 illi
283 2055 414 2121 regi,
440 2053 521 2107 vel
542 2052 738 2106 seniori
765 2051 1034 2106 communi
1066 2049 1203 2103 illius
1228 2089 1243 2112 ,
1276 2063 1306 2102 a
1331 2046 1496 2102 servis
1525 2046 1736 2108 vestris,

178 2160 403 2213 quorum
426 2144 844 2209 subscriptiones
868 2142 948 2196 vel
977 2142 1245 2208 signacula
1275 2140 1462 2193 subtus
1491 2145 1741 2192 tenentur

180 2238 410 2299 inserte,
447 2234 854 2302 Principalitatis
883 2243 1070 2286 vestrae
1098 2233 1482 2299 circumspecta
1507 2230 1740 2283 clemen-

183 2329 254 2379 tia
287 2327 410 2379 novi
435 2325 581 2392 justa
611 2325 912 2392 petentibus
938 2323 1192 2384 adnuere,
1230 2337 1328 2375 suo
1366 2321 1740 2374 moderaminis

179 2416 378 2483 judicio
407 2413 735 2484 ponderaute
763 2412 1074 2478 praesertim,
1115 2426 1231 2464 cu-n
1259 2411 1345 2462 illa
1389 2409 1740 2476 deposcuntur

184 2504 419 2570 generali
470 2517 649 2572 prece.
681 2511 991 2561 cunctorum
1019 2513 1170 2562 voce,
1222 2497 1574 2552 communiter
1600 2495 1740 2563 quod

180 2596 442 2662 proficiat.
474 2595 501 2632 δ
532 2601 745 2648 constat
773 2589 902 2643 illud
932 2589 997 2641 ad
1027 2587 1274 2642 [iacio-ia:
1306 2588 1540 2654 regimen
1571 2587 1741 2655 pullu-

180 2683 312 2744 lare,
343 2679 509 2747 quod,
540 2689 596 2733 et
627 2681 794 2748 ipsum
823 2677 1014 2746 regalis
1043 2678 1337 2732 clementia:
1367 2677 1532 2745 prosit
1558 2677 1737 2741 saluti,

181 2780 381 2840 pariter
428 2786 493 2824 ac
535 2770 786 2823 mercedi.
837 2767 1095 2833 Quoniam
1141 2777 1336 2822 sanctze
1365 2767 1634 2821 memorie
1657 2767 1739 2818 vir

179 2860 508 2928 apostolicus
533 2859 639 2914 ille.
667 2858 804 2912 illius
833 2857 977 2912 urbis
1000 2857 1302 2925 episcopus,
1327 2857 1430 2910 line
1453 2857 1738 2924 approliin-

181 2957 382 3018 quante
407 2949 476 3002 ab
506 2949 606 3002 bac
632 2949 748 3002 luce
779 2932 1050 3013 migravit,
1084 2954 1324 3014 tempore
1367 2953 1566 2998 natura:
1593 2959 1738 2998 corn-

181 3039 370 3106 plenti,
395 3054 463 3092 ne
490 3038 756 3093 destituta:
783 3038 906 3102 sint,
935 3037 1076 3105 quod
1105 3035 1262 3101 absit,
1294 3049 1422 3090 oves
1446 3034 1739 3089 decedente

1826 684 1908 737 vel
1924 684 2136 752 reliqum
2150 685 2409 746 nationes,
2425 682 2523 734 sub
2546 691 2634 734 tuo
2652 680 2904 749 regimine
2927 689 2979 734 et
2993 681 3376 748 gubernatione

1827 778 2040 844 degant,
2061 785 2114 830 et
2133 775 2556 836 moderentur,et
2571 788 2664 826 eos
2688 780 2831 826 recto
2853 773 3064 824 tramite
3089 772 3374 826 secundum

1829 866 1997 932 legem
2026 873 2078 917 et
2107 862 2543 918 consuetudinem
2574 876 2758 914 eorum
2791 873 2961 925 regas,
2998 859 3166 910 viduis
3194 868 3248 910 et
3279 876 3378 925 ιιιι-

1828 954 1966 1022 pillis
1993 953 2249 1005 maximus
2276 951 2519 1004 defensor
2543 963 2816 1017 appareas,
2849 947 3108 999 latronum
3139 957 3191 997 ct
3218 947 3381 998 male-

1830 1041 2086 1093 factorum
2116 1041 2319 1093 scelera
2365 1054 2393 1090 a
2447 1047 2496 1090 le
2541 1037 2875 1090 severiSsinic
2905 1035 3285 1098 reprimuntur,
3327 1045 3383 1085 nt

1830 1131 2005 1198 populi
2037 1130 2169 1182 bene
2196 1129 2430 1180 viventes
2455 1127 2551 1179 sub
2580 1135 2669 1178 tuo
2699 1124 2952 1190 regimine
2977 1121 3266 1187 gaudentes
3294 1122 3383 1172 de-

1829 1219 1992 1278 beant
2039 1216 2333 1270 consistere
2361 1215 2547 1282 quit-ti,
2579 1223 2632 1265 et
2662 1210 2914 1280 quidquid
2941 1213 3006 1262 de
3035 1211 3144 1277 ipsa
3176 1210 3385 1263 actione

1833 1309 1881 1362 in
1908 1320 1928 1340 ι’
1963 1308 2072 1361 fisci
2101 1307 2387 1359 ditionibus
2413 1314 2674 1371 speratur,
2707 1301 2721 1337 τ
2753 1317 2843 1367 per
2863 1301 3215 1368 vosmetipsos
3235 1300 3387 1352 annis

1831 1397 2052 1462 singulis
2082 1393 2275 1449 DOanS
2305 1390 2506 1446 aerariis
2534 1391 2809 1444 inferatur.

2437 1501 2659 1555 CAPUT
2696 1499 2787 1553 IX.

1837 1574 2102 1627 Indiculus
2150 1573 2217 1624 ad
2263 1573 2421 1623 alium
2475 1587 2658 1638 regem,
2690 1585 2804 1620 cum
2838 1569 3023 1638 legatio
3062 1567 3300 1635 dirigitur
3336 1574 3385 1616 et

2126 1640 2287 1693 verbis
2318 1640 2605 1708 suggeritur
2632 1639 3078 1690 commendatitiis.

1911 1729 2134 1782 Domino
2159 1728 2410 1793 glorioso,
2452 1718 2611 1791 atque
2641 1724 3132 1792 praecellentissimo
3169 1734 3191 1771 ε
3223 1723 3390 1786 fratri,

1764 1834 1810 1893 Β
1840 1818 1914 1873 illi
1947 1819 2077 1885 regi,
2106 1819 2156 1870 in
2183 1817 2274 1871 Dei
2299 1815 2513 1869 nomine
2543 1814 2630 1866 ille
2661 1827 2773 1866 rex.
2809 1812 3145 1866 Desideratus
3170 1821 3391 1866 eventus

1843 1909 2197 1963 fidelissimam
2228 1906 2378 1961 nobis
2403 1903 2591 1958 obtulit
2619 1901 2942 1965 facultatem,
2966 1916 3068 1968 qua
3096 1910 3281 1952 vestrm
3304 1914 3391 1952 se-

1839 2001 2053 2054 renitati
2082 1997 2415 2053 salutationis
2447 1990 2904 2047 honorificentiam
2951 1991 3294 2058 prmbeanius,
3327 2005 3390 2040 co

1840 2088 2085 2142 videlicet
2112 2086 2412 2138 dilectionis
2440 2083 2630 2135 affectu
2655 2068 3034 2149 proprieta‘tem
3065 2086 3252 2130 vestrm
3281 2076 3388 2130 cel-

1839 2176 2083 2232 situdinis
2111 2187 2434 2242 cognoscere
2465 2179 2755 2237 cupientes,
2780 2182 2885 2235 quo
2909 2174 3134 2219 vestram
3172 2165 3392 2231 gloriam

1840 2281 1963 2334 erga
2009 2281 2105 2320 nos
2135 2259 2481 2316 fraternitatis
2529 2257 2853 2310 individuam
2895 2254 3232 2306 arbitramur.
3269 2253 3394 2304 l’ro-

1840 2355 1962 2407 inde
1989 2360 2274 2421 prazserites
2302 2349 2443 2401 viros
2471 2347 2717 2417 illustres,
2744 2343 2888 2395 illum
2912 2349 2965 2393 et
2996 2341 3161 2416 illum,
3187 2342 3251 2393 ad
3276 2355 3393 2408 pra:-

1839 2444 2064 2498 sentiam
2109 2438 2451 2494 fraternitatis
2507 2443 2694 2489 vestrm
2744 2431 3049 2494 direximus,
3099 2430 3292 2497 quibus
3341 2439 3394 2480 ut

1841 2544 2069 2588 vestram
2092 2531 2310 2599 gloriam
2332 2524 2994 2590 condecet,,benignissima
3014 2520 3392 2586 tranquillitate

1839 2607 2115 2691 susceptis,
2139 2621 2365 2689 petimus
2393 2628 2450 2671 ut
2481 2620 2606 2671 dum
2637 2615 2868 2670 officium
2899 2610 3389 2681 legationisinjun—

1838 2721 1935 2767 ςιω
1957 2717 2289 2780 peragerent,
2323 2710 2590 2777 responsis
2623 2713 2810 2760 vestra).
2831 2703 3123 2758 clementia:
3165 2708 3388 2770 prmitie-

1843 2803 1960 2867 niti,
1991 2801 2056 2854 ad
2096 2799 2426 2854 referendum
2474 2799 2657 2850 salutis
2698 2795 2946 2849 indicium
2994 2807 3099 2848 suci
3116 2793 3159 2846 is
3207 2785 3398 2846 vestris

1839 2890 2028 2944 litteris
2059 2890 2406 2942 honorentur.

2445 2971 2666 3027 CAPUT
2716 2969 2780 3023 Χ.

2322 3064 2702 3133 Rescriptiond
2729 3078 2914 3132 regem.

179 3140 416 3199 pawn-8'
465 3144 522 3224 lii.
557 3129 939 3224 ‘°c°-"’.“.’f‘_’°“‘
969 3123 1650 3224 suppimtetuliosmlmims’
1683 3128 1739 3172 m
1763 3151 1810 3212 C
1912 3157 2134 3213 Domino
2177 3123 2578 3224 gloriOsissinio,
2610 3123 2769 3221 atque
2785 3123 3311 3221 praecellentissimo,
3343 3157 3398 3201 et

179 3225 445 3274 instruere
474 3219 758 3285 dignemini
788 3219 1044 3272 illustrem
1069 3216 1240 3269 virum
1273 3215 1440 3278 illum,
1465 3221 1556 3265 aut
1578 3227 1735 3264 vene-

177 3311 404 3365 rabilem
443 3309 604 3362 'illum
638 3307 905 3362 cathedne
951 3306 1089 3360 illius
1141 3316 1524 3362 successorem,
1556 3301 1608 3352 in
1636 3314 1743 3366 quo

175 3409 260 3456 est
295 3399 664 3469 praespicuitas
690 3398 928 3452 sublimis
951 3437 966 3462 ,
999 3397 1300 3468 ingenuitas
1330 3392 1560 3446 nationis
1579 3431 1594 3454 ,
1633 3391 1743 3443 ele-

175 3491 361 3557 gantia
392 3488 660 3556 refulgens
679 3527 697 3553 ,
725 3488 995 3556 diligentia
1019 3485 1282 3542 castitatis
1309 3525 1324 3548 ,
1362 3482 1636 3538 charitatis
1666 3480 1744 3533 lo-

175 3581 385 3648 cuples,
407 3577 697 3632 voluntatis
723 3575 1174 3643 irrefragabiliter.
1206 3572 1366 3626 Manu
1395 3579 1576 3625 nostra
1602 3570 1744 3624 hunc

177 3665 856 3728 consensum-decrevimus
885 3663 1156 3718 roborare.

761 3753 986 3809 CAPUT
1028 3753 1160 3807 Vlll.

321 3856 346 3882 ⁸
378 3844 574 3898 Charta
599 3845 658 3896 de
685 3826 891 3906 ducatu,
919 3843 1214 3912 patriciatu,
1241 3843 1323 3897 vel
1345 3842 1603 3895 comitatu.

245 3933 528 4004 Phr-cipue
556 3934 749 4002 regalis
779 3934 832 3988 in
869 3934 972 3987 hoc
1002 3931 1234 4002 perfecta
1279 3933 1613 3988 collaudatur
1638 3931 1745 3986 cle-

175 4025 404 4086 utentia,
435 4031 494 4077 ut
538 4023 678 4086 inter
703 4031 950 4077 cunctum
981 4021 1236 4091 populum
1267 4021 1477 4075 bonitas
1521 4029 1575 4075 et
1615 4021 1746 4087 vigi-

176 4115 344 4187 lantia
373 4111 676 4180 requiratur
701 4125 1067 4179 personarum.
1101 4109 1212 4164 Nec
1239 4108 1392 4164 facile
1415 4109 1632 4187 euilibet
1655 4108 1744 4174 ju-

175 4179 466 4254 diciariami
481 4197 729 4253 convenit
755 4197 1088 4252 committere
1114 4193 1444 4264 dignitatem,
1474 4179 1572 4248 nisi
1599 4194 1745 4264 prius

173 4285 314 4341 fides
336 4301 436 4340 seu
462 4285 750 4346 strenuitas
769 4286 1011 4338 videntur
1033 4298 1152 4338 esse
1180 4283 1434 4352 probatur.
1463 4282 1601 4351 Ergo
1621 4280 1744 4335 dum

175 4385 232 4432 et
262 4374 429 4430 tidem
455 4381 512 4428 et
536 4372 814 4427 utilitatem
846 4381 989 4424 tuam
1013 4370 1254 4425 videmur
1281 4371 1476 4441 habere
1503 4383 1747 4437 comper-

1846 3262 1877 3301 a
1909 3246 2060 3301 nobis
2112 3260 2229 3298 cum
2279 3259 2488 3298 summo
2538 3242 2811 3295 charitatis
2859 3238 3070 3296 vinculo
3115 3239 3169 3292 in
3224 3253 3403 3292 amore

1845 3337 2038 3392 Christi
2065 3335 2452 3402 amplectende,
2485 3334 2558 3386 illi
2586 3335 2717 3401 regi,
2743 3333 2829 3386 ille
2850 3348 2964 3386 rex.
2997 3332 3189 3401 Apices
3214 3338 3400 3382 vestrm

1845 3426 2188 3488 celsitudinis,
2223 3441 2314 3494 per
2353 3424 2677 3491 magnificos,
2713 3433 2763 3475 et
2797 3421 3025 3473 illustres
3071 3420 3217 3472 viros
3258 3418 3397 3480 illos,

1845 3533 2045 3572 summa
2075 3532 2194 3570 cum
2224 3515 2478 3568 aviditate
2518 3529 2616 3566 nos
2646 3511 2914 3579 accepisse
2943 3509 3264 3578 comperite,
3310 3523 3406 3575 per

1845 3621 1978 3674 quos
2027 3615 2215 3658 vestrae
2263 3601 2589 3658 celsitulinis
2634 3601 3009 3655 salutationum
3055 3611 3296 3658 munera,
3347 3605 3404 3646 ut

1846 3695 2102 3750 condecet
2131 3694 2532 3762 praemittentes,
2567 3707 2626 3744 ea
2661 3705 2778 3757 qua:
2805 3690 2944 3743 circa
2982 3703 3075 3742 vos
3113 3695 3234 3740 sunt
3277 3701 3402 3753 pro-

1847 3799 2000 3855 spera
2041 3790 2444 3851 cognoscentes,
2477 3781 2661 3848 gavisi,
2707 3780 2848 3847 ipsos
2887 3779 2937 3830 in
2983 3785 3160 3830 vestro
3200 3789 3404 3837 amore,

1845 3875 1980 3930 tales
2002 3882 2058 3928 ut
2081 3874 2337 3928 condecet
2356 3872 2495 3932 viros
2519 3869 2801 3923 devotione
2825 3864 3197 3933 benignissima
3221 3877 3400 3916 susce-

1846 3965 2037 4034 pimus,
2069 3970 2124 4016 et
2151 3958 2385 4015 officium
2415 3957 2695 4026 legationis
2723 3955 2822 4009 sibi
2849 3969 2877 4006 a
2917 3953 3070 4007 vobis
3099 3950 3397 4018 injunctum

1846 4055 2041 4110 nostris
2067 4053 2283 4108 auribus
2325 4050 2694 4120 pandiderunt.
2745 4045 2851 4100 Sed
2881 4045 3056 4098 omnia
3088 4057 3118 4095 a
3163 4040 3313 4095 nobis
3346 4040 3396 4091 in

1846 4143 2119 4211 responsis
2146 4149 2384 4209 accepta,
2430 4137 2554 4207 quid
2587 4151 2706 4190 cum
2737 4134 2958 4188 feliciter
2989 4132 3041 4184 in
3072 4131 3163 4184 Dei
3193 4129 3406 4182 nomine

1848 4230 2202 4286 remeaverint
2258 4227 2588 4283 celsitudinis
2653 4233 2842 4278 vestrae
2908 4223 3122 4276 auribus
3172 4219 3406 4274 debeant

1850 4310 2121 4379 enarrare.

2459 4385 2681 4441 CAPUT
2718 4383 2809 4438 XI.

176 4475 312 4533 ω’
359 4466 482 4520 ideo
511 4463 606 4518 ubi
634 4463 658 4502 ὁ
689 4463 952 4518 amonem
979 4462 1283 4524 θθωίίθωθν
1310 4460 1554 4531 δυωωδν
1585 4460 1746 4529 Ρδίτί“
1773 4479 1826 4541 D
1853 4483 1877 4521 ¹³
1907 4482 2175 4538 Tractoria
2208 4480 2485 4550 legatorum
2513 4477 2590 4550 uel
2639 4477 2849 4529 minima
2877 4471 3111 4542 facienda
3151 4471 3219 4524 ad
3258 4470 3406 4524 istius

172 4558 352 4613 cintus
379 4556 431 4610 in
460 4568 598 4624 pago
639 4553 749 4618 illo,
800 4567 956 4623 quem
985 4562 1291 4606 antecessor
1315 4559 1434 4607 tuus
1458 4551 1545 4604 ille
1574 4565 1741 4620 usque

172 4659 320 4700 nunc
341 4643 490 4696 visus
509 4649 592 4696 est
619 4641 809 4709 egisse,
841 4641 935 4694 tibi
961 4639 1027 4694 ad
1056 4638 1318 4708 agendum
1347 4636 1742 4708 regendnmque

171 4734 568 4792 commisimus.
623 4731 699 4786 Ita
738 4738 798 4785 ut
832 4744 1045 4800 semper
1070 4744 1196 4799 erga
1240 4730 1475 4798 regimen
1503 4738 1741 4784 nostrum

243 4916 274 4945 ⁸
301 4909 385 4963 Ita
427 4907 554 4962 Ias.
598 4905 765 4976 Hagis
811 4913 988 4976 tamen
1007 4905 1496 4976 placeticonsensus
1535 4923 1738 4960 omum.

169 4977 346 5104 Igitur
371 4977 474 5032 bac
513 4974 748 5030 formula
768 4974 918 5045 plebs
945 4974 1157 5045 pastore
1178 4975 1430 5030 destituta
1472 4989 1647 5043 regem
1678 4992 1741 5030 ea

211 5063 245 5104 e
270 5061 336 5102 re
362 5045 652 5101 certiorem
698 5043 844 5104 facit,
876 5053 932 5098 et
972 5045 1282 5104 suppliciter
1320 5044 1554 5104 postulat
1582 5051 1639 5097 ut
1665 5045 1741 5099 vi-

211 5043 245 5104 ὲ
270 5061 336 5102 re
362 5045 652 5101 certiorem
698 5043 844 5109 facit,
876 5043 1282 5112 etaiippliciter
1320 5044 1554 5112 postulat
1582 5051 1639 5097 ut
1665 5045 1741 5099 vi-

171 5129 298 5172 rum
328 5115 564 5183 aliquem
587 5113 637 5166 in
660 5114 968 5183 episcOpum
999 5114 1100 5165 illis
1119 5113 1396 5183 concedat.
1426 5112 1572 5167 BIGN.

245 5185 274 5224 δ
311 5180 606 5238 ιιὶηᾶειιιπ.
640 5180 921 5243 θι“Βειιη.,
953 5190 1246 5236 constanter
1272 5180 1540 5236 Ecclesia.

245 5263 273 5292 ιι
291 5253 535 5332 bitter-ar
557 5260 683 5332 sunt
710 5249 962 5332 principis
987 5250 1216 5332 ,quibus
1251 5251 1546 5332 provincia:
1567 5252 1649 5332 vel
1671 5254 1743 5306 ci-

171 5322 327 5379 vitati
357 5328 602 5376 rectores
627 5320 893 5390 destinat,
937 5320 1027 5387 qui
1054 5327 1148 5373 aut
1175 5320 1414 5390 patricii,
1447 5330 1537 5374 aut
1558 5321 1741 5388 duces,

171 5401 270 5448 ant
289 5391 521 5448 cantites
548 5400 824 5444 vocantur.
872 5389 1018 5449 Bson.
1272 5418 1276 5426 ι

243 5463 276 5500 α
297 5460 612 5529 Actionem,
642 5459 695 5512 id
723 5467 823 5522 est,
854 5458 1119 5529 officium;
1151 5457 1275 5529 inde
1296 5468 1534 5529 agentes,
1563 5457 1616 5512 id
1639 5467 1740 5524 est,

172 5527 456 5598 ofﬁciales,
479 5528 976 5598 ministri.ﬁtlomites
1001 5527 1228 5598 singulis
1260 5528 1561 5583 civitatibus
1605 5544 1742 5597 prae-

173 5607 355 5658 erant.
380 5595 676 5680 Gregorius
699 5597 1174 5680 :l‘nroii.s:epe_eos
1193 5596 1400 5666 judices
1426 5595 1617 5679 vocatf
1635 5598 1742 5651 Dn-

175 5683 270 5726 res
289 5673 563 5738 praeerant
590 5665 1074 5738 quidemexercitui
1099 5684 1112 5719 :
1145 5665 1406 5738 verumet
1428 5667 1532 5736 jus,
1557 5683 1744 5736 quem-

175 5733 474 5796 admodum
503 5735 757 5822 comites,
787 5733 988 5811 dixisse
1013 5735 1128 5794 bzec
1153 5734 1380 5792 formula
1409 5733 1658 5803 ostendit,
1687 5747 1743 5792 et

2525 4549 2713 4599 instar.

1913 4645 2004 4700 Ille
2050 4657 2166 4706 rex,
2197 4639 2441 4696 omnibus
2486 4637 2780 4705 agentibus.
2828 4634 2958 4687 Dum
3003 4642 3058 4688 et
3082 4647 3181 4686 nos
3221 4631 3273 4685 in
3307 4630 3401 4685 Dei

1845 4736 2059 4794 nomine
2079 4733 2427 4803 apostolicum
2442 4731 2606 4783 virum
2635 4727 2802 4793 illum,
2829 4740 3034 4782 necnon
3062 4734 3117 4778 et
3146 4724 3401 4778 illustrem

1842 4925 1907 4966 ex
1928 4909 2186 4975 Gregorio
2236 4906 2436 4960 Turon.
2486 4902 2660 4975 palam
2709 4909 2811 4956 est.
2843 4897 3141 4975 Comitibus
3199 4896 3401 4948 honore

1845 4991 1899 5033 et
1927 4969 2190 5046 potestate
2210 4969 2510 5046 superiores
2557 4971 2716 5026 fuisse
2739 4976 2966 5031 constat,
3002 4969 3287 5046 pluresque
3311 4979 3402 5016 co-

1844 5033 2060 5100 mit'atus
2117 5054 2172 5099 et
2223 5033 2442 5097 comites
2493 5056 2675 5094 eorum
2726 5053 2865 5094 cura:
2916 5033 3401 5091 corinnittehantur.

1846 5114 1973 5169 Vide
1997 5116 2154 5182 Greg.
2185 5112 2382 5166 Turon.
2410 5151 2425 5177 ,
2457 5110 2547 5164 lib.
2581 5125 2690 5182 vni,
2708 5109 2880 5182 caput
2903 5103 3049 5182 itaet
3070 5103 3175 5182 ‘26._
3195 5101 3297 5182 De“
3318 5119 3403 5168 pa-

1843 5185 2006 5240 triciis
2037 5170 2172 5237 infra
2196 5170 2423 5246 dicetur,
2451 5195 2566 5247 cap.
2590 5177 2677 5231 3'5.
2705 5170 2828 5229 Huic
2858 5190 2924 5228 ex
2958 5172 3236 5244 Bignonio.
3261 5170 3399 5223 Bou-

1843 5269 2003 5318 quer.

1918 5327 1942 5353 θ
1983 5307 2216 5375 Comites
2263 5318 2457 5372 tributa
2488 5315 2644 5368 etiam
2675 5328 2890 5368 curasse
2914 5353 2928 5378 ,
2960 5324 3014 5367 et
3041 5325 3230 5366 aerario
3260 5307 3401 5360 intu-

1843 5393 1987 5452 lisse.
2020 5392 2103 5444 vel
2133 5390 2220 5442 hic
2246 5389 2391 5441 locus
2420 5386 2633 5438 evincit.
2662 5383 2806 5437 BlGN.

1918 5460 1933 5497 '
1972 5460 2169 5523 Italus",
2200 5475 2292 5524 per
2311 5455 2643 5519 temtipsirm.

1915 5539 1939 5576 ε
1970 5529 2037 5583 Ut
2059 5514 2236 5591 hodie,
2262 5529 2332 5580 ita
2364 5514 2710 5589 tum'quoque
2741 5531 2923 5576 mutuo
2948 5532 3004 5572 se
3028 5529 3180 5585 reges
3209 5514 3398 5568 fratres

2000 5614 2108 5652 ant.
2147 5614 2291 5650 UIGN.

2000 5614 2025 5650 a
2095 5638 2108 5652 .
2277 5635 2291 5649 .

1841 5598 2366 5722 dlﬁellpatctdmriiiium
2401 5675 2548 5714 usum
2592 5675 2620 5713 a
2662 5659 2912 5714 Romanis
2957 5664 3250 5710 mutuatum
3281 5645 3396 5706 esse

1845 5740 1958 5795 haec
1998 5736 2221 5793 formula
2269 5733 2482 5788 indicat.
2539 5729 2673 5784 Sunt
2719 5738 2896 5784 autem
2946 5725 3234 5794 diplomata
3281 5735 3394 5785 qua
