3848 6360
503 447 604 502 τιΠ
1760 417 1771 427 ’
1802 441 1845 492 Μ
1861 440 2022 494 inut

2141 482 2142 488 η
2188 437 2482 492 MONACIII
3585 441 3660 495 7-.‘8

501 565 672 617 virum
699 560 839 615 illum
863 559 1095 628 partibus
1124 557 1225 611 illis
1246 548 1523 622 legationis
1553 549 1708 605 causa
1741 552 2045 613 direxrmus,
2079 560 2126 612 Α
2155 565 2238 602 res
2290 561 2448 615 super
2505 546 2726 615 scriptas
2754 583 2770 610 ,
2825 546 2889 596 ab
2938 551 3160 612 utraque
3204 556 3354 614 parte
3383 546 3561 613 pariter
3596 553 3663 601 de-

503 651 624 704 ideo
654 651 898 716 jubernus
928 657 982 701 ut
1011 647 1140 701 locis
1168 644 1598 700 convenientibus
1618 642 1813 694 eisdem
1845 656 1874 693 a
1902 640 2046 693 vobis
2147 639 2304 691 beant
2333 635 2621 705 possidere,
2673 635 2754 688 vel
2811 635 2853 687 si
2897 647 2992 702 pro
3042 635 3319 688 animabus
3369 649 3540 688 eorum
3587 638 3664 689 Ill-

503 739 708 792 evectio
736 738 891 791 simul
940 745 994 790 et
1023 747 1048 772 ει
1091 734 1388 788 humanitas
1419 732 1765 793 ministretur,
1817 730 1916 782 hoc
1945 738 2045 793 est,
2146 727 2272 796 quid
2325 727 2514 781 exinde
2559 741 2621 780 ac
2658 725 2774 779 loca
2828 736 3132 780 sanctorum
3191 725 3319 780 dare
3354 727 3662 796 decreverint,

503 827 741 892 veredos,
785 840 877 878 seu
909 823 1263 893 paraveredos
1294 829 1506 880 tantos,
1556 819 1706 887 panis
1745 819 1891 870 nitidi
1936 833 2048 869 mo-
2149 816 2433 869 voluntatis
2479 822 2664 869 earum
2711 814 2933 868 liberum
2988 824 3200 869 maneat
3253 816 3519 870 arbitrium
3555 837 3564 869 :
3596 824 3664 887 qui

502 915 616 968 dios
655 903 848 977 tantos,
908 913 1014 965 vini
1062 911 1264 964 modios
1315 917 1522 973 tantos,
1578 909 1791 962 cervisa:
1847 908 2049 960 modios
2151 906 2262 973 pari
2287 920 2382 957 suo
2406 920 2472 957 ex
2504 904 2627 971 ipsis
2652 903 2703 957 in
2734 903 2836 957 hoc
2860 903 3108 958 sarculum
3137 914 3407 974 superstes
3432 908 3665 970 exstiterit,

503 1014 696 1070 tantos,
725 1003 860 1055 lardi
891 1003 1052 1053 libras
1082 1008 1274 1062 tantas,
1306 999 1477 1051 carnis
1511 998 1668 1050 libras
1697 1008 1886 1060 tantas,
1921 1010 2048 1063 por-
2152 993 2409 1045 ambabus
2446 993 2621 1054 rebus,
2653 992 2883 1059 quandiu
2915 993 3175 1048 advixe:it
3217 994 3580 1072 usuﬁgtctuario
3603 1016 3668 1047 or-

500 1105 591 1144 cos
615 1098 788 1144 tantos
809 1131 821 1153 ,
848 1089 1108 1157 porcellos
1135 1095 1338 1150 tantos,
1366 1101 1614 1140 verveces
1648 1096 1840 1157 tantos,
1873 1085 2051 1152 agnel—
2151 1081 2276 1133 dine
2303 1080 2494 1132 debeat
2522 1081 2829 1148 possidere;
2861 1093 2914 1134 et
2935 1091 3054 1150 post
3079 1083 3353 1137 amborum
3380 1085 3445 1136 de
3468 1083 3554 1137 hac
3580 1085 3668 1137 luce

502 1180 582 1233 los
611 1189 805 1244 tantos,
830 1194 986 1231 aucas
1017 1186 1207 1238 tantas,
1239 1177 1484 1242 falsianos
1514 1183 1702 1238 tantos,
1733 1176 1903 1242 pullos
1934 1184 2052 1225 tan-
2154 1171 2473 1230 discessum,
2509 1159 2645 1223 sicut
2675 1186 2859 1224 eorum
2889 1173 3308 1239 delegationibus
3337 1175 3666 1239 continebitur,

503 1275 608 1333 tos,
630 1283 726 1320 ova
749 1264 920 1331 tanta,
961 1267 1062 1319 olei
1105 1248 1259 1319 libras
1288 1275 1486 1328 tantas,
1531 1265 1837 1331 gari.libras
1862 1267 2052 1328 lattlns,
2158 1246 2260 1311 tam
2293 1260 2356 1312 ad
2397 1261 2511 1314 loca
2547 1271 2872 1326 sanctorum,
2907 1278 3067 1330 quam
3108 1263 3464 1325 benemeritis,
3494 1269 3566 1318 vel
3591 1283 3662 1318 eo-

503 1353 676 1410 mellis
703 1364 891 1420 tantas,
926 1355 1059 1408 aceti
1099 1363 1291 1415 tantas,
1330 1354 1525 1406 cumini
1563 1353 1721 1404 libras
1746 1361 1937 1413 tantus,
1971 1351 2045 1418 pi-
2156 1365 2270 1401 rum
2305 1350 2632 1418 propinquis,
2663 1351 2893 1405 debeant
2925 1341 3117 1406 reverti
3146 1355 3456 1417 lixredibus,
3483 1365 3575 1409 tam
3601 1374 3668 1410 su-

503 1447 642 1512 peris
669 1454 859 1507 tautas,
895 1445 1027 1498 costi
1059 1455 1254 1509 tantas,
1286 1444 1309 1480 δ
1338 1439 1537 1509 garioﬁi
1566 1448 1754 1502 tantas,
1779 1439 1907 1506 spici
1937 1450 2050 1490 tan-
2157 1454 2250 1506 pra
2278 1439 2488 1506 scripta:
2529 1441 2682 1503 villae,
2715 1457 2873 1508 quam
2902 1452 2956 1496 et
2982 1444 3048 1496 de
3077 1445 3320 1512 prmsidio
3357 1460 3528 1499 eorum
3555 1448 3672 1514 quid-

505 1519 604 1597 tus,
632 1535 951 1590 cinnamomi
981 1543 1174 1596 tantas,
1205 1531 1793 1598 graniinasticetantas,
1819 1527 2054 1596 dactylas
2157 1530 2282 1594 quid
2327 1531 2613 1583 morientes
2657 1531 2986 1598 reliquerint.
3019 1530 3306 1601 Pr0pterea
3349 1549 3441 1604 per
3482 1523 3670 1602 ptasens

504 1634 702 1688 tantas,
733 1624 982 1692 pistacias
1010 1631 1206 1686 tantas,
1235 1622 1540 1673 amandolas
1561 1629 1754 1682 tantas,
1781 1631 2054 1690 cereorum
2160 1627 2480 1685 praeceptum
2519 1619 2871 1684 decernimus,
2916 1630 2971 1674 et
3010 1623 3279 1690 jubemus,
3308 1635 3362 1677 ut
3389 1625 3504 1677 dum
3536 1626 3674 1677 taliter

506 1725 528 1750 ε
564 1716 723 1768 libras
749 1725 942 1776 tantas,
971 1714 1093 1766 salis
1123 1720 1311 1775 tantas,
1337 1712 1538 1764 olerum
1569 1710 1888 1778 leguminum
1909 1722 2058 1759 carra
2161 1722 2320 1774 super
2348 1708 2558 1774 Scriptis
2605 1708 2706 1760 illis
2735 1709 2969 1762 decrevit
2996 1715 3268 1774 voluntas,
3293 1719 3345 1765 et
3389 1727 3477 1780 per
3503 1728 3673 1764 manum

507 1813 667 1865 tanta,
702 1803 892 1856 faculas
921 1812 1108 1865 tantas,
1136 1803 1366 1868 itemque
1395 1803 1591 1854 victum
1613 1799 1677 1850 ad
1707 1798 1941 1851 caballos
1963 1810 2055 1848 eo-
2167 1806 2401 1850 nostram
2437 1798 2660 1851 invicem
2689 1799 3043 1852 condonatum
3085 1809 3203 1854 esse
3248 1802 3572 1867 dignoscitur.
3607 1819 3675 1869 per

505 1909 644 1958 rum,
676 1892 776 1945 leni
814 1908 962 1946 carra
1014 1901 1181 1954 tanta,
1223 1891 1405 1944 suffusi
1459 1888 1663 1942 modios
1707 1895 1901 1951 tantos,
1952 1883 2062 1936 haec
2094 1875 2136 1931 Β
2169 1884 2267 1937 hoc
2295 1893 2632 1952 prxceptum,
2677 1886 3040 1941 robustissimo
3074 1887 3196 1954 jure
3233 1886 3513 1950 sull’ultum,
3553 1902 3676 1956 atque

509 1984 685 2036 omnia
717 1984 900 2036 diebus
933 1992 1036 2033 tam
1072 1983 1135 2033 ad
1164 1980 1534 2033 ambulandum
1556 2020 1569 2044 ,
1601 1992 1757 2044 quam
1787 1975 1852 2028 ad
1885 1990 1982 2028 nos
2012 1975 2063 2026 in
2166 1971 2448 2038 ﬁrmatum,
2495 1973 2750 2041 quidquid
2795 1981 3040 2043 superius
3084 1978 3383 2031 continetur
3406 1980 3677 2046 (auxiliarii:

508 2072 600 2123 Dei
633 2072 844 2124 nomine
890 2069 1259 2124 revertendum
1291 2069 1644 2135 unusquisque
1676 2076 1904 2118 vestrum
1934 2064 2064 2117 locis
2162 2059 2408 2122 Domino,
2453 2071 2512 2113 et
2552 2070 2734 2114 nostra
2777 2064 2969 2131 gratia)
2997 2064 3189 2118 debeat
3231 2065 3524 2131 perdurare.
3553 2067 3613 2118 lu
3636 2079 3678 2118 ut

512 2158 988 2210 consuetudinariis
1017 2209 1034 2228 η
1083 2156 1277 2209 eisdem
1325 2157 1623 2208 ministrare
1675 2162 1727 2206 et
1781 2152 2066 2219 adimplere
2166 2151 2308 2203 nulla
2335 2154 2617 2218 refragatio
2649 2167 2746 2205 nec
2773 2153 2839 2205 de
2877 2161 3030 2221 parte
3060 2153 3172 2207 ﬁsci
3199 2155 3384 2216 nostri,
3417 2170 3507 2206 nec
3545 2172 3569 2206 ιι
3604 2170 3654 2222 pa

510 2243 808 2313 procuretls
831 2290 844 2311 ,
891 2248 1117 2314 qualiter
1148 2262 1244 2299 nec
1274 2261 1474 2299 moram
1507 2245 1755 2308 habeant,
1789 2258 1886 2297 nec
1920 2242 2059 2308 inju-
2167 2243 2406 2295 rentibus
2443 2259 2625 2295 eorum
2656 2243 2982 2312 propinquis,
3014 2258 3111 2297 nec
3153 2258 3181 2295 a
3211 2259 3517 2312 quocunque
3552 2247 3679 2310 possit

510 2337 640 2389 riam
675 2336 966 2403 proferant,
997 2338 1038 2388 si
1066 2337 1287 2402 gratiam
1322 2344 1551 2388 nostram
1583 2333 1778 2402 aptatis
1807 2333 2022 2386 habere.
2169 2333 2431 2395 convelli,
2479 2335 2570 2386 sed
2615 2335 2757 2386 οηιηί
2800 2343 3037 2402 tempore
3078 2344 3294 2386 titaneat
3339 2335 3675 2387 inconvulsurn.

1099 2441 1322 2495 CApL‘T
1363 2417 1475 2492 xu.
1641 2444 1645 2449 ·
2173 2423 2339 2486 Quam
2387 2439 2511 2475 vero
2553 2425 2943 2487 auctoritatem,
2996 2433 3052 2475 ut
3105 2425 3306 2476 ﬁrmior
3345 2424 3592 2484 habeatur,
3619 2425 3676 2474 vel

938 2511 962 2546 ά
1003 2510 1313 2578 l’iwceptum
1343 2512 1650 2562 donationis.
2174 2531 2269 2583 per
2311 2525 2516 2582 tempus
2563 2525 2925 2581 conservetur,
2960 2530 3115 2568 manu
3148 2519 3361 2585 propria
3398 2517 3567 2571 subtus
3589 2533 3677 2572 eam

581 2600 634 2652 Si
671 2599 918 2663 Dominus
938 2601 1289 2665 omnipotens,
1308 2607 1512 2650 creator
1536 2598 1654 2650 (ἴωίῆ
1680 2606 1732 2650 et
1759 2605 1933 2658 terrm,
1953 2610 2071 2664 per-
2175 2606 2505 2659 decrevimus
2526 2607 2788 2658 roborari,

517 2691 660 2742 misit
691 2690 741 2740 in
771 2689 1030 2777 principio
1054 2687 1337 2777 masculum
1371 2697 1424 2740 et
1453 2687 1695 2740 feminam
1735 2689 1938 2756 copula:
1979 2703 2070 2740 so-
2494 2759 2500 2765 '
2749 2697 2973 2772 CAPUT
3015 2717 3144 2777 xm.

513 2780 638 2832 ciari
671 2779 941 2831 consortio
971 2776 1152 2830 dicens
1180 2794 1193 2828 :
1229 2776 1489 2846 Relinque!
1516 2777 1665 2829 homo
1682 2788 1872 2844 patrem
1897 2788 1942 2828 et
1965 2793 2077 2828 meo

516 2881 664 2921 trcm'
688 2884 830 2920 suam
875 2876 924 2920 et
967 2867 1245 2918 adhwrebt't
1281 2868 1428 2918 uxori
1464 2881 1589 2925 sum,
1639 2875 1686 2916 et
1724 2875 1866 2917 erunt
1894 2867 1992 2916 duo
2021 2867 2072 2916 in
2306 2867 2328 2878 ⁸
2355 2867 2620 2895 ”“”“’¹“”’””’
2651 2867 2711 2879 “’“
2748 2867 2756 2872 ’
2796 2867 2918 2921 ““’“’ῗ

515 2974 666 3008 carne
689 2974 819 3018 una;
860 2957 900 3008 si
934 2956 1128 3021 aliquid
1174 2969 1268 3022 pro
1305 2969 1486 3007 amore
1526 2953 1822 3022 dilectionis
1854 2954 2034 3006 inters

2162 3006 2169 3010 _
2246 2940 2508 3008 Quidquid
2554 2941 2692 2991 enim
2746 2939 3020 3006 priesentia
3071 2949 3251 2992 nostra
3298 2942 3481 3005 agitur,
3520 2941 3588 2991 vel
3613 2956 3675 3006 per

516 3048 740 3098 invicem
771 3034 966 3095 donare
995 3043 1341 3103 decreverim,
1374 3044 1476 3093 hoc
1518 3049 1698 3093 nostra
1728 3013 1990 3096 “Pennas
2022 3040 2075 3091 in
2179 3046 2389 3082 manum
2433 3041 2667 3082 nostram
2700 3030 2906 3081 videtur
2947 3043 3062 3081 esse
3092 3032 3461 3093 transvulsum,
3486 3030 3679 3081 volumus

519 3135 701 3202 idipsis
732 3126 834 3186 non
864 3132 1039 3186 renuit
1066 3132 1399 3184 conlirmare.
1431 3128 1589 3196 Igitur
1615 3128 1887 3180 venientes
1911 3127 1998 3179 ille
2020 3135 2074 3179 ei
2182 3132 2244 3169 ac
2267 3117 2508 3180 jubemus
2531 3125 2588 3168 ut
2610 3123 2819 3167 maneat
2857 3115 2906 3166 in
2939 3124 3205 3182 posterum
3237 3115 3580 3168 robustissimo
3592 3119 3679 3180 jure

523 3223 608 3275 illa
643 3223 691 3274 in
723 3221 916 3289 palatio
947 3228 1147 3281 nostro,
1177 3233 1272 3286 pro
1301 3232 1366 3270 eo
1395 3216 1619 3269 ﬁliorum
1649 3216 2071 3284 procreationem
2101 3205 2144 3263 ε
2176 3205 2549 3259 ﬁrmissimum.
2582 3204 2706 3286 ideo
2751 3205 2967 3257 veniens
3010 3205 3099 3257 ille
3143 3204 3310 3257 ﬁdelis
3341 3214 3528 3267 noster,
3555 3205 3611 3258 ibi
3643 3206 3678 3254 iu

527 3317 664 3368 inter
688 3327 744 3367 se
772 3312 990 3367 minime
1017 3309 1210 3361 habere
1239 3307 1501 3370 videntur,
1546 3321 1728 3360 omnes
1769 3321 1854 3358 res
1890 3319 2070 3358 eorum
2176 3299 2376 3366 palatio
2412 3308 2615 3361 ηοειτον
2666 3297 2718 3348 in
2774 3305 2953 3350 ηυειηι
2997 3296 3078 3349 νει
3118 3312 3395 3364 Procerum
3426 3305 3678 3350 ηοειτοτυπι

529 3404 663 3454 inter
684 3414 759 3459 se,
782 3415 875 3466 per
893 3412 1100 3449 manum
1130 3404 1362 3447 nostram
1386 3393 1478 3446 visi
1507 3401 1629 3445 sunt
1655 3393 1982 3447 condonasse
2007 3391 2073 3460 (si
2174 3387 2472 3454 prmsentia,
2503 3386 2654 3438 villas
2686 3397 3014 3453 nuncupatas
3045 3387 3180 3452 illas,
3213 3389 3341 3440 sitas
3365 3389 3414 3439 in
3455 3402 3574 3454 pago
3595 3389 3678 3444 iiln.

530 3492 600 3542 ita
641 3487 909 3543 convenit)
945 3485 1334 3560 villas'aliquas
1365 3483 1500 3535 inter
1528 3497 1583 3533 se
1605 3483 1698 3533 visi
1723 3490 1844 3534 sunt
1872 3474 2072 3534 condo-
2173 3492 2266 3528 sua
2313 3485 2602 3542 spontanea
2651 3474 2927 3527 voluntate
2970 3475 3119 3528 nobis
3167 3491 3262 3541 per
3307 3476 3530 3529 ﬁstucam
3571 3475 3678 3527 visus

529 3593 701 3631 nasse.
733 3577 879 3628 Dedit
918 3575 1073 3643 igitur
1105 3575 1381 3642 przmlic'us
1410 3573 1489 3622 vir
1514 3572 1599 3623 ille
1627 3585 1719 3637 per
1742 3586 1950 3622 manum
1980 3585 2074 3621 no-
2173 3574 2254 3616 est
2278 3574 2298 3606 κ
2327 3563 2598 3632 werpisse,
2642 3564 2724 3616 vel
2755 3563 3103 3625 condonasse,
3136 3565 3187 3616 in
3231 3579 3293 3618 ea
3325 3571 3521 3618 ratione
3558 3571 3595 3618 si
3628 3568 3676 3615 ita

521 3677 706 3726 stram,
744 3663 851 3730 jam
885 3662 1034 3715 dictae
1063 3659 1271 3726 conjugi
1300 3673 1406 3710 sua:
1435 3659 1526 3721 illi,
1563 3658 1712 3710 villas
1750 3667 2074 3723 nuncupatas
2175 3653 2441 3715 convenit,
2473 3661 2530 3704 ut
2555 3653 2677 3705 dum
2711 3653 2901 3704 vixerit
2928 3652 3026 3704 sub
3050 3662 3229 3706 vestro
3259 3655 3509 3707 beneﬁcio
3530 3653 3676 3705 debeat

519 3757 658 3817 illas,
684 3755 811 3812 sitas
834 3755 883 3805 in
908 3767 1042 3821 pago
1067 3752 1177 3817 illo,
1211 3766 1342 3818 quas
1375 3759 1465 3802 aut
1495 3763 1713 3802 munere
1740 3750 1902 3816 regio,
1926 3760 1984 3802 ut
2010 3749 2075 3801 de
2174 3739 2463 3808 possidere,
2493 3748 2546 3793 et
2576 3751 2696 3808 post
2723 3756 2873 3794 suum
2917 3742 3228 3803 discessum,
3262 3745 3390 3796 sicut
3422 3744 3527 3809 ejus
3552 3741 3676 3792 adiat

520 3843 674 3895 alodc
721 3849 1031 3909 parentum,
1084 3839 1165 3891 vel
1217 3839 1563 3904 undecunque
1605 3837 1668 3890 ad
1719 3852 1949 3905 prmsens
1993 3846 2073 3890 te-
2174 3830 2393 3894 petitio,
2424 3844 2520 3880 nos
2548 3830 2688 3895 ipsas
2716 3830 2867 3881 villas
2894 3829 3033 3882 ﬁdeli
3063 3840 3248 3884 nostro
3281 3833 3352 3886 illi
3381 3833 3526 3900 plena
3548 3833 3676 3898 gratia

521 3945 651 3985 nere
697 3931 925 3990 videtur,
966 3943 1083 3978 cum
1141 3927 1327 3990 terris,
1373 3925 1614 3978 domibus
1658 3934 1707 3976 et
1745 3934 1946 3976 σαειενα.
1991 3924 2075 3976 Si-
2174 3919 2270 3969 visi
2311 3918 2500 3970 fuimus
2524 3917 2870 3969 concessisse.
2903 3917 3238 3986 Quapropter
3267 3936 3359 3986 per
3383 3919 3674 3988 prmswsde

522 4019 718 4070 militer
745 4017 796 4065 in
818 4013 1298 4080 compensationem
1331 4027 1523 4072 rerum,
1557 4011 1700 4064 dedit
1728 4011 1972 4077 prmdicta
2001 4009 2076 4063 fe-
2174 4006 2440 4058 ceznimus
2468 4015 2819 4073 prmceptum,
2850 4005 2988 4072 quod
3019 4007 3396 4074 perpetualiter
3423 4022 3674 4059 mansurum

522 4103 663 4155 mina
707 4099 970 4152 antedicto
996 4097 1156 4165 jugali
1185 4113 1278 4149 suo
1310 4097 1381 4148 illi
1416 4095 1562 4148 villas
1608 4105 1932 4162 nuncupatas
1962 4096 2076 4150 illas
2174 4107 2290 4145 esse
2307 4094 2568 4158 jubemus,
2590 4104 2643 4146 ut
2664 4093 2948 4146 dummodo
2971 4095 3145 4147 taliter
3168 4096 3330 4163 ipsius
3353 4096 3676 4150 illiusdecrcvit

521 4193 651 4248 sitas
682 4190 730 4242 in
763 4203 895 4256 pago
925 4188 1034 4250 illo,
1082 4202 1198 4241 cum
1252 4186 1404 4239 terris
1444 4196 1493 4237 et
1537 4194 1736 4247 cratera,
1767 4201 1858 4238 seu
1889 4186 2072 4254 prarsi-
2173 4184 2433 4243 voluntas,
2466 4183 2604 4250 quod
2635 4181 2775 4250 ipsas'
2801 4183 2951 4235 villas
2979 4183 3032 4235 in
3061 4199 3217 4251 supra
3249 4187 3452 4254 scriptis
3476 4186 3589 4239 locis
3606 4200 3676 4236 no-

521 4281 620 4334 diis
663 4279 850 4330 domus
890 4292 1090 4338 eorum,
1141 4284 1359 4342 argento
1415 4285 1468 4328 et
1521 4290 1670 4337 auro,
1712 4276 2067 4341 fabricaturis,
2171 4272 2252 4323 bis
2298 4271 2597 4324 voluntario
2639 4271 2826 4324 ordine
2872 4272 3014 4325 visus
3057 4283 3137 4326 est
3183 4274 3577 4345 lzesovverpisse,
3615 4277 3675 4326 vd

524 4367 1138 4436 'drappis,vestimentis
1155 4367 1732 4433 velomnisupellectile
1755 4382 1936 4420 eorum
1955 4381 2074 4433 pars
2173 4359 2524 4420 CODd‘maSSe;
2559 4367 2611 4410 cl-
2637 4373 2733 4411 HOS
2775 4360 3026 4426 Prwdiclo
3061 4362 3172 4415 Viro
3202 4364 3275 4416 illi
3300 4380 3365 4418 ex
3395 4374 3564 4418 nostro
3586 4379 3672 4414 mu-

522 4461 657 4528 parti
690 4473 781 4525 per
811 4471 1018 4507 manum
1063 4464 1294 4508 nostram
1326 4456 1420 4507 visi
1469 4464 1589 4507 sunt
1617 4456 1962 4508 condonasse.
1996 4455 2068 4508 Ita
2104 4519 2141 4528 ﬁ
2175 4461 2301 4499 nere
2339 4446 2610 4513 largitatis,
2656 4449 2790 4501 sicut
2839 4449 3000 4514 ipsius
3045 4450 3185 4503 illius
3215 4451 3448 4504 decrevit
3479 4452 3674 4502 voluntas

504 4519 583 4608 ,ιιι
632 4550 754 4601 dum
802 4546 996 4614 pariter
1023 4543 1316 4594 advixeriit
1363 4545 1412 4593 in
1461 4544 1559 4595 hoc
1585 4544 1830 4596 saxulum
1850 4585 1863 4604 ,
1891 4558 2074 4595 omnes
2104 4519 2150 4575 Ῑ)
2176 4540 2531 4590 concessimus
2558 4552 2570 4588 :
2600 4539 2698 4591 boc
2728 4545 2807 4590 est
2842 4547 2947 4590 tam
2979 4539 3030 4590 in
3068 4539 3243 4605 terris,
3273 4540 3524 4606 dentibus,
3548 4540 3672 4592 aliti-

2306 2825 2620 2895 Prwceptum
2651 2826 2712 2879 de
2747 2834 2762 2872 τ
2796 2827 3070 2895 lwsiwerpo
3098 2844 3191 2896 per
3218 2846 3582 2897 mannmregu.

528 4697 717 4748 dantur
739 4694 906 4746 missis
955 4691 1036 4744 vel
1091 4691 1321 4743 evocatis
1358 4705 1383 4739 a
1418 4692 1669 4757 principe,
1706 4702 1758 4743 ut
1788 4708 1941 4744 cursu
1975 4709 2074 4758 pu-
2245 4693 2265 4718 ο
2298 4689 2580 4741 Lindenbr.
2613 4696 2665 4738 et
2711 4687 2911 4749 Baluz.,
2973 4705 3141 4743 cereos
3172 4692 3379 4746 librate:
3410 4704 3578 4754 tantos,
3605 4706 3672 4740 ra-

526 4765 661 4817 blico
712 4761 1052 4830 utiipossiut,
1100 4775 1252 4825 quem
1301 4761 1492 4824 alioqui
1541 4762 1737 4830 absque
1770 4761 2074 4830 diplomate
2174 4758 2433 4830 seoliliras
2465 4759 3503 4830 tantastsalis-lanlas,olera,legumina.

525 4830 764 4894 usurpari
792 4825 872 4880 llis
895 4845 996 4879 non
1029 4837 1175 4888 erat,
1221 4832 1458 4894 ascriptis
1487 4829 1642 4880 etiam
1684 4829 1808 4880 locis
1838 4825 1890 4880 et
1921 4825 2074 4879 man?
2244 4828 2266 4863 ἀ
2319 4825 2442 4878 Ideo
2491 4826 2600 4875 haec
2644 4825 2869 4895 donatio
2942 4825 3243 4895 mmmam
3286 4825 3674 4895 Honotiom'ajn-

523 4893 777 4958 siunibus,
818 4897 1001 4963 quibus
1046 4907 1251 4962 sumptu
1286 4898 1490 4960 publico
1520 4898 1586 4948 ali
1626 4896 1840 4947 debent.
1875 4895 2073 4948 Verum
2173 4895 2416 4963 scribitur
2446 4931 2461 4956 ,
2517 4893 2665 4963 quod,
2712 4904 2833 4963 ante
2914 4893 3113 4961 regem
3161 4907 3372 4962 peracta
3429 4906 3510 4948 s:t.
3574 4893 3672 4946 Pos-

527 4964 759 5020 Marculﬁ
794 4973 848 5015 et
875 4962 1046 5014 Caroli
1077 4963 1144 5013 Μ.
1181 4967 1500 5031 temporibus
1530 4982 1630 5016 non
1664 4980 1726 5016 co
1758 4964 2074 5029 pertinuisse
2173 4962 2421 5015 sessionis
2467 4962 2614 5031 enim
2647 4962 2966 5015 ’soleluniter
3032 4965 3408 5018 transferentur:
3460 4969 3555 5017 duo
3589 4971 3673 5014 tua

527 5035 803 5089 uictorias
834 5031 1086 5091 arbitror,
1129 5044 1184 5080 ut
1206 5029 1387 5083 cursus
1412 5033 1598 5098 publici
1635 5047 1781 5084 usum
1813 5034 2072 5084 concede-
2175 5031 2316 5082 modi
2345 5049 2357 5081 :
2383 5038 2471 5080 aut
2501 5029 2550 5079 in
2596 5029 2795 5095 judicio
2837 5041 2957 5083 ante
3001 5032 3244 5083 comitem
3273 5044 3327 5086 et
3350 5034 3543 5098 judices
3560 5043 3670 5090 sua.

526 5111 663 5164 rent,
713 5102 802 5167 qui
835 5098 1002 5170 nullus
1033 5107 1310 5170 tu:n_er_-at,
1355 5103 1444 5170 sed
1493 5110 1547 5152 ut
1575 5103 1715 5168 equi,
1753 5103 2070 5159 mansiones,
2174 5098 2591 5170 quosscabinos
2641 5098 2903 5161 dicebant,
2959 5100 3125 5152 autin
3182 5104 3321 5168 regis
3345 5103 3598 5170 prmsentia
3633 5099 3673 5149 in

528 5165 766 5234 sumptus
793 5177 845 5220 et
873 5167 1060 5219 viatica
1092 5166 1260 5218 missis
1283 5181 1310 5217 a
1355 5169 1585 5231 principe
1617 5165 1831 5221 directis
1851 5205 1864 5226 ,
1892 5180 1982 5219 aut
2009 5169 2073 5220 ab
2179 5168 2391 5233 palatio.
2429 5165 2578 5217 BIGN.

530 5252 594 5288 eo
621 5237 866 5297 evocatis,
909 5250 938 5286 a
985 5236 1207 5304 subditis
1252 5245 1303 5284 et
1331 5238 1736 5300 provincialibus
1775 5237 2074 5302 suppedita-
2247 5244 2269 5268 θ
2302 5236 2561 5299 Drappus,
2589 5235 2743 5300 panni
2764 5249 2949 5302 genus,
2979 5235 3130 5304 cujus
3156 5236 3319 5290 hodie
3359 5252 3539 5292 nomen

530 5314 729 5374 rentur,
757 5305 842 5369 qui
875 5303 1373 5374 mansionaticorum
1410 5310 1463 5352 et
1483 5314 1787 5374 paratarum
1814 5306 1962 5356 oneri
1997 5315 2076 5355 te-
2177 5313 2363 5374 neatur
2385 5306 2534 5374 drop.

533 5373 820 5442 utebantur;
850 5384 949 5436 qua
979 5373 1042 5442 de
1065 5385 1120 5442 re
1139 5385 1315 5436 supra.
1342 5380 1457 5435 cap.
1483 5369 1532 5421 5.
1563 5369 1776 5423 Paratas
1798 5375 1935 5424 enim
1984 5387 2076 5442 pro
2181 5441 2187 5442 γ
2234 5371 2265 5442 νι’
2300 5370 2627 5442 Lmsitt'erpus
2655 5380 2734 5423 est
2771 5371 2992 5442 alicujus
3033 5372 3396 5442 reiltraditio,
3440 5369 3669 5442 jartatain

532 5441 807 5508 speciebus
848 5452 962 5504 qum
1010 5438 1058 5488 in
1104 5439 1202 5492 bac
1248 5442 1496 5491 tractoria
1529 5450 1886 5506 recensentur,
1938 5441 2075 5494 acci-
2177 5441 2384 5502 laisum,
2416 5440 2464 5489 id
2487 5438 3010 5508 estsintirii,festuca.
3033 5440 3198 5494 Hodie
3224 5443 3409 5508 in‘jure
3431 5438 3667 5498 dimittere.

536 5507 819 5577 ρὶοηβιιςκ.
868 5575 873 5577 _
987 5572 1036 5577 __
1281 5576 1284 5577 ν
1653 5576 1658 5577 ί
2178 5510 2465 5577 déguerpir,
2495 5507 2735 5577 dicimus.

603 5589 625 5645 ξι
659 5575 963 5627 Humanitas
987 5572 1076 5645 llic
1093 5589 1195 5645 pro
1225 5576 1342 5628 cibo
1376 5577 1617 5630 sumitur.
1650 5576 1720 5630 in.
2241 5572 2270 5621 ῖς
2299 5572 2475 5627 Baluz.
2501 5576 2949 5645 leusenverpisse...
2980 5577 3097 5628 dum
3118 5578 3317 5642 vixerit,
3347 5597 3430 5634 ea:
3451 5596 3509 5632 et
3535 5581 3668 5645 nam

539 5641 852 5768 [vastulqu
900 5639 1147 5712 gurioﬁle.
1198 5645 1570 5715 Lindenbrog”
1626 5647 1838 5712 nit-lius,
1892 5663 2072 5717 caryo~
2177 5646 2416 5768 mil-’12:“?
2440 5639 2934 5767 ::I££s)t‘tsfgneﬁcio.
2966 5645 3037 5698 lta
3058 5639 3667 5718 Liiidenbrog.,ni5i‘l'°‘

654 5747 667 5760 .
2214 5731 2227 5766 ἱ
2297 5731 2308 5747 ‘
2349 5753 2360 5768 .
2413 5729 2435 5764 ι’
2469 5737 2486 5763 οι
2583 5731 2610 5768 Ἰ
2734 5753 2746 5766 .

557 5715 667 5771 "ulli.
1985 5715 1996 5717 ⁷
2177 5716 2360 5777 habet,
2393 5715 2746 5780 (mowerpiue.
