3886 6226
176 362 254 415 709

1417 359 1786 416 FORMUL/E.
1816 388 1885 400 —-
1923 360 2050 416 LIB.
2092 363 2129 418 Ι.

3247 388 3347 442 710

173 475 248 527 ciis
267 477 286 504 ο
307 467 596 531 accolabus,
648 469 945 538 mancipiis,
993 468 1184 532 vineis,
1236 468 1413 531 silvis,
1462 468 1763 536 campist
1791 472 2170 538 perpetualtter
2198 487 2499 538 mansuram
2527 492 2644 534 esse
2669 477 2935 552 iubemus,
2970 498 3026 543 ut
3055 492 3220 557 ipsam
3249 497 3345 548 vil-

176 560 321 628 pratis.
347 560 581 626 pascuis,~
601 560 774 628 aquis,
806 574 1126 628 aquarumve
1153 558 1480 621 decursibus,
1513 560 1578 612 ad
1606 560 1686 613 itt-

174 661 339 716 tcgrnnt
364 647 608 716 quidquid
637 649 831 700 ibidem
861 649 1021 716 ipsius
1051 648 1190 703 illius
1218 648 1388 715 portio
1415 647 1530 711 fuit,
1562 648 1684 702 dttm

175 737 392 789 advixerit
415 741 614 803 absque
640 737 819 804 aliqua
857 736 1236 800 deminutione,
1270 737 1336 790 de
1363 737 1686 804 qualibetre

176 814 530 878 usutriictuarto
554 823 745 878 ordine
772 825 963 878 debeat
1002 825 1304 893 possidere;
1346 837 1398 878 et
1426 836 1544 894 post
1569 826 1684 893 ejus

175 916 412 967 disce-sum
442 925 766 968 memoratus
795 916 880 969 ille
907 911 1010 968 hoc
1031 915 1239 980 habeat,
1274 926 1453 971 teneat
1480 927 1533 972 et
1564 933 1684 985 pos-

177 1007 327 1069 sideat,
361 1013 413 1059 et
453 1006 560 1060 suis
604 1011 853 1073 posteris,
885 1017 973 1060 aut
1016 1008 1099 1061 cui
1145 1009 1388 1073 voluerit,
1422 1010 1485 1061 a‘d
1508 1009 1682 1077 possi-

177 1099 364 1152 dendum
388 1098 667 1169 relinquat.
701 1103 764 1153 Et
787 1110 843 1155 ut
873 1103 984 1156 lucc
1000 1103 1315 1166 auctoritas,
1341 1114 1442 1158 ctc.

693 1209 918 1264 CAPUT
957 1210 1088 1266 XIV.

443 1276 657 1346 Prologt'
683 1277 745 1330 de
769 1281 1074 1332 cessionil'us
1102 1284 1376 1350 regalibus.

230 1365 392 1419 Merito
404 1365 652 1434 largitatis
666 1378 858 1422 nostra:
872 1354 1006 1422 muti.
1030 1387 1086 1433 re
1108 1372 1466 1450 sublevantur,
1484 1372 1570 1441 qui
1588 1388 1680 1440 pa-

178 1455 372 1508 rentibus
391 1457 599 1519 nostris,
622 1456 704 1509 vel
720 1457 890 1518 nobis,
919 1459 984 1510 ab
1007 1459 1361 1512 adolescentia
1383 1462 1554 1512 :etatis
1582 1476 1677 1514 eo-

179 1560 270 1598 rum
291 1544 481 1597 instanti
508 1547 827 1599 famulantur
845 1546 1038 1601 officio.
1073 1548 1200 1601 heu
1231 1565 1369 1602 sua.
1415 1550 1682 1618 l’rtccipue

177 1634 456 1702 compendiis
481 1637 748 1705 regalibus
779 1639 900 1691 illud
927 1641 1225 1704 ascribitur,
1261 1641 1400 1708 quod
1434 1657 1528 1710 pro
1551 1658 1678 1696 con-

179 1725 476 1792 templatione
502 1728 789 1794 servitutis,
816 1729 1055 1782 fidelibus
1075 1732 1202 1795 suis,
1226 1733 1549 1787 concedente
1571 1730 1676 1788 Do-

179 1801 310 1876 nino,
331 1816 703 1870 consultissime
729 1814 1054 1871 muneratur.
1096 1819 1220 1872 l'rnn
1254 1838 1369 1874 ALH
1403 1839 1467 1874 Αι»
1508 1839 1680 1877 noenu

180 1919 394 1956 uitcruu.
421 1905 580 1970 Nihil,
616 1884 774 1960 ut.ait
806 1907 1116 1977 Apostolus,
1159 1913 1208 1964 in
1241 1913 1342 1966 hoc
1371 1917 1567 1967 mundo
1601 1917 1682 1968 in.

179 1983 375 2058 tulimus,
401 2009 490 2048 nec
529 1996 812 2064 quidquam
860 2015 923 2052 ex
953 2015 1018 2053 eo
1045 2001 1253 2054 auferre
1282 2003 1556 2057 nobiscum
1589 2022 1683 2072 po-

183 2085 380 2150 terimus,
409 2085 496 2138 nisi
521 2087 760 2153 quod‘ob
809 2091 997 2143 anima:
1039 2093 1279 2157 salutem,
1314 2094 1442 2150 locis
1470 2108 1683 2148 sancto-

184 2190 275 2226 tum
314 2176 483 2228 devote
522 2175 742 2232 Domino
790 2180 1072 2234 offerentes
1113 2183 1380 2250 impertire
1421 2187 1678 2240 videmur.

183 2259 294 2330 Ergo
317 2262 339 2300 1³
364 2275 632 2331 cognoscat
678 2268 1002 2335 magnitudo,
1049 2285 1141 2323 seu
1169 2283 1452 2326 strenttttas
1483 2285 1677 2340 vestra,

182 2351 445 2406 nosilluslri
481 2354 591 2406 viro
641 2354 711 2406 illi
760 2359 1147 2427 promptissima
1180 2363 1469 2424 voluntate,
1505 2365 1678 2416 villam
1717 2366 1728 2375 '

182 2450 484 2507 nuncupatam
531 2441 692 2506 illam,
743 2446 899 2499 sitam
949 2451 997 2498 in
1054 2463 1188 2516 pago
1236 2450 1346 2512 illo,
1377 2467 1494 2504 cum
1537 2455 1678 2504 omni

180 2531 337 2584 inet-ito
362 2547 418 2584 ex
445 2537 662 2585 termino
695 2549 821 2609 suo,
851 2537 903 2588 in
936 2536 1256 2604 integritate,
1289 2543 1422 2592 sicut
1470 2545 1534 2591 ab
1566 2541 1674 2598 illo.

180 2630 300 2672 anta
327 2623 435 2672 lisco
458 2631 634 2675 nostro
665 2623 761 2676 fuit
789 2639 1052 2690 possessa,
1087 2629 1165 2680 vel
1196 2630 1445 2682 moderno
1477 2640 1678 2696 tempo-

183 2724 233 2761 re
267 2709 544 2783 possidetur,
575 2710 672 2763 visi
719 2712 910 2765 fuimus
957 2716 1302 2770 concessisse.
1351 2719 1679 2788 Quapropter

180 2805 445 2863 lirxsctitettt
479 2808 658 2852 auctor
681 2810 842 2854 tatem
872 2813 1104 2856 nostram
1138 2808 1487 2870 decernimus,
1521 2825 1677 2876 quam

181 2887 503 2953 perpetualiter
546 2905 844 2944 mansuram
895 2909 1010 2946 esse
1053 2895 1295 2959 jubcmus
1333 2938 1347 2964 ,
1396 2907 1483 2950 ut‘
1510 2900 1674 2965 ipsam

180 2975 323 3026 titiam
358 2976 485 3028 illam
514 2980 805 3034 antedictos
849 2982 927 3035 vir
955 2983 1061 3046 ille,
1098 2995 1154 3038 ut
1180 2985 1425 3050 diximus,
1453 2989 1502 3040 in
1533 2992 1675 3042 omni

177 3064 450 3131 integritate,
475 3083 587 3120 cum
612 3070 784 3134 terris,
812 3072 1072 3138 domibus,
1091 3077 1344 3143 mdiliciis,
1368 3083 1668 3146 accolabus,

177 3157 428 3220 mancipiis,
444 3158 622 3219 vineis,
644 3160 807 3223 silvis,
827 3165 1044 3231 campis,
1062 3168 1242 3232 pratis,
1267 3172 1494 3240 pascuis,
1523 3173 1672 3238 aquis

176 3248 449 3308 aquatun‘ive
470 3237 792 3313 decursibus,
819 3250 1095 3316 l'arinariis,
1126 3254 1453 3322 adjacentiis,
1481 3274 1671 3328 appen-

176 3332 314 3395 diciis,
341 3335 411 3386 vel
433 3335 660 3402 quolibet
687 3351 879 3405 genere
909 3341 1180 3397 hominum
1215 3345 1398 3401 ditioui
1429 3346 1536 3402 fisci
1570 3367 1668 3404 no-

173 3417 252 3468 stri
283 3421 608 3486 subditorum,
640 3427 729 3492 qui
764 3427 952 3480 ibidem
983 3443 1343 3501 commanent,
1385 3436 1435 3490 in
1467 3439 1668 3507 integra

174 3507 437 3574 emunitate,
463 3512 656 3580 absque
698 3515 853 3568 ulfius
899 3518 1114 3573 introitu
1151 3523 1424 3590 judicum;
1459 3529 1523 3580 de
1552 3531 1669 3596 qui-

174 3595 366 3651 buslibet
403 3601 566 3654 causis
609 3603 678 3654 ad
726 3603 860 3657 freta
906 3609 1238 3676 exigendum,
1291 3595 1669 3684 perpetualiter

174 3686 336 3740 habeat
374 3704 686 3745 concessam.
732 3693 809 3746 ita
861 3705 915 3749 ut
956 3713 1071 3751 eam
1113 3697 1234 3766 jure
1288 3706 1665 3771 proprietario,

173 3776 336 3844 alisque
361 3779 503 3832 ullius
525 3792 801 3850 expectata
825 3775 1059 3854 judicum
1108 3789 1407 3857 traditione,
1454 3793 1665 3859 habeat,

172 3876 321 3922 teneat
359 3880 505 3939 atque
549 3875 853 3943 possideat,
899 3887 951 3931 et
991 3880 1102 3932 suis
1151 3882 1396 3947 posteris,
1446 3885 1668 3939 Domino

173 3956 515 4024 adjuvante,ex
545 3973 724 4016 nostra
771 3965 1028 4034 largitate,
1062 3977 1153 4022 aut
1199 3972 1282 4024 cui
1329 3973 1556 4028 voluerit
1604 3976 1668 4028 ad

173 4049 490 4111 possidendum
532 4053 815 4122 relinquat,
849 4056 930 4109 vel
974 4059 1228 4127 quidquid
1261 4062 1452 4116 exinde
1490 4063 1666 4119 facere

175 4134 372 4199 voluerit,
401 4152 460 4190 ex
488 4150 667 4194 nostro
694 4144 952 4210 permissu
982 4147 1032 4199 in
1063 4149 1308 4204 omnibus
1334 4150 1524 4206 habeat
1564 4168 1662 4232 po-

175 4229 393 4276 testatem.
423 4222 484 4276 Et
511 4234 564 4277 ut
590 4226 701 4280 haec
727 4233 1036 4297 auctoritas,
1063 4243 1166 4289 etc.

721 4337 944 4393 CAPUT
981 4340 1094 4396 XV.

527 4403 697 4458 Cessio
725 4408 792 4458 ad
816 4410 979 4462 locum
1006 4423 1253 4466 sanctum.

1791 557 2226 621 lam,,memorata
2255 562 2488 620 Ecclesia
2514 568 2618 632 illa,
2648 572 2732 626 vel
2760 576 3058 632 autedictus
3085 584 3317 650 pontifex
3336 629 3350 649 ,

1789 657 1878 699 aut
1906 647 1994 702 ille
2022 650 2204 715 abbas,
2239 660 2295 706 ut
2321 653 2568 719 diximus,
2615 658 2667 712 in
2706 663 2849 716 omni
2891 647 3194 732 integritate
3222 647 3343 724 cum

1787 738 1958 802 terris,
1989 751 2038 793 et
2067 752 2250 795 caetera
2276 760 2388 813 qua:
2415 749 2646 811 superius
2675 760 2812 816 situt,
2845 753 2913 806 ita
2936 763 2990 809 ut
3019 771 3136 810 eam
3161 768 3215 813 et
3241 761 3343 830 ipsi

1785 841 2120 883 successores
2151 832 2230 884 sui
2275 834 2525 902 habeant,
2574 847 2785 893 teneant
2813 851 2864 895 et
2906 846 3226 914 possideant,
3260 852 3345 904 vel

1783 916 2038 984 quidquid
2069 921 2262 975 exinde
2291 922 2355 974 ad
2387 925 2680 991 profectum
2709 919 2943 986 ecclesic
2971 934 3110 989 illius
3137 947 3227 991 aut
3249 938 3340 992 ba-

1783 1003 1944 1058 silicm
1971 1007 2145 1062 facere
2173 1011 2456 1077 voluerint,
2487 1029 2550 1068 ex
2591 1020 2849 1085 permissu
2877 1033 3059 1077 nostro
3088 1026 3140 1078 in
3166 1030 3338 1082 omni-

1785 1095 1884 1148 bus
1912 1096 2138 1151 habeant
2170 1109 2512 1168 potestatetn;
2545 1115 2599 1158 et
2627 1116 2681 1159 ut
2703 1108 2813 1162 lucc
2834 1115 3120 1167 auctoritas
3143 1114 3342 1171 lirmior

1784 1186 2060 1251 habeatur,
2100 1191 2179 1244 vel
2229 1206 2323 1259 per
2370 1203 2608 1263 tempora
2634 1211 2999 1268 conservetur,
3026 1222 3213 1261 manus
3243 1225 3340 1261 tio--

1781 1285 1904 1328 stra:
1946 1279 2418 1350 subscriptionibus
2457 1286 2642 1342 subtus
2691 1303 2810 1343 eam
2865 1292 3195 1353 decrevimus
3250 1315 3340 1354 ro-

1785 1353 1866 1417 bo:
1883 1382 1995 1421 are.

2377 1463 2602 1518 CAPUT
2644 1466 2778 1521 XVI.

2370 1561 2390 1584 ε
2424 1552 2781 1622 Con/irritatio.

1854 1634 2020 1699 Quem
2050 1637 2225 1691 divina
2260 1641 2426 1709 pietas
2448 1645 2699 1699 sublimat
2723 1649 2786 1700 ad
2817 1664 3058 1718 regnum,
3087 1656 3344 1711 condecet

1785 1719 1921 1776 facta
1952 1741 2266 1782 conservare
2295 1741 2590 1798 parentum,
2621 1737 2881 1803 prtecipue
2911 1717 3051 1806 quod
3081 1759 3175 1811 pro
3198 1761 3343 1797 com-

1787 1813 1989 1881 pendiis
2037 1819 2396 1882 ecclesiarum,
2447 1831 2539 1874 aut
2575 1822 2703 1877 locis
2748 1837 3069 1891 sanctorum,
3105 1847 3132 1884 a
3180 1836 3342 1900 regali

1785 1902 2065 1957 clementia
2098 1921 2195 1973 pro
2235 1917 2432 1962 mterna
2463 1912 2813 1967 retributione
2835 1918 3088 1982 probatur
3110 1935 3226 1973 esse
3265 1923 3341 1974 in-

1783 1992 1985 2044 dultum
2035 2004 2244 2060 oportet
2288 2012 2606 2054 conservare
2635 2018 2777 2055 eum.
2811 2003 2971 2073 Igitur
3024 1999 3344 2074 apostolicus

1783 2081 1883 2143 vir,
1924 2079 2077 2134 Pater
2119 2085 2168 2134 iu
2199 2084 2407 2140 Christo
2447 2099 2647 2153 noster,
2680 2091 2818 2146 illius
2864 2097 3007 2150 urbis
3040 2099 3339 2168 episcopus,

1781 2167 2073 2222 clementiae
2097 2175 2239 2238 regni
2266 2175 2428 2226 nostri
2453 2176 2640 2229 detulit
2661 2179 2712 2231 in
2739 2183 3110 2252 notitia,quasi
3136 2167 3342 2244 illerex

1783 2272 1876 2325 per
1903 2274 2050 2312 suam
2097 2264 2526 2329 prmcctitioncm,
2567 2282 2660 2319 sua
2693 2284 2848 2322 manu
2877 2273 3242 2342 subscriptam,
3274 2281 3341 2333 ad

1782 2348 2060 2400 eet-lesiam
2092 2351 2245 2414 illius,
2272 2354 2354 2405 cui
2385 2370 2606 2422 praeesse
2635 2358 2978 2426 dignoscitur.
2994 2365 3170 2419 villain
3203 2384 3336 2422 nun-

1783 2445 2026 2502 cupatatn
2082 2440 2243 2503 illam,
2294 2442 2448 2495 sitam
2481 2445 2531 2497 in
2563 2461 2696 2514 pago
2744 2449 2853 2511 illo,
2876 2436 3004 2505 ἐυιιι
3036 2455 3338 2523 integritate

1781 2540 1895 2588 sua,
1947 2528 2044 2582 sub
2074 2531 2216 2582 omni
2249 2534 2556 2595 etnunitate,
2589 2540 2789 2606 absque
2819 2541 2926 2596 ullo
2957 2544 3170 2600 introitu
3198 2548 3338 2616 judi-

1779 2626 1918 2675 cum,
1953 2615 2016 2696 de
2042 2618 2362 2681 quibuslibet
2389 2625 2560 2678 causis
2587 2627 2652 2678 ad
2684 2629 2812 2682 freta
2844 2631 3181 2700 exigendum,
3201 2615 3335 2706 7pm-

1778 2709 1895 2768 pter
1944 2693 2134 2757 nomen
2179 2707 2383 2762 Domini
2425 2716 2814 2784 concessisset;
2864 2728 2918 2772 et
2945 2721 3108 2788 ipsam
3141 2741 3337 2791 prame-

1780 2792 2011 2857 ptioneni
2043 2811 2098 2846 se
2132 2813 2236 2862 ιιι-ξε
2267 2801 2506 2853 manibus
2538 2802 2731 2859 habere
2770 2806 3016 2870 affirmat,
3050 2822 3103 2865 et
3132 2830 3335 2869 metuo-

1778 2887 1942 2930 ratani
1969 2883 2139 2934 villain
2164 2885 2272 2952 ipse
2287 2889 2517 2953 pontifex
2531 2932 2543 2954 ,
2576 2894 2671 2945 sub
2687 2894 2871 2948 eodem
2887 2898 3044 2953 modo
3057 2902 3118 2953 ad
3141 2917 3339 2970 partem

1778 2970 2014 3025 ecclesia:
2061 2976 2330 3042 possidere
2369 2981 2632 3062 videatur,
2685 2987 2815 3054 petit
2856 2990 2920 3042 ad
2969 2992 3336 3050 celsitudinem

1780 3073 2031 3127 nostram,
2066 3074 2123 3118 ut
2150 3067 2248 3120 hoc
2271 3071 2408 3123 circa
2439 3071 2644 3137 eodem,
2683 3077 2762 3128 vel
2788 3089 3076 3133 memorata
3105 3087 3332 3138 ecclesia

1777 3154 1953 3206 domni
1983 3155 2144 3222 illius,
2194 3174 2288 3225 per
2316 3169 2493 3214 nostra
2525 3164 2834 3221 deberemus
2871 3157 3184 3225 conﬁrmare
3212 3191 3333 3226 ota-

1772 3242 1910 3293 cula.
1968 3245 2114 3307 Quod
2157 3262 2253 3299 nus
2284 3260 2498 3317 propter
2542 3269 2733 3307 nomen
2778 3256 2891 3320 Dei,
2936 3267 2990 3311 et
3030 3265 3328 3317 reverentia

1775 3331 1936 3397 ipsius
1963 3337 2129 3386 sancti
2160 3336 2285 3403 loci,
2314 3340 2396 3391 vel
2427 3344 2614 3396 merito
2656 3345 2856 3412 praefati
2888 3351 3170 3417 pontificis,
3209 3367 3322 3420 gra-

1774 3428 1916 3472 tante
1943 3423 2117 3474 auimo
2147 3428 2451 3491 prmstitisse
2473 3468 2487 3491 ,
2531 3441 2583 3484 et
2611 3437 2954 3491 continuasse
2993 3444 3320 3506 cognoscite.

1775 3511 2142 3579 l’t'u‘1cipientcs
2170 3517 2330 3580 enim,
2360 3530 2415 3570 ut
2441 3520 2578 3573 sicut
2600 3533 2810 3578 constat
2832 3528 3100 3593 praefatam
3131 3531 3328 3593 villam,

1771 3616 1799 3652 a
1822 3603 1929 3667 jam
1961 3603 2100 3658 dicto
2127 3606 2381 3674 principe,
2413 3621 2718 3665 memorata:
2745 3615 2979 3670 ecclesia:
3022 3617 3179 3680 illius,
3205 3621 3335 3673 cuut'

1771 3692 2090 3758 integritate,
2121 3697 2218 3747 sub
2245 3698 2385 3748 omni
2415 3700 2700 3753 emunitate
2728 3701 2888 3756 fuisse
2911 3719 3238 3771 concessam;
3271 3720 3326 3763 et

1770 3796 1884 3833 eam
1914 3782 1976 3833 ad
2004 3797 2235 3848 praxsens
2266 3785 2534 3848 possidere
2560 3787 2788 3856 videtur,
2809 3790 3045 3858 inspecta
3075 3794 3186 3862 ipsa
3215 3811 3327 3850 ces-

1768 3872 1936 3935 sione,
1967 3886 2060 3938 per
2081 3873 2181 3925 hoc
2204 3887 2516 3942 praeceptum
2549 3879 2753 3945 plenius
2775 3881 2826 3934 in
2849 3881 2939 3935 Dei
2963 3887 3178 3940 nomine
3195 3903 3324 3941 con-

1771 3961 2051 4025 tinuatam,
2085 3963 2183 4016 sub
2208 3978 2273 4016 eo
2307 3965 2513 4029 ordine,
2557 3975 2610 4019 et
2637 3969 2765 4036 ipse,
2797 3977 2849 4024 et
2876 3986 3210 4029 successores
3237 3990 3324 4031 eo-

1770 4067 1905 4118 rum,
1937 4054 2020 4106 vel
2051 4063 2341 4108 memorata
2385 4057 2608 4110 ecclesia
2635 4059 2814 4113 domui
2860 4061 3022 4126 illius,
3057 4063 3196 4116 illam
3239 4074 3312 4118 te-

1770 4152 1951 4206 neant,
1983 4151 2037 4196 et
2065 4145 2390 4212 possideant,
2408 4155 2461 4199 et
2483 4161 2667 4200 eorum
2689 4151 3079 4204 successoribus
3107 4152 3172 4204 ad
3195 4167 3318 4220 pos-

1768 4235 2045 4288 sidendum
2093 4237 2408 4303 relinquant,
2448 4237 2532 4289 vel
2561 4237 2813 4304 quidquid
2858 4239 3050 4295 exinde
3095 4256 3189 4310 pro
3228 4259 3322 4310 0p-

1769 4328 2090 4394 portunitate
2121 4327 2282 4393 ipsius
2309 4327 2478 4379 sancti
2507 4327 2607 4380 loci
2640 4326 2933 4381 faciendum
2961 4327 3317 4394 decreverint,

1773 4431 1836 4466 ex
1866 4424 2046 4467 nostro
2085 4414 2343 4481 permissu
2371 4414 2586 4467 liberam
2618 4414 2855 4469 habeant
2877 4426 3212 4486 potestatem.
3253 4419 3320 4473 Et
3410 4428 3424 4458 -'

225 4490 484 4561 Cognoscat
512 4499 813 4566 magnitudo
841 4515 934 4554 seu
964 4503 1160 4558 utilitas
1189 4513 1387 4571 vestra,
1419 4521 1515 4562 nos
1539 4524 1660 4577 pro-
1694 4476 1746 4535 Β
1771 4515 1828 4557 ul
1853 4505 1963 4557 hinc
1995 4504 2302 4569 aUClOI'imS.
2331 4511 2434 4557 θῑε·

172 4587 268 4647 pter
286 4597 453 4636 nomen
482 4585 681 4640 Domini
713 4589 779 4642 ad
809 4589 1075 4645 basilicam
1107 4592 1358 4658 illam,vel
1387 4597 1665 4653 ecclesiam

172 4669 303 4734 illam,
325 4670 400 4724 ubi
424 4673 741 4736 apostolicus
763 4675 919 4731 Pater
943 4691 1121 4734 noster
1147 4683 1254 4747 ille,
1277 4693 1369 4737 aut
1391 4687 1667 4740 venerabi-

170 4758 221 4809 lis
239 4762 304 4811 vir
322 4760 397 4814 ille
415 4762 587 4826 abbas,
619 4778 846 4831 prmesse
865 4766 1090 4833 videtur,
1113 4771 1288 4824 villam
1309 4787 1663 4842 nuncupatam

171 4848 303 4910 illam,
328 4851 464 4906 sitam
489 4853 538 4906 in
565 4868 698 4923 pago
727 4855 836 4919 illo,
859 4871 1014 4924 quam
1042 4874 1208 4928 usque
1226 4877 1366 4915 nunc
1390 4861 1544 4918 fiscus
1563 4881 1661 4920 no-

171 4947 260 4992 ster
284 4939 360 4995 ille
376 4945 549 5009 tenuit,
576 4948 965 5020 promptissima
988 4949 1268 5004 devotione
1283 4968 1401 5006 cum
1421 4956 1562 5008 omni
1584 4957 1662 5009 in-

173 5027 373 5092 tegritate
409 5031 500 5083 visi
553 5031 745 5118 fuimus
783 5037 1129 5092 concessisse.
1180 5039 1514 5111 Quapropter
1568 5060 1662 5112 per

172 5127 432 5192 timentem
459 5121 827 5177 auctoritatem
855 5135 1089 5180 nostram
1117 5127 1473 5198 decernimus,
1500 5146 1659 5200 quam

228 5276 248 5303 ³
467 5276 547 5330 bic
571 5283 692 5354 sunt
719 5276 888 5354 coloni
917 5294 1010 5334 seu
1031 5283 1299 5352 ascriptitii
1325 5320 1340 5346 ,
1385 5287 1474 5352 Qui
1501 5288 1658 5343 simul

174 5343 469 5457 cumlpnediis
496 5347 766 5408 venibant.
794 5343 940 5399 BIGN.
1167 5343 1182 5352 “
1277 5420 1289 5432 θ
1325 5343 1334 5346 ’
1401 5343 1417 5352 “

225 5405 250 5484 ξ
307 5423 372 5460 ωε
393 5418 443 5493 et
461 5426 579 5493 qua:
604 5415 893 5493 sequuntur
920 5430 1024 5493 non
1047 5417 1111 5471 ad
1141 5418 1558 5493 proximam,sed
1588 5418 1654 5493 ad

175 5475 354 5564 primam
377 5487 429 5564 et
451 5475 730 5564 secundani
753 5480 1108 5564 praefationem
1134 5475 1567 5564 referendaqute
1588 5487 1655 5564 de

176 5541 489 5664 dunttilonibus
535 5563 564 5599 a
613 5541 1022 5618 rege'lidelibus
1083 5555 1190 5610 suis
1249 5541 1656 5624 factis'scriptze

176 5626 252 5663 sun
329 5629 371 5665 ti.
971 5646 978 5651 -

233 5679 525 5750 'Privilegia
556 5691 612 5738 et
638 5695 822 5742 cetera
844 5687 1100 5757 ejusmodi
1145 5704 1176 5745 a
1217 5694 1538 5762 principibus
1566 5693 1652 5750 in-

2318 4596 2740 4653 CAPUT‘XVH.

2018 4687 2042 4726 ά
2082 4685 2420 4754 Conﬁrmatio
2448 4705 2540 4755 pro
2569 4687 2902 4745 saecularibus
2927 4689 3067 4743 uiris.

1836 4774 2053 4842 Regiam
2100 4776 2534 4831 consuetudinem
2583 4791 2924 4843 exercemus,
2979 4788 3036 4834 et
3075 4780 3308 4836 ﬁdelium

1763 4874 2064 4919 nostrorum
2081 4867 2284 4918 animos
2303 4862 2664 4932 adhortamur,
2682 4868 2724 4921 si
2747 4868 3085 4936 petitionibus
3100 4879 3312 4926 nostro-

1762 4969 1876 5006 rum
1905 4953 2133 5008 ftdelium
2155 4952 2379 5007 libenter
2393 4954 2696 5022 annuimus,
2717 4964 2774 5010 et
2793 4957 2960 5011 eas-in
2977 4957 3069 5011 Dei
3099 4959 3313 5014 nomine

1739 5043 1973 5101 ,effectui
2005 5036 2391 5110 mancipamus'.
2422 5027 2582 5111 Igitur
2609 5045 2825 5100 illustris
2849 5045 2930 5098 vir
2959 5044 3048 5098 ille
3073 5045 3309 5102 clemen-

1760 5135 1846 5187 tite
1874 5133 2019 5200 regni
2049 5132 2216 5186 nostri
2243 5134 2525 5202 suggessit,
2553 5149 2618 5190 eo
2657 5134 2796 5201 quod
2845 5141 2970 5188 ante
3018 5133 3118 5190 hos
3143 5150 3309 5191 annos

1756 5287 1939 5350 dulta,
1982 5294 2102 5354 post
2148 5271 2267 5341 illos
2319 5301 2680 5342 successorum
2731 5285 3134 5375 conﬁrmatione
3173 5301 3305 5353 opus

1755 5356 1969 5410 habent.
2005 5356 2144 5410 BIGN.
2950 5423 2963 5436 ο
3099 5366 3113 5375 ’

1823 5422 1851 5460 ά
1875 5422 2215 5501 confirmatio
2236 5432 2316 5501 est
2341 5439 2370 5475 a
2401 5436 2523 5501 rege
2567 5437 2817 5501 concessa
2845 5465 2860 5484 .
2915 5438 3027 5501 eius
3054 5421 3200 5501 quod
3236 5423 3302 5476 ab

1756 5477 2108 5547 anteriOribus
2155 5477 2364 5557 regibus
2413 5477 2724 5556 quibusdam
2778 5477 3016 5558 personis
3060 5477 3128 5542 ἐι.
3171 5488 3298 5544 lisco

1755 5564 2010 5617 donatum
2065 5560 2236 5613 fuerat
2266 5597 2281 5619 ,
2334 5572 2439 5611 non
2482 5559 2536 5612 in
2586 5558 2894 5613 beneficium
2946 5573 3036 5610 seu
3088 5559 3299 5612 feudum

1756 5635 1949 5702 (morte
1971 5631 2162 5697 quippe
2175 5621 2478 5702 accipientis
2493 5627 2810 5702 ﬁniebatur),
2825 5625 2915 5680 sed
2937 5627 2988 5679 in
3005 5628 3297 5697 proprium,

1757 5693 1815 5757 ut
1835 5700 1899 5755 ad
1924 5693 2260 5755 successores
2289 5695 2448 5752 etiam
2481 5697 2746 5753 transiret.
2782 5693 2854 5748 lo.
