3848 6392
547 423 644 478 711

543 531 632 584 ille
659 527 920 596 quondam
947 539 1036 578 rex
1062 538 1250 593 parens
1277 535 1474 586 noster,
1493 522 1667 575 villam
1691 523 1937 589 aliquam,
1956 539 2084 576 nun-
2116 534 2164 606 ᾼ

541 627 805 685 cupatatn,
850 617 1002 668 sitam
1033 615 1083 668 in
1115 627 1247 681 pago
1288 613 1401 676 illo,
1443 628 1559 681 qua:
1589 623 1744 666 antea
1797 614 1860 666 ad
1906 615 2087 666 liseunt

538 723 691 760 suum
724 713 1021 774 aspexerat,
1042 711 1107 756 et
1131 703 1217 755 ille
1248 710 1638 786 tenuerat,.\prn
1672 700 1773 755 lide
1796 717 1889 754 tua
1921 710 2086 764 recta',

537 795 654 861 ejus
685 793 883 846 meritis
911 791 1372 858 eompellentibus,
1425 787 1720 844 cmn‘omni
1765 791 2086 858 integritate,

535 892 589 935 ct
620 883 784 951 ipsam
803 882 978 934 villam
1008 879 1348 948 aspicientem
1373 895 1466 948 per
1487 882 2086 948 suanrprxceptionem,

533 985 626 1022 sua
649 986 808 1022 manu
837 969 1162 1033 roboratam,
1193 969 1243 1020 in
1277 969 1477 1033 integra
1529 969 1838 1030 rmunitate,
1889 971 2089 1034 absque

534 1059 691 1110 ullius
721 1057 939 1109 introitu
958 1055 1194 1122 judicum
1217 1056 1282 1110 de
1302 1056 1626 1124 quibuslibet
1653 1059 1827 1112 causis
1855 1057 1920 1110 ad
1944 1057 2088 1111 freda

531 1147 866 1215 exigendum,
897 1147 1066 1199 eidem
1096 1147 1640 1224 εοειρθεςίεδρῑηυιιᾱε
1670 1156 1724 1202 et
1753 1149 1918 1214 ipsam
1949 1162 2086 1214 prte-

531 1237 831 1304 ceptiOnem
849 1236 1096 1288 antedicti
1121 1236 1395 1304 principis,
1425 1235 1577 1288 nobis
1604 1234 2086 1300 ostenditrelcgau—

530 1328 673 1390 dam,
705 1334 758 1380 et
789 1335 1136 1380 memoratam
1170 1326 1346 1378 villam
1387 1326 1453 1378 ad
1499 1339 1732 1393 praesens
1773 1327 1869 1378 sub
1901 1324 2086 1378 eodem

530 1421 690 1471 modo
713 1417 1257 1486 possidereyidetur;
1307 1415 1459 1483 petiit
1504 1424 1561 1467 ut
1591 1418 1690 1469 hoc
1731 1415 1870 1468 circa
1899 1414 2084 1467 eodem

528 1519 707 1560 nostra
729 1505 936 1573 plenius
959 1506 1174 1558 deberet
1215 1504 1506 1558 auctoritas
1546 1504 1864 1571 generaliter
1893 1501 2086 1556 contir-

529 1613 694 1649 niare.
726 1596 891 1662 Cujus
921 1588 1230 1662 petitionem
1262 1604 1613 1662 proreSpectu
1645 1595 1761 1647 lidei
1792 1610 1921 1657 sure,
1954 1595 2088 1647 sicut

524 1685 812 1751 unicuique
839 1684 905 1737 de
937 1685 1173 1737 Iidelibus
1203 1686 1416 1748 nostris,
1443 1684 1585 1753 justa
1636 1685 1957 1753 petentibus,
1989 1699 2082 1736 ne-

491 1775 788 1842 zquivimus
814 1775 1101 1842 denegare,
1131 1775 1222 1827 sed
1253 1783 1500 1842 gratante
1547 1775 1723 1828 animo
1753 1775 2082 1843 pmstitisse,

1809 413 2146 468 MARCULFI
2191 412 2484 466 \IONACIII
2913 394 2928 402 ’
3589 420 3662 476 ll!

2739 519 2958 574 CAPUT
3019 520 3155 574 XIX.

2581 616 2600 642 °
2645 607 2958 677 Pra'cepmm
2993 611 3053 661 de
3095 609 3355 662 clericum.

2257 696 2313 749 Si
2347 696 2424 749 eis
2445 697 2532 763 qui
2560 711 2618 750 se
2646 697 2711 748 ad
2739 712 2874 750 onus
2896 698 3178 752 clericatus
3224 699 3491 754 transferre
3519 702 3662 758 deliin-

2191 795 2327 846 rant,
2355 787 2618 838 licentiam
2649 801 2751 840 non
2783 800 3053 854 negamus,
3079 788 3439 840 retributorem
3458 789 3662 846 Dominum

2189 876 2381 928 exinde
2412 876 2607 928 habere
2631 876 2965 939 conlidimus,
3003 876 3124 929 Noli
3162 878 3422 945 prohibere
3445 880 3664 947 benefacere

2189 967 2231 1016 ei
2259 966 2342 1033 qui
2371 973 2551 1032 potest,
2570 965 2615 1015 si
2645 967 2808 1016 valeas
2837 975 2883 1017 et
2906 967 3014 1032 ipse
3041 965 3270 1034 benefnc.
3299 964 3384 1017 ll'e
3412 969 3465 1021 ad
3495 977 3664 1021 nostram

2191 1057 2410 1108 veniens
2441 1056 2800 1124 prmsentiam,
2848 1057 3001 1123 petiit
3038 1057 3315 1110 serenitati
3347 1066 3532 1117 nostra:,
3575 1061 3665 1112 ntci

2189 1146 2457 1199 licentiam
2483 1148 2716 1200 tribuere
2744 1147 3060 1200 deberenms
3075 1148 3306 1214 qua'iter
3333 1163 3516 1200 comam
3532 1153 3666 1218 Capitis

2188 1235 2266 1286 sui
2297 1235 2362 1286 ad
2393 1250 2526 1288 onus
2556 1235 2840 1289 clericatus
2869 1235 3135 1303 deponere
3156 1237 3398 1301 deberet,
3421 1248 3470 1290 et
3494 1242 3545 1288 Μ
3569 1241 3668 1291 basi-

2186 1323 2341 1376 licam
2368 1324 2510 1376 illam
2535 1333 2626 1377 aut
2653 1325 3029 1378 monasterium
3048 1325 3323 1380 deservire
3341 1326 3668 1390 du-beretﬂuod

2185 1427 2284 1464 nos
2311 1421 2531 1481 propter
2548 1429 2740 1468 nomen
2767 1416 2970 1468 Domini
3001 1415 3102 1470 hoc
3121 1415 3296 1469 eidem
3314 1417 3671 1482 gratantt-anium

2188 1504 2498 1570 prmstitisse
2527 1506 2856 1572 cognoscite.
2887 1503 3267 1574 Prrecipientes
3322 1520 3442 1572 ergo
3463 1506 3667 1572 jubernus.

2187 1602 2246 1645 ut
2269 1594 2312 1646 si
2336 1603 2661 1648 memoratus
2688 1597 2774 1648 ille
2803 1596 2870 1648 de
2889 1596 3067 1664 capite
3092 1612 3190 1651 suo
3209 1597 3673 1663 beneingenuusesse

2187 1683 2414 1748 videtur,
2446 1692 2500 1736 et
2532 1691 2551 1727 τ
2585 1671 2818 1752 puletico
2843 1687 3056 1753 publico
3075 1687 3312 1739 eensitus
3334 1693 3530 1746 nonest,
3549 1685 3670 1737 licen-

2191 1772 2315 1822 tiam
2349 1771 2544 1825 habeat
2579 1787 2790 1828 comam
2839 1774 3031 1842 capitis
3083 1775 3164 1828 sui
3225 1785 3512 1834 tousurare,
3547 1783 3590 1825 et
3629 1771 3672 1823 ad

451 1934 462 1942 ἢ
524 1873 579 1916 et
597 1865 939 1916 conﬁrmasse
961 1866 1287 1929 cognoscite.
1320 1863 1692 1932 Prweipientes
1721 1879 1846 1931 ergo
1869 1872 1925 1916 ut
1943 1865 2082 1917 sicut
2117 1853 2154 1908 Β
2182 1862 2919 1929 suprascriptambaSilicam,
2954 1864 3038 1916 vel
3061 1877 3248 1915 monas
3273 1861 3435 1916 erium
3449 1861 3673 1915 deservire,

521 1953 1066 2006 constatantedictam
1087 1952 1264 2004 villam
1282 1951 1444 2015 illam,
1469 1967 1586 2006 cum
1609 1953 1754 2006 omni
1778 1953 2081 2021 integritate

519 2058 635 2104 sua,
655 2043 721 2094 ab
749 2041 860 2107 ipso
886 2042 1126 2108 principe
1144 2041 1233 2095 illo
1262 2050 1559 2096 memorato
1587 2042 1660 2095 illi
1683 2041 1842 2096 fuisse
1864 2057 2081 2096 conces-

517 2145 654 2193 sam,
679 2140 731 2181 et
755 2144 872 2182 eam
889 2129 952 2180 ad
983 2144 1216 2197 praesens
1232 2131 1351 2197 jure
1377 2131 1733 2198 proprietario
1755 2130 2075 2199 possidetur,

517 2234 614 2287 per
629 2214 730 2271 hoc
745 2228 1062 2286 perceptum
1079 2217 1286 2284 plenius
1301 2219 1350 2271 in
1369 2218 1462 2272 Dei
1480 2218 1693 2272 nomine
1708 2221 2081 2271 conﬁrmatum

517 2308 753 2375 inspecta
784 2307 895 2374 ipsa
929 2309 1302 2376 przeceptione,
1337 2309 1540 2375 etipse,
1573 2317 1625 2359 et
1653 2307 1938 2376 posteritas
1968 2305 2083 2374 ejus

516 2412 635 2450 eam
663 2405 880 2450 teneant
907 2405 959 2450 et
981 2396 1311 2464 pessideant,
1341 2405 1395 2449 et
1436 2397 1520 2449 cui
1555 2394 1820 2448 voluerint
1864 2393 1929 2446 ad
1961 2407 2083 2461 pos-

515 2487 795 2541 sidendum
853 2488 1177 2554 relinquant,
1235 2487 1319 2538 vel
1363 2484 1616 2553 quidquid
1665 2483 1857 2536 exinde
1908 2481 2083 2534 facere

519 2576 882 2639 decreverint,
915 2593 978 2627 ex
1013 2585 1196 2628 nostro
1219 2576 1482 2643 permissu
1525 2575 1693 2627 libero
1745 2571 2082 2641 perfruantur

511 2669 754 2722 arbitrio.
785 2670 954 2732 Quam
987 2681 1113 2721 vero
1135 2667 1531 2730 auctoritatem,
1563 2673 1617 2718 nt
1654 2664 1856 2717 lirmior
1885 2663 2078 2717 babea-

516 2768 622 2822 tur,
657 2768 709 2810 et
731 2773 826 2826 per
850 2767 1089 2826 tempora
1107 2767 1470 2822 conservetur,
1495 2758 1881 2827 propriamanu
1897 2757 2087 2829 subtus,

514 2867 630 2904 eam
665 2849 996 2904 decrevimus
1024 2850 1300 2902 roborare.

1080 2979 1309 3034 CAPUT
1339 2979 1518 3034 XVIII.

969 3090 1048 3144 De
1065 3092 1199 3160 regis
1227 3100 1248 3124 ’ί
1282 3091 1619 3143 antrustione.

2181 1949 2264 2003 vel
2283 1965 2378 2018 pro
2390 1950 2542 2004 nubis
2557 1950 2764 2004 Domini
2785 1951 3201 2006 misericordiam
3224 1953 3471 2004 attentius
3487 1963 3674 2004 exorare.

2779 2058 3001 2113 CAPUT
3029 2058 3144 2115 XX.

2407 2145 2435 2180 e
2458 2135 2480 2172 α
2506 2127 2754 2180 divisione
2781 2128 2862 2180 ubi
2897 2131 3027 2198 regis
3058 2145 3119 2181 ac
3147 2131 3328 2182 «serit
3362 2131 3545 2181 missus.

2251 2213 2384 2268 Dum
2397 2224 2451 2270 et
2475 2217 2683 2282 divisio,
2709 2217 2792 2270 vel
2818 2219 3137 2287 exaequatio,
3177 2220 3314 2273 inter
3333 2221 3469 2271 illum
3492 2228 3539 2270 et
3555 2217 3676 2278 illum,

2183 2316 2278 2356 seu
2307 2313 2584 2358 consortes
2613 2320 2817 2370 eorum,
2848 2305 2917 2359 de
2959 2307 3114 2360 alode
3145 2307 3236 2372 lui,
3272 2316 3364 2361 aut
3384 2307 3445 2358 de
3471 2319 3580 2372 agro
3614 2306 3676 2356 illa

2183 2392 2443 2458 celebrari
2466 2393 2653 2455 debet;
2697 2403 2753 2446 et
2792 2401 3055 2461 quatenus
3081 2397 3272 2462 petitio
3313 2395 3513 2448 illorum
3539 2393 3677 2454 adluit,

2185 2493 2242 2535 ut
2267 2484 2456 2536 missus
2485 2484 2551 2537 de
2579 2485 2774 2553 palatio
2795 2493 2979 2539 nostro
3006 2485 3072 2538 ad
3099 2487 3204 2540 hoc
3232 2487 3371 2538 inter
3395 2501 3480 2538 (os
3501 2485 3678 2537 dividen-

2183 2574 2326 2639 dum,
2357 2573 2440 2626 vel
2465 2576 2846 2642 extraquaiidum
2874 2576 3128 2629 accedere
3155 2573 3679 2638 deberetJdeocoguo-

2181 2667 2314 2718 scite
2366 2666 2508 2732 quod
2553 2678 2651 2718 nos
2704 2665 2919 2718 missum
2974 2672 3215 2719 nostrum
3266 2665 3510 2718 illustrem
3557 2664 3678 2713 virum

2183 2756 2330 2808 illum
2361 2755 2430 2808 ad
2470 2755 2574 2810 hoc
2626 2756 2766 2809 inter
2816 2770 2911 2810 eos
2965 2755 3354 2825 exthuandum
3407 2755 3499 2808 visi
3537 2752 3680 2806 fuimus

2184 2843 2462 2898 direxisse.
2515 2843 2802 2914 Propterea
2834 2861 2929 2914 per
2964 2860 3197 2921 praesens
3227 2832 3550 2899 decernimus
3587 2856 3680 2909 pre-

2182 2943 2392 3000 ceptum
2425 2942 2484 2986 ut
2536 2935 2707 3002 ipsum
2742 2936 2794 2987 in
2841 2936 2946 2990 hoc
2980 2950 3076 2989 vos
3121 2935 3364 3002 recipere
3402 2934 3606 2994 l‘aciatis,
3646 2939 3680 2982 et

2182 3024 2467 3091 unicuique
2495 3040 2561 3078 ex
2595 3025 2883 3093 ipsisjuste
2916 3024 3092 3078 debita
3122 3025 3298 3092 portio
3329 3025 3626 3082 terminetur.
3647 3027 3682 3074 et

2184 3109 2210 3146 ιι
2241 3111 2444 3165 decima
2476 3112 2615 3165 illius
2643 3123 2886 3180 sumptus
2941 3112 3065 3177 litis,
3097 3112 3235 3181 quod
3279 3111 3467 3166 exinde
3513 3109 3560 3162 iu
3602 3108 3682 3162 lini

579 3207 803 3260 Rectum
829 3213 929 3269 est,
962 3205 1052 3272 qui
1082 3203 1236 3257 nobis
1279 3203 1432 3256 Iidem
1465 3202 1781 3272 pollitentur
1831 3202 2070 3264 illaasam,
2103 3179 2150 3240 (ἶ
2180 3199 2500 3261 ίΙξιίιιιιίιιυε,
2537 3210 2642 3253 tam
2688 3179 2775 3255 de,
2797 3209 2937 3254 terra
2970 3240 2986 3267 ,
3042 3179 3238 3272 vineis,
3291 3199 3586 3268 mancipils,
3628 3198 3683 3250 rtl

509 3308 696 3351 nostro
717 3305 964 3350 tueantur
989 3295 1210 3348 auxilio.
1243 3293 1306 3346 Et
1327 3296 1450 3362 quia
1479 3293 1567 3346 ille
1597 3293 1784 3354 lidelis,
1821 3295 1939 3346 Deo.
1953 3307 2074 3360 pro-

507 3389 661 3459 pitio,
697 3395 897 3451 noster,
942 3388 1159 3439 veniens
1216 3383 1310 3449 ibi,
1353 3385 1405 3460 in
1456 3383 1655 3452 palatio
1708 3391 1910 3445 nostro,
1973 3396 2075 3434 una

508 3495 628 3532 cum
666 3479 688 3514 ιι
724 3476 982 3530 atitnania
1007 3491 1103 3528 sua
1136 3476 1186 3526 in
1220 3487 1238 3510 υ
1272 3490 1433 3527 manu
1461 3481 1647 3526 nostra
1681 3479 1902 3525 trustem
1934 3483 1985 3524 et
2015 3471 2077 3522 li-

507 3568 787 3621 delitatem
821 3568 974 3620 nobis
1002 3569 1145 3618 visus
1173 3576 1252 3618 est
1280 3565 1610 3631 ctnijurasse,
1645 3574 1930 3632 pr0pterea
1981 3577 2077 3630 per

505 3670 741 3725 prtcsens
798 3664 1125 3723 prmeeptum
1177 3654 1512 3706 decernimus
1563 3666 1625 3705 ac
1701 3651 1950 3719 jubemus
2020 3658 2077 3703 ut

507 3749 766 3816 deinceps
803 3755 1126 3799 memoratus
1174 3746 1262 3798 ille
1308 3746 1360 3798 in
1410 3759 1634 3798 numero
1681 3753 2072 3796 antrustionum

504 3846 862 3904 computetur.
897 3835 958 3888 Et
985 3853 1023 3888 s.
1049 3836 1168 3903 quis
1199 3834 1425 3888 fortasse
1451 3850 1571 3912 curn
1605 3835 1905 3887 interlieere
1937 3849 2073 3902 pne-

505 3928 815 3995 sumpserit,
849 3929 1058 3979 noverit
1096 3941 1155 3978 se
1184 3931 1206 3962 ιε
1257 3926 1498 3994 \virgildo
1534 3940 1634 3978 sao
1682 3925 1783 3978 sol.
1820 3941 1901 3977 cc.
1957 3939 2076 3978 (βεδε

505 4020 828 4088 culpabilem
856 4017 1148 4085 judicetur.
1176 4082 1181 4089 _

577 4332 599 4358 ⁸³
635 4323 708 4375 Ex
741 4322 836 4374 hac
869 4320 1090 4373 formula
1116 4330 1336 4388 apparet
1387 4308 1891 4388 lnttrnslionemdici
1916 4316 2075 4369 Tule-

504 4394 608 4447 lem
641 4396 798 4459 regis,
845 4392 932 4458 qui
987 4406 1046 4444 se
1100 4387 1252 4441 Intcm
1301 4392 1348 4441 ei
1394 4397 1728 4442 servaturum
1764 4387 2072 4459 juramentn

504 4457 809 4531 spopondit,
835 4457 974 4531 quod
1006 4470 1059 4513 et
1104 4473 1294 4531 nomen
1331 4459 1542 4511 indit-at.
1576 4459 1755 4510 Fidem
1780 4457 1922 4531 enim
1951 4466 2070 4531 (rete

2179 3290 2535 3358 undecunque
2556 3305 2614 3345 re
2631 3291 2874 3355 debetur,
2906 3292 3019 3361 ipse
3035 3267 3114 3345 vir
3130 3291 3217 3345 ille
3241 3291 3438 3345 habeat
3545 3297 3682 3342 mitra

2180 3378 2506 3446 indulgentia
2539 3395 2876 3444 concessum,
2933 3383 3015 3434 vel
3045 3382 3302 3450 quidquid
3333 3381 3519 3436 exinde
3552 3381 3685 3434 facere

2178 3469 2408 3522 voluerit
2436 3469 2656 3522 liberam
2687 3471 2882 3524 habeat
2911 3478 3252 3540 potestatem.

2756 3581 2984 3636 CAPUT
3028 3582 3161 3636 ΧΧΙ.

2523 3652 2599 3706 De
2639 3655 2804 3706 causis
2827 3655 3036 3706 alterius
3067 3654 3393 3721 recipiendis.

2250 3742 2442 3798 Fidelis
2471 3743 2580 3797 Deo
2603 3744 2833 3812 propitio
2865 3745 2975 3811 ille,
3006 3747 3069 3799 ad
3099 3756 3334 3801 nostram
3373 3745 3571 3800 veniens
3590 3757 3688 3814 pra-

2177 3844 2425 3897 senttam,
2455 3835 2714 3900 suggessit
2742 3836 2918 3897 nobis,
2946 3850 3012 3888 eo
3034 3839 3196 3902 quod,
3245 3849 3466 3906 pronter
3487 3834 3686 3906 simplici-

2181 3935 2341 3977 tatem
2368 3939 2540 3986 suarn,
2565 3940 2750 3978 causas
2771 3941 2892 3978 suas
2915 3926 3132 3979 minime
3161 3929 3331 3994 possit
3363 3925 3608 3996 prosequi,
3629 3923 3688 3976 vel

2178 4015 2489 4079 adtnallare,
2524 4016 2536 4063 l
2576 4031 2605 4069 c
2629 4017 2872 4068 ezncntiu:
2916 4016 3063 4084 regni
3097 4018 3264 4071 nostri
3319 4019 3495 4087 petiit,
3523 4027 3573 4069 It
3599 4015 3688 4068 illl-

2177 4106 2303 4159 stt'is
2329 4106 2405 4156 \‘ir
2439 4106 2525 4158 ille
2557 4123 2743 4161 omnes
2796 4124 2988 4162 causas
3019 4126 3143 4166 suas
3171 4112 3224 4163 in
3255 4113 3376 4166 vice
3419 4113 3589 4180 ipsius,
3609 4119 3687 4163 IIII

2097 4253 2102 4260 _
2181 4195 2228 4245 iu
2256 4208 2413 4261 pago,
2441 4211 2597 4263 quant
2626 4199 2677 4248 in
2702 4197 2898 4264 palatio
2922 4210 3125 4264 nostro,
3149 4201 3687 4271 adtnallandumpme-

2179 4327 2369 4400 factum
2399 4337 2481 4400 est
2509 4329 2791 4392 Ga-licum,
2814 4334 3032 4400 paulier.
3572 4337 3595 4356 ⁹

2219 4466 2225 4472 ⁸
2251 4395 2532 4474 ὕ-ῌυιιιίιὶῳ
2561 4395 2881 4474 erciseundc
2906 4403 3351 4474 judiciil‘ormula
3393 4414 3494 4470 est,
3513 4415 3688 4474 quem

2177 4465 2471 4543 dividendae
2501 4471 2822 4550 Incredibilis
2860 4465 3021 4550 causa
3050 4473 3118 4526 ad
3146 4465 3690 4550 petitionem-partial

507 4524 902 4604 lt'od'ierquoque
931 4529 1180 4604 Germani
1227 4536 1438 4590 vocant,
1468 4538 1522 4580 ut
1568 4537 1622 4580 et
1652 4529 1808 4604 apud.
1849 4527 2066 4579 Aventi-
2101 4524 2145 4579 Ι)
2173 4537 2387 4587 missum
2417 4553 2570 4590 suum
2599 4539 2824 4604 delegat.

507 4618 651 4661 num,
678 4603 728 4651 in
753 4598 1043 4658 Glussario,
1063 4596 1195 4649 'drou
1212 4606 1265 4648 et
1284 4604 1573 4663 draw,qua:
1601 4597 1810 4650 nonnisi
1835 4611 2064 4664 pronun-

507 4673 726 4723 tiatione
765 4671 1026 4720 dizlernnt.
1062 4670 1206 4720 lites.

577 4741 600 4775 ι·
626 4738 909 4798 Arimmtia,
938 4737 985 4789 id
1033 4746 1135 4802 est,
1165 4735 1391 4795 familia,
1423 4734 1545 4787 inde
1573 4736 1784 4802 meguie.
1832 4734 1972 4788 Sane
2001 4748 2066 4793 eo

502 4811 718 4862 nomine
744 4822 1015 4859 servorum
1050 4822 1140 4858 seu
1160 4807 1470 4858 colons-rum
1501 4819 1732 4872 spectem
1760 4803 2062 4872 signilicari,

504 4880 681 4931 multis
712 4892 774 4929 ex
809 4878 1171 4928 instrumentis
1199 4891 1317 4926 man
1345 4874 1557 4926 fastum.
1594 4873 1666 4926 lo.

577 4959 597 4985 ε
634 4948 868 4998 Manibus
897 4942 1032 4997 datis
1065 4959 1211 4996 more
1258 4944 1510 4998 Francico
1538 4945 1760 5001 ﬁdelitas
1785 4945 2056 5016 promitte-
2097 4955 2100 4959 ’

500 5019 677 5072 batur.
711 5016 782 5068 lu.
890 5059 894 5062 .

572 5089 598 5121 ιι
625 5084 910 5153 Wirgildus
955 5094 1062 5137 tum
1098 5086 1383 5138 vocabatur
1427 5086 1650 5150 pecunia
1693 5100 1809 5154 qua:
1839 5102 1934 5154 pro
1965 5087 2065 5138 bo-

503 5156 718 5225 micidio
741 5168 829 5208 aut
858 5156 960 5207 alio
989 5157 1182 5207 delicto
1238 5156 1471 5207 det'unctt
1519 5156 1819 5211 l'ianediuus
1864 5167 1917 5209 et
1948 5171 2068 5225 pro—

504 5224 717 5296 pinquis
746 5226 1047 5277 solvebatur
1073 5241 1086 5275 :
1116 5225 1318 5278 lrcdum
1360 5239 1484 5296 vero
1512 5226 1762 5293 quidquid
1792 5241 1858 5278 ex
1879 5224 2068 5279 eadem

502 5293 661 5353 causa
696 5297 851 5347 liscus
877 5295 1137 5361 capiebat.
1190 5302 1318 5347 nam
1349 5293 1485 5361 apud
1517 5297 1810 5348 Germanos
1861 5309 2068 5349 veteres

502 5375 647 5422 certa
680 5364 916 5433 pecunia:
960 5379 1164 5417 summa
1195 5363 1387 5416 delicta
1436 5365 1864 5431 mstimabantur,
1894 5379 2067 5434 neque

495 5436 843 5492 .bulnicidimn
876 5442 1044 5484 morte
1075 5436 1142 5485 lui
1187 5437 1267 5488 lex
1296 5443 1429 5487 erat.
1467 5434 1537 5485 In.

581 5516 605 5543 υ
641 5505 965 5572 Praeceptum
983 5507 1047 5554 de
1064 5504 1316 5567 clericatu
1344 5505 1427 5556 hic
1448 5503 1642 5574 dicitur
1661 5505 1798 5570 regis
1821 5505 2064 5574 epistola,
2090 5557 2094 5561 .

505 5590 606 5644 qua
637 5575 905 5628 licentiam
939 5573 1091 5626 alicui
1135 5575 1380 5627 concedit
1411 5581 1466 5626 ut
1486 5573 1710 5629 clericus
1734 5573 2062 5644 Iieri’possit.

506 5641 635 5696 Nam
653 5649 850 5711 absque
879 5644 1130 5712 principis
1157 5658 1417 5697 consensu
1447 5644 1673 5698 clericos
1701 5641 2066 5700 ordinm-imos

508 5729 610 5765 non
634 5723 767 5766 erat.
804 5713 946 5766 BIUN.

584 5782 600 5820 ί
647 5785 821 5836 Daluz.
855 5785 1121 5852 poleptico.
1154 5781 1405 5851 Pitlucus,
1434 5784 1706 5854 polyptico.
1735 5784 1810 5840 Ex
1845 5787 2064 5855 pulclico

2243 4605 2268 4638 ει
2294 4605 2569 4659 Sententia
2599 4617 2699 4670 est,
2733 4622 2908 4674 regem
2949 4611 3214 4667 decimam
3245 4615 3394 4670 illius
3433 4613 3554 4678 litis,
3577 4623 3690 4668 ειη·

2170 4683 2350 4752 ptuutn
2380 4692 2485 4752 seu
2508 4692 2858 4752 expensarutn
2886 4684 3108 4752 nomine
3141 4684 3268 4737 lisco
3295 4702 3399 4739 suo
3424 4692 3690 4752 quam

2167 4745 2232 4796 de
2259 4758 2417 4797 causa
2458 4745 2714 4810 debitum,
2741 4747 2897 4801 alicui
2926 4754 3128 4806 donare
3153 4765 3205 4806 et
3231 4745 3546 4808 colicedere.
3571 4745 3690 4804 Deti-

2169 4828 2305 4890 n:an_i
2339 4814 2496 4890 igitur
2520 4815 2624 4890 litis
2645 4818 2783 4884 apud
2817 4816 3050 4890 Francos
3090 4833 3362 4890 receptam
3411 4821 3568 4875 fuisse

2167 4881 2257 4958 bat
2287 4883 2396 4961 lucc
2424 4881 3146 4961 l'ormula,'qute_aRomanis
3175 4881 3403 4961 accepta
3429 4891 3484 4961 in

2168 4952 2404 5026 invaluit,
2436 4961 2505 5026 ut
2526 4969 2628 5006 non
2656 4947 2773 5007 alia:
2818 4957 2988 5010 litium
3019 4974 3268 5026 expensa:
3295 4947 3480 5016 multis

2167 5025 2218 5101 in
2255 5037 2348 5073 usu
2378 5024 2788 5101 Iuerintprgnter
2816 5024 3178 5101 deciritatirrei
3204 5031 3255 5083 in
3286 5031 3544 5101 judicium
3563 5024 3690 5101 μ’
3735 5033 3740 5098 Ῐ

2166 5093 2758 5213 l(ibe,etlpecuniariatn
2808 5095 3233 5169 multam,quam
3283 5093 3692 5162 cum”
3735 5095 3738 5098 ’

2203 5171 2311 5213 ant.
2388 5179 2434 5213 υ.
3243 5171 3256 5186 ¹

2203 5171 2311 5213 ant.
2361 5171 2434 5214 lu.
3243 5171 3256 5186 '

2242 5230 2256 5267 ί
2301 5231 2667 5284 Vetustissimo
2699 5233 2938 5310 Romano
2989 5238 3109 5304 jure
3135 5255 3243 5292 non
3272 5229 3690 5310 licebatqup-
3729 5269 3732 5274 -

2167 5309 2467 5380 curatOient
2494 5315 2650 5367 agerc
2677 5319 2689 5352 :
2721 5305 2811 5356 sed
2844 5303 3030 5374 postea
3057 5318 3332 5376 receptum
3364 5319 3453 5364 est

2165 5383 2268 5450 que
2291 5371 2466 5423 causis
2516 5386 2632 5450 per“
2660 5371 3040 5450 procuratores
3093 5371 3255 5450 etiam
3295 5371 3692 5450 experiri:
3729 5377 3740 5416 -ί

2168 5437 2400 5520 Francos
2435 5437 2561 5520 vero
2582 5437 2711 5520 illud
2735 5460 2839 5496 non
2864 5447 3075 5520 licuisse
3093 5449 3225 5501 citra
3253 5437 3514 5520 prin-cili“

2168 5518 2336 5588 ptum.
2361 5511 2520 5564 docet
2548 5510 2936 5588 bazcnlormula,
2962 5533 3062 5582 qua
3087 5509 3406 5574 conceditur
3425 5509 3480 5574 iu

2164 5580 2254 5658 qui
2280 5589 2498 5648 propter
2519 5581 2913 5658 simplicitatem
2965 5580 3123 5641 rebus
3166 5591 3281 5658 suis

2168 5657 2360 5723 potest,
2388 5664 2486 5723 per
2515 5651 2738 5723 alterum
2771 5655 2938 5720 possit
2965 5670 3140 5723 agere.
3173 5657 3250 5712 ιυ.
3393 5651 3416 5658 “
3515 5657 3552 5723 ί
3581 5699 3606 5720 ε,

2240 5719 2253 5764 i
2295 5715 2487 5772 Eadem
2519 5722 2727 5773 ratione
2771 5715 2829 5773 et
2857 5715 3202 5781 ecclesiarum
3227 5725 3484 5786 advocati

2167 5787 2403 5845 Icnsores
2432 5804 2460 5841 a
2489 5791 2726 5859 principe
2749 5793 3084 5861 petebantur.
3117 5795 3192 5852 ιυ.
