3848 6378
129 454 219 510 il?)

129 656 454 708 listucameas
476 653 648 707 eidem
663 653 809 706 visus
830 661 912 705 est
928 648 1351 703 commendasse.
1376 643 1667 711 Propterea

121 746 353 812 iubemus
370 754 428 799 ut
448 744 572 799 dum
602 745 783 797 taliter
813 743 1091 808 utriusque
1119 739 1359 794 decrevit
1400 737 1665 798 voluntas,

126 842 433 889 memoratus
457 833 546 887 ille
574 834 657 886 vir
694 846 883 886 omnes
927 844 1117 884 causas
1148 838 1173 865 ι
1218 827 1312 892 lui,
1361 825 1669 892 ubicunque

129 924 359 991 prosequi
382 923 467 976 vel
516 921 807 975 admallare
856 919 1094 981 deberet,
1128 927 1186 972 ut
1240 915 1523 983 unicuique
1571 927 1672 983 pro

130 1013 255 1077 ipso),
284 1012 366 1065 vel
394 1010 695 1065 hominibus
720 1009 851 1073 suis,
883 1008 1143 1075 reputatis
1171 1004 1583 1066 conditionibus,
1618 1012 1674 1055 et

131 1098 153 1134 δ
176 1098 422 1151 directum
463 1096 642 1161 faciat,
667 1106 722 1149 et
761 1098 828 1149 ab
877 1094 996 1147 aliis
1026 1094 1048 1122 ε
1079 1093 1321 1149 similiter
1350 1092 1401 1145 in
1450 1082 1675 1145 veritate

131 1188 362 1253 recipiat.
404 1186 493 1239 Sic
522 1194 701 1240 tamen
728 1185 965 1255 quandiu
998 1185 1274 1238 amborum
1300 1180 1539 1236 decrevit
1584 1193 1675 1234 vo-

130 1275 315 1329 luutas.

655 1361 917 1418 CAPUT
972 1362 1136 1417 XXII.

506 1492 533 1533 ἀ
574 1494 890 1563 Ρτωεεριαηι
925 1492 1206 1547 denariale.

196 1603 261 1657 Et
281 1603 405 1670 quia
443 1603 797 1671 apostolicus,
830 1612 923 1656 aut
960 1602 1178 1656 illustris
1222 1602 1301 1655 vir
1340 1600 1430 1656 ille
1466 1613 1678 1654 servum

127 1707 275 1747 suum
330 1691 542 1745 nomine
586 1692 766 1759 illum,
805 1706 899 1760 per
929 1706 1147 1744 manum
1188 1690 1329 1744 illius
1350 1689 1417 1743 ad
1442 1698 1680 1743 nostram

132 1778 463 1847 praasentiam
488 1780 510 1807 °
527 1777 763 1847 jactante
789 1778 1010 1832 denario
1029 1776 1317 1832 secundum
1342 1778 1510 1844 legem
1548 1774 1564 1813 τ
1589 1775 1684 1830 Sa-

1373 441 1742 497 ιὀιιιιυιιε.
1790 467 1855 478 -—
1897 434 2023 488 LIB.
2066 433 2105 486 l.

126 563 478 633 miendumque
500 563 744 633 recipere
770 561 1010 623 deberet,
1039 556 1182 626 quod
1211 557 1263 610 in
1294 553 1539 623 praesenti
1564 567 1658 621 per
1688 556 1733 610 Λ

3225 418 3328 473 ἰιι

2323 539 2543 593 CAPUT
2588 538 2763 593 XXIV.

1908 635 2097 686 Charta
2129 629 2190 680 de
2222 627 2242 683 ι
2271 627 2624 680 thdcburde
2664 628 2796 695 regis
2825 633 2871 677 et
2909 618 3176 689 principis.

1844 721 2062 775 Rectum
2107 725 2189 771 est
2218 723 2274 768 ut
2338 715 2529 783 regalis
2582 724 2819 783 potestas
2863 710 3003 764 illius
3049 708 3330 762 tuitionem

1732 811 2060 879 -imperttat,
2090 819 2314 875 quorum
2370 803 2661 857 necessitas
2712 800 3108 879 comprobatur.
3164 795 3329 863 Igitur

1772 904 2060 969 cognoscat
2088 894 2390 964 magnitudo
2442 908 2535 945 seu
2566 892 2765 945 utilitas
2814 898 3011 954 vestra,
3041 887 3183 954 quod
3230 901 3333 938 nos

1773 989 2141 1059 apostolicum,
2171 994 2226 1039 et
2247 983 2603 1037 venerabilem
2654 981 2801 1034 illum
2849 980 3155 1049 episcopum
3188 1018 3203 1037 ,
3249 985 3340 1027 aut

1773 1081 2019 1135 abbate'm
2049 1079 2316 1139 Ecclesize,
2345 1076 2428 1129 vel
2460 1074 2808 1139 monasterii,
2857 1073 2909 1125 in
2957 1072 3163 1125 honore
3204 1068 3341 1122 illius

1774 1171 1945 1225 sancti
1974 1169 2288 1233 constructi,
2312 1181 2432 1220 cum
2464 1164 2709 1218 omnibus
2740 1180 2763 1216 r
2804 1178 2897 1215 ..ωε
2926 1163 3010 1216 vel
3039 1158 3340 1215 hominibus

1775 1265 1867 1311 aut
1894 1256 2145 1324 gasindis,
2172 1255 2255 1308 vel
2278 1254 2482 1317 amicis,
2514 1267 2607 1305 seu
2650 1250 3001 1315 undecunque
3053 1250 3169 1317 ipse
3207 1248 3341 1313 legi-

1704 1404 1709 1417 .
1779 1347 1908 1400 timo
1927 1344 2119 1398 redibit
2145 1344 2335 1405 mittio,
2362 1343 2515 1411 juxta
2545 1342 2662 1409 ejus
2700 1342 3009 1409 petitionem
3042 1378 3059 1405 ,
3119 1347 3340 1407 propter

1779 1435 2039 1489 malorum
2068 1422 2341 1487 hominum
2374 1434 2462 1485 illii
2483 1442 2578 1485 itas
2636 1432 2999 1486 iniestationes
3021 1472 3035 1494 ,
3087 1432 3187 1484 sub
3215 1444 3335 1483 ser-

1780 1538 1992 1578 monem
2031 1522 2269 1577 tuitionis
2291 1531 2484 1577 nostra:
2510 1524 2606 1575 visi
2636 1522 2828 1576 fuimus
2847 1522 3128 1588 recepisse,
3164 1528 3221 1573 ut
3241 1521 3341 1572 sub

1782 1613 2140 1669 Mundeburde
2169 1616 2251 1668 vel
2282 1614 2592 1667 defensione
2632 1613 2851 1665 illustris
2876 1613 2971 1666 viri
3001 1611 3141 1665 illius
3170 1609 3342 1676 majo-

1780 1705 1856 1764 ris
1885 1706 2075 1758 domus
2107 1704 2294 1765 nostri,
2328 1717 2449 1757 cum
2506 1701 2752 1754 omnibus
2780 1701 2939 1754 rebus
2964 1700 3197 1769 praél'a'ae
3244 1698 3346 1752 Ec-

1784 1793 1957 1849 clesia:
1986 1801 2077 1846 aut
2105 1792 2433 1856 monasterii,
2461 1791 2673 1857 quietus
2716 1790 2908 1842 debeat
2958 1789 3194 1842 residere
3217 1828 3231 1851 .
3292 1797 3346 1841 et

133 1870 283 1922 licam
310 1868 509 1937 dimisit
534 1868 839 1932 ingenuum,
889 1865 1003 1933 ejus
1029 1880 1243 1936 quoque
1288 1865 1677 1920 absolutionem

1811 1884 1877 1935 ub
1909 1870 2021 1950 ipso
2052 1882 2165 1935 viro
2187 1882 2298 1945 illo,
2325 1880 2539 1933 illustris
2568 1879 2645 1931 vir
2670 1878 2777 1941 ille,
2808 1891 2992 1931 causas
3018 1877 3181 1943 ipsius
3209 1891 3344 1943 pon-

130 1971 222 2025 per
249 1966 561 2024 pnesentem
590 1956 960 2011 auctoritatem
988 1957 1286 2019 ﬁrmamus;
1314 1955 1683 2025 praecipientes

130 2050 264 2101 cnim
294 2056 352 2101 ut
376 2048 511 2102 sicut
549 2056 604 2100 et
631 2046 819 2115 reliqui
852 2053 876 2091 ε
903 2049 1208 2113 mansoarii,
1239 2048 1333 2115 qui
1386 2060 1481 2115 per
1525 2056 1553 2093 ιν
1588 2054 1683 2099 em

136 2139 343 2191 titulum
372 2154 402 2191 a
452 2139 581 2208 jugo
628 2138 903 2193 servitutis
948 2139 1002 2192 in
1051 2138 1335 2207 prementia
1386 2137 1683 2205 principum

131 2237 421 2280 noscuntur
446 2240 565 2281 esse
594 2224 819 2279 relaxati
848 2225 1081 2291 ingenui,
1137 2224 1210 2277 ita
1239 2233 1293 2278 et
1318 2237 1350 2277 a
1384 2223 1546 2277 modo
1573 2237 1685 2277 me-

130 2327 366 2370 moratus
392 2318 479 2370 ille
497 2331 592 2384 per
616 2300 855 2370 nostrum
885 2323 1207 2384 praeceptum
1245 2314 1458 2383 plenius
1483 2314 1538 2368 in
1591 2314 1685 2368 Dei

130 2421 340 2458 nomine
368 2405 737 2458 conﬁrmatum
767 2404 915 2459 nullo
948 2394 1299 2473 inquietatite,
1334 2403 1685 2472 perennisque

128 2496 478 2565 temporibus,
508 2510 626 2549 cum
660 2496 751 2550 Dei
781 2504 835 2550 et
864 2504 1045 2550 nostra
1086 2494 1255 2564 gratia
1282 2495 1454 2549 valeat
1477 2509 1684 2568 perma-

134 2602 259 2639 nere
285 2587 421 2640 bene
446 2586 708 2651 ingenuus
736 2594 899 2652 atque
912 2598 1150 2645 securus.

690 2714 916 2771 CAPUT
946 2715 1125 2771 XXIII.

492 2828 680 2881 Charta
708 2824 733 2862 δ
773 2828 836 2881 de
881 2844 1037 2882 causa
1065 2844 1330 2897 suspensa.

194 2920 834 3005 Cognoscatmaguitudo
860 2954 955 2994 seu
1000 2939 1201 2994 utilitas
1243 2950 1442 3005 vestra,
1484 2940 1610 2995 dum
1636 2952 1691 2995 et

135 3044 237 3083 nos
265 3027 333 3082 ad
380 3042 612 3099 praesens
654 3028 1007 3098 apostolicum
1058 3029 1261 3111 virum,
1305 3038 1399 3084 aut
1435 3030 1689 3085 illustrem

133 3121 306 3172 virum
337 3132 435 3186 pro
479 3116 676 3171 nostris
704 3117 1040 3185 utilitatibus,
1077 3116 1149 3172 ibi
1177 3117 1453 3173 ambulare
1485 3134 1689 3187 prmce-

131 3208 337 3275 timus,
385 3206 503 3260 ideo
543 3205 791 3273 iubemus
830 3196 890 3258 ut
939 3206 1064 3260 dum
1109 3205 1215 3267 illis
1252 3208 1490 3275 partibus
1533 3207 1695 3261 fuerit
1723 3204 1767 3263 C

131 3298 466 3361 demoratus,
489 3309 676 3349 omnes
688 3308 860 3349 causa:
874 3308 1003 3358 sum,
1026 3309 1352 3363 suorumque
1380 3295 1690 3358 amicorum,

131 3393 232 3438 aut
282 3383 301 3421 ι
354 3384 717 3451 gasindorum,
768 3398 864 3439 seu
911 3384 1261 3454 undecunque
1308 3385 1406 3453 ipsi
1460 3384 1693 3452 legitimo

129 3473 542 3541 redibitmittio,
558 3473 611 3553 in
625 3487 883 3542 suspenso
897 3473 1130 3528 debeant
1139 3473 1392 3528 residere.
1408 3454 1695 3543 Propterea

131 3578 235 3631 per
264 3576 503 3631 presens
524 3561 863 3617 decernimus
891 3576 954 3615 ac
993 3561 1242 3630 jubemus
1270 3572 1608 3631 praeceptum,
1642 3572 1699 3616 ut

130 3652 357 3705 interim
406 3649 549 3718 quod
596 3648 665 3703 de
706 3648 810 3702 illis
856 3650 1097 3718 partibus
1148 3652 1455 3713 revertitur,
1513 3666 1699 3704 omnes

128 3754 319 3792 eam
344 3738 483 3806 ejus,
514 3746 606 3790 aut
631 3737 926 3791 amicorum
950 3753 1187 3803 suorum,
1225 3749 1331 3792 tam
1372 3737 1583 3793 illorum
1609 3740 1697 3807 qui

130 3844 264 3882 cum
305 3829 402 3883 illo
427 3838 672 3898 pergunt,
700 3844 859 3898 quam
881 3830 972 3899 qui
999 3828 1064 3883 ad
1094 3830 1308 3900 propria
1336 3844 1519 3884 eorum
1564 3831 1667 3884 resi
1694 3860 1697 3863 -

129 3921 294 3985 dent,
327 3920 417 3975 vel
450 3921 801 4005 undecunque
835 3911 949 3991 ipse
990 3921 1225 3989 legitimo
1261 3920 1454 3978 redibit
1506 3921 1698 3984 mittio,

128 4012 186 4064 in
210 4025 481 4081 suspenso
508 4011 797 4077 resideant,
828 4020 882 4064 et
909 4019 1090 4079 postea
1117 4011 1403 4077 unicuique
1450 4026 1547 4079 pro
1577 4011 1704 4079 ipsis

125 4099 200 4152 de
224 4098 495 4166 reputatis
525 4098 937 4161 conditionibus,
961 4107 1017 4153 et
1042 4098 1295 4163 iustitiam
1329 4098 1533 4163 reddat,
1565 4108 1618 4153 et
1639 4098 1704 4152 ab

127 4189 261 4243 aliis
477 4187 635 4242 modo
658 4192 671 4237 l
701 4188 943 4257 recipiat.

209 4382 239 4410 ⁸
272 4378 375 4434 Lm
401 4389 649 4449 corrupte
675 4396 772 4450 pro
800 4381 934 4435 illius
956 4377 1173 4450 inﬁnitis
1196 4389 1321 4434 locis
1350 4384 1598 4443 «ιω-αντη,
1630 4396 1706 4433 tn-

129 4452 319 4516 deque
348 4449 722 4505 dictionostra
754 4451 845 4514 lui,
870 4449 1060 4503 eodem
1082 4464 1301 4503 omnino
1329 4464 1488 4503 sensu
1520 4467 1533 4501 :
1563 4450 1705 4517 quod

128 4519 311 4575 sense!
340 4526 626 4574 adnotasse
665 4517 912 4575 suﬂlciat.
947 4522 1092 4573 BIGN.

211 4588 240 4625 δ
278 4586 560 4641 Dircam.
588 4589 784 4651 Nostri,
810 4590 963 4641 droit.
1015 4589 1101 4640 lo.‘

212 4658 239 4736 ξ
274 4654 717 4736 μηὰεηιξτοις.-θι
749 4657 952 4736 Baluz.,
978 4656 1133 4736 simili
1160 4655 1308 4735 modo
1329 4657 1608 4722 veritatem.

209 4724 242 4779 4
277 4723 623 4779 Dlanumissio
645 4724 759 4777 bzrc
785 4732 869 4775 est
884 4738 978 4792 per
996 4723 1267 4776 denarium
1290 4736 1547 4792 praesente
1586 4739 1711 4790 rege

133 4796 306 4849 facta.
343 4793 521 4846 Multis
548 4792 745 4861 quippe
774 4791 945 4844 modis
971 4792 1105 4859 apud
1127 4791 1331 4846 veteres
1352 4791 1587 4861 Francos
1604 4808 1709 4845 ma-

131 4862 415 4918 numissio
441 4859 759 4931 procedebat
783 4875 797 4912 :
829 4868 921 4931 aut
941 4870 1265 4931 antegregem
1290 4875 1384 4931 per
1412 4859 1709 4931 denarium,

128 4933 307 4999 Cujus
334 4932 424 4985 hic
442 4928 622 4985 editur
671 4928 919 4999 fortnula.
950 4937 1043 4982 aut
1068 4929 1120 4982 in
1147 4929 1371 4983 ecclesia
1423 4943 1519 4998 per
1558 4930 1711 4983 char-

131 4997 256 5053 tain
283 5015 380 5054 seu
420 5001 667 5062 tabulam,
700 5007 794 5052 aut
815 4997 975 5052 etiam
1003 5010 1101 5065 per
1118 4998 1396 5066 epistolam
1426 4999 1710 5065 privatam,

129 5083 378 5135 quarum
401 5067 649 5121 formulas
674 5069 763 5122 lib.
790 5082 825 5120 ll
854 5074 908 5119 et
926 5066 1086 5135 inter
1122 5076 1331 5135 veteres
1376 5067 1507 5120 alias
1533 5067 1715 5121 videte

132 5132 248 5190 est.
266 5147 271 5151 ‘
292 5136 420 5189 Inde
442 5136 751 5190 liberorum
771 5136 863 5189 alii
904 5132 1223 5197 denariales,
1254 5134 1343 5187 alii
1365 5136 1670 5189 cbartularii
1697 5176 1713 5201 ,

132 5220 244 5261 seu
273 5204 539 5257 tabularii.
568 5204 718 5257 iitum.

218 5284 246 5310 ι’
279 5272 540 5333 lactante,
570 5287 667 5340 pro
704 5272 923 5341 iactato.
952 5270 1114 5339 igitur
1140 5270 1508 5341 excutiebatur
1558 5286 1713 5341 numg

133 5358 271 5395 mus
300 5344 369 5395 de
399 5355 558 5393 manu
579 5339 751 5408 ipsius
768 5343 917 5409 servi
947 5341 1037 5409 qui
1062 5339 1571 5409 manumittebatur;
1624 5340 1715 5409 qui

138 5426 408 5481 nummus
430 5410 510 5476 ve!
536 5416 821 5481 argenteus
842 5408 924 5460 vel
950 5408 1143 5462 aureus
1162 5420 1299 5476 erat,
1328 5408 1473 5463 nullo
1502 5408 1717 5481 prorsus

146 5480 489 5532 discrimine.
535 5476 606 5529 lo.
654 5542 661 5543 ί
1174 5538 1181 5543 μ

220 5546 242 5583 ί
284 5547 419 5601 Vide
442 5548 612 5614 legem
640 5542 1099 5614 Sal.,tit..xxvtu.
1127 5542 1229 5613 leg.
1262 5546 1315 5600 2.

213 5622 241 5661 ε
280 5613 590 5678 Μειιεοάτίἰ,
623 5628 719 5666 seu
748 5613 1055 5677 mansuarii,
1091 5615 1177 5667 hic
1199 5614 1463 5682 dicuntur
1488 5616 1576 5682 qui
1608 5614 1723 5669 aliis

132 5690 454 5757 ntattentes,
470 5682 582 5733 sive
609 5689 1004 5757 comtnatteutcs
1019 5698 1040 5757 ;_
1060 5692 1129 5757 et.
1141 5681 1319 5757 villici,
1334 5681 1625 5757 παραμονᾲρ
1637 5706 1719 5749 ιοι,

132 5754 342 5816 mansi,
374 5764 471 5803 seu
508 5750 779 5813 mansarii,
809 5755 986 5805 cotoni
1011 5750 1258 5818 denique.
1292 5754 1365 5804 lo.
1410 5749 1420 5757 ’
1477 5749 1486 5754 ’
1576 5749 1585 5761 ‘

438 5864 681 5921 Parnm
698 5901 711 5914 .
764 5861 1171 5924 LXXXVII..

1790 1973 1963 2037 titicis,
1996 1980 2087 2026 aut
2112 1971 2340 2035 abbatis,
2370 1972 2452 2023 vel
2482 1969 2718 2024 ecclesiae
2744 1976 2836 2021 aut
2889 1966 3199 2021 monasterii
3220 2003 3235 2025 ,
3261 1965 3346 2017 vel

1786 2067 1875 2133 qui
1902 2079 1996 2134 per
2018 2080 2139 2119 eum
2170 2078 2387 2131 sperare
2435 2061 2699 2122 ridentur,
2725 2060 2808 2112 vel
2838 2058 3187 2125 undecunque
3218 2056 3347 2123 legi-

1789 2164 1918 2208 timo
1940 2151 2166 2206 reddibit
2191 2151 2381 2213 mittio,
2416 2156 2620 2201 tantum
2648 2149 2697 2200 in
2728 2148 2924 2214 palatio
2971 2157 3177 2208 nostro,
3201 2144 3349 2209 sequi

1787 2241 2023 2295 deberet.
2052 2238 2339 2307 Propterea
2362 2252 2456 2305 per
2486 2250 2714 2305 praesens
2741 2236 3077 2291 decernimus
3105 2250 3172 2289 ac
3192 2235 3349 2302 jube-

1789 2345 1905 2383 mus
1926 2338 2267 2397 prmeeptum.
2296 2335 2353 2379 ut
2378 2333 2702 2379 memoratus
2726 2320 2991 2391 pontifex,
3043 2331 3137 2377 aut
3177 2322 3344 2376 abbas
3390 2311 3395 2317 ’

1788 2420 1889 2474 sub
1916 2417 2101 2471 n‘ostro
2130 2429 2398 2479 sermone,
2428 2423 2483 2468 et
2538 2414 2903 2469 Mundeburde
2953 2413 3205 2468 antedicti
3252 2412 3351 2466 viri

1789 2506 2001 2576 quietus
2022 2505 2289 2569 resideat;
2322 2513 2376 2565 at
2402 2519 2499 2558 nec
2526 2519 2639 2568 vos,
2670 2517 2769 2558 nec
2802 2502 3041 2572 juniores
3061 2545 3079 2572 ,
3118 2508 3208 2556 aut
3234 2515 3353 2555 suc-

1789 2610 2035 2652 cessares
2063 2598 2245 2661 vestri,
2272 2596 2356 2649 vel
2386 2594 2637 2663 quislibet
2664 2609 2785 2649 eum
2814 2594 2881 2650 de
2907 2592 3170 2663 inquisitis
3190 2606 3351 2647 occa-

1790 2685 2027 2738 sionibus
2056 2684 2329 2751 injuriare,
2362 2698 2461 2737 nec
2491 2667 2784 2751 inquiétare
2818 2676 3173 2751 przesumatis'.
3203 2684 3269 2737 Et
3310 2682 3355 2738 si

1792 2773 1979 2839 aliqua:
2006 2786 2177 2827 causm
2197 2774 2449 2827 adversus
2478 2788 2621 2835 eum,
2652 2773 2733 2825 vel
2781 2788 2877 2827 suo
2905 2773 3077 2827 mittio
3107 2786 3356 2826 surrexe-

1794 2864 1919 2927 rint,
1954 2878 2069 2932 qum
2100 2864 2152 2917 in
2182 2877 2318 2931 pago
2345 2863 2539 2930 absque
2560 2877 2675 2929 ejus
2721 2861 2867 2929 gravi
2914 2860 3190 2929 dispendio
3222 2860 3355 2915 deli-

1795 2949 1917 3003 nita:
1947 2966 2050 3005 non
2076 2952 2307 3011 fuerint,
2358 2954 2407 3003 in
2448 2952 2611 3005 nostri
2657 2951 2937 3019 prmsentia
2990 2958 3350 3006 reserventur.

1796 3039 1963 3105 Quam
1995 3044 2427 3109 prmceptionem,
2460 3050 2514 3094 ut
2564 3040 2763 3093 ﬁrmior
2786 3041 3044 3094 habeatur
3070 3080 3085 3104 ,
3142 3039 3355 3109 propria

1800 3144 1959 3183 manu
1987 3130 2413 3199 subscripsimus.

2352 3216 2576 3271 CAPUT
2615 3217 2778 3271 XXV.

1800 3308 2087 3378 Ρνοιοριωι
2116 3310 2178 3362 de
2205 3312 2335 3379 regis
2350 3312 2566 3378 judicio,
2592 3327 2701 3362 cum
2732 3314 2793 3361 de
2819 3326 3005 3379 magna
3031 3329 3086 3366 re
3108 3313 3206 3366 duo
3234 3328 3357 3366 ean-

1954 3389 1963 3398 ‘
2370 3390 2546 3431 santur
2566 3382 2737 3431 simul.

1867 3467 1961 3519 Cui
1994 3467 2244 3520 Dominus
2266 3468 2479 3535 regendi
2512 3484 2690 3522 curam
2722 3472 3020 3537 committit,
3049 3483 3359 3527 cunctorum

1799 3556 1965 3623 jurgia
1995 3555 2229 3623 diligenti
2262 3558 2653 3613 evaminatione
2687 3573 2808 3612 eum
2838 3561 3017 3614 rimari
3046 3569 3275 3629 oportet,
3302 3570 3360 3615 ut

1802 3646 2015 3714 mjnxta
2064 3648 2485 3716 propesitiouum
2535 3649 2805 3717 alloquia,
2860 3650 2996 3711 inter
3046 3650 3361 3704 alterutrum

1801 3739 2025 3793 salubris
2062 3738 2291 3792 donetur
2311 3738 2598 3792 sententia.
2652 3740 2766 3802 Quo
2812 3738 2940 3803 ﬁat,
2990 3747 3049 3793 ut
3090 3748 3146 3794 et
3194 3740 3364 3795 nodos

1802 3841 2081 3880 causarum
2108 3827 2308 3879 vivacis
2336 3826 2528 3881 mentis
2557 3841 2778 3880 acumen
2832 3837 3113 3891 coerceat,
3170 3834 3225 3881 et
3275 3829 3362 3881 ubi

1806 3916 2055 3984 praelucet
2089 3918 2309 3985 justit’a,
2345 3918 2466 3972 illuc
2495 3932 2731 3985 gressum
2761 3906 3156 3974 deliberationis
3196 3921 3365 3988 impo-

1807 4015 1915 4058 nat.
1949 4004 2087 4075 Ergo
2118 4021 2214 4060 nos
2242 4008 2293 4060 in
2326 4008 2415 4061 Dei
2446 4007 2679 4071 nomine,
2710 4008 2779 4062 ibi
2823 4009 2874 4061 in
2905 4008 3102 4077 palatio
3148 4019 3363 4074 nostro,

1808 4094 1874 4147 ad
1909 4094 2273 4149 universorum
2302 4112 2489 4149 causas
2536 4105 2681 4150 recto
2727 4097 2923 4163 judicio
2967 4097 3364 4169 terminandas,

1810 4198 1911 4236 una
1943 4199 2062 4238 cum
2089 4185 2296 4239 domuis
2324 4195 2377 4238 et
2408 4186 2642 4253 patribus
2693 4186 2886 4239 nostris
2913 4195 2939 4221 ¹³
2969 4172 3254 4256 episcopis,
3282 4189 3364 4242 vel

1812 4286 1932 4325 cum
1964 4272 2199 4339 pluribus
2223 4258 2565 4342 optimatibus
2594 4276 2789 4329 nostris
2817 4274 2937 4339 illis,
2967 4278 3206 4344 patribus
3242 4276 3365 4343 illis,

1885 4378 1908 4416 θ’
1939 4382 2004 4435 Ut
2030 4381 2152 4435 dum
2176 4382 2481 4449 reipublicze
2509 4396 2668 4436 causa
2700 4383 2817 4449 quis
2839 4382 3005 4450 abest,
3038 4383 3158 4439 lites
3186 4393 3241 4440 et
3270 4402 3366 4440 ne-

1813 4451 2236 4517 gotiaadversus
2261 4466 2380 4505 eum
2404 4452 2797 4518 conquiescant.
2840 4451 2913 4505 lo.

1739 4529 1787 4587 ι)
1830 4587 1840 4590 _
1890 4519 2194 4590 iGasimlos
2233 4533 2328 4587 pro
2381 4522 2547 4573 servis
2576 4528 2667 4571 aut
2711 4522 2949 4575 lidelibus
2977 4523 3180 4590 accipio
3206 4566 3218 4585 ,
3276 4523 3367 4588 qui

1811 4587 2039 4667 dominis
2066 4588 2174 4706 Stltis
2219 4596 2476 4656 perpetuo
2504 4590 2791 4651 adhaerent,
2825 4592 3006 4660 eisque
3035 4587 3233 4657 jugiter
3260 4587 3363 4645 mi—

1814 4665 2061 4706 lustrant.
2126 4672 2175 4706 D.

1814 4665 2061 4708 nistranl.
2102 4665 2175 4708 ID.

1888 4735 1903 4794 ι
1945 4724 2145 4794 Daluz.,
2179 4727 2434 4779 veritatem
2463 4728 2725 4794 penipiat.
2760 4727 2833 4778 lta
2867 4726 3301 4793 Lindenbrogius.

1887 4791 1909 4828 ¹ί
1941 4793 2373 4847 Mundeburdium
2403 4791 2677 4847 Germanis
2706 4796 3051 4860 scriptoribus
3099 4791 3258 4851 tutela
3289 4808 3370 4851 est

1816 4869 1911 4917 seu
1940 4861 2178 4917 defensio
2208 4874 2261 4915 et
2299 4864 2470 4916 tuitio.
2522 4861 2670 4915 BIGN.

1894 4931 1909 4967 ι
1948 4930 2118 4997 Reges
2139 4931 2482 4984 nostrosolim
2513 4933 2729 4999 proprio
2757 4931 2943 4999 orejus
2970 4933 3165 4986 dixisse
3187 4940 3369 4986 notum

1818 5008 1920 5061 cst,
1955 5000 2217 5066 episcopis
2247 5007 2301 5051 et
2343 4999 2652 5068 proceribus
2682 5001 3059 5065 assidentibus,
3084 5003 3368 5068 prtescrtim

1814 5068 1885 5144 de_
1903 5069 2189 5144 majoribus
2212 5066 2403 5144 causis,
2421 5076 2473 5119 et
2492 5066 2635 5121 inter
2655 5072 2951 5144 episcopos,
2973 5066 3187 5144 abbates
3212 5078 3372 5144 etco-

1816 5137 1972 5191 mites
1991 5135 2404 5204 et‘potentiores
2427 5135 2702 5203 personas;
2727 5135 2917 5191 Verum
2948 5152 3012 5189 ex
3030 5137 3108 5189 his
3128 5139 3365 5204 quaedam

1819 5220 1847 5258 a
1872 5218 1995 5272 rege
2022 5202 2138 5271 lpso
2160 5202 2531 5274 iudicabantur
2565 5205 2689 5259 dum
2738 5208 2823 5271 jus
2850 5205 3084 5265 dicebat;
3116 5202 3367 5274 quasdam

1818 5288 1945 5345 vero
1974 5286 2155 5345 comes
2180 5272 2363 5345 palatii
2395 5273 2507 5345 vice
2524 5275 2669 5345 regis
2694 5315 2708 5337 ,
2762 5273 3026 5345 episcopis
3055 5272 3215 5329 etiam
3243 5291 3368 5345 pro-

1818 5288 1945 5327 vero
1974 5287 2363 5391 comesfatattt
2395 5288 2507 5327 vice
2530 5290 2669 5340 regis
2694 5315 2708 5337 ,
2762 5288 3026 5340 episcopis
3055 5287 3215 5329 etiam
3243 5291 3368 5345 pro-

1818 5344 2026 5395 ceribus
2054 5341 2162 5410 assi
2197 5340 2423 5405 entibus,
2450 5341 2697 5402 ﬁniebat;
2750 5351 2805 5393 et
2848 5343 3185 5397 nihilominus
3233 5344 3372 5410 regis

1821 5411 2034 5465 nomine
2057 5408 2289 5528 iudicata
2319 5410 2569 5477 inscripta
2597 5420 2769 5473 erant,
2799 5420 2958 5479 atque
3008 5412 3050 5465 si
3082 5413 3193 5479 ipse
3229 5408 3373 5478 judi-

1822 5485 2014 5528 casset.
2082 5494 2127 5528 υ.

1822 5485 2014 5531 εειεεει.
2057 5485 2127 5529 ID.

1892 5555 1929 5581 ω
1954 5546 2154 5615 Baluz.,
2182 5550 2332 5614 juxta
2357 5545 2721 5615 propositiones
2748 5548 2821 5599 rel
2872 5563 3220 5615 responsiones
3241 5570 3371 5599 αιιυ·

1823 5614 2361 5733 qttia.ll.indenbrog.,
2385 5615 2538 5681 juxta
2580 5614 3045 5681 propositionesvel
3081 5616 3374 5683 responsio-

1825 5698 1912 5733 nes
1941 5700 1969 5733 a
1994 5699 2133 5733 iaua.

1825 5698 1916 5761 ηεξ
1941 5698 2133 5761 ntiqua.

1896 5758 1922 5784 η
1949 5749 2189 5818 Episcopi
2223 5750 2272 5801 in
2298 5749 2509 5815 judiciis
2540 5754 2678 5822 regis
2719 5753 3017 5807 assidebam
3044 5790 3057 5814 ,
3114 5761 3169 5806 ut
3212 5754 3375 5811 etiam

2866 5862 2942 5919 23
