3886 6226
2898 280 2925 289 κ

502 429 508 433 ς
562 387 669 445 719
1820 371 2163 431 ΜΑῐιϐυιΡΙ

2266 370 2346 428 οΝ
2355 367 2511 426 AClll
2776 418 2777 421 η
3668 360 3770 414 ’1ἰο

564 500 799 559 hteredes
816 512 1001 559 eorum
1028 497 1221 556 exinde
1263 491 1558 567 quamlibet
1599 496 1626 528 ι
1663 486 1978 544 calumniam
2025 492 2116 539 aut
2145 482 2290 566 AJilli
2314 480 2429 549 regi
2456 487 2512 534 et
2528 474 2720 567 majori
2764 473 2955 529 domus
2998 470 3231 567 illius,a
3278 466 3667 567 servis-vestris
3690 484 3779 539 pa.

565 589 931 660 repetitionem
961 588 1120 643 ullam
1148 558 1587 653 habere'penitus
1610 594 1718 635 non
1744 578 1994 643 debeant,
2022 575 2115 630 sed
2197 558 2467 640 'gensibus
2505 566 2629 632 illis,
2662 578 2887 660 quorum
2935 559 3369 660 subscriptiones.
3387 558 3471 612 vel
3494 560 3782 660 signacula

565 689 675 735 tam
705 679 802 750 ipsi
828 670 1098 752 illi',quam
1120 690 1297 748 pares,
1324 671 1528 742 gasindi
1550 670 1634 725 vel
1655 669 1835 746 amici,
1862 665 2117 749 quidquid

565 769 633 824 de
659 769 818 824 rebus
852 766 1093 837 praedicti
1115 764 1261 819 illius
1299 770 1415 818 erat
1436 799 1453 826 ,
1476 768 1538 815 et
1568 758 1804 813 ablatum
1830 755 1950 821 fuit,
1992 753 2118 808 dum

566 872 664 927 per
688 857 805 925 ejus
838 855 1051 929 culpas,
1084 861 1140 909 et
1177 860 1358 908 nostra
1398 848 1733 905 ordinatione
1779 845 1976 899 factum
2016 849 2118 907 est,

569 945 713 998 omni
735 953 975 1013 tempore
994 940 1184 996 exinde
1200 937 1411 995 deducti
1431 945 1485 993 et
1504 934 1732 991 absoluti
1753 935 2122 1003 permaneant,

569 1042 642 1099 et,
664 1043 725 1087 ιιι
744 1033 992 1091 diximus;
1014 1022 1327 1086 calumniam
1351 1033 1447 1081 aut
1464 1023 1859 1101 repetitionem,
1873 1018 1957 1075 vel
1977 1018 2143 1081 dam-l

572 1124 845 1187 nietatem,
868 1116 1298 1190 quandoquidem
1338 1115 1531 1171 exinde
1550 1110 1895 1182 suprascripti
1914 1108 2011 1163 viri
2041 1105 2127 1161 vei

575 1200 760 1267 ﬁdeles
801 1212 963 1275 nostri
1002 1226 1108 1266 non
1146 1207 1526 1280 pertimescant
1562 1204 1781 1260 habere.
1823 1201 1888 1257 Et
1915 1208 1972 1255 ut
2012 1199 2127 1261 haec
2166 1201 2178 1211 '

574 1302 876 1375 praeceptio,
907 1309 1006 1358 etc.

1097 1394 1323 1471 CAPUT
1386 1409 1616 1468 χχχιιι.

574 1506 934 1579 I'Prtm'eptum
952 1497 1164 1588 quorum
1200 1504 1263 1557 ab
1292 1501 1515 1588 hostium
1629 1499 1735 1554 aito
1757 1498 1907 1553 modo
1937 1496 2127 1564 fuerint

1054 1583 1387 1629 instrumenta
1423 1583 1649 1626 incensa.

651 1672 690 1723 Δ
714 1667 876 1740 regali
901 1680 1119 1721 necesse
1138 1673 1220 1720 est
1239 1663 1542 1719 releventur
1578 1655 1856 1715 clementia
1876 1652 1968 1722 qui
1989 1653 2137 1705 dam-

578 1758 829 1813 nietatcm
856 1757 920 1811 ab
960 1753 1203 1810 hostibus
1241 1750 1326 1806 vel
1347 1748 1489 1819 passi
1523 1743 2013 1814 sunt,violentinm.
2042 1740 2137 1809 Igi-

2217 660 2403 715 subtus
2422 662 2671 712 tenentur
2715 653 2912 706 inserta
2945 691 2957 704 .
2991 646 3400 721 Principalitatis
3442 644 3634 700 vestra
3682 647 3783 703 cir-

2219 751 2522 819 cumspecta
2550 744 2855 809 clementia,
2885 741 3035 797 novit
3058 739 3201 810 justa
3231 736 3535 808 petentibus
3560 735 3787 803 dignsn.

2222 846 2304 893 ter
2323 850 2579 900 annuere,
2630 841 2687 888 et
2712 831 3080 888 necessitatem
3131 826 3457 898 patientibus
3507 824 3791 878 subvenire

2222 929 2534 983 clementer.
2575 921 2719 979 Pone
2773 919 3022 976 Omnibus
3059 925 3207 988 patet
3233 916 3507 984 regionem
3555 923 3790 968 nostram

2223 1016 2292 1069 ab
2311 1013 2553 1070 hostibus
2597 1009 2973 1091 depopulatam
3018 1021 3159 1072 esse,
3207 1014 3263 1060 et
3287 1005 3479 1060 domus
3504 1003 3793 1057 multorum

2224 1105 2347 1175 igne
2371 1110 2636 1179 crematas
2657 1141 2673 1167 ,
2702 1100 2787 1156 vel
2814 1099 2978 1157 rebus
3007 1095 3221 1151 ablatis.
3271 1094 3415 1149 inter
3454 1107 3589 1163 quos
3613 1104 3799 1146 servm

2224 1201 2403 1250 vester
2429 1191 2655 1247 iile‘non
2696 1180 2966 1244 modicum
2993 1183 3197 1241 ibidem
3243 1197 3528 1254 perpessus
3546 1179 3799 1237 estdam-

2227 1301 2376 1353 num,
2422 1292 2480 1341 et
2505 1283 2571 1340 de
2591 1282 2753 1338 rebus
2778 1280 2891 1337 suis
2931 1277 3270 1349 dispendium
3292 1277 3378 1332 vel
3406 1274 3581 1331 omnia
3602 1277 3802 1328 instru-

2229 1382 2408 1429 menta
2431 1371 2758 1439 chartarum,
2798 1382 2918 1441 quae
2966 1362 3081 1438 ipse
3106 1367 3193 1423 vel
3220 1374 3473 1438 parentes
3490 1365 3571 1420 sui
3601 1363 3805 1418 habue-

2229 1465 2375 1525 runt,
2406 1469 2514 1515 tam
2534 1459 2679 1530 quod
2698 1469 2755 1515 et
2782 1458 3140 1514 muniﬁcentia
3161 1471 3342 1526 regum
3360 1455 3616 1527 possedit,
3646 1468 3805 1522 quam

2233 1553 2372 1623 quod
2400 1568 2496 1623 per
2524 1547 2862 1624 venditionis,
2896 1549 3191 1618 cessionis,
3215 1549 3524 1604 donationis
3558 1560 3805 1601 commuc

2236 1642 2557 1712 tationisque
2586 1641 2795 1696 titulum
2812 1639 3023 1706 habuit,
3053 1653 3158 1695 una
3179 1653 3304 1693 cum
3324 1638 3486 1693 domo
3499 1634 3605 1690 sua
3626 1635 3811 1688 incen-

2238 1732 2326 1787 dio
2351 1740 2691 1787 concremata
2716 1744 2837 1787 esse
2865 1738 3182 1795 noscuntur,
3223 1726 3363 1781 unde
3392 1732 3609 1780 nostras
3638 1720 3810 1791 parvi-

580 1861 669 1905 ιιιι·
693 1848 858 1903 ﬁdelis
891 1847 1000 1901 Deo
1041 1842 1274 1913 propitio
1319 1814 1502 1895 noster
1528 1837 1617 1891 ille
1654 1833 1947 1889 clementia:
1989 1830 2138 1898 regni
2170 1821 2215 1880 Β
2244 1828 2380 1876 tates
2406 1820 2595 1890 petiit,
2622 1819 2766 1907 quod
2810 1818 3077 1875 veraciter
3094 1815 3286 1872 exinde
3319 1814 3693 1885 cognovimus,
3723 1826 3813 1880 per

584 1938 751 1993 nostri
787 1920 1141 2003 suggessiteo
1178 1916 1321 1999 quod
1368 1936 1492 1982 ante
1514 1927 1611 1980 hos
1654 1938 1855 1987 annos,
1885 1930 1976 1976 aut
1997 1934 2137 1974 anno

560 2012 865 2095 superiori,
910 2022 1178 2078 exercitus
1206 2027 1408 2081 noster,
1451 2023 1544 2070 aut
1568 2014 1709 2069 illius
1743 2012 1904 2081 regis,
1952 2008 2140 2072 domus

584 2130 710 2173 suas
734 2112 979 2169 incendio
1018 2114 1348 2165 cremassent
1372 2144 1388 2170 ,
1427 2104 1513 2159 vel
1538 2118 1626 2159 res
1650 2116 1759 2158 sua:
1796 2098 2142 2169 quamplures

508 2199 513 2205 ’
586 2219 690 2259 una
711 2218 830 2259 cum
858 2197 1221 2255 instrumentis
1264 2194 1592 2257 chartarum,
1619 2198 1728 2245 tam
1755 2203 1850 2259 per
1888 2187 2027 2256 quod
2057 2201 2143 2241 re-

585 2294 673 2361 gio
694 2304 913 2346 munere
925 2293 1256 2358 perceperat,
1272 2294 1430 2353 quam
1452 2279 1666 2349 etquod
1688 2293 1785 2349 per
1800 2274 2140 2338 venditionis,

588 2382 914 2445 donationis,
946 2377 1226 2439 cessionis,
1256 2368 1688 2433 commutationis
1712 2368 1943 2429 tltulum,
1976 2365 2056 2417 vel
2079 2364 2146 2418 de

586 2476 745 2529 alode
773 2479 1052 2542 parentum
1094 2466 1146 2521 in
1174 2475 1493 2534 quocunque
1520 2460 1639 2515 loco
1675 2458 1731 2512 in
1758 2469 1923 2524 regno
1964 2462 2147 2511 nostro

593 2560 791 2631 aliquid
850 2556 1195 2630 possidebat,
1252 2552 1445 2608 ibidem
1498 2554 1855 2607 concrematas
1902 2544 2145 2599 fuissent.

599 2653 747 2708 Unde
773 2651 1089 2709 relationem
1117 2647 1377 2702 bonorum
1408 2639 1680 2696 hominum
1711 2635 1956 2692 manibus
1990 2635 2149 2689 robo-

596 2731 790 2811 ratam,
833 2742 1065 2812 qualiter
1083 2738 1211 2809 ipsis
1236 2736 1308 2792 ita
1348 2718 1617 2806 cognitum
1644 2731 1734 2797 sit,
1766 2728 2028 2798 suggessit
2055 2741 2152 2783 no.

566 2834 706 2902 bis,
743 2841 800 2889 et
842 2831 1061 2902 protulit
1096 2826 1474 2885 recensendam
1516 2842 1530 2878 :
1580 2832 1636 2879 et
1677 2835 1865 2889 omnes
1909 2834 1995 2875 res
2028 2831 2153 2874 suas

599 2923 742 2977 unde
785 2922 897 2991 ipsa
933 2921 1288 2976 instrumenta
1328 2916 1617 2987 perierant,
1648 2913 1847 2981 absque
1874 2909 2035 2965 ullius
2080 2908 2155 2961 in.

601 3014 925 3086 quietudine,
982 3012 1125 3067 sicut
1152 3018 1207 3087 et
1256 3016 1414 3062 antea
1459 3005 1584 3060 fecit
1632 3004 1843 3073 quietus
1883 2997 2155 3069 possidere

603 3104 829 3161 videtur.
878 3098 986 3156 Sed
1033 3113 1129 3167 pro
1158 3094 1421 3150 firmitatis
1454 3090 1629 3147 studio
1654 3089 1804 3160 petiit
1831 3093 2155 3142 memoratus

2244 1912 2379 1966 hanc
2408 1918 2645 1967 nostram
2685 1904 3081 1979 suggestionem
3113 1916 3302 1962 vestra:
3342 1907 3683 1961 innotescere
3710 1904 3813 1959 cle-

2244 2000 2475 2067 mentite,
2503 1999 2643 2069 quod
2671 1998 2919 2055 etfacere
2938 1997 3081 2055 servi
3104 1996 3269 2052 vestri
3295 1995 3658 2053 decrevimus.
3711 1992 3813 2047 Ve-

2194 2128 2201 2163 ;
2244 2100 2351 2147 stra
2381 2092 2551 2164 pietas
2572 2077 2758 2161 jubeat
2782 2089 2925 2162 quod
2951 2103 3120 2158 usque
3149 2087 3309 2144 modo
3351 2088 3405 2142 in
3432 2101 3603 2156 regno
3638 2098 3816 2140 vesuo
3876 2112 3877 2145 :

2247 2187 2461 2253 quietus
2476 2181 2733 2254 possedit,
2747 2181 2888 2236 circa
2900 2178 3091 2235 eodem
3111 2193 3207 2249 per
3223 2185 3400 2233 vestro
3426 2190 3652 2231 munere
3681 2190 3814 2246 pra!-

2247 2289 2459 2349 ceptum
2506 2283 2565 2329 ut
2598 2280 2812 2331 mantea
2837 2272 3034 2337 valeat,
3081 2271 3208 2326 dum
3230 2285 3341 2326 :sua
3362 2269 3595 2340 perdidit
3622 2271 3816 2324 instruo

2250 2378 2448 2433 menta,
2493 2364 2771 2435 possidere
2795 2362 3012 2433 quietus
3038 2370 3094 2417 et
3120 2374 3364 2416 securus.
3394 2359 3505 2415 Nos
3547 2358 3691 2413 servi
3731 2374 3819 2410 Ve-

2250 2459 2347 2513 stri
2386 2455 2529 2527 quod
2568 2454 2765 2511 exinde
2795 2453 3035 2509 veracius
3069 2450 3287 2511 scimus,
3317 2448 3661 2503 innotescere
3689 2460 3821 2515 prte-

2249 2549 2569 2617 sumpsimus
2604 2562 2620 2611 ;
2677 2551 2911 2600 vestrum
2959 2549 3044 2597 est
3092 2539 3463 2595 necessitatem
3503 2536 3821 2607 patientibus

2250 2635 2557 2694 subvenire.

2786 2718 3010 2777 CAPUT
3064 2716 3279 2774 XXXV.
3876 2762 3877 2771 χ

2253 2812 2590 2883 Conﬁrmatio
2639 2812 2703 2866 de
2745 2811 2881 2867 omni
2932 2826 3144 2880 corpore
3199 2808 3461 2881 {uastitatis
3502 2806 3817 2863 monasterii.
3876 2810 3877 2875 ξ

2329 2916 2351 2945 ε
2393 2906 2485 2960 Ille
2530 2920 2622 2960 rex
2652 2904 2729 2958 illi
2773 2903 2996 2972 patricio
3049 2909 3212 2971 atque
3238 2899 3495 2954 omnibus
3522 2899 3817 2969 agentlius.

2260 2994 2480 3049 Rectum
2510 3008 2626 3049 esse
2653 3006 2932 3048 censemus
2953 2998 3012 3046 ut
3038 2990 3323 3059 petitiones
3341 2989 3688 3044 sacerdotum
3710 3002 3820 3057 qua
3876 3006 3877 3053 ξ

2261 3083 2327 3137 ad
2357 3082 2651 3153 profectum
2674 3076 2944 3152 pertinent
2964 3079 3205 3135 locorum
3226 3087 3572 3158 sanctorum,
3596 3079 3666 3133 ad
3699 3077 3820 3134 effe-

596 3192 713 3258 -ille,
737 3152 800 3245 ui
822 3204 917 3259 per
956 3152 1190 3243 nostram
1234 3182 1603 3239 auctoritatem
1642 3152 1828 3236 omnes
1873 3184 1961 3231 res
2009 3189 2153 3240 suas,
2183 3154 2227 3217 (ἶ
2258 3152 2402 3229 ctum
2424 3171 2897 3244 Christo‘preside
2917 3169 3289 3241 perducamus.
3315 3152 3480 3239 igitur
3508 3168 3823 3227 venerabilis

607 3289 717 3334 tam
736 3277 879 3349 quod
898 3277 1045 3345 regio
1066 3288 1304 3336 munere,
1335 3288 1496 3343 quam
1523 3271 1667 3341 quod
1695 3285 1789 3341 per
1809 3266 2155 3331 venditidnis,

610 3367 886 3435 cessionis,
937 3365 1471 3432 commutationisque
1518 3364 1748 3426 titulum,
1777 3360 1861 3415 vel
1904 3359 2161 3427 reliquam

612 3452 844 3517 alodem,
886 3450 952 3504 ad
982 3465 1212 3519 prmus
1256 3456 1376 3503 cum
1425 3449 1685 3517 aequitatis
1729 3448 1915 3501 ordine
1955 3446 2167 3513 quietus

603 3542 852 3613 possedit
874 3581 891 3608 ,
911 3540 1162 3609 deinceps
1189 3539 1240 3593 in
1265 3538 1385 3607 jure
1423 3546 1478 3592 et
1502 3538 1862 3592 dominatione
1887 3536 2003 3603 ejus
2041 3549 2171 3590 con-

617 3633 831 3687 iirmare
867 3629 1201 3684 deberemus.
1239 3626 1403 3697 Cujus
1440 3627 1680 3698 petitioni
1722 3632 1964 3695 gratante
1993 3623 2171 3677 animo

598 3719 945 3790 Aprtnstitisse,
967 3717 1051 3773 vel
1081 3714 1424 3773 conﬁrmasse
1445 3715 1765 3787 cognoscite.
1804 3712 2173 3783 Prmcipientes

620 3825 749 3877 ergo
782 3809 1028 3876 jubemus
1056 3814 1118 3861 ut
1158 3807 1413 3876 quidquid
1457 3819 1779 3865 memoratus
1817 3805 1905 3860 ille
1966 3813 2072 3858 tam
2119 3802 2173 3858 in

622 3900 797 3963 terris,
845 3897 1110 3962 domibus,
1147 3897 1405 3961 aediliciis,
1435 3898 1736 3959 accolabus,
1761 3895 2068 3964 mancipiis,
2099 3894 2177 3947 vi-

624 3989 758 4055 neis,
789 3986 955 4049 silvis,
986 3984 1205 4054 campis,
1244 3986 1410 4055 pratis
1428 4026 1443 4052 ,
1465 3987 1615 4059 aquis
1644 3984 1968 4053 aquarumve
1990 3982 2178 4037 decur-

627 4074 903 4141 silms,‘vel
935 4073 1151 4143 reliquis
1173 4074 1576 4145 quibuscunque
1604 4072 1876 4129 beneﬁciis
1900 4074 2063 4143 (quod
2086 4088 2181 4143 per

627 4168 940 4221 relationem
986 4177 1146 4232 supra
1188 4164 1506 4233 scriptorum
1525 4164 1765 4235 virorum
1811 4163 2178 4233 cognovimus)

627 4251 827 4320 iustitia
854 4251 1239 4306 rationabiliter
1266 4266 1436 4331 usque
1457 4267 1596 4306 nunc
1618 4252 1915 4319 ubicunque
1937 4253 1988 4307 in
2015 4268 2179 4322 regno

632 4347 816 4395 nostro
843 4339 1113 4410 possidere
1134 4339 1363 4407 videtur,
1389 4340 1511 4395 dum
1539 4339 1653 4410 ejus
1691 4341 2043 4396 instrumenta
2072 4356 2186 4402 cre-

2246 3266 2351 3343 vn;
2369 3263 2457 3337 ille
2501 3236 3001 3317 sancti-monasterii
3030 3260 3215 3325 abbas,
3264 3236 3450 3329 gloria;
3481 3259 3635 3329 regni
3666 3260 3825 3315 nostri

2264 3340 2413 3423 petiit
2443 3359 2500 3406 ut
2525 3352 2650 3405 dum
2684 3351 2857 3419 ipsum
2887 3356 3131 3404 sanctum
3162 3350 3546 3417 monasterium
3577 3352 3648 3406 de
3674 3350 3827 3405 colla-

2266 3446 2412 3499 tione
2455 3450 2737 3513 parentum
2788 3448 3092 3496 nostrorum
3118 3481 3135 3507 ,
3168 3440 3278 3497 Deo
3326 3440 3601 3511 adjutore,
3632 3440 3829 3498 videtur

2268 3550 2385 3603 esse
2413 3541 2774 3609 constructum
2797 3571 2813 3599 ,
2846 3547 2945 3589 nos
2982 3548 3144 3588 omne
3169 3546 3365 3603 corpus
3403 3532 3680 3588 facultatis
3702 3532 3829 3601 ejus,

2270 3636 2376 3679 tam
2405 3625 2548 3693 quod
2572 3629 2945 3687 antecessores
2964 3624 3185 3680 abbates
3212 3623 3408 3679 ibidem
3436 3623 3829 3696 laboraverunt.

2270 3716 2353 3771 vel
2377 3716 2466 3771 ille
2511 3714 2739 3771 domnus
2766 3715 2953 3783 abbas,
2979 3714 3071 3785 qui
3102 3706 3296 3770 ibidem
3325 3713 3490 3769 fuisse
3514 3714 3834 3783 dignoscitur

2272 3807 2339 3863 de
2366 3822 2425 3863 re
2457 3806 2768 3863 monasterii
2796 3793 2989 3861 ibidem
3018 3806 3163 3860 visus
3204 3812 3714 3873 estaugmentasse
3751 3813 3835 3859 aut

2273 3910 2636 3966 comparasse,
2666 3895 2811 3965 quod
2840 3895 2907 3948 ab
2929 3894 3045 3964 ipso
3068 3902 3255 3948 sancto
3276 3893 3398 3948 [om
3418 3892 3689 3947 moderno
3713 3900 3835 3947 tetu-

2276 3998 2407 4053 pore
2429 3983 2735 4057 possidetur
2756 3997 2851 4052 per
2877 3991 3118 4037 nostrum
3156 3982 3475 4037 deberemus
3519 3981 3839 4050 generaliter

2279 4071 2597 4128 conﬁrmare
2644 4078 2985 4141 praeceptum.
3037 4067 3189 4135 Quod
3250 4084 3349 4125 nos
3392 4085 3492 4140 pro
3538 4070 3722 4126 divino
3760 4084 3841 4125 ro-

2280 4170 2466 4232 spectu
2490 4160 2590 4227 ,vel
2621 4156 2882 4214 mercedis
2902 4166 3097 4214 nostra:
3140 4170 3481 4228 augmentum
3510 4159 3838 4229 praestitisse.

2234 4250 2247 4254 ’
2281 4258 2459 4305 vestra
2492 4265 2597 4305 non
2626 4249 2835 4325 dubitet
2860 4247 3189 4317 magnitudo,
3235 4249 3397 4302 etiam
3426 4256 3484 4302 et
3511 4248 3839 4318 privilegium

2282 4336 2447 4410 ipsius
2476 4339 2784 4397 monasterii
2832 4338 2989 4424 quod,
3013 4337 3399 4393 institutionem
3451 4338 3604 4395 sedis
3639 4348 3843 4409 aposto-

633 4440 776 4486 mata
803 4444 923 4484 esse
951 4430 1298 4499 cognovimus
1323 4470 1338 4496 ,
1381 4446 1475 4500 per
1498 4433 1601 4487 hoc
1628 4443 1948 4502 prteceptum
1981 4433 2187 4501 plenius
2218 4484 2266 4505 n
2286 4434 2402 4487 liae
2422 4448 2524 4505 seu
2554 4432 2878 4499 reliquorum
2895 4430 3263 4498 episcoporum
3293 4427 3388 4480 visi
3415 4433 3545 4481 sunt
3571 4428 3839 4493 meruisse.

635 4522 687 4575 in
721 4523 812 4577 Dei
844 4522 1059 4576 nomine
1085 4521 1226 4576 circa
1254 4536 1374 4576 eum
1396 4521 1662 4577 suil‘ultum
1697 4534 1859 4593 atque
1903 4526 2186 4592 ﬁrmatum,

637 4608 836 4676 absque
864 4610 1020 4664 ullius
1049 4610 1415 4678 inquietudine
1442 4612 1525 4666 vei
1546 4611 1904 4680 reiragatione
1932 4623 2109 4669 teneat
2137 4624 2194 4669 et

632 4698 911 4769 possideat
932 4739 947 4762 ,
1004 4703 1073 4752 et'
1086 4699 1195 4754 suis
1222 4700 1449 4774 posteris
1474 4744 1489 4768 ,
1518 4710 1610 4755 aut
1652 4699 1738 4755 cui
1761 4703 1989 4771 voluerit
2016 4706 2068 4757 in
2100 4705 2192 4758 Dei

642 4787 856 4841 nomine
883 4787 948 4840 ad
974 4788 1351 4855 possidendum
1380 4791 1674 4860 relinquat.
1722 4789 1890 4855 Quam
1931 4807 2056 4845 vero
2102 4808 2197 4845 au-

644 4878 940 4931 cturitntent
983 4879 1252 4947 perpetuis
1282 4882 1607 4950 temporibus
1656 4881 1937 4936 valituram
1985 4882 2197 4950 propria

648 4979 807 5021 manu
834 4968 1016 5022 subter
1042 4965 1298 5021 roborare
1325 4956 1682 5024 decrevimus.

1176 5074 1399 5131 CAPUT
1434 5060 1670 5135 XXXIV.

872 5144 1423 5229 'liclatio-pagensium
1451 5148 1518 5199 ad
1555 5165 1724 5218 regem
1761 5151 1977 5203 directa.

662 5318 670 5323 ι
724 5234 1061 5303 Snggerendo
1078 5234 1310 5302 piissimo
1327 5244 1484 5304 atque
1506 5237 1992 5305 praecellentissimo
2009 5237 2206 5290 domno

734 5396 757 5420 ι
786 5384 1135 5447 Calumniam,
1178 5384 1227 5437 id
1250 5395 1332 5438 est
1360 5388 1645 5441 actionem.
1672 5386 1819 5441 BIGN.

734 5451 759 5489 δ
790 5454 1102 5525 Certijuris
1129 5463 1227 5525 est,
1261 5454 1620 5525 instrumentis
1667 5456 1784 5525 igne
1814 5456 1895 5509 vcl
1940 5458 2210 5525 naufragio

668 5524 990 5593 consumptis
1012 5565 1026 5585 ,
1060 5522 1287 5593 hostium
1321 5523 1535 5593 incursu
1558 5524 1639 5578 vel
1686 5521 1789 5578 alio
1816 5540 1941 5579 casu
1970 5521 2206 5593 perditis,

672 5589 865 5642 nullum
891 5589 959 5645 ex
980 5607 1039 5645 ea
1066 5607 1123 5643 re
1142 5591 1357 5642 domino
1383 5592 1740 5659 prmjndicium
1771 5595 1903 5654 ﬁeri,
1945 5589 2106 5650 modo
2136 5589 2212 5647 ta;

670 5659 879 5737 tuende
921 5660 1033 5737 ejus
1056 5659 1309 5737 donnnio,
1333 5660 1509 5715 debito
1537 5672 1630 5716 aut
1656 5664 1758 5717 alio
1784 5670 1923 5733 jure,
1947 5664 2214 5719 sullicicns

672 5728 737 5781 sit
758 5727 855 5781 alia
887 5728 1149 5795 probatio.
1183 5726 1255 5781 in.

2218 4484 2267 4542 Ι)

2292 4531 2347 4576 et
2375 4538 2471 4592 per
2496 4521 2865 4576 auctoritatem
2894 4518 3075 4573 domui
3116 4517 3274 4585 illius,
3302 4533 3397 4573 seu
3425 4534 3455 4572 a
3482 4519 3841 4589 reliquisse-

2292 4611 2591 4673 cessoribus
2654 4607 2959 4680 parentibus
3012 4610 3210 4663 nostris
3266 4608 3650 4663 adumbratum
3694 4607 3844 4663 fuisse

2295 4702 2637 4772 dignoscitur,
2659 4702 2811 4769 juxta
2850 4697 2992 4768 quod
3021 4698 3183 4752 etiam
3210 4712 3318 4775 per
3369 4699 3611 4768 priorem
3658 4713 3846 4768 prece-

2297 4796 2531 4863 ptionem
2573 4801 2807 4846 nostram
2851 4803 2978 4857 erga
3028 4803 3087 4843 se
3114 4789 3456 4863 perliibentes
3480 4803 3539 4842 se
3572 4788 3841 4863 intuitum,

2299 4860 2564 4952 propriam
2605 4881 2946 4936 stabilitatem
2975 4879 3306 4936 decrevimus
3342 4860 3630 4938 roboral‘e.
3669 4880 3847 4940 ιιωά-

2300 4972 2506 5039 pientes
2531 4985 2658 5040 ergo
2703 4979 2762 5024 ut
2805 4986 2991 5027 omnes
3018 4954 3297 5026 facultates
3342 4971 3507 5041 ipsius
3542 4974 3847 5032 manilii

2300 5060 2551 5129 quidquid
2605 5068 2696 5113 aut
2724 5061 2866 5128 regia
2910 5060 3213 5123 collatione,
3243 5069 3333 5114 aut
3376 5050 3845 5131 privatorin‘mu-

2304 5168 2452 5218 nere,
2489 5153 2573 5206 vel
2610 5153 3036 5208 antecessoribus
3069 5152 3367 5219 abbatibus,
3389 5169 3484 5209 seu
3511 5162 3573 5209 et
3600 5171 3632 5210 a
3667 5156 3867 5213 duoss-

2307 5246 2375 5299 lui
2408 5245 2600 5300 ibidem
2629 5254 2710 5300 est
2738 5245 2979 5312 iegaliter
3004 5244 3317 5313 acquisitum
3348 5255 3441 5300 aut
3464 5256 3847 5319 comparatum,

2380 5414 2398 5439 ε
2449 5399 2521 5472 Ex
2574 5398 2832 5466 Gregorio
2859 5395 3090 5472 'annn.
3144 5399 3324 5472 multis
3374 5399 3727 5472 locis_liquet
3760 5400 3848 5472 sub

2310 5469 2707 5525 Guntebratnno
2749 5482 2873 5535 rege
2900 5470 3142 5534 patricios
3192 5468 3350 5520 luisse
3376 5470 3468 5535 qui
3516 5468 3851 5527 Rhodam!-

2312 5541 2523 5593 nitimas
2548 5536 2848 5603 provincias
2878 5550 2967 5601 reg
3005 5546 3121 5587 mu
3146 5577 3162 5597 ,
3209 5545 3265 5605 et
3288 5541 3561 5594 exercitus
3586 5540 3847 5605 dicunt,

2312 5620 2533 5689 catttquc
2559 5605 2864 5727 dignitptem
2890 5606 3188 5673 patriciatus
3209 5604 3450 5658 honorem
3480 5604 3852 5674 θιρσΐήάαιο

2312 5693 2369 5727 cu
2396 5691 2503 5727 ntt'lt
2529 5686 2697 5727 Vttcul.
2753 5692 2799 5727 υ.
3462 5702 3487 5717 κ

2312 5693 2369 5727 cu
2384 5686 2503 5727 ἰιιιή
2529 5686 2697 5727 Vttcul.
2728 5686 2799 5730 ID.
3462 5702 3487 5717 κ
