3886 6226
559 441 662 495 721

1846 444 2188 502 MARCULFI
2232 445 2524 502 ΜΟΝΜῙΙΙΙ

3653 440 3742 497 7‘28

558 572 743 621 grum;
775 573 835 611 ea
864 558 1066 611 scilicet
1097 559 1297 612 ratione
1323 570 1482 626 atque
1505 570 1785 629 prmlcxtu,
1812 571 1887 627 ut,
1924 569 2121 613 retnuta

2233 556 2377 615 fisco.
2398 559 2475 613 vel
2491 560 2686 613 sanctis
2706 561 2970 629 episcopis
2988 563 3233 617 Ecclesia:
3247 562 3410 625 illius,
3424 554 3537 609 auri
3552 552 3746 610 librasc.

560 646 869 714 pontificum
895 648 1157 715 simulque
1186 650 1669 704 ceclesiasticorum
1697 651 2004 706 oﬂicialium
2028 664 2122 703 seu

558 737 890 805 publicorum
913 740 1151 793 omnium
1179 748 1467 810 potestate,
1500 742 1673 796 nullas
1710 741 2009 797 functiones
2036 742 2122 795 vel

508 822 515 833 '
559 827 883 884 exactiones.
914 843 1089 901 neque
1113 829 1375 897 exquisita
1406 839 1460 883 et
1489 830 1631 883 lauta
1656 831 1920 893 convivia,
1951 844 2123 899 neque

558 916 918 982 gratiosa,vel
942 916 1192 972 insidiosa
1224 918 1555 983 munuscula,
1605 934 1779 988 neque
1824 920 1982 975 etiam
2032 935 2121 974 ca-

560 1005 818 1060 ballorum
843 1016 1076 1075 prestus,
1109 1009 1456 1076 paravereda,
1499 1009 1579 1063 vel
1606 1019 1827 1064 caeteras
1855 1010 2117 1077 angarias,

558 1104 650 1148 ant
676 1110 997 1163 quocunque
1023 1094 1310 1152 functionis
1340 1098 1493 1152 titulo
1537 1098 1634 1152 dici
1668 1106 1862 1167 potest,
1894 1097 1961 1153 de
2006 1098 2119 1167 ipsa

559 1184 810 1239 facultate
836 1186 1048 1255 penitus
1092 1201 1197 1240 non
1250 1188 1576 1255 requiratur,
1626 1189 1717 1242 sed
1763 1189 1863 1242 sub
1915 1188 2119 1256 integra

557 1275 852 1328 emunitate
894 1274 1253 1330 facultaticula
1304 1277 1435 1342 ipsa,
1479 1276 1666 1331 sicuta
1698 1294 1783 1333 me
1810 1279 1917 1333 huc
1952 1293 2120 1347 usque

559 1377 803 1429 possessa
834 1368 932 1428 est,
962 1362 1011 1417 in
1033 1363 1153 1431 jure
1177 1365 1199 1391 ⁸
1230 1366 1450 1418 oratorii
1473 1376 1673 1419 sancta:
1701 1366 1881 1421 Maria:
1906 1376 1959 1421 et
1983 1383 2119 1437 pra:-

559 1452 855 1507 dicaterum
886 1469 1175 1523 pauperum
1197 1455 1443 1520 debeant,
1462 1457 1569 1511 Deo
1592 1468 1905 1527 protegente
1932 1469 1987 1513 et
2006 1459 2121 1527 opi-

562 1543 780 1609 tulante,
807 1545 1135 1609 persistere:
1189 1546 1290 1600 nisi
1336 1556 1539 1601 tantum
1580 1549 1749 1602 sancti
1786 1558 1844 1603 et
1893 1549 2121 1618 apostoli

558 1631 695 1685 illius
723 1632 872 1687 urbis
900 1634 1156 1703 episcopi,
1198 1635 1249 1688 in
1292 1636 1441 1704 cujus
1477 1638 1677 1709 oppido
1728 1638 2119 1692 xenodochium

558 1722 729 1797 ipsum
760 1723 998 1791 ponitur,
1055 1740 1153 1793 pro
1192 1726 1465 1780 tradendis
1507 1728 1987 1791 benedictionibus,
2037 1728 2120 1795 vel

556 1812 933 1869 substituendis
963 1815 1241 1869 abbatibus
1269 1818 1590 1886 presbyteris
1616 1832 1826 1885 quoque
1854 1827 1908 1870 et
1935 1816 1967 1869 d
1992 1832 2119 1871 aco-

2220 646 2571 701 Nihiluminus
2606 664 2835 717 prmsens
2868 653 3111 719 epistola,
3142 667 3259 720 qua:
3301 667 3330 706 a
3364 666 3449 705 me
3478 663 3569 717 pro
3593 647 3756 698 “more

2222 734 2335 800 Dei,
2366 744 2420 788 et
2440 750 2623 791 amore
2641 752 2931 807 pauperum
2954 741 3251 809 conscripta
3273 750 3377 803 est,
3406 740 3573 804 tlnna,
3597 740 3746 794 incor-

2220 838 2403 895 rupta,
2460 829 2796 893 intemerata,
2827 830 3191 899 inviolataque
3246 838 3570 901 permaneat.
3630 829 3749 897 Ergo

2219 932 2452 987 namque
2481 918 2549 973 de
2601 918 2811 975 collatis
2864 935 2927 975 ac
2952 923 3197 990 superius
3250 920 3557 991 przenotatis
3594 921 3747 984 rebus,

2220 1006 2395 1059 omnia
2420 1006 2485 1059 ad
2508 1022 2713 1073 curam,
2737 1016 2793 1061 et
2816 1009 3251 1073 sollicitudinem,
3276 1019 3370 1064 aut
3406 1008 3745 1064 defensionem

2219 1107 2423 1159 eorum,
2454 1094 2539 1147 vei
2567 1095 3003 1163 gubernationem
3055 1097 3291 1167 ipsorum
3320 1114 3623 1166 pauperum,
3647 1113 3752 1151 san-

2221 1192 2311 1243 cto
2340 1199 2403 1240 ac
2431 1194 2728 1254 praanotato
2757 1188 2954 1242 domini
2988 1189 3129 1243 illius
3152 1192 3406 1261 episcopo
3433 1184 3516 1245 vel
3559 1206 3749 1245 sumes.

2219 1272 2430 1329 scribus
2467 1275 2596 1342 suis,
2628 1275 2737 1330 Deo
2778 1277 2879 1331 sibi
2926 1286 3085 1345 teste,
3111 1281 3429 1335 committo:
3480 1288 3536 1335 et
3576 1281 3752 1335 instru-

2218 1371 2397 1416 menta
2422 1378 2515 1433 per
2535 1380 2656 1435 qua:
2684 1381 2769 1422 res
2800 1367 2947 1436 ipsae,
2988 1370 3276 1425 auxiliante
3303 1371 3433 1435 Deo,
3454 1386 3547 1440 per
3587 1386 3752 1426 eorum

2219 1453 2632 1511 sollicitudinem
2661 1455 3004 1512 defensentur
3030 1475 3193 1528 super
3213 1462 3414 1530 scripto
3461 1462 3656 1515 Domini
3691 1462 3751 1515 lui

2221 1543 2477 1611 episcOpo
2520 1560 2629 1613 pra:
2682 1547 2926 1601 manibus
2974 1547 3186 1615 tradidi,
3232 1557 3286 1602 et
3312 1549 3534 1617 qualiter
3575 1549 3752 1604 ibidem

2218 1632 2461 1703 provide,
2485 1634 2591 1701 pie,
2616 1643 2828 1709 rectene
2850 1650 2915 1688 an
2937 1650 3089 1691 secus
3118 1644 3301 1704 ageret
3319 1636 3526 1692 Christo
3552 1638 3754 1691 Domino

2222 1721 2274 1773 in
2296 1735 2353 1774 se
2371 1721 2572 1789 judicio
2596 1734 2959 1792 recognoscat.
3010 1725 3135 1778 Mihi
3185 1736 3362 1780 autem
3414 1726 3539 1779 nihil
3584 1728 3759 1781 exinde

2223 1812 2563 1880 proprietatis
2584 1812 2737 1866 titulo
2760 1817 2969 1882 penitus
3001 1830 3102 1868 non
3127 1816 3407 1876 reservari.
3456 1819 3573 1884 quia
3620 1816 3759 1869 facile

559 1903 734 1965 nibus.
761 1905 961 1983 absque
1006 1906 1110 1958 ulla
1154 1908 1497 1975 pecuniarum
1528 1907 1812 1975 adeptione
1844 1928 1854 1959 :
1889 1908 2116 1976 amplius
2152 1888 2197 1946 Β
2224 1905 2517 1958 contemnit
2546 1906 2723 1959 omnia
2744 1907 2832 1974 qui
2859 1907 3002 1975 cupit
3029 1906 3096 1960 ab
3140 1906 3331 1961 inferni
3382 1906 3613 1961 faucibus
3638 1908 3758 1969 erui,

557 2010 686 2048 vero
707 1994 964 2062 donandi,
978 1996 1219 2063 exigendi
1236 1996 1318 2051 vel
1343 1997 1608 2051 minuendi
1624 1995 1649 2032 ι)
1667 2012 1900 2061 causam,
1919 1997 2113 2051 nullam

558 2086 750 2139 habeat
806 2095 1148 2154 potestatem.
1206 2087 1311 2141 Sed
1364 2102 1463 2142 nec
1527 2103 1622 2158 per
1683 2088 2117 2143 commutationis

556 2178 733 2229 locum
760 2176 1044 2245 quidquam
1092 2192 1158 2231 ex
1213 2178 1314 2233 hoc
1343 2178 1638 2246 auferendi,
1682 2179 1827 2233 nullo
1878 2188 2117 2247 tempore

557 2267 769 2321 occasio
811 2268 891 2321 vel
931 2268 1105 2323 aditus
1152 2269 1433 2333 tribuatur,
1490 2271 1583 2324 sed
1630 2268 2010 2339 perpetualiter
2064 2270 2114 2321 in
2171 2262 2179 2267 ’

556 2364 819 2426 potestate
842 2356 1042 2425 praefati
1072 2360 1288 2413 oratorii
1344 2360 1502 2424 illius,
1535 2360 1766 2428 ipsorum
1801 2374 2112 2429 pauperum,

552 2447 765 2503 Christo
788 2447 1018 2515 favente,
1044 2460 1371 2517 permaneat.
1402 2452 1515 2506 Hoc
1542 2452 1701 2505 etiam
1744 2452 1869 2520 ipsis
1903 2451 2115 2518 pontifi-

554 2540 704 2595 cibus
730 2540 974 2606 obsecro,
1012 2541 1095 2595 vel
1125 2542 1423 2606 committo,
1455 2550 1513 2593 ut
1551 2540 1691 2604 illos,
1746 2550 1767 2577 ο
1813 2554 1906 2607 per
1933 2553 2119 2596 succe-

555 2630 741 2685 dentes
771 2632 1123 2701 temporibus,
1153 2647 1271 2686 cum
1302 2646 1458 2684 casus
1492 2631 1681 2684 mortis
1713 2629 1998 2692 exstiterit,
2032 2630 2118 2682 ah-

557 2722 709 2777 bates
736 2730 827 2775 aut
857 2722 1104 2782 clericos,
1137 2731 1190 2775 ct
1220 2721 1533 2775 clericorum
1578 2723 1790 2789 gradus,
1848 2721 1898 2773 in
1928 2720 2117 2789 eodem

558 2812 678 2867 loco
706 2810 1350 2879 dignenturveldebeant
1380 2811 1673 2874 instituere,
1698 2825 1833 2879 quos
1860 2810 2118 2878 sapientia

556 2911 612 2958 et
653 2902 881 2957 eruditio
922 2902 1318 2973 Scripturarum
1369 2902 1647 2968 clarificat,
1688 2901 1775 2957 vel
1824 2916 1959 2968 quos
2011 2900 2117 2954 vita

558 3003 761 3055 sancta.
793 3003 847 3046 et
875 2994 1013 3049 actio
1045 2996 1204 3059 bona,
1237 3003 1329 3047 aut
1358 2996 1691 3050 coiiversatio
1722 2995 1941 3047 honesta
1971 3008 2117 3045 com-

561 3080 790 3136 mendat.
825 3082 970 3137 Unde
998 3082 1223 3137 obsecro
1275 3082 1699 3137 clementissimis
1746 3081 1956 3148 regibus
2010 3088 2116 3131 tam

559 3174 904 3241 pia-sentibus
926 3188 1084 3240 quam
1111 3172 1322 3238 futuris,
1352 3181 1406 3225 et
1427 3171 1672 3247 omnibus
1700 3171 1751 3224 in
1778 3170 1886 3224 Deo
1910 3170 2117 3237 episco-

561 3267 664 3333 pis,
692 3263 1043 3330 omnibusque
1073 3262 1426 3330 potestatibus
1455 3271 1507 3313 ct
1532 3244 1841 3329 primatibus
1868 3258 2115 3311 omnibus
2144 3234 2188 3295 Ο

559 3358 719 3408 etiam
751 3354 1072 3419 senioribus,
1103 3354 1675 3424 quoscunquejudices
1704 3366 1821 3405 esse
1864 3351 2120 3405 constite-

565 3446 650 3506 rit,
679 3460 775 3512 per
802 3442 1115 3498 ineffabilem
1149 3444 1239 3497 Dei
1261 3444 1723 3509 omnipotentiam,
1778 3456 1873 3510 per
1902 3441 2115 3507 insepa—

562 3532 782 3586 rabilem
815 3531 957 3585 Patri
985 3542 1038 3586 et
1062 3532 1192 3586 Filio
1223 3541 1275 3586 et
1304 3533 1520 3600 Spiritui
1552 3539 1740 3587 sancto
1780 3530 2117 3593 Trinitatem,

567 3635 622 3675 ut
652 3625 789 3677 hanc
820 3625 1147 3677 voluntatem
1188 3637 1357 3675 meam
1395 3639 1491 3691 pro
1521 3623 1676 3675 nullis
1727 3622 2116 3685 occasionibus,

561 3716 699 3767 sicut
722 3714 983 3766 existente
1008 3712 1121 3764 sine
1175 3711 1281 3766 Deo
1328 3713 1615 3780 cupiditate
1643 3727 1729 3765 res
1770 3712 1906 3780 exigi
1961 3712 2116 3776 solet,

566 3802 706 3855 nulla
730 3816 786 3854 ra
813 3803 937 3855 ione
986 3801 1239 3869 nulloque
1294 3810 1534 3870 tempore
1566 3801 1871 3856 convellere
1899 3802 2121 3870 permit-

564 3894 707 3957 tutis,
738 3894 828 3946 sed
858 3907 954 3961 per
980 3892 1393 3947 sollicitudinem
1422 3902 1475 3947 et
1496 3907 1679 3947 curam
1720 3892 1960 3960 episcopi
1991 3906 2123 3945 con-

564 3995 709 4039 stare
755 3986 967 4054 potius,
1026 4000 1124 4054 pro
1174 3986 1471 4040 reverentia
1524 3985 1796 4039 Trinitatis
1827 3986 2120 4046 immensm,

566 4086 745 4131 vestro
775 4085 1035 4144 tempore,
1066 4086 1121 4129 et
1142 4077 1335 4141 studio,
1365 4076 1447 4129 vel
1484 4092 1647 4144 opere
1677 4076 1931 4143 jubeatis.
1976 4078 2121 4142 Qua-

569 4178 723 4221 tenus
753 4175 811 4219 ut
841 4167 930 4220 ille
968 4167 1120 4220 vobis
1173 4166 1474 4221 mercedem
1528 4168 1774 4221 restituat
1821 4168 1872 4219 in
1922 4168 2120 4231 futuro,

565 4259 655 4326 qui
685 4258 786 4311 scil.
807 4272 891 4311 me
918 4256 1281 4327 eleemosynas
1308 4258 1448 4326 ipsas
1469 4259 1634 4312 sancti
1686 4258 1776 4312 Dei
1805 4259 2124 4328 pauperi‘nus

568 4365 662 4418 per
689 4364 924 4402 amorem
954 4349 1159 4403 Domini
1191 4349 1354 4403 nostri
1380 4348 1500 4403 Jesu
1528 4350 1720 4404 Christi
1752 4337 1956 4404 ardenti
1986 4352 2123 4405 desi-

567 4441 717 4494 derio
748 4440 1011 4495 tribuisse.
1045 4441 1099 4494 Si
1129 4441 1247 4509 quis
1277 4442 1413 4495 hanc
1439 4443 1763 4495 voluntatem
1807 4458 1977 4494 meam
2029 4458 2123 4511 pro

568 4529 893 4596 quibuslibet
921 4530 1380 4585 adinventionibus
1398 4546 1487 4584 seu
1516 4532 1964 4601 propositionibus
1985 4536 2119 4586 sicut

571 4618 797 4673 mundus
816 4620 1050 4687 quotidie
1068 4632 1121 4673 et
1150 4623 1354 4691 injuriis
1375 4626 1585 4692 expolio
1616 4626 1817 4690 obvius,
1854 4628 1933 4680 vel
1960 4638 2123 4693 'repc-

570 4710 719 4772 titor,
748 4709 1031 4763 convulsor
1059 4712 1239 4775 etiam,
1289 4720 1381 4764 aut
1424 4714 1794 4779 tergiversator
1843 4715 2125 4778 exstiterit,

573 4800 853 4853 anathema
883 4800 971 4867 sit,
1004 4810 1058 4855 et
1088 4811 1195 4854 tam
1225 4802 1313 4869 qui
1341 4800 1527 4855 fecerit
1556 4819 1712 4871 quam
1757 4805 1844 4872 qui
1888 4806 2128 4858 faciendo

576 4889 926 4953 consenserit,
959 4890 1238 4943 anathema
1267 4889 1336 4944 sit
1370 4908 1381 4942 :
1414 4898 1467 4943 et
1497 4888 1633 4945 sicut
1658 4891 1821 4945 Datan
1850 4900 1903 4946 et
1932 4894 2129 4946 Abiron

574 4979 720 5032 hiatu
753 4987 904 5031 terrae
928 4980 1160 5049 absorpti
1182 4990 1325 5047 sunt,
1354 4982 1599 5036 vivensin
1624 4981 1885 5037 infernum
1906 4983 2130 5038 descen-

576 5072 687 5137 dat,
718 5078 774 5125 et
801 5070 824 5105 ά
850 5068 1017 5128 Zezizn
1044 5070 1238 5125 fraudis
1270 5082 1645 5139 mercatorem,
1696 5082 1749 5126 et
1793 5073 1845 5126 in
1886 5074 2130 5143 praesenti

578 5177 631 5221 et
659 5169 711 5221 in
735 5167 911 5220 futuro
958 5174 1160 5235 partem
1208 5166 1563 5221 damnationis
1606 5166 1955 5236 excipiat:et
2007 5173 2133 5219 tunc

580 5257 789 5310 veniam
823 5266 1201 5324 consequatur,
1253 5256 1463 5322 quando
1513 5266 1896 5311 consecuturus
1951 5266 2033 5311 est
2081 5264 2134 5309 et

583 5350 845 5413 diabolus,
904 5351 993 5416 qui
1042 5366 1099 5405 se
1150 5348 1380 5402 fallendo
1427 5349 1641 5402 :cthcria
1697 5350 1823 5404 sede
1860 5349 2130 5417 dejectus,

581 5450 798 5497 cruenta
829 5439 1221 5503 adinventione,
1248 5439 1399 5492 bonis
1421 5438 1669 5505 operibus
1697 5454 1909 5508 semper
1930 5438 2133 5506 vigilari

587 5532 863 5603 pervigilat
888 5547 903 5584 :
936 5531 1147 5599 insuper
1174 5533 1331 5584 etiam
1364 5532 1555 5584 inferat
1578 5532 1814 5585 societati
1841 5525 2053 5600 quoque
2082 5538 2135 5582 et

655 5698 677 5723 ι·
710 5688 1061 5753 Lindenbrog.
1089 5695 1143 5738 ct
1180 5685 1378 5738 littltt’l...
1405 5686 1613 5737 aratorii
1641 5687 1803 5737 sancti
1834 5685 1993 5737 illius.

665 5757 690 5793 υ
714 5759 880 5810 Causa
912 5774 1007 5825 pro
1036 5774 1110 5816 re,
1144 5764 1197 5805 ut
1230 5758 1420 5805 nostris
1442 5757 1606 5806 chose.
1641 5756 1782 5805 lltcv.

660 5837 677 5859 ι’
708 5822 962 5883 1ἲιι1υιίυξε,
990 5844 1067 5890 μιι
1107 5828 1482 5877 squalentibus
1538 5824 1834 5892 chettdum
1866 5839 1981 5877 cum
2017 5822 2134 5876 Lino

2216 1995 2299 2049 vel
2331 1994 2533 2063 ille.qui
2562 1986 2897 2064 peccaturum
2945 1996 3313 2051 remissionem
3368 1996 3476 2049 Deo
3528 2010 3756 2049 remune-

2217 2094 2367 2138 rante
2395 2084 2676 2149 desiderat,
2706 2095 2799 2138 aut
2824 2086 2910 2139 ille
2932 2087 3020 2155 qui
3049 2101 3258 2156 semper
3287 2087 3484 2155 cogitat
3508 2102 3622 2142 cum
3648 2088 3760 2140 Velt

2218 2178 2350 2233 nolit
2377 2193 2495 2233 esse
2521 2170 2832 2231 moriturum
2866 2197 2875 2230 :
2904 2179 3283 2247 stipulatione,
3317 2187 3423 2233 etc.

2792 2286 2806 2294 ’
2834 2287 3057 2343 CAPUT
3098 2289 3156 2342 11.

2866 2397 3150 2435 PROLOGUS.

2450 2449 2549 2513 Qui
2574 2451 2635 2503 de
2660 2450 2840 2519 grandi
2868 2468 3021 2503 causa
3048 2452 3167 2519 {erit
3198 2451 3541 2504 donationem.

2288 2540 2549 2605 Quantum
2604 2540 2901 2593 intellectus
2950 2556 3245 2607 sensusque
3298 2541 3554 2593 humanus
3602 2545 3762 2605 potet

2218 2638 2394 2683 mente
2423 2630 2598 2697 sagaci
2625 2643 2845 2695 pensare
2872 2639 3030 2697 atque
3072 2630 3258 2683 solerti
3293 2630 3623 2695 imlagatione
3654 2643 3757 2691 per~

2218 2719 2469 2790 pendere,
2500 2719 2627 2773 nihil
2686 2719 2910 2788 amplus
2967 2719 3103 2772 valet
3159 2720 3209 2772 in
3247 2718 3406 2783 hujus
3444 2717 3615 2770 smculi
3661 2716 3761 2769 lucc

2219 2810 2404 2879 gaudia
2438 2810 2648 2878 fugitiva
2694 2809 2923 2872 lutrari,
2990 2824 3143 2878 quam
3173 2808 3311 2877 quod
3344 2807 3411 2859 de
3472 2806 3625 2860 rebus
3666 2806 3763 2859 suis

2219 2903 2349 2957 locis
2397 2900 2782 2956 venerabilibus
2820 2902 2872 2953 in
2924 2900 3186 2954 alimoniis
3228 2914 3516 2968 pauperum
3560 2909 3760 2951 curetur

2220 2994 2522 3063 impendere
2548 3010 2558 3044 :
2588 3002 2847 3059 quatenus
2869 2990 3202 3057 fragilitatem
3231 2998 3454 3051 natum,
3479 3002 3758 3057 quampar-

2219 3090 2327 3139 nes‘
2393 3080 2709 3154 generaliter
2782 3080 3093 3148 patiunturr
3130 3078 3434 3150 priusquam
3504 3076 3758 3130 subitanea

2219 3174 2560 3243 transpos'itio
2587 3173 2798 3226 eveniat
2821 3212 2835 3236 ,
2868 3176 3079 3239 oportet
3110 3185 3205 3239 pro
3250 3168 3417 3223 salute
3438 3171 3620 3221 animm
3645 3167 3760 3232 vigi-

2218 3266 2350 3331 lare,
2380 3276 2438 3320 ut
2464 3281 2566 3319 non
2596 3264 2829 3318 inveniat
2857 3277 3169 3331 quemquam
3220 3262 3553 3331 imparatum,
3584 3268 3636 3314 et
3661 3261 3762 3313 sine

2216 3356 2397 3424 aliquo
2428 3364 2669 3421 respectu
2698 3354 2935 3408 discedat
2956 3368 2986 3407 a
3036 3352 3247 3406 sreculo.
3279 3351 3411 3417 Quin
3444 3350 3614 3419 potius
3649 3346 3763 3401 dum

2216 3448 2433 3516 proprio
2462 3448 2717 3500 libertatis
2737 3446 2858 3514 jure
2878 3446 3137 3508 subsistit,
3160 3459 3224 3497 ex
3240 3443 3452 3496 caducis
3473 3441 3763 3496 substantiis

2217 3539 2266 3589 in
2296 3544 2494 3589 aeterna
2547 3532 2882 3587 tabernacula
2914 3532 3070 3584 vitam
3110 3539 3314 3598 quierat
3373 3528 3595 3583 mercari
3622 3536 3762 3581 ater-

2217 3642 2372 3691 nam;
2412 3634 2468 3677 ut
2518 3624 2655 3677 in'cr
2712 3623 2973 3690 justorum
3010 3620 3333 3675 consortium
3379 3616 3760 3671 desiderabilem

2217 3718 2389 3773 valeat
2415 3715 2629 3784 adipisci
2654 3715 2847 3774 locum.
2878 3720 2931 3767 et
2956 3711 3326 3766 retributorem
3373 3708 3473 3762 sibi
3518 3714 3763 3777 praeparet

2221 3809 2405 3870 Deum,
2440 3817 2496 3859 ut
2523 3807 2589 3860 de
2613 3805 2780 3858 fructu
2806 3804 3118 3857 indelieienti
3144 3801 3371 3870 paradisi
3396 3794 3656 3855 mereatur
3690 3797 3765 3851 lo-

2220 3899 2349 3954 veri.
2377 3898 2449 3950 De
2478 3896 2631 3963 c‘ijus
2660 3898 2780 3949 vivo
2810 3896 2955 3948 fonte
2980 3933 2996 3957 ,
3050 3893 3283 3963 perfecta
3336 3894 3437 3946 fide
3484 3900 3724 3960 poscente
3747 3928 3761 3950 .

2220 4006 2319 4045 nec
2344 3988 2670 4043 subtrahitur
2694 3984 2938 4054 poculum
2960 4026 2976 4050 ,
3020 4000 3116 4038 uec
3140 3984 3391 4037 minuitur
3419 3981 3598 4035 alveus
3619 4022 3632 4043 .
3681 3978 3764 4033 sed

2221 4083 2395 4151 petius
2419 4081 2492 4134 uti
2522 4080 2745 4148 quisque
2768 4078 3019 4141 hauserit,
3052 4076 3295 4143 irrigatus
3326 4073 3600 4129 dulcedine
3627 4072 3762 4129 caeli-

2222 4180 2304 4226 tus
2330 4178 2488 4238 atque
2519 4184 2712 4223 suavus
2744 4167 2791 4221 ei
2815 4168 3062 4236 llagratur
3100 4166 3233 4220 odor
3276 4165 3495 4221 balsami
3521 4164 3761 4237 paradisi.

2690 4275 2815 4316 HF.“
2856 4274 3003 4315 Αιιυε
3043 4270 3326 4314 PROLOGUS.

2294 4354 2346 4405 ln
2374 4352 2587 4405 nomine
2611 4361 2809 4406 sanctae
2837 4349 3127 4403 Trinitatis.
3155 4347 3467 4417 Prosperum
3494 4361 3554 4400 ae
3572 4346 3770 4399 salubre

2225 4444 2499 4495 consilium
2534 4442 2744 4507 imoque
2770 4440 2895 4493 satis
2939 4437 3234 4505 jucundum
3278 4451 3398 4490 esse
3436 4436 3767 4504 dignoscitur.

2228 4543 2283 4585 ut
2312 4534 2469 4587 homo
2499 4533 2566 4585 de
2596 4529 2871 4583 mundanis
2893 4530 3049 4581 rebus
3076 4535 3351 4595 comparet
3379 4523 3694 4593 paradisum,
3720 4530 3766 4573 et

2228 4629 2292 4679 tle
2322 4626 2543 4678 terrenis
2566 4621 2912 4676 transferatur
2958 4620 3007 4672 in
3038 4619 3293 4672 cmlestia.
3344 4616 3431 4671 Sic
3454 4616 3698 4670 Dominus
3726 4613 3770 4665 in

2228 4726 2413 4770 sancto
2449 4714 2734 4781 Evangelio
2784 4712 3088 4781 prmelaram
3128 4710 3335 4762 intonat
3360 4722 3545 4763 vocem
3568 4707 3767 4760 dicens:

2233 4806 2593 4858 Thesaurizate
2620 4803 2753 4855 vobis
2794 4801 3054 4853 thesauros
3082 4798 3135 4851 in
3166 4803 3311 4863 caelo,
3331 4797 3415 4849 ubi
3466 4810 3553 4849 nec
3598 4798 3681 4863 [ur
3702 4797 3774 4860 ef-

2232 4896 2377 4966 fodit,
2411 4912 2498 4947 mc
2528 4894 2662 4945 tinea
2692 4895 2874 4944 sulcat.

2234 5008 2505 5061 l‘netocus
2531 5006 2593 5055 de
2623 5004 2802 5055 clerico
2842 5003 2926 5073 qui
2952 5004 3006 5055 in
3041 5002 3691 5073 monasteriotonsuratur,
3731 5000 3775 5050 et

2516 5091 2662 5127 suum
2688 5090 2792 5125 rem
2828 5070 2895 5124 ad
2938 5074 3103 5141 ipsum
3140 5073 3305 5123 locum
3336 5070 3508 5122 donat.

2305 5169 2470 5223 Debet
2492 5167 2852 5234 unusquisque
2882 5162 3136 5230 largiente
3158 5160 3399 5224 Domino,
3417 5162 3535 5213 dum
3549 5173 3651 5211 ver.
3670 5165 3776 5209 atur

2232 5263 2282 5316 in
2310 5274 2549 5329 corpore,
2575 5254 2745 5309 futura
2778 5264 3031 5316 tractare.
3057 5264 3111 5308 et
3140 5255 3207 5309 de
3233 5254 3447 5309 caducis
3471 5253 3627 5307 rebus
3648 5271 3676 5303 ιι
3697 5268 3773 5304 er-

2233 5352 2341 5405 cari
2370 5360 2588 5409 aeterna,
2611 5356 2667 5401 ut
2696 5346 2909 5413 quando
2935 5343 3149 5414 quidem
3196 5344 3417 5412 jubente
3451 5342 3555 5396 Deo
3577 5342 3645 5396 de
3664 5356 3775 5396 cor-

2234 5456 2362 5508 pore
2391 5440 2567 5509 egredi
2593 5436 2980 5503 contigerit,de
3001 5449 3299 5489 mammona
3325 5434 3615 5502 iniquitatis
3640 5447 3775 5487 man-

2233 5533 2433 5585 sionem
2462 5530 2562 5583 sibi
2608 5528 2836 5595 reperiat
2864 5535 3223 5595 comparatam
3276 5525 3331 5579 in
3365 5524 3533 5583 cmlis.
3591 5522 3775 5580 Idcirco

2236 5686 2547 5754 denbrogio,
2573 5702 2660 5750 per
2682 5685 3001 5737 succcdentia
3031 5692 3275 5749 tempora.

2306 5760 2329 5794 ά
2364 5756 2742 5823 Lindettbrog.,
2770 5772 2881 5807 cum
2912 5754 3073 5806 (ἐξ.κῂ
3128 5810 3139 5811 γ
