  <div class='ocr_page' id='page_1' title='image "/cluster/home/n/w/nwhite01/storage/ocr_20150623/87-88/uva.x000827073/372.png"; bbox 0 0 3886 6226; ppageno 0'>
   <div class='ocr_carea' id='block_1_1' title="bbox 189 428 261 487">
    <p class='ocr_par' dir='ltr' id='par_1_1' title="bbox 189 428 261 487">
     <span class='ocr_line' id='line_1_1' title="bbox 189 428 261 487; baseline 0 0"><span class='ocrx_word' id='word_1_1' title='bbox 189 428 261 487; x_wconf 74' lang='lat'><strong>720</strong></span> 
     </span>
    </p>
   </div>
   <div class='ocr_carea' id='block_1_2' title="bbox 1359 424 2169 510">
    <p class='ocr_par' dir='ltr' id='par_1_2' title="bbox 1359 424 2169 510">
     <span class='ocr_line' id='line_1_2' title="bbox 1359 424 2169 510; baseline 0 -29"><span class='ocrx_word' id='word_1_2' title='bbox 1359 424 1724 510; x_wconf 64' lang='lat' dir='ltr'><strong>FORMULIE.</strong></span> <span class='ocrx_word' id='word_1_3' title='bbox 1767 450 1834 466; x_wconf 88' lang='lat'><strong>-—</strong></span> <span class='ocrx_word' id='word_1_4' title='bbox 1873 425 1998 479; x_wconf 84' lang='lat' dir='ltr'><strong>LIB.</strong></span> <span class='ocrx_word' id='word_1_5' title='bbox 2041 429 2099 480; x_wconf 91' lang='lat' dir='ltr'><strong>ll.</strong></span> <span class='ocrx_word' id='word_1_6' title='bbox 2161 429 2169 433; x_wconf 82' lang='grc'><em>’</em></span> 
     </span>
    </p>
   </div>
   <div class='ocr_carea' id='block_1_3' title="bbox 3243 429 3344 484">
    <p class='ocr_par' dir='ltr' id='par_1_3' title="bbox 3243 429 3344 484">
     <span class='ocr_line' id='line_1_3' title="bbox 3243 429 3344 484; baseline 0.03 -3"><span class='ocrx_word' id='word_1_7' title='bbox 3243 429 3344 484; x_wconf 67' lang='lat' dir='ltr'><strong>77v!)</strong></span> 
     </span>
    </p>
   </div>
   <div class='ocr_carea' id='block_1_4' title="bbox 188 532 3340 612">
    <p class='ocr_par' dir='ltr' id='par_1_4' title="bbox 188 532 3340 612">
     <span class='ocr_line' id='line_1_4' title="bbox 188 532 3340 612; baseline 0.001 -22"><span class='ocrx_word' id='word_1_8' title='bbox 188 557 258 612; x_wconf 68' lang='lat' dir='ltr'><strong>ego</strong></span> <span class='ocrx_word' id='word_1_9' title='bbox 298 537 377 591; x_wconf 91' lang='lat' dir='ltr'><strong>ille</strong></span> <span class='ocrx_word' id='word_1_10' title='bbox 436 534 574 589; x_wconf 82' lang='lat' dir='ltr'><strong>cedo</strong></span> <span class='ocrx_word' id='word_1_11' title='bbox 611 536 676 591; x_wconf 86' lang='lat' dir='ltr'><strong>ad</strong></span> <span class='ocrx_word' id='word_1_12' title='bbox 713 535 1082 591; x_wconf 76' lang='lat' dir='ltr'><strong>monasterium</strong></span> <span class='ocrx_word' id='word_1_13' title='bbox 1129 535 1274 599; x_wconf 87' lang='lat' dir='ltr'><strong>illud,</strong></span> <span class='ocrx_word' id='word_1_14' title='bbox 1314 535 1400 588; x_wconf 91' lang='lat' dir='ltr'><strong>ubi</strong></span> <span class='ocrx_word' id='word_1_15' title='bbox 1429 535 1590 596; x_wconf 85' lang='lat' dir='ltr'><strong>abbas</strong></span> <span class='ocrx_word' id='word_1_16' title='bbox 1617 534 1704 587; x_wconf 90' lang='lat' dir='ltr'><strong>ille</strong></span> <span class='ocrx_word' id='word_1_17' title='bbox 1733 535 1778 592; x_wconf 88' lang='lat' dir='ltr'><strong>A</strong></span> <span class='ocrx_word' id='word_1_18' title='bbox 1808 550 1992 591; x_wconf 86' lang='lat' dir='ltr'><strong>namus</strong></span> <span class='ocrx_word' id='word_1_19' title='bbox 2017 578 2032 601; x_wconf 92' lang='lat'><strong>,</strong></span> <span class='ocrx_word' id='word_1_20' title='bbox 2073 536 2432 604; x_wconf 88' lang='lat' dir='ltr'><strong>donatumque</strong></span> <span class='ocrx_word' id='word_1_21' title='bbox 2467 532 2520 589; x_wconf 91' lang='lat' dir='ltr'><strong>ln</strong></span> <span class='ocrx_word' id='word_1_22' title='bbox 2557 544 2866 605; x_wconf 89' lang='lat' dir='ltr'><strong>perpetuum</strong></span> <span class='ocrx_word' id='word_1_23' title='bbox 2916 551 3034 591; x_wconf 87' lang='lat' dir='ltr'><strong>esse</strong></span> <span class='ocrx_word' id='word_1_24' title='bbox 3071 539 3340 603; x_wconf 86' lang='lat' dir='ltr'><strong>volumus,</strong></span> 
     </span>
    </p>
   </div>
   <div class='ocr_carea' id='block_1_5' title="bbox 191 612 1694 694">
    <p class='ocr_par' dir='ltr' id='par_1_5' title="bbox 191 612 1694 694">
     <span class='ocr_line' id='line_1_5' title="bbox 191 612 1694 694; baseline -0.006 -9"><span class='ocrx_word' id='word_1_25' title='bbox 191 637 328 684; x_wconf 73' lang='lat' dir='ltr'><strong>iustos</strong></span> <span class='ocrx_word' id='word_1_26' title='bbox 351 639 579 694; x_wconf 60' lang='grc' dir='ltr'>ιιι-εοεαε</span> <span class='ocrx_word' id='word_1_27' title='bbox 606 612 829 690; x_wconf 82' lang='lat' dir='ltr'><strong>videtur,</strong></span> <span class='ocrx_word' id='word_1_28' title='bbox 849 639 896 678; x_wconf 82' lang='lat' dir='ltr'><strong>et</strong></span> <span class='ocrx_word' id='word_1_29' title='bbox 920 640 1126 679; x_wconf 81' lang='lat' dir='ltr'><strong>comam</strong></span> <span class='ocrx_word' id='word_1_30' title='bbox 1155 625 1343 691; x_wconf 65' lang='lat' dir='ltr'><strong>capitis</strong></span> <span class='ocrx_word' id='word_1_31' title='bbox 1373 624 1471 676; x_wconf 90' lang='lat' dir='ltr'><strong>mei</strong></span> <span class='ocrx_word' id='word_1_32' title='bbox 1502 623 1694 678; x_wconf 83' lang='lat' dir='ltr'><strong>ibidem</strong></span> 
     </span>
    </p>
   </div>
   <div class='ocr_carea' id='block_1_6' title="bbox 191 715 1695 788">
    <p class='ocr_par' dir='ltr' id='par_1_6' title="bbox 191 715 1695 788">
     <span class='ocr_line' id='line_1_6' title="bbox 191 715 1695 788; baseline -0.003 -15"><span class='ocrx_word' id='word_1_33' title='bbox 191 716 388 788; x_wconf 77' lang='lat' dir='ltr'><strong>deposui,</strong></span> <span class='ocrx_word' id='word_1_34' title='bbox 413 722 469 770; x_wconf 87' lang='lat' dir='ltr'><strong>et</strong></span> <span class='ocrx_word' id='word_1_35' title='bbox 491 715 543 768; x_wconf 92' lang='lat' dir='ltr'><strong>in</strong></span> <span class='ocrx_word' id='word_1_36' title='bbox 571 715 687 784; x_wconf 87' lang='lat' dir='ltr'><strong>ipso</strong></span> <span class='ocrx_word' id='word_1_37' title='bbox 705 717 1024 770; x_wconf 87' lang='lat' dir='ltr'><strong>monasterio</strong></span> <span class='ocrx_word' id='word_1_38' title='bbox 1053 717 1151 768; x_wconf 89' lang='lat' dir='ltr'><strong>sub</strong></span> <span class='ocrx_word' id='word_1_39' title='bbox 1181 730 1363 769; x_wconf 84' lang='lat' dir='ltr'><strong>norma</strong></span> <span class='ocrx_word' id='word_1_40' title='bbox 1389 723 1695 770; x_wconf 86' lang='lat' dir='ltr'><strong>sanctorum</strong></span> 
     </span>
    </p>
   </div>
   <div class='ocr_carea' id='block_1_7' title="bbox 191 803 1563 875">
    <p class='ocr_par' dir='ltr' id='par_1_7' title="bbox 191 803 1563 875">
     <span class='ocr_line' id='line_1_7' title="bbox 191 803 1563 875; baseline -0.006 -11"><span class='ocrx_word' id='word_1_41' title='bbox 191 811 328 865; x_wconf 78' lang='lat' dir='ltr'><strong>vivere</strong></span> <span class='ocrx_word' id='word_1_42' title='bbox 347 806 500 875; x_wconf 87' lang='lat' dir='ltr'><strong>cupio</strong></span> <span class='ocrx_word' id='word_1_43' title='bbox 519 817 840 873; x_wconf 74' lang='lat' dir='ltr'><strong>cassumque</strong></span> <span class='ocrx_word' id='word_1_44' title='bbox 874 806 924 857; x_wconf 89' lang='lat' dir='ltr'><strong>in</strong></span> <span class='ocrx_word' id='word_1_45' title='bbox 950 811 1256 872; x_wconf 87' lang='lat' dir='ltr'><strong>perpetuum</strong></span> <span class='ocrx_word' id='word_1_46' title='bbox 1285 818 1401 858; x_wconf 90' lang='lat' dir='ltr'><strong>esse</strong></span> <span class='ocrx_word' id='word_1_47' title='bbox 1423 803 1563 857; x_wconf 92' lang='lat' dir='ltr'><strong>volo.</strong></span> 
     </span>
    </p>
   </div>
   <div class='ocr_carea' id='block_1_8' title="bbox 694 908 1120 948">
    <p class='ocr_par' dir='ltr' id='par_1_8' title="bbox 694 908 1120 948">
     <span class='ocr_line' id='line_1_8' title="bbox 694 908 1120 948; baseline -0.002 -1"><span class='ocrx_word' id='word_1_48' title='bbox 694 910 819 947; x_wconf 72' lang='lat' dir='ltr'><strong>ITEI</strong></span> <span class='ocrx_word' id='word_1_49' title='bbox 858 908 1120 948; x_wconf 69' lang='lat' dir='ltr'><strong>PROLOGUS</strong></span> 
     </span>
    </p>
   </div>
   <div class='ocr_carea' id='block_1_9' title="bbox 241 972 1696 1057">
    <p class='ocr_par' dir='ltr' id='par_1_9' title="bbox 241 972 1696 1057">
     <span class='ocr_line' id='line_1_9' title="bbox 241 972 1696 1057; baseline -0.005 -16"><span class='ocrx_word' id='word_1_50' title='bbox 241 990 574 1057; x_wconf 75' lang='lat' dir='ltr'><strong>Opportunum</strong></span> <span class='ocrx_word' id='word_1_51' title='bbox 598 991 676 1038; x_wconf 85' lang='lat' dir='ltr'><strong>est</strong></span> <span class='ocrx_word' id='word_1_52' title='bbox 699 972 1139 1052; x_wconf 78' lang='lat' dir='ltr'><strong>unumquemque.</strong></span> <span class='ocrx_word' id='word_1_53' title='bbox 1157 983 1280 1036; x_wconf 88' lang='lat' dir='ltr'><strong>dum</strong></span> <span class='ocrx_word' id='word_1_54' title='bbox 1304 991 1455 1036; x_wconf 69' lang='lat' dir='ltr'><strong>terrae</strong></span> <span class='ocrx_word' id='word_1_55' title='bbox 1480 995 1696 1035; x_wconf 89' lang='lat' dir='ltr'><strong>munera</strong></span> 
     </span>
    </p>
   </div>
   <div class='ocr_carea' id='block_1_10' title="bbox 193 1072 1698 1151">
    <p class='ocr_par' dir='ltr' id='par_1_10' title="bbox 193 1072 1698 1151">
     <span class='ocr_line' id='line_1_10' title="bbox 193 1072 1698 1151; baseline -0.007 -18"><span class='ocrx_word' id='word_1_56' title='bbox 193 1077 512 1151; x_wconf 11' lang='lat' dir='ltr'><strong>possidet,‘pro</strong></span> <span class='ocrx_word' id='word_1_57' title='bbox 531 1074 707 1127; x_wconf 86' lang='lat' dir='ltr'><strong>anima</strong></span> <span class='ocrx_word' id='word_1_58' title='bbox 724 1088 818 1128; x_wconf 84' lang='lat' dir='ltr'><strong>sua</strong></span> <span class='ocrx_word' id='word_1_59' title='bbox 841 1072 1166 1140; x_wconf 80' lang='lat' dir='ltr'><strong>frequentius</strong></span> <span class='ocrx_word' id='word_1_60' title='bbox 1185 1073 1439 1140; x_wconf 77' lang='lat' dir='ltr'><strong>cogitare,</strong></span> <span class='ocrx_word' id='word_1_61' title='bbox 1455 1079 1511 1126; x_wconf 93' lang='lat' dir='ltr'><strong>ut</strong></span> <span class='ocrx_word' id='word_1_62' title='bbox 1533 1079 1698 1124; x_wconf 89' lang='lat' dir='ltr'><strong>terre-</strong></span> 
     </span>
    </p>
   </div>
   <div class='ocr_carea' id='block_1_11' title="bbox 195 1149 1700 1233">
    <p class='ocr_par' dir='ltr' id='par_1_11' title="bbox 195 1149 1700 1233">
     <span class='ocr_line' id='line_1_11' title="bbox 195 1149 1700 1233; baseline -0.008 -8"><span class='ocrx_word' id='word_1_63' title='bbox 195 1149 286 1226; x_wconf 81' lang='lat' dir='ltr'><strong>nam</strong></span> <span class='ocrx_word' id='word_1_64' title='bbox 309 1149 675 1222; x_wconf 61' lang='lat' dir='ltr'><strong>bealitudinem</strong></span> <span class='ocrx_word' id='word_1_65' title='bbox 700 1165 973 1233; x_wconf 87' lang='lat' dir='ltr'><strong>possidere</strong></span> <span class='ocrx_word' id='word_1_66' title='bbox 1001 1172 1284 1217; x_wconf 87' lang='lat' dir='ltr'><strong>mereatur.</strong></span> <span class='ocrx_word' id='word_1_67' title='bbox 1334 1163 1472 1230; x_wconf 82' lang='lat' dir='ltr'><strong>Ergo</strong></span> <span class='ocrx_word' id='word_1_68' title='bbox 1498 1162 1700 1216; x_wconf 87' lang='lat' dir='ltr'><strong>illuster</strong></span> 
     </span>
    </p>
   </div>
   <div class='ocr_carea' id='block_1_12' title="bbox 195 1251 1697 1320">
    <p class='ocr_par' dir='ltr' id='par_1_12' title="bbox 195 1251 1697 1320">
     <span class='ocr_line' id='line_1_12' title="bbox 195 1251 1697 1320; baseline -0.005 -8"><span class='ocrx_word' id='word_1_69' title='bbox 195 1261 254 1312; x_wconf 84' lang='lat' dir='ltr'><strong>vir</strong></span> <span class='ocrx_word' id='word_1_70' title='bbox 272 1257 362 1319; x_wconf 90' lang='lat' dir='ltr'><strong>ille,</strong></span> <span class='ocrx_word' id='word_1_71' title='bbox 390 1256 557 1310; x_wconf 89' lang='lat' dir='ltr'><strong>sentio</strong></span> <span class='ocrx_word' id='word_1_72' title='bbox 588 1269 673 1309; x_wconf 91' lang='lat' dir='ltr'><strong>me</strong></span> <span class='ocrx_word' id='word_1_73' title='bbox 704 1253 836 1307; x_wconf 89' lang='lat' dir='ltr'><strong>infra</strong></span> <span class='ocrx_word' id='word_1_74' title='bbox 865 1267 1060 1320; x_wconf 90' lang='lat' dir='ltr'><strong>corpus</strong></span> <span class='ocrx_word' id='word_1_75' title='bbox 1077 1266 1248 1306; x_wconf 86' lang='lat' dir='ltr'><strong>meum</strong></span> <span class='ocrx_word' id='word_1_76' title='bbox 1278 1251 1538 1304; x_wconf 88' lang='lat' dir='ltr'><strong>inlirmum</strong></span> <span class='ocrx_word' id='word_1_77' title='bbox 1558 1265 1697 1314; x_wconf 88' lang='lat' dir='ltr'><strong>esse,</strong></span> 
     </span>
    </p>
   </div>
   <div class='ocr_carea' id='block_1_13' title="bbox 194 1336 1700 1407">
    <p class='ocr_par' dir='ltr' id='par_1_13' title="bbox 194 1336 1700 1407">
     <span class='ocr_line' id='line_1_13' title="bbox 194 1336 1700 1407; baseline -0.009 -4"><span class='ocrx_word' id='word_1_78' title='bbox 194 1359 235 1403; x_wconf 88' lang='lat' dir='ltr'><strong>et</strong></span> <span class='ocrx_word' id='word_1_79' title='bbox 253 1345 365 1400; x_wconf 85' lang='lat' dir='ltr'><strong>infra</strong></span> <span class='ocrx_word' id='word_1_80' title='bbox 387 1345 608 1397; x_wconf 87' lang='lat' dir='ltr'><strong>animam</strong></span> <span class='ocrx_word' id='word_1_81' title='bbox 647 1355 818 1396; x_wconf 82' lang='lat' dir='ltr'><strong>meam</strong></span> <span class='ocrx_word' id='word_1_82' title='bbox 874 1341 1030 1393; x_wconf 88' lang='lat' dir='ltr'><strong>nimis</strong></span> <span class='ocrx_word' id='word_1_83' title='bbox 1057 1354 1172 1394; x_wconf 89' lang='lat' dir='ltr'><strong>esse</strong></span> <span class='ocrx_word' id='word_1_84' title='bbox 1193 1347 1547 1407; x_wconf 80' lang='lat' dir='ltr'><strong>peccatorem.</strong></span> <span class='ocrx_word' id='word_1_85' title='bbox 1595 1336 1700 1390; x_wconf 83' lang='lat' dir='ltr'><strong>Ad-</strong></span> 
     </span>
    </p>
   </div>
   <div class='ocr_carea' id='block_1_14' title="bbox 196 1427 1700 1509">
    <p class='ocr_par' dir='ltr' id='par_1_14' title="bbox 196 1427 1700 1509">
     <span class='ocr_line' id='line_1_14' title="bbox 196 1427 1700 1509; baseline -0.008 -16"><span class='ocrx_word' id='word_1_86' title='bbox 196 1445 332 1494; x_wconf 82' lang='lat' dir='ltr'><strong>monet</strong></span> <span class='ocrx_word' id='word_1_87' title='bbox 368 1450 450 1489; x_wconf 89' lang='lat' dir='ltr'><strong>me</strong></span> <span class='ocrx_word' id='word_1_88' title='bbox 486 1433 661 1488; x_wconf 89' lang='lat' dir='ltr'><strong>divina</strong></span> <span class='ocrx_word' id='word_1_89' title='bbox 699 1431 933 1509; x_wconf 71' lang='lat' dir='ltr'><strong>potentia</strong></span> <span class='ocrx_word' id='word_1_90' title='bbox 962 1471 976 1496; x_wconf 92' lang='lat'><strong>,</strong></span> <span class='ocrx_word' id='word_1_91' title='bbox 1019 1429 1101 1484; x_wconf 92' lang='lat' dir='ltr'><strong>vel</strong></span> <span class='ocrx_word' id='word_1_92' title='bbox 1151 1428 1488 1498; x_wconf 90' lang='lat' dir='ltr'><strong>compunctio</strong></span> <span class='ocrx_word' id='word_1_93' title='bbox 1524 1427 1700 1482; x_wconf 83' lang='lat' dir='ltr'><strong>cordis</strong></span> 
     </span>
    </p>
   </div>
   <div class='ocr_carea' id='block_1_15' title="bbox 196 1524 1696 1598">
    <p class='ocr_par' dir='ltr' id='par_1_15' title="bbox 196 1524 1696 1598">
     <span class='ocr_line' id='line_1_15' title="bbox 196 1524 1696 1598; baseline -0.01 -15"><span class='ocrx_word' id='word_1_94' title='bbox 196 1527 274 1598; x_wconf 79' lang='lat' dir='ltr'><strong>mei</strong></span> <span class='ocrx_word' id='word_1_95' title='bbox 298 1524 414 1598; x_wconf 79' lang='lat' dir='ltr'><strong>mihi</strong></span> <span class='ocrx_word' id='word_1_96' title='bbox 439 1524 668 1584; x_wconf 83' lang='lat' dir='ltr'><strong>obvenit,</strong></span> <span class='ocrx_word' id='word_1_97' title='bbox 697 1531 755 1575; x_wconf 91' lang='lat' dir='ltr'><strong>ut</strong></span> <span class='ocrx_word' id='word_1_98' title='bbox 777 1536 872 1590; x_wconf 91' lang='lat' dir='ltr'><strong>pro</strong></span> <span class='ocrx_word' id='word_1_99' title='bbox 893 1529 1238 1589; x_wconf 73' lang='lat' dir='ltr'><strong>peccatorum</strong></span> <span class='ocrx_word' id='word_1_100' title='bbox 1259 1533 1496 1572; x_wconf 89' lang='lat' dir='ltr'><strong>meorum</strong></span> <span class='ocrx_word' id='word_1_101' title='bbox 1523 1531 1696 1570; x_wconf 86' lang='lat' dir='ltr'><strong>reme-</strong></span> 
     </span>
    </p>
   </div>
   <div class='ocr_carea' id='block_1_16' title="bbox 195 1595 1699 1682">
    <p class='ocr_par' dir='ltr' id='par_1_16' title="bbox 195 1595 1699 1682">
     <span class='ocr_line' id='line_1_16' title="bbox 195 1595 1699 1682; baseline -0.008 -11"><span class='ocrx_word' id='word_1_102' title='bbox 195 1595 264 1672; x_wconf 76' lang='lat' dir='ltr'><strong>dio</strong></span> <span class='ocrx_word' id='word_1_103' title='bbox 285 1595 461 1682; x_wconf 74' lang='lat' dir='ltr'><strong>aliquid</strong></span> <span class='ocrx_word' id='word_1_104' title='bbox 488 1611 553 1667; x_wconf 89' lang='lat' dir='ltr'><strong>de</strong></span> <span class='ocrx_word' id='word_1_105' title='bbox 573 1611 729 1666; x_wconf 90' lang='lat' dir='ltr'><strong>rebus</strong></span> <span class='ocrx_word' id='word_1_106' title='bbox 756 1610 888 1664; x_wconf 87' lang='lat' dir='ltr'><strong>meis</strong></span> <span class='ocrx_word' id='word_1_107' title='bbox 938 1609 1070 1664; x_wconf 85' lang='lat' dir='ltr'><strong>locis</strong></span> <span class='ocrx_word' id='word_1_108' title='bbox 1109 1617 1410 1663; x_wconf 86' lang='lat' dir='ltr'><strong>sanctorum</strong></span> <span class='ocrx_word' id='word_1_109' title='bbox 1455 1605 1699 1674; x_wconf 74' lang='lat' dir='ltr'><strong>delegare</strong></span> 
     </span>
    </p>
   </div>
   <div class='ocr_carea' id='block_1_17' title="bbox 197 1698 852 1762">
    <p class='ocr_par' dir='ltr' id='par_1_17' title="bbox 197 1698 852 1762">
     <span class='ocr_line' id='line_1_17' title="bbox 197 1698 852 1762; baseline -0.018 0"><span class='ocrx_word' id='word_1_110' title='bbox 197 1705 392 1761; x_wconf 46' lang='lat' dir='ltr'><strong>deblam.</strong></span> <span class='ocrx_word' id='word_1_111' title='bbox 421 1698 540 1755; x_wconf 81' lang='lat' dir='ltr'><strong>Ideo</strong></span> <span class='ocrx_word' id='word_1_112' title='bbox 561 1701 714 1762; x_wconf 89' lang='lat' dir='ltr'><strong>cedo,</strong></span> <span class='ocrx_word' id='word_1_113' title='bbox 747 1707 852 1752; x_wconf 85' lang='lat' dir='ltr'><strong>etc.</strong></span> 
     </span>
    </p>
   </div>
   <div class='ocr_carea' id='block_1_18' title="bbox 702 1801 1152 1842">
    <p class='ocr_par' dir='ltr' id='par_1_18' title="bbox 702 1801 1152 1842">
     <span class='ocr_line' id='line_1_18' title="bbox 702 1801 1152 1842; baseline -0.004 -1"><span class='ocrx_word' id='word_1_114' title='bbox 702 1804 827 1842; x_wconf 72' lang='grc' dir='ltr'><strong>ιτευ</strong></span> <span class='ocrx_word' id='word_1_115' title='bbox 868 1801 1152 1842; x_wconf 73' lang='lat' dir='ltr'><strong>PROLOGUS.</strong></span> 
     </span>
    </p>
   </div>
   <div class='ocr_carea' id='block_1_19' title="bbox 1795 613 3338 694">
    <p class='ocr_par' dir='ltr' id='par_1_19' title="bbox 1795 613 3338 694">
     <span class='ocr_line' id='line_1_19' title="bbox 1795 613 3338 694; baseline 0.003 -17"><span class='ocrx_word' id='word_1_116' title='bbox 1795 632 1956 692; x_wconf 88' lang='lat' dir='ltr'><strong>atque</strong></span> <span class='ocrx_word' id='word_1_117' title='bbox 1981 626 2046 679; x_wconf 92' lang='lat' dir='ltr'><strong>de</strong></span> <span class='ocrx_word' id='word_1_118' title='bbox 2070 624 2190 691; x_wconf 88' lang='lat' dir='ltr'><strong>jure</strong></span> <span class='ocrx_word' id='word_1_119' title='bbox 2206 632 2390 679; x_wconf 91' lang='lat' dir='ltr'><strong>nostro</strong></span> <span class='ocrx_word' id='word_1_120' title='bbox 2421 625 2472 678; x_wconf 92' lang='lat' dir='ltr'><strong>in</strong></span> <span class='ocrx_word' id='word_1_121' title='bbox 2497 613 2814 694; x_wconf 84' lang='lat' dir='ltr'><strong>potestatem</strong></span> <span class='ocrx_word' id='word_1_122' title='bbox 2837 636 2891 680; x_wconf 89' lang='lat' dir='ltr'><strong>et</strong></span> <span class='ocrx_word' id='word_1_123' title='bbox 2925 627 3338 694; x_wconf 75' lang='lat' dir='ltr'><strong>dominationem</strong></span> 
     </span>
    </p>
   </div>
   <div class='ocr_carea' id='block_1_20' title="bbox 1795 713 3340 783">
    <p class='ocr_par' dir='ltr' id='par_1_20' title="bbox 1795 713 3340 783">
     <span class='ocr_line' id='line_1_20' title="bbox 1795 713 3340 783; baseline 0.004 -17"><span class='ocrx_word' id='word_1_124' title='bbox 1795 714 2101 768; x_wconf 87' lang='lat' dir='ltr'><strong>monasterii</strong></span> <span class='ocrx_word' id='word_1_125' title='bbox 2126 714 2282 778; x_wconf 90' lang='lat' dir='ltr'><strong>illius,</strong></span> <span class='ocrx_word' id='word_1_126' title='bbox 2314 715 2365 768; x_wconf 92' lang='lat' dir='ltr'><strong>in</strong></span> <span class='ocrx_word' id='word_1_127' title='bbox 2404 713 2606 768; x_wconf 87' lang='lat' dir='ltr'><strong>honore</strong></span> <span class='ocrx_word' id='word_1_128' title='bbox 2633 713 2806 778; x_wconf 86' lang='lat' dir='ltr'><strong>illius,’</strong></span> <span class='ocrx_word' id='word_1_129' title='bbox 2824 713 3031 768; x_wconf 84' lang='lat' dir='ltr'><strong>abbatis</strong></span> <span class='ocrx_word' id='word_1_130' title='bbox 3069 716 3245 783; x_wconf 86' lang='lat' dir='ltr'><strong>illius,</strong></span> <span class='ocrx_word' id='word_1_131' title='bbox 3289 720 3340 772; x_wconf 92' lang='lat' dir='ltr'><strong>in</strong></span> 
     </span>
    </p>
   </div>
   <div class='ocr_carea' id='block_1_21' title="bbox 1795 802 3346 872">
    <p class='ocr_par' dir='ltr' id='par_1_21' title="bbox 1795 802 3346 872">
     <span class='ocr_line' id='line_1_21' title="bbox 1795 802 3346 872; baseline 0.003 -18"><span class='ocrx_word' id='word_1_132' title='bbox 1795 815 1930 870; x_wconf 88' lang='lat' dir='ltr'><strong>pago</strong></span> <span class='ocrx_word' id='word_1_133' title='bbox 1958 802 2049 856; x_wconf 91' lang='lat' dir='ltr'><strong>illo</strong></span> <span class='ocrx_word' id='word_1_134' title='bbox 2076 803 2385 866; x_wconf 81' lang='lat' dir='ltr'><strong>constructi,</strong></span> <span class='ocrx_word' id='word_1_135' title='bbox 2429 802 2516 856; x_wconf 92' lang='lat' dir='ltr'><strong>ubi</strong></span> <span class='ocrx_word' id='word_1_136' title='bbox 2541 811 2730 870; x_wconf 65' lang='lat' dir='ltr'><strong>praeest</strong></span> <span class='ocrx_word' id='word_1_137' title='bbox 2771 805 3090 858; x_wconf 81' lang='lat' dir='ltr'><strong>venerabilis</strong></span> <span class='ocrx_word' id='word_1_138' title='bbox 3136 806 3224 861; x_wconf 89' lang='lat' dir='ltr'><strong>ille</strong></span> <span class='ocrx_word' id='word_1_139' title='bbox 3252 808 3346 872; x_wconf 85' lang='lat' dir='ltr'><strong>ab-</strong></span> 
     </span>
    </p>
   </div>
   <div class='ocr_carea' id='block_1_22' title="bbox 1796 875 3345 960">
    <p class='ocr_par' dir='ltr' id='par_1_22' title="bbox 1796 875 3345 960">
     <span class='ocr_line' id='line_1_22' title="bbox 1796 875 3345 960; baseline 0.005 -17"><span class='ocrx_word' id='word_1_140' title='bbox 1796 890 1910 950; x_wconf 89' lang='lat' dir='ltr'><strong>bas.</strong></span> <span class='ocrx_word' id='word_1_141' title='bbox 1938 889 2024 944; x_wconf 88' lang='lat' dir='ltr'><strong>vel</strong></span> <span class='ocrx_word' id='word_1_142' title='bbox 2049 898 2219 944; x_wconf 89' lang='lat' dir='ltr'><strong>turma</strong></span> <span class='ocrx_word' id='word_1_143' title='bbox 2255 891 2480 960; x_wconf 87' lang='lat' dir='ltr'><strong>plurima</strong></span> <span class='ocrx_word' id='word_1_144' title='bbox 2497 893 2872 946; x_wconf 87' lang='lat' dir='ltr'><strong>monachorum</strong></span> <span class='ocrx_word' id='word_1_145' title='bbox 2896 875 3153 960; x_wconf 51' lang='lat' dir='ltr'><strong>adunata;</strong></span> <span class='ocrx_word' id='word_1_146' title='bbox 3175 906 3345 950; x_wconf 87' lang='lat' dir='ltr'><strong>trans-</strong></span> 
     </span>
    </p>
   </div>
   <div class='ocr_carea' id='block_1_23' title="bbox 1797 981 3344 1054">
    <p class='ocr_par' dir='ltr' id='par_1_23' title="bbox 1797 981 3344 1054">
     <span class='ocr_line' id='line_1_23' title="bbox 1797 981 3344 1054; baseline 0.003 -19"><span class='ocrx_word' id='word_1_147' title='bbox 1797 981 2054 1036; x_wconf 86' lang='lat' dir='ltr'><strong>mittimus</strong></span> <span class='ocrx_word' id='word_1_148' title='bbox 2107 991 2268 1049; x_wconf 90' lang='lat' dir='ltr'><strong>atque</strong></span> <span class='ocrx_word' id='word_1_149' title='bbox 2320 982 2924 1038; x_wconf 80' lang='lat' dir='ltr'><strong>transfundimus&quot;villas</strong></span> <span class='ocrx_word' id='word_1_150' title='bbox 2977 996 3344 1054; x_wconf 89' lang='lat' dir='ltr'><strong>nuncupantes</strong></span> 
     </span>
    </p>
   </div>
   <div class='ocr_carea' id='block_1_24' title="bbox 1797 1073 3335 1154">
    <p class='ocr_par' dir='ltr' id='par_1_24' title="bbox 1797 1073 3335 1154">
     <span class='ocr_line' id='line_1_24' title="bbox 1797 1073 3335 1154; baseline 0.003 -26"><span class='ocrx_word' id='word_1_151' title='bbox 1797 1074 1934 1137; x_wconf 89' lang='lat' dir='ltr'><strong>illas,</strong></span> <span class='ocrx_word' id='word_1_152' title='bbox 1948 1073 2076 1127; x_wconf 91' lang='lat' dir='ltr'><strong>sitas</strong></span> <span class='ocrx_word' id='word_1_153' title='bbox 2098 1073 2152 1126; x_wconf 70' lang='lat' dir='ltr'><strong>in‘</strong></span> <span class='ocrx_word' id='word_1_154' title='bbox 2171 1088 2305 1154; x_wconf 86' lang='lat' dir='ltr'><strong>pago</strong></span> <span class='ocrx_word' id='word_1_155' title='bbox 2328 1073 2437 1140; x_wconf 89' lang='lat' dir='ltr'><strong>illo,</strong></span> <span class='ocrx_word' id='word_1_156' title='bbox 2461 1089 2580 1131; x_wconf 88' lang='lat' dir='ltr'><strong>cum</strong></span> <span class='ocrx_word' id='word_1_157' title='bbox 2600 1075 2776 1140; x_wconf 89' lang='lat' dir='ltr'><strong>terris,</strong></span> <span class='ocrx_word' id='word_1_158' title='bbox 2795 1076 3057 1139; x_wconf 81' lang='lat' dir='ltr'><strong>domibus,</strong></span> <span class='ocrx_word' id='word_1_159' title='bbox 3078 1077 3335 1138; x_wconf 65' lang='lat' dir='ltr'><strong>aediliciis,</strong></span> 
     </span>
    </p>
   </div>
   <div class='ocr_carea' id='block_1_25' title="bbox 1797 1163 3344 1235">
    <p class='ocr_par' dir='ltr' id='par_1_25' title="bbox 1797 1163 3344 1235">
     <span class='ocr_line' id='line_1_25' title="bbox 1797 1163 3344 1235; baseline 0.003 -19"><span class='ocrx_word' id='word_1_160' title='bbox 1797 1165 2094 1228; x_wconf 68' lang='lat' dir='ltr'><strong>aceolabus,</strong></span> <span class='ocrx_word' id='word_1_161' title='bbox 2127 1163 2426 1232; x_wconf 85' lang='lat' dir='ltr'><strong>mancipiis,</strong></span> <span class='ocrx_word' id='word_1_162' title='bbox 2451 1163 2616 1219; x_wconf 88' lang='lat' dir='ltr'><strong>vineis</strong></span> <span class='ocrx_word' id='word_1_163' title='bbox 2639 1204 2654 1227; x_wconf 92' lang='lat'><strong>,</strong></span> <span class='ocrx_word' id='word_1_164' title='bbox 2693 1165 2840 1219; x_wconf 79' lang='lat' dir='ltr'><strong>silvis</strong></span> <span class='ocrx_word' id='word_1_165' title='bbox 2859 1203 2874 1228; x_wconf 94' lang='lat'><strong>,</strong></span> <span class='ocrx_word' id='word_1_166' title='bbox 2913 1167 3130 1232; x_wconf 87' lang='lat' dir='ltr'><strong>campis,</strong></span> <span class='ocrx_word' id='word_1_167' title='bbox 3157 1169 3344 1235; x_wconf 81' lang='lat' dir='ltr'><strong>pratis,</strong></span> 
     </span>
    </p>
   </div>
   <div class='ocr_carea' id='block_1_26' title="bbox 1799 1251 3342 1322">
    <p class='ocr_par' dir='ltr' id='par_1_26' title="bbox 1799 1251 3342 1322">
     <span class='ocr_line' id='line_1_26' title="bbox 1799 1251 3342 1322; baseline 0.003 -18"><span class='ocrx_word' id='word_1_168' title='bbox 1799 1251 2028 1320; x_wconf 84' lang='lat' dir='ltr'><strong>pascuis,</strong></span> <span class='ocrx_word' id='word_1_169' title='bbox 2050 1266 2201 1321; x_wconf 81' lang='lat' dir='ltr'><strong>aquis</strong></span> <span class='ocrx_word' id='word_1_170' title='bbox 2217 1266 2538 1321; x_wconf 88' lang='lat' dir='ltr'><strong>aquarumve</strong></span> <span class='ocrx_word' id='word_1_171' title='bbox 2561 1251 2886 1317; x_wconf 86' lang='lat' dir='ltr'><strong>decursibus,</strong></span> <span class='ocrx_word' id='word_1_172' title='bbox 2903 1253 3181 1321; x_wconf 89' lang='lat' dir='ltr'><strong>adjunctis,</strong></span> <span class='ocrx_word' id='word_1_173' title='bbox 3200 1255 3342 1322; x_wconf 87' lang='lat' dir='ltr'><strong>adja-</strong></span> 
     </span>
    </p>
   </div>
   <div class='ocr_carea' id='block_1_27' title="bbox 1797 1339 3336 1410">
    <p class='ocr_par' dir='ltr' id='par_1_27' title="bbox 1797 1339 3336 1410">
     <span class='ocr_line' id='line_1_27' title="bbox 1797 1339 3336 1410; baseline 0.003 -18"><span class='ocrx_word' id='word_1_174' title='bbox 1797 1340 2002 1404; x_wconf 87' lang='lat' dir='ltr'><strong>centiis,</strong></span> <span class='ocrx_word' id='word_1_175' title='bbox 2031 1339 2398 1408; x_wconf 63' lang='lat' dir='ltr'><strong>appenditiis,’</strong></span> <span class='ocrx_word' id='word_1_176' title='bbox 2435 1339 2638 1410; x_wconf 89' lang='lat' dir='ltr'><strong>peculio</strong></span> <span class='ocrx_word' id='word_1_177' title='bbox 2677 1341 2947 1409; x_wconf 88' lang='lat' dir='ltr'><strong>utriusque</strong></span> <span class='ocrx_word' id='word_1_178' title='bbox 2974 1346 3336 1408; x_wconf 71' lang='lat' dir='ltr'><strong>sexus,moloi-</strong></span> 
     </span>
    </p>
   </div>
   <div class='ocr_carea' id='block_1_28' title="bbox 1798 1429 3340 1502">
    <p class='ocr_par' dir='ltr' id='par_1_28' title="bbox 1798 1429 3340 1502">
     <span class='ocr_line' id='line_1_28' title="bbox 1798 1429 3340 1502; baseline 0.004 -19"><span class='ocrx_word' id='word_1_179' title='bbox 1798 1429 1933 1483; x_wconf 90' lang='lat' dir='ltr'><strong>libus</strong></span> <span class='ocrx_word' id='word_1_180' title='bbox 1956 1438 2009 1484; x_wconf 89' lang='lat' dir='ltr'><strong>et</strong></span> <span class='ocrx_word' id='word_1_181' title='bbox 2030 1429 2399 1492; x_wconf 90' lang='lat' dir='ltr'><strong>immobilibus,</strong></span> <span class='ocrx_word' id='word_1_182' title='bbox 2417 1431 2554 1484; x_wconf 85' lang='lat' dir='ltr'><strong>sicut</strong></span> <span class='ocrx_word' id='word_1_183' title='bbox 2590 1445 2619 1483; x_wconf 89' lang='lat' dir='ltr'><strong>a</strong></span> <span class='ocrx_word' id='word_1_184' title='bbox 2649 1431 2799 1486; x_wconf 91' lang='lat' dir='ltr'><strong>nobis</strong></span> <span class='ocrx_word' id='word_1_185' title='bbox 2819 1432 3072 1487; x_wconf 88' lang='lat' dir='ltr'><strong>moderno</strong></span> <span class='ocrx_word' id='word_1_186' title='bbox 3096 1444 3340 1502; x_wconf 87' lang='lat' dir='ltr'><strong>tempore</strong></span> 
     </span>
    </p>
   </div>
   <div class='ocr_carea' id='block_1_29' title="bbox 1759 1517 3344 1588">
    <p class='ocr_par' dir='ltr' id='par_1_29' title="bbox 1759 1517 3344 1588">
     <span class='ocr_line' id='line_1_29' title="bbox 1759 1517 3344 1588; baseline 0.001 -16"><span class='ocrx_word' id='word_1_187' title='bbox 1759 1553 1763 1560; x_wconf 93' lang='lat'><em>-</em></span> <span class='ocrx_word' id='word_1_188' title='bbox 1797 1517 2118 1588; x_wconf 85' lang='lat' dir='ltr'><strong>possidetur,</strong></span> <span class='ocrx_word' id='word_1_189' title='bbox 2143 1518 2226 1572; x_wconf 86' lang='lat' dir='ltr'><strong>vel</strong></span> <span class='ocrx_word' id='word_1_190' title='bbox 2253 1518 2298 1571; x_wconf 91' lang='lat' dir='ltr'><strong>si</strong></span> <span class='ocrx_word' id='word_1_191' title='bbox 2328 1518 2538 1572; x_wconf 90' lang='lat' dir='ltr'><strong>inantea</strong></span> <span class='ocrx_word' id='word_1_192' title='bbox 2555 1518 2623 1573; x_wconf 92' lang='lat' dir='ltr'><strong>ibi</strong></span> <span class='ocrx_word' id='word_1_193' title='bbox 2647 1518 3004 1587; x_wconf 84' lang='lat' dir='ltr'><strong>undecunque</strong></span> <span class='ocrx_word' id='word_1_194' title='bbox 3028 1521 3222 1588; x_wconf 89' lang='lat' dir='ltr'><strong>aliquid</strong></span> <span class='ocrx_word' id='word_1_195' title='bbox 3252 1537 3344 1574; x_wconf 86' lang='lat' dir='ltr'><strong>au-</strong></span> 
     </span>
    </p>
   </div>
   <div class='ocr_carea' id='block_1_30' title="bbox 1798 1609 3342 1679">
    <p class='ocr_par' dir='ltr' id='par_1_30' title="bbox 1798 1609 3342 1679">
     <span class='ocr_line' id='line_1_30' title="bbox 1798 1609 3342 1679; baseline -0.001 -15"><span class='ocrx_word' id='word_1_196' title='bbox 1798 1609 2191 1679; x_wconf 87' lang='lat' dir='ltr'><strong>gmentare,vel</strong></span> <span class='ocrx_word' id='word_1_197' title='bbox 2217 1609 2499 1664; x_wconf 79' lang='lat' dir='ltr'><strong>lnelinrare</strong></span> <span class='ocrx_word' id='word_1_198' title='bbox 2523 1611 2830 1678; x_wconf 88' lang='lat' dir='ltr'><strong>poterimus,</strong></span> <span class='ocrx_word' id='word_1_199' title='bbox 2845 1610 2910 1663; x_wconf 93' lang='lat' dir='ltr'><strong>ad</strong></span> <span class='ocrx_word' id='word_1_200' title='bbox 2939 1610 3206 1679; x_wconf 66' lang='lat' dir='ltr'><strong>praifatum</strong></span> <span class='ocrx_word' id='word_1_201' title='bbox 3232 1629 3342 1664; x_wconf 79' lang='grc' dir='ltr'><strong>ηιθ-</strong></span> 
     </span>
    </p>
   </div>
   <div class='ocr_carea' id='block_1_31' title="bbox 1802 1699 3338 1755">
    <p class='ocr_par' dir='ltr' id='par_1_31' title="bbox 1802 1699 3338 1755">
     <span class='ocr_line' id='line_1_31' title="bbox 1802 1699 3338 1755; baseline 0.001 -3"><span class='ocrx_word' id='word_1_202' title='bbox 1802 1701 2089 1755; x_wconf 87' lang='lat' dir='ltr'><strong>nasterium</strong></span> <span class='ocrx_word' id='word_1_203' title='bbox 2121 1700 2172 1753; x_wconf 93' lang='lat' dir='ltr'><strong>in</strong></span> <span class='ocrx_word' id='word_1_204' title='bbox 2213 1699 2476 1753; x_wconf 88' lang='lat' dir='ltr'><strong>alimoniis</strong></span> <span class='ocrx_word' id='word_1_205' title='bbox 2500 1699 2582 1753; x_wconf 88' lang='lat' dir='ltr'><strong>vel</strong></span> <span class='ocrx_word' id='word_1_206' title='bbox 2617 1699 2922 1755; x_wconf 86' lang='lat' dir='ltr'><strong>substantiis</strong></span> <span class='ocrx_word' id='word_1_207' title='bbox 2960 1701 3338 1755; x_wconf 87' lang='lat' dir='ltr'><strong>monachorum</strong></span> 
     </span>
    </p>
   </div>
   <div class='ocr_carea' id='block_1_32' title="bbox 1802 1790 3340 1860">
    <p class='ocr_par' dir='ltr' id='par_1_32' title="bbox 1802 1790 3340 1860">
     <span class='ocr_line' id='line_1_32' title="bbox 1802 1790 3340 1860; baseline 0.003 -18"><span class='ocrx_word' id='word_1_208' title='bbox 1802 1790 1992 1844; x_wconf 89' lang='lat' dir='ltr'><strong>ibidem</strong></span> <span class='ocrx_word' id='word_1_209' title='bbox 2019 1791 2390 1856; x_wconf 88' lang='lat' dir='ltr'><strong>habitantium,</strong></span> <span class='ocrx_word' id='word_1_210' title='bbox 2413 1790 2622 1845; x_wconf 90' lang='lat' dir='ltr'><strong>Christo</strong></span> <span class='ocrx_word' id='word_1_211' title='bbox 2645 1798 2970 1859; x_wconf 79' lang='lat' dir='ltr'><strong>protegente,</strong></span> <span class='ocrx_word' id='word_1_212' title='bbox 2996 1791 3252 1860; x_wconf 84' lang='lat' dir='ltr'><strong>proficiat.</strong></span> <span class='ocrx_word' id='word_1_213' title='bbox 3270 1790 3340 1846; x_wconf 85' lang='lat' dir='ltr'><strong>Ea</strong></span> 
     </span>
    </p>
   </div>
   <div class='ocr_carea' id='block_1_33' title="bbox 247 1859 3340 1948">
    <p class='ocr_par' dir='ltr' id='par_1_33' title="bbox 247 1859 3340 1948">
     <span class='ocr_line' id='line_1_33' title="bbox 247 1859 3340 1948; baseline -0 -13"><span class='ocrx_word' id='word_1_214' title='bbox 247 1882 292 1936; x_wconf 91' lang='lat' dir='ltr'><strong>ln</strong></span> <span class='ocrx_word' id='word_1_215' title='bbox 311 1881 508 1934; x_wconf 88' lang='lat' dir='ltr'><strong>nomine</strong></span> <span class='ocrx_word' id='word_1_216' title='bbox 534 1889 727 1934; x_wconf 65' lang='lat' dir='ltr'><strong>sanctae</strong></span> <span class='ocrx_word' id='word_1_217' title='bbox 739 1877 1030 1932; x_wconf 88' lang='lat' dir='ltr'><strong>Trinitatis.</strong></span> <span class='ocrx_word' id='word_1_218' title='bbox 1059 1877 1392 1944; x_wconf 85' lang='lat' dir='ltr'><strong>Prosperum,</strong></span> <span class='ocrx_word' id='word_1_219' title='bbox 1415 1874 1623 1928; x_wconf 83' lang='lat' dir='ltr'><strong>salubre</strong></span> <span class='ocrx_word' id='word_1_220' title='bbox 1646 1882 1701 1926; x_wconf 89' lang='lat' dir='ltr'><strong>et</strong></span> <span class='ocrx_word' id='word_1_221' title='bbox 1732 1859 1778 1919; x_wconf 79' lang='grc' dir='ltr'><strong>Β</strong></span> <span class='ocrx_word' id='word_1_222' title='bbox 1803 1878 2003 1932; x_wconf 87' lang='lat' dir='ltr'><strong>scilicet</strong></span> <span class='ocrx_word' id='word_1_223' title='bbox 2023 1879 2228 1932; x_wconf 88' lang='lat' dir='ltr'><strong>ratione</strong></span> <span class='ocrx_word' id='word_1_224' title='bbox 2249 1885 2304 1930; x_wconf 94' lang='lat' dir='ltr'><strong>ut</strong></span> <span class='ocrx_word' id='word_1_225' title='bbox 2335 1877 2455 1930; x_wconf 92' lang='lat' dir='ltr'><strong>dum</strong></span> <span class='ocrx_word' id='word_1_226' title='bbox 2486 1879 2680 1948; x_wconf 89' lang='lat' dir='ltr'><strong>pariter</strong></span> <span class='ocrx_word' id='word_1_227' title='bbox 2709 1859 3015 1944; x_wconf 83' lang='lat' dir='ltr'><strong>advivimus,</strong></span> <span class='ocrx_word' id='word_1_228' title='bbox 3037 1889 3156 1933; x_wconf 89' lang='lat' dir='ltr'><strong>ante</strong></span> <span class='ocrx_word' id='word_1_229' title='bbox 3171 1881 3340 1936; x_wconf 65' lang='lat' dir='ltr'><strong>dictas</strong></span> 
     </span>
    </p>
   </div>
   <div class='ocr_carea' id='block_1_34' title="bbox 198 1965 1700 2042">
    <p class='ocr_par' dir='ltr' id='par_1_34' title="bbox 198 1965 1700 2042">
     <span class='ocr_line' id='line_1_34' title="bbox 198 1965 1700 2042; baseline -0.009 -11"><span class='ocrx_word' id='word_1_230' title='bbox 198 1976 296 2031; x_wconf 80' lang='lat' dir='ltr'><strong>satis</strong></span> <span class='ocrx_word' id='word_1_231' title='bbox 308 1972 576 2042; x_wconf 83' lang='lat' dir='ltr'><strong>jucundum</strong></span> <span class='ocrx_word' id='word_1_232' title='bbox 600 1971 901 2025; x_wconf 81' lang='lat' dir='ltr'><strong>censuimus</strong></span> <span class='ocrx_word' id='word_1_233' title='bbox 913 1978 969 2022; x_wconf 93' lang='lat' dir='ltr'><strong>ut</strong></span> <span class='ocrx_word' id='word_1_234' title='bbox 989 1968 1149 2021; x_wconf 91' lang='lat' dir='ltr'><strong>homo</strong></span> <span class='ocrx_word' id='word_1_235' title='bbox 1169 1967 1235 2022; x_wconf 88' lang='lat' dir='ltr'><strong>de</strong></span> <span class='ocrx_word' id='word_1_236' title='bbox 1251 1966 1442 2020; x_wconf 86' lang='lat' dir='ltr'><strong>caduca</strong></span> <span class='ocrx_word' id='word_1_237' title='bbox 1456 1965 1700 2032; x_wconf 88' lang='lat' dir='ltr'><strong>quapiam</strong></span> 
     </span>
    </p>
   </div>
   <div class='ocr_carea' id='block_1_35' title="bbox 199 2052 1698 2128">
    <p class='ocr_par' dir='ltr' id='par_1_35' title="bbox 199 2052 1698 2128">
     <span class='ocr_line' id='line_1_35' title="bbox 199 2052 1698 2128; baseline -0.009 -11"><span class='ocrx_word' id='word_1_238' title='bbox 199 2060 407 2117; x_wconf 57' lang='grc' dir='ltr'><strong>πείθευιί</strong></span> <span class='ocrx_word' id='word_1_239' title='bbox 437 2059 504 2112; x_wconf 89' lang='lat' dir='ltr'><strong>ad</strong></span> <span class='ocrx_word' id='word_1_240' title='bbox 535 2068 748 2128; x_wconf 87' lang='lat' dir='ltr'><strong>peccata</strong></span> <span class='ocrx_word' id='word_1_241' title='bbox 776 2072 866 2112; x_wconf 89' lang='lat' dir='ltr'><strong>sua</strong></span> <span class='ocrx_word' id='word_1_242' title='bbox 890 2055 1246 2110; x_wconf 88' lang='lat' dir='ltr'><strong>redimendum</strong></span> <span class='ocrx_word' id='word_1_243' title='bbox 1278 2054 1452 2106; x_wconf 87' lang='lat' dir='ltr'><strong>valeat</strong></span> <span class='ocrx_word' id='word_1_244' title='bbox 1488 2052 1698 2115; x_wconf 74' lang='lat' dir='ltr'><strong>offerre,</strong></span> 
     </span>
    </p>
   </div>
   <div class='ocr_carea' id='block_1_36' title="bbox 199 2142 1700 2219">
    <p class='ocr_par' dir='ltr' id='par_1_36' title="bbox 199 2142 1700 2219">
     <span class='ocr_line' id='line_1_36' title="bbox 199 2142 1700 2219; baseline -0.008 -13"><span class='ocrx_word' id='word_1_245' title='bbox 199 2160 269 2206; x_wconf 85' lang='lat' dir='ltr'><strong>aut</strong></span> <span class='ocrx_word' id='word_1_246' title='bbox 291 2150 394 2219; x_wconf 84' lang='lat' dir='ltr'><strong>quid</strong></span> <span class='ocrx_word' id='word_1_247' title='bbox 420 2148 743 2218; x_wconf 84' lang='lat' dir='ltr'><strong>promptiore</strong></span> <span class='ocrx_word' id='word_1_248' title='bbox 769 2147 1014 2208; x_wconf 88' lang='lat' dir='ltr'><strong>cousilio,</strong></span> <span class='ocrx_word' id='word_1_249' title='bbox 1047 2153 1102 2198; x_wconf 88' lang='lat' dir='ltr'><strong>ut</strong></span> <span class='ocrx_word' id='word_1_250' title='bbox 1139 2145 1299 2198; x_wconf 84' lang='lat' dir='ltr'><strong>homo</strong></span> <span class='ocrx_word' id='word_1_251' title='bbox 1330 2146 1395 2196; x_wconf 87' lang='lat' dir='ltr'><strong>de</strong></span> <span class='ocrx_word' id='word_1_252' title='bbox 1426 2142 1700 2195; x_wconf 77' lang='lat' dir='ltr'><strong>mundanis</strong></span> 
     </span>
    </p>
   </div>
   <div class='ocr_carea' id='block_1_37' title="bbox 200 2235 1702 2312">
    <p class='ocr_par' dir='ltr' id='par_1_37' title="bbox 200 2235 1702 2312">
     <span class='ocr_line' id='line_1_37' title="bbox 200 2235 1702 2312; baseline -0.012 -10"><span class='ocrx_word' id='word_1_253' title='bbox 200 2250 323 2303; x_wconf 85' lang='lat' dir='ltr'><strong>rebus</strong></span> <span class='ocrx_word' id='word_1_254' title='bbox 345 2240 508 2300; x_wconf 63' lang='lat' dir='ltr'><strong>sarculi</strong></span> <span class='ocrx_word' id='word_1_255' title='bbox 536 2245 808 2312; x_wconf 76' lang='lat' dir='ltr'><strong>comparet</strong></span> <span class='ocrx_word' id='word_1_256' title='bbox 825 2238 1144 2310; x_wconf 80' lang='lat' dir='ltr'><strong>paradisum,</strong></span> <span class='ocrx_word' id='word_1_257' title='bbox 1173 2246 1222 2291; x_wconf 87' lang='lat' dir='ltr'><strong>et</strong></span> <span class='ocrx_word' id='word_1_258' title='bbox 1247 2237 1312 2290; x_wconf 86' lang='lat' dir='ltr'><strong>de</strong></span> <span class='ocrx_word' id='word_1_259' title='bbox 1335 2244 1541 2290; x_wconf 76' lang='lat' dir='ltr'><strong>terrena</strong></span> <span class='ocrx_word' id='word_1_260' title='bbox 1573 2235 1702 2288; x_wconf 87' lang='lat' dir='ltr'><strong>sub-</strong></span> 
     </span>
    </p>
   </div>
   <div class='ocr_carea' id='block_1_38' title="bbox 201 2325 1700 2401">
    <p class='ocr_par' dir='ltr' id='par_1_38' title="bbox 201 2325 1700 2401">
     <span class='ocr_line' id='line_1_38' title="bbox 201 2325 1700 2401; baseline -0.009 -11"><span class='ocrx_word' id='word_1_261' title='bbox 201 2337 354 2390; x_wconf 82' lang='lat' dir='ltr'><strong>stantia</strong></span> <span class='ocrx_word' id='word_1_262' title='bbox 376 2349 427 2387; x_wconf 88' lang='lat' dir='ltr'><strong>se</strong></span> <span class='ocrx_word' id='word_1_263' title='bbox 454 2332 734 2388; x_wconf 79' lang='lat' dir='ltr'><strong>transferat</strong></span> <span class='ocrx_word' id='word_1_264' title='bbox 757 2331 808 2384; x_wconf 93' lang='lat' dir='ltr'><strong>in</strong></span> <span class='ocrx_word' id='word_1_265' title='bbox 835 2329 1070 2401; x_wconf 61' lang='lat' dir='ltr'><strong>coelestia</strong></span> <span class='ocrx_word' id='word_1_266' title='bbox 1097 2346 1109 2381; x_wconf 92' lang='lat'>:</span> <span class='ocrx_word' id='word_1_267' title='bbox 1142 2329 1319 2396; x_wconf 83' lang='lat' dir='ltr'><strong>itaque</strong></span> <span class='ocrx_word' id='word_1_268' title='bbox 1336 2340 1434 2394; x_wconf 89' lang='lat' dir='ltr'><strong>ego</strong></span> <span class='ocrx_word' id='word_1_269' title='bbox 1480 2325 1567 2378; x_wconf 92' lang='lat' dir='ltr'><strong>ille</strong></span> <span class='ocrx_word' id='word_1_270' title='bbox 1606 2339 1700 2393; x_wconf 89' lang='lat' dir='ltr'><strong>pro</strong></span> 
     </span>
    </p>
   </div>
   <div class='ocr_carea' id='block_1_39' title="bbox 200 2413 1698 2485">
    <p class='ocr_par' dir='ltr' id='par_1_39' title="bbox 200 2413 1698 2485">
     <span class='ocr_line' id='line_1_39' title="bbox 200 2413 1698 2485; baseline -0.009 -6"><span class='ocrx_word' id='word_1_271' title='bbox 200 2427 343 2479; x_wconf 83' lang='lat' dir='ltr'><strong>divino</strong></span> <span class='ocrx_word' id='word_1_272' title='bbox 392 2422 600 2485; x_wconf 73' lang='lat' dir='ltr'><strong>intuitur,</strong></span> <span class='ocrx_word' id='word_1_273' title='bbox 621 2430 674 2476; x_wconf 89' lang='lat' dir='ltr'><strong>et</strong></span> <span class='ocrx_word' id='word_1_274' title='bbox 712 2420 814 2474; x_wconf 89' lang='lat' dir='ltr'><strong>mei</strong></span> <span class='ocrx_word' id='word_1_275' title='bbox 871 2416 1113 2473; x_wconf 88' lang='lat' dir='ltr'><strong>mercede</strong></span> <span class='ocrx_word' id='word_1_276' title='bbox 1143 2414 1462 2485; x_wconf 76' lang='lat' dir='ltr'><strong>campendii,</strong></span> <span class='ocrx_word' id='word_1_277' title='bbox 1487 2426 1542 2467; x_wconf 90' lang='lat' dir='ltr'><strong>ut</strong></span> <span class='ocrx_word' id='word_1_278' title='bbox 1575 2413 1698 2465; x_wconf 90' lang='lat' dir='ltr'><strong>mihi</strong></span> 
     </span>
    </p>
   </div>
   <div class='ocr_carea' id='block_1_40' title="bbox 204 2502 1698 2572">
    <p class='ocr_par' dir='ltr' id='par_1_40' title="bbox 204 2502 1698 2572">
     <span class='ocr_line' id='line_1_40' title="bbox 204 2502 1698 2572; baseline -0.008 -6"><span class='ocrx_word' id='word_1_279' title='bbox 204 2514 409 2567; x_wconf 82' lang='lat' dir='ltr'><strong>Dominus</strong></span> <span class='ocrx_word' id='word_1_280' title='bbox 428 2513 479 2565; x_wconf 88' lang='lat' dir='ltr'><strong>in</strong></span> <span class='ocrx_word' id='word_1_281' title='bbox 505 2511 735 2564; x_wconf 86' lang='lat' dir='ltr'><strong>futurum</strong></span> <span class='ocrx_word' id='word_1_282' title='bbox 779 2509 984 2562; x_wconf 78' lang='lat' dir='ltr'><strong>veniam</strong></span> <span class='ocrx_word' id='word_1_283' title='bbox 1007 2507 1303 2562; x_wconf 84' lang='lat' dir='ltr'><strong>concedere</strong></span> <span class='ocrx_word' id='word_1_284' title='bbox 1331 2503 1594 2572; x_wconf 74' lang='lat' dir='ltr'><strong>dignetur,</strong></span> <span class='ocrx_word' id='word_1_285' title='bbox 1615 2502 1698 2555; x_wconf 94' lang='lat' dir='ltr'><strong>vel</strong></span> 
     </span>
    </p>
   </div>
   <div class='ocr_carea' id='block_1_41' title="bbox 203 2595 1701 2657">
    <p class='ocr_par' dir='ltr' id='par_1_41' title="bbox 203 2595 1701 2657">
     <span class='ocr_line' id='line_1_41' title="bbox 203 2595 1701 2657; baseline -0.008 -1"><span class='ocrx_word' id='word_1_286' title='bbox 203 2612 246 2656; x_wconf 89' lang='lat' dir='ltr'><strong>ut</strong></span> <span class='ocrx_word' id='word_1_287' title='bbox 276 2617 457 2656; x_wconf 69' lang='lat' dir='ltr'><strong>nomen)</strong></span> <span class='ocrx_word' id='word_1_288' title='bbox 493 2614 670 2655; x_wconf 86' lang='lat' dir='ltr'><strong>meum</strong></span> <span class='ocrx_word' id='word_1_289' title='bbox 710 2599 763 2652; x_wconf 89' lang='lat' dir='ltr'><strong>in</strong></span> <span class='ocrx_word' id='word_1_290' title='bbox 793 2597 926 2651; x_wconf 89' lang='lat' dir='ltr'><strong>libro</strong></span> <span class='ocrx_word' id='word_1_291' title='bbox 955 2597 1072 2649; x_wconf 68' lang='lat' dir='ltr'><strong>vitae</strong></span> <span class='ocrx_word' id='word_1_292' title='bbox 1109 2597 1419 2657; x_wconf 90' lang='lat' dir='ltr'><strong>ascribatur,</strong></span> <span class='ocrx_word' id='word_1_293' title='bbox 1461 2595 1600 2647; x_wconf 88' lang='lat' dir='ltr'><strong>dono</strong></span> <span class='ocrx_word' id='word_1_294' title='bbox 1637 2595 1701 2645; x_wconf 88' lang='lat' dir='ltr'><strong>ad</strong></span> 
     </span>
    </p>
   </div>
   <div class='ocr_carea' id='block_1_42' title="bbox 200 2683 1696 2763">
    <p class='ocr_par' dir='ltr' id='par_1_42' title="bbox 200 2683 1696 2763">
     <span class='ocr_line' id='line_1_42' title="bbox 200 2683 1696 2763; baseline -0.009 -16"><span class='ocrx_word' id='word_1_295' title='bbox 200 2694 286 2763; x_wconf 81' lang='lat' dir='ltr'><strong>jam</strong></span> <span class='ocrx_word' id='word_1_296' title='bbox 313 2692 494 2745; x_wconf 86' lang='lat' dir='ltr'><strong>dictum</strong></span> <span class='ocrx_word' id='word_1_297' title='bbox 542 2688 942 2750; x_wconf 80' lang='lat' dir='ltr'><strong>monasterium,</strong></span> <span class='ocrx_word' id='word_1_298' title='bbox 967 2686 1018 2738; x_wconf 92' lang='lat' dir='ltr'><strong>in</strong></span> <span class='ocrx_word' id='word_1_299' title='bbox 1064 2684 1402 2739; x_wconf 91' lang='lat' dir='ltr'><strong>luminaribus</strong></span> <span class='ocrx_word' id='word_1_300' title='bbox 1444 2683 1696 2748; x_wconf 70' lang='lat' dir='ltr'><strong>ecclesim,</strong></span> 
     </span>
    </p>
   </div>
   <div class='ocr_carea' id='block_1_43' title="bbox 201 2772 1698 2848">
    <p class='ocr_par' dir='ltr' id='par_1_43' title="bbox 201 2772 1698 2848">
     <span class='ocr_line' id='line_1_43' title="bbox 201 2772 1698 2848; baseline -0.007 -14"><span class='ocrx_word' id='word_1_301' title='bbox 201 2784 265 2836; x_wconf 85' lang='lat' dir='ltr'><strong>vel</strong></span> <span class='ocrx_word' id='word_1_302' title='bbox 289 2782 331 2834; x_wconf 86' lang='lat' dir='ltr'><strong>in</strong></span> <span class='ocrx_word' id='word_1_303' title='bbox 355 2779 616 2848; x_wconf 79' lang='lat' dir='ltr'><strong>stipendiis</strong></span> <span class='ocrx_word' id='word_1_304' title='bbox 644 2791 931 2846; x_wconf 87' lang='lat' dir='ltr'><strong>pauperum</strong></span> <span class='ocrx_word' id='word_1_305' title='bbox 959 2782 1053 2827; x_wconf 88' lang='lat' dir='ltr'><strong>aut</strong></span> <span class='ocrx_word' id='word_1_306' title='bbox 1100 2774 1500 2834; x_wconf 71' lang='lat' dir='ltr'><strong>monachorum,</strong></span> <span class='ocrx_word' id='word_1_307' title='bbox 1526 2772 1698 2826; x_wconf 86' lang='lat' dir='ltr'><strong>dona-</strong></span> 
     </span>
    </p>
   </div>
   <div class='ocr_carea' id='block_1_44' title="bbox 203 2868 1217 2944">
    <p class='ocr_par' dir='ltr' id='par_1_44' title="bbox 203 2868 1217 2944">
     <span class='ocr_line' id='line_1_44' title="bbox 203 2868 1217 2944; baseline -0.01 -16"><span class='ocrx_word' id='word_1_308' title='bbox 203 2885 379 2944; x_wconf 84' lang='lat' dir='ltr'><strong>tumque</strong></span> <span class='ocrx_word' id='word_1_309' title='bbox 397 2875 510 2940; x_wconf 83' lang='lat' dir='ltr'><strong>jure</strong></span> <span class='ocrx_word' id='word_1_310' title='bbox 535 2869 770 2937; x_wconf 84' lang='lat' dir='ltr'><strong>legilimo</strong></span> <span class='ocrx_word' id='word_1_311' title='bbox 790 2881 909 2923; x_wconf 88' lang='lat' dir='ltr'><strong>esse</strong></span> <span class='ocrx_word' id='word_1_312' title='bbox 934 2868 1075 2931; x_wconf 89' lang='lat' dir='ltr'><strong>volo,</strong></span> <span class='ocrx_word' id='word_1_313' title='bbox 1111 2875 1217 2919; x_wconf 87' lang='lat' dir='ltr'><strong>etc.</strong></span> 
     </span>
    </p>
   </div>
   <div class='ocr_carea' id='block_1_45' title="bbox 683 2973 1128 3014">
    <p class='ocr_par' dir='ltr' id='par_1_45' title="bbox 683 2973 1128 3014">
     <span class='ocr_line' id='line_1_45' title="bbox 683 2973 1128 3014; baseline -0.011 0"><span class='ocrx_word' id='word_1_314' title='bbox 683 2975 810 3014; x_wconf 68' lang='lat' dir='ltr'><strong>ITEN</strong></span> <span class='ocrx_word' id='word_1_315' title='bbox 849 2973 1128 3012; x_wconf 76' lang='lat' dir='ltr'><strong>PROLOGUS.</strong></span> 
     </span>
    </p>
   </div>
   <div class='ocr_carea' id='block_1_46' title="bbox 257 3045 1696 3123">
    <p class='ocr_par' dir='ltr' id='par_1_46' title="bbox 257 3045 1696 3123">
     <span class='ocr_line' id='line_1_46' title="bbox 257 3045 1696 3123; baseline -0.005 -16"><span class='ocrx_word' id='word_1_316' title='bbox 257 3055 364 3107; x_wconf 75' lang='lat' dir='ltr'><strong>llum</strong></span> <span class='ocrx_word' id='word_1_317' title='bbox 389 3053 534 3123; x_wconf 82' lang='lat' dir='ltr'><strong>hujus</strong></span> <span class='ocrx_word' id='word_1_318' title='bbox 558 3051 785 3122; x_wconf 72' lang='lat' dir='ltr'><strong>exempli</strong></span> <span class='ocrx_word' id='word_1_319' title='bbox 828 3053 877 3104; x_wconf 90' lang='lat' dir='ltr'><strong>in</strong></span> <span class='ocrx_word' id='word_1_320' title='bbox 900 3050 1122 3119; x_wconf 88' lang='lat' dir='ltr'><strong>quodam</strong></span> <span class='ocrx_word' id='word_1_321' title='bbox 1162 3047 1398 3102; x_wconf 66' lang='lat' dir='ltr'><strong>noscitur</strong></span> <span class='ocrx_word' id='word_1_322' title='bbox 1423 3045 1696 3111; x_wconf 85' lang='lat' dir='ltr'><strong>cecidisse,</strong></span> 
     </span>
    </p>
   </div>
   <div class='ocr_carea' id='block_1_47' title="bbox 202 3137 1696 3210">
    <p class='ocr_par' dir='ltr' id='par_1_47' title="bbox 202 3137 1696 3210">
     <span class='ocr_line' id='line_1_47' title="bbox 202 3137 1696 3210; baseline -0.005 -16"><span class='ocrx_word' id='word_1_323' title='bbox 202 3146 390 3210; x_wconf 82' lang='lat' dir='ltr'><strong>patimur</strong></span> <span class='ocrx_word' id='word_1_324' title='bbox 413 3156 716 3206; x_wconf 52' lang='lat' dir='ltr'><strong>arumnam,</strong></span> <span class='ocrx_word' id='word_1_325' title='bbox 733 3149 786 3194; x_wconf 91' lang='lat' dir='ltr'><strong>et</strong></span> <span class='ocrx_word' id='word_1_326' title='bbox 809 3138 949 3195; x_wconf 88' lang='lat' dir='ltr'><strong>diem</strong></span> <span class='ocrx_word' id='word_1_327' title='bbox 966 3139 1150 3192; x_wconf 89' lang='lat' dir='ltr'><strong>mortis</strong></span> <span class='ocrx_word' id='word_1_328' title='bbox 1172 3137 1406 3208; x_wconf 87' lang='lat' dir='ltr'><strong>quotidie</strong></span> <span class='ocrx_word' id='word_1_329' title='bbox 1429 3145 1551 3189; x_wconf 87' lang='lat' dir='ltr'><strong>ante</strong></span> <span class='ocrx_word' id='word_1_330' title='bbox 1567 3151 1696 3188; x_wconf 85' lang='lat' dir='ltr'><strong>ocu-</strong></span> 
     </span>
    </p>
   </div>
   <div class='ocr_carea' id='block_1_48' title="bbox 202 3231 1696 3299">
    <p class='ocr_par' dir='ltr' id='par_1_48' title="bbox 202 3231 1696 3299">
     <span class='ocr_line' id='line_1_48' title="bbox 202 3231 1696 3299; baseline -0.005 -14"><span class='ocrx_word' id='word_1_331' title='bbox 202 3235 263 3288; x_wconf 84' lang='lat' dir='ltr'><strong>los</strong></span> <span class='ocrx_word' id='word_1_332' title='bbox 281 3234 581 3298; x_wconf 76' lang='lat' dir='ltr'><strong>suspicamur</strong></span> <span class='ocrx_word' id='word_1_333' title='bbox 600 3247 715 3285; x_wconf 88' lang='lat' dir='ltr'><strong>esse</strong></span> <span class='ocrx_word' id='word_1_334' title='bbox 737 3231 1079 3299; x_wconf 83' lang='lat' dir='ltr'><strong>propinquam</strong></span> <span class='ocrx_word' id='word_1_335' title='bbox 1097 3249 1111 3283; x_wconf 87' lang='lat'><em>:</em></span> <span class='ocrx_word' id='word_1_336' title='bbox 1127 3237 1338 3298; x_wconf 81' lang='lat' dir='ltr'><strong>Oportet</strong></span> <span class='ocrx_word' id='word_1_337' title='bbox 1354 3242 1696 3295; x_wconf 89' lang='lat' dir='ltr'><strong>uuumquem-</strong></span> 
     </span>
    </p>
   </div>
   <div class='ocr_carea' id='block_1_49' title="bbox 199 3317 1695 3391">
    <p class='ocr_par' dir='ltr' id='par_1_49' title="bbox 199 3317 1695 3391">
     <span class='ocr_line' id='line_1_49' title="bbox 199 3317 1695 3391; baseline -0.004 -15"><span class='ocrx_word' id='word_1_338' title='bbox 199 3337 282 3391; x_wconf 82' lang='lat' dir='ltr'><strong>que</strong></span> <span class='ocrx_word' id='word_1_339' title='bbox 329 3322 389 3376; x_wconf 93' lang='lat' dir='ltr'><strong>ob</strong></span> <span class='ocrx_word' id='word_1_340' title='bbox 414 3336 644 3375; x_wconf 88' lang='lat' dir='ltr'><strong>amorem</strong></span> <span class='ocrx_word' id='word_1_341' title='bbox 671 3321 902 3374; x_wconf 68' lang='lat' dir='ltr'><strong>cmlest‘s</strong></span> <span class='ocrx_word' id='word_1_342' title='bbox 960 3319 1142 3387; x_wconf 78' lang='lat' dir='ltr'><strong>patrize</strong></span> <span class='ocrx_word' id='word_1_343' title='bbox 1204 3320 1498 3371; x_wconf 81' lang='lat' dir='ltr'><strong>devotionis</strong></span> <span class='ocrx_word' id='word_1_344' title='bbox 1551 3317 1695 3370; x_wconf 88' lang='lat' dir='ltr'><strong>lucra</strong></span> 
     </span>
    </p>
   </div>
   <div class='ocr_carea' id='block_1_50' title="bbox 199 3409 1696 3483">
    <p class='ocr_par' dir='ltr' id='par_1_50' title="bbox 199 3409 1696 3483">
     <span class='ocr_line' id='line_1_50' title="bbox 199 3409 1696 3483; baseline -0.005 -16"><span class='ocrx_word' id='word_1_345' title='bbox 199 3413 454 3483; x_wconf 79' lang='lat' dir='ltr'><strong>complecti,</strong></span> <span class='ocrx_word' id='word_1_346' title='bbox 482 3419 539 3466; x_wconf 93' lang='lat' dir='ltr'><strong>et</strong></span> <span class='ocrx_word' id='word_1_347' title='bbox 589 3427 673 3467; x_wconf 85' lang='lat' dir='ltr'><strong>res</strong></span> <span class='ocrx_word' id='word_1_348' title='bbox 728 3411 827 3465; x_wconf 87' lang='lat' dir='ltr'><strong>sibi</strong></span> <span class='ocrx_word' id='word_1_349' title='bbox 868 3410 1036 3473; x_wconf 90' lang='lat' dir='ltr'><strong>datas,</strong></span> <span class='ocrx_word' id='word_1_350' title='bbox 1067 3417 1366 3463; x_wconf 86' lang='lat' dir='ltr'><strong>sanctorum</strong></span> <span class='ocrx_word' id='word_1_351' title='bbox 1399 3414 1477 3461; x_wconf 88' lang='lat' dir='ltr'><strong>vel</strong></span> <span class='ocrx_word' id='word_1_352' title='bbox 1537 3409 1696 3459; x_wconf 83' lang='lat' dir='ltr'><strong>etiam</strong></span> 
     </span>
    </p>
   </div>
   <div class='ocr_carea' id='block_1_51' title="bbox 200 3499 1699 3570">
    <p class='ocr_par' dir='ltr' id='par_1_51' title="bbox 200 3499 1699 3570">
     <span class='ocr_line' id='line_1_51' title="bbox 200 3499 1699 3570; baseline -0.003 -15"><span class='ocrx_word' id='word_1_353' title='bbox 200 3505 493 3570; x_wconf 81' lang='lat' dir='ltr'><strong>indigentium</strong></span> <span class='ocrx_word' id='word_1_354' title='bbox 525 3501 705 3556; x_wconf 87' lang='lat' dir='ltr'><strong>usibus</strong></span> <span class='ocrx_word' id='word_1_355' title='bbox 731 3501 983 3568; x_wconf 85' lang='lat' dir='ltr'><strong>allcgatas</strong></span> <span class='ocrx_word' id='word_1_356' title='bbox 1005 3499 1299 3567; x_wconf 84' lang='lat' dir='ltr'><strong>relinquere</strong></span> <span class='ocrx_word' id='word_1_357' title='bbox 1317 3538 1332 3559; x_wconf 92' lang='lat'><strong>,</strong></span> <span class='ocrx_word' id='word_1_358' title='bbox 1381 3507 1436 3551; x_wconf 89' lang='lat' dir='ltr'><strong>ut</strong></span> <span class='ocrx_word' id='word_1_359' title='bbox 1459 3511 1699 3565; x_wconf 74' lang='lat' dir='ltr'><strong>peceato-</strong></span> 
     </span>
    </p>
   </div>
   <div class='ocr_carea' id='block_1_52' title="bbox 183 3591 1701 3663">
    <p class='ocr_par' dir='ltr' id='par_1_52' title="bbox 183 3591 1701 3663">
     <span class='ocr_line' id='line_1_52' title="bbox 183 3591 1701 3663; baseline -0.003 -16"><span class='ocrx_word' id='word_1_360' title='bbox 183 3609 291 3647; x_wconf 76' lang='lat' dir='ltr'><strong>rum</strong></span> <span class='ocrx_word' id='word_1_361' title='bbox 314 3595 546 3663; x_wconf 89' lang='lat' dir='ltr'><strong>pondera,</strong></span> <span class='ocrx_word' id='word_1_362' title='bbox 568 3609 685 3663; x_wconf 64' lang='lat' dir='ltr'><strong>quae</strong></span> <span class='ocrx_word' id='word_1_363' title='bbox 710 3593 1032 3662; x_wconf 85' lang='lat' dir='ltr'><strong>pontiliciuin</strong></span> <span class='ocrx_word' id='word_1_364' title='bbox 1067 3591 1355 3660; x_wconf 73' lang='lat' dir='ltr'><strong>pmnitendi</strong></span> <span class='ocrx_word' id='word_1_365' title='bbox 1383 3609 1483 3645; x_wconf 89' lang='lat' dir='ltr'><strong>nou</strong></span> <span class='ocrx_word' id='word_1_366' title='bbox 1524 3591 1701 3644; x_wconf 87' lang='lat' dir='ltr'><strong>valent</strong></span> 
     </span>
    </p>
   </div>
   <div class='ocr_carea' id='block_1_53' title="bbox 198 3681 1702 3750">
    <p class='ocr_par' dir='ltr' id='par_1_53' title="bbox 198 3681 1702 3750">
     <span class='ocr_line' id='line_1_53' title="bbox 198 3681 1702 3750; baseline -0.003 -12"><span class='ocrx_word' id='word_1_367' title='bbox 198 3686 367 3750; x_wconf 79' lang='lat' dir='ltr'><strong>laxare,</strong></span> <span class='ocrx_word' id='word_1_368' title='bbox 387 3699 563 3738; x_wconf 86' lang='lat' dir='ltr'><strong>eorum</strong></span> <span class='ocrx_word' id='word_1_369' title='bbox 615 3683 994 3736; x_wconf 86' lang='lat' dir='ltr'><strong>intercessione</strong></span> <span class='ocrx_word' id='word_1_370' title='bbox 1033 3681 1237 3748; x_wconf 87' lang='lat' dir='ltr'><strong>plenius</strong></span> <span class='ocrx_word' id='word_1_371' title='bbox 1277 3681 1340 3733; x_wconf 89' lang='lat' dir='ltr'><strong>ad</strong></span> <span class='ocrx_word' id='word_1_372' title='bbox 1380 3682 1592 3736; x_wconf 77' lang='lat' dir='ltr'><strong>veniam</strong></span> <span class='ocrx_word' id='word_1_373' title='bbox 1609 3681 1702 3734; x_wconf 84' lang='lat' dir='ltr'><strong>de-</strong></span> 
     </span>
    </p>
   </div>
   <div class='ocr_carea' id='block_1_54' title="bbox 197 3770 1412 3852">
    <p class='ocr_par' dir='ltr' id='par_1_54' title="bbox 197 3770 1412 3852">
     <span class='ocr_line' id='line_1_54' title="bbox 197 3770 1412 3852; baseline -0.006 -24"><span class='ocrx_word' id='word_1_374' title='bbox 197 3773 326 3828; x_wconf 86' lang='lat' dir='ltr'><strong>beant</strong></span> <span class='ocrx_word' id='word_1_375' title='bbox 344 3773 628 3844; x_wconf 85' lang='lat' dir='ltr'><strong>pervenire.</strong></span> <span class='ocrx_word' id='word_1_376' title='bbox 655 3771 856 3825; x_wconf 82' lang='lat' dir='ltr'><strong>idcirco</strong></span> <span class='ocrx_word' id='word_1_377' title='bbox 881 3783 980 3852; x_wconf 81' lang='lat' dir='ltr'><strong>ego</strong></span> <span class='ocrx_word' id='word_1_378' title='bbox 1005 3770 1112 3832; x_wconf 80' lang='lat' dir='ltr'><strong>ille,</strong></span> <span class='ocrx_word' id='word_1_379' title='bbox 1130 3778 1184 3823; x_wconf 86' lang='lat' dir='ltr'><strong>et</strong></span> <span class='ocrx_word' id='word_1_380' title='bbox 1201 3781 1412 3823; x_wconf 66' lang='lat' dir='ltr'><strong>castora.</strong></span> 
     </span>
    </p>
   </div>
   <div class='ocr_carea' id='block_1_55' title="bbox 749 3880 1094 3936">
    <p class='ocr_par' dir='ltr' id='par_1_55' title="bbox 749 3880 1094 3936">
     <span class='ocr_line' id='line_1_55' title="bbox 749 3880 1094 3936; baseline -0.003 -1"><span class='ocrx_word' id='word_1_381' title='bbox 749 3880 972 3936; x_wconf 79' lang='lat' dir='ltr'><strong>CAPUT</strong></span> <span class='ocrx_word' id='word_1_382' title='bbox 1011 3881 1094 3935; x_wconf 92' lang='lat' dir='ltr'><strong>Ill.</strong></span> 
     </span>
    </p>
   </div>
   <div class='ocr_carea' id='block_1_56' title="bbox 199 3950 1696 4025">
    <p class='ocr_par' dir='ltr' id='par_1_56' title="bbox 199 3950 1696 4025">
     <span class='ocr_line' id='line_1_56' title="bbox 199 3950 1696 4025; baseline -0.002 -19"><span class='ocrx_word' id='word_1_383' title='bbox 199 3955 302 4007; x_wconf 79' lang='lat' dir='ltr'><strong>Item</strong></span> <span class='ocrx_word' id='word_1_384' title='bbox 317 3955 438 4008; x_wconf 78' lang='lat' dir='ltr'><strong>alius</strong></span> <span class='ocrx_word' id='word_1_385' title='bbox 470 3953 717 4025; x_wconf 72' lang='lat' dir='ltr'><strong>Prologus</strong></span> <span class='ocrx_word' id='word_1_386' title='bbox 737 3969 852 4005; x_wconf 85' lang='lat' dir='ltr'><strong>cum</strong></span> <span class='ocrx_word' id='word_1_387' title='bbox 875 3955 983 4022; x_wconf 73' lang='lat' dir='ltr'><strong>ipsa</strong></span> <span class='ocrx_word' id='word_1_388' title='bbox 1004 3952 1278 4006; x_wconf 80' lang='lat' dir='ltr'><strong>donatione</strong></span> <span class='ocrx_word' id='word_1_389' title='bbox 1299 3951 1382 4003; x_wconf 68' lang='lat' dir='ltr'><strong>‘arl</strong></span> <span class='ocrx_word' id='word_1_390' title='bbox 1409 3950 1501 4004; x_wconf 77' lang='lat' dir='ltr'><strong>IIOC</strong></span> <span class='ocrx_word' id='word_1_391' title='bbox 1553 3968 1696 4018; x_wconf 78' lang='lat' dir='ltr'><strong>opus.</strong></span> 
     </span>
    </p>
   </div>
   <div class='ocr_carea' id='block_1_57' title="bbox 251 4044 1701 4111">
    <p class='ocr_par' dir='ltr' id='par_1_57' title="bbox 251 4044 1701 4111">
     <span class='ocr_line' id='line_1_57' title="bbox 251 4044 1701 4111; baseline -0.003 -12"><span class='ocrx_word' id='word_1_392' title='bbox 251 4048 403 4101; x_wconf 78' lang='lat' dir='ltr'><strong>Ilundi</strong></span> <span class='ocrx_word' id='word_1_393' title='bbox 425 4048 701 4100; x_wconf 85' lang='lat' dir='ltr'><strong>terminum</strong></span> <span class='ocrx_word' id='word_1_394' title='bbox 730 4045 893 4098; x_wconf 89' lang='lat' dir='ltr'><strong>rumis</strong></span> <span class='ocrx_word' id='word_1_395' title='bbox 937 4044 1388 4099; x_wconf 76' lang='lat' dir='ltr'><strong>Crebresccntibus</strong></span> <span class='ocrx_word' id='word_1_396' title='bbox 1415 4046 1701 4111; x_wconf 71' lang='lat' dir='ltr'><strong>appropin-</strong></span> 
     </span>
    </p>
   </div>
   <div class='ocr_carea' id='block_1_58' title="bbox 195 4133 1703 4205">
    <p class='ocr_par' dir='ltr' id='par_1_58' title="bbox 195 4133 1703 4205">
     <span class='ocr_line' id='line_1_58' title="bbox 195 4133 1703 4205; baseline -0.002 -15"><span class='ocrx_word' id='word_1_397' title='bbox 195 4147 407 4205; x_wconf 86' lang='lat' dir='ltr'><strong>quantem</strong></span> <span class='ocrx_word' id='word_1_398' title='bbox 470 4137 661 4190; x_wconf 80' lang='lat' dir='ltr'><strong>indicia</strong></span> <span class='ocrx_word' id='word_1_399' title='bbox 725 4147 867 4190; x_wconf 87' lang='lat' dir='ltr'><strong>certa</strong></span> <span class='ocrx_word' id='word_1_400' title='bbox 919 4133 1297 4199; x_wconf 81' lang='lat' dir='ltr'><strong>nianifesant,</strong></span> <span class='ocrx_word' id='word_1_401' title='bbox 1337 4136 1703 4201; x_wconf 79' lang='lat' dir='ltr'><strong>experimenta</strong></span> 
     </span>
    </p>
   </div>
   <div class='ocr_carea' id='block_1_59' title="bbox 197 4228 1702 4299">
    <p class='ocr_par' dir='ltr' id='par_1_59' title="bbox 197 4228 1702 4299">
     <span class='ocr_line' id='line_1_59' title="bbox 197 4228 1702 4299; baseline -0.003 -16"><span class='ocrx_word' id='word_1_402' title='bbox 197 4231 353 4299; x_wconf 79' lang='lat' dir='ltr'><strong>liquida</strong></span> <span class='ocrx_word' id='word_1_403' title='bbox 371 4231 632 4285; x_wconf 67' lang='lat' dir='ltr'><strong>declarare</strong></span> <span class='ocrx_word' id='word_1_404' title='bbox 660 4237 971 4292; x_wconf 83' lang='lat' dir='ltr'><strong>noscuntur,</strong></span> <span class='ocrx_word' id='word_1_405' title='bbox 995 4238 1048 4283; x_wconf 90' lang='lat' dir='ltr'><strong>et</strong></span> <span class='ocrx_word' id='word_1_406' title='bbox 1097 4230 1161 4282; x_wconf 89' lang='lat' dir='ltr'><strong>ad</strong></span> <span class='ocrx_word' id='word_1_407' title='bbox 1202 4228 1554 4282; x_wconf 86' lang='lat' dir='ltr'><strong>discutiendas</strong></span> <span class='ocrx_word' id='word_1_408' title='bbox 1582 4229 1702 4280; x_wconf 82' lang='lat' dir='ltr'><strong>inli-</strong></span> 
     </span>
    </p>
   </div>
   <div class='ocr_carea' id='block_1_60' title="bbox 194 4317 1704 4386">
    <p class='ocr_par' dir='ltr' id='par_1_60' title="bbox 194 4317 1704 4386">
     <span class='ocr_line' id='line_1_60' title="bbox 194 4317 1704 4386; baseline -0.002 -12"><span class='ocrx_word' id='word_1_409' title='bbox 194 4320 360 4375; x_wconf 75' lang='lat' dir='ltr'><strong>drlium</strong></span> <span class='ocrx_word' id='word_1_410' title='bbox 392 4328 589 4376; x_wconf 88' lang='lat' dir='ltr'><strong>mentes</strong></span> <span class='ocrx_word' id='word_1_411' title='bbox 626 4319 708 4373; x_wconf 86' lang='lat' dir='ltr'><strong>illa</strong></span> <span class='ocrx_word' id='word_1_412' title='bbox 742 4317 936 4374; x_wconf 88' lang='lat' dir='ltr'><strong>dudum</strong></span> <span class='ocrx_word' id='word_1_413' title='bbox 976 4321 1027 4372; x_wconf 92' lang='lat' dir='ltr'><strong>in</strong></span> <span class='ocrx_word' id='word_1_414' title='bbox 1067 4317 1364 4386; x_wconf 84' lang='lat' dir='ltr'><strong>Evangeliis</strong></span> <span class='ocrx_word' id='word_1_415' title='bbox 1411 4333 1438 4369; x_wconf 90' lang='lat' dir='ltr'><strong>a</strong></span> <span class='ocrx_word' id='word_1_416' title='bbox 1481 4317 1704 4371; x_wconf 85' lang='lat' dir='ltr'><strong>Domino</strong></span> 
     </span>
    </p>
   </div>
   <div class='ocr_carea' id='block_1_61' title="bbox 195 4411 1702 4480">
    <p class='ocr_par' dir='ltr' id='par_1_61' title="bbox 195 4411 1702 4480">
     <span class='ocr_line' id='line_1_61' title="bbox 195 4411 1702 4480; baseline -0.001 -15"><span class='ocrx_word' id='word_1_417' title='bbox 195 4414 306 4468; x_wconf 81' lang='lat' dir='ltr'><strong>dicta</strong></span> <span class='ocrx_word' id='word_1_418' title='bbox 327 4414 529 4467; x_wconf 83' lang='lat' dir='ltr'><strong>oracula</strong></span> <span class='ocrx_word' id='word_1_419' title='bbox 551 4413 855 4468; x_wconf 90' lang='lat' dir='ltr'><strong>incumbere</strong></span> <span class='ocrx_word' id='word_1_420' title='bbox 889 4419 1210 4465; x_wconf 86' lang='lat' dir='ltr'><strong>noscuntur:</strong></span> <span class='ocrx_word' id='word_1_421' title='bbox 1260 4426 1434 4480; x_wconf 65' lang='lat' dir='ltr'><strong>opera:</strong></span> <span class='ocrx_word' id='word_1_422' title='bbox 1477 4411 1702 4480; x_wconf 89' lang='lat' dir='ltr'><strong>pretium</strong></span> 
     </span>
    </p>
   </div>
   <div class='ocr_carea' id='block_1_62' title="bbox 1723 3187 1769 3247">
    <p class='ocr_par' dir='ltr' id='par_1_62' title="bbox 1723 3187 1769 3247">
     <span class='ocr_line' id='line_1_62' title="bbox 1723 3187 1769 3247; baseline 0 0"><span class='ocrx_word' id='word_1_423' title='bbox 1723 3187 1769 3247; x_wconf 90' lang='lat' dir='ltr'><strong><em>C</em></strong></span> 
     </span>
    </p>
   </div>
   <div class='ocr_carea' id='block_1_63' title="bbox 1804 1966 3339 2038">
    <p class='ocr_par' dir='ltr' id='par_1_63' title="bbox 1804 1966 3339 2038">
     <span class='ocr_line' id='line_1_63' title="bbox 1804 1966 3339 2038; baseline 0.004 -20"><span class='ocrx_word' id='word_1_424' title='bbox 1804 1967 1952 2021; x_wconf 88' lang='lat' dir='ltr'><strong>villas</strong></span> <span class='ocrx_word' id='word_1_425' title='bbox 1977 1969 2075 2020; x_wconf 87' lang='lat' dir='ltr'><strong>sub</strong></span> <span class='ocrx_word' id='word_1_426' title='bbox 2103 1976 2279 2021; x_wconf 90' lang='lat' dir='ltr'><strong>vestro</strong></span> <span class='ocrx_word' id='word_1_427' title='bbox 2301 1966 2559 2021; x_wconf 83' lang='lat' dir='ltr'><strong>beneflcio</strong></span> <span class='ocrx_word' id='word_1_428' title='bbox 2598 1967 2979 2032; x_wconf 84' lang='lat' dir='ltr'><strong>tantummodo,</strong></span> <span class='ocrx_word' id='word_1_429' title='bbox 3001 1970 3197 2038; x_wconf 87' lang='lat' dir='ltr'><strong>absque</strong></span> <span class='ocrx_word' id='word_1_430' title='bbox 3233 1970 3339 2024; x_wconf 89' lang='lat' dir='ltr'><strong>ullo</strong></span> 
     </span>
    </p>
   </div>
   <div class='ocr_carea' id='block_1_64' title="bbox 1803 2056 3340 2130">
    <p class='ocr_par' dir='ltr' id='par_1_64' title="bbox 1803 2056 3340 2130">
     <span class='ocr_line' id='line_1_64' title="bbox 1803 2056 3340 2130; baseline 0.006 -23"><span class='ocrx_word' id='word_1_431' title='bbox 1803 2056 2108 2124; x_wconf 73' lang='lat' dir='ltr'><strong>prmjmlicio</strong></span> <span class='ocrx_word' id='word_1_432' title='bbox 2145 2057 2228 2110; x_wconf 87' lang='lat' dir='ltr'><strong>vel</strong></span> <span class='ocrx_word' id='word_1_433' title='bbox 2258 2057 2609 2114; x_wconf 90' lang='lat' dir='ltr'><strong>diminutione</strong></span> <span class='ocrx_word' id='word_1_434' title='bbox 2645 2060 2822 2128; x_wconf 90' lang='lat' dir='ltr'><strong>aliqua</strong></span> <span class='ocrx_word' id='word_1_435' title='bbox 2848 2061 3011 2130; x_wconf 90' lang='lat' dir='ltr'><strong>ipsius</strong></span> <span class='ocrx_word' id='word_1_436' title='bbox 3040 2064 3340 2117; x_wconf 86' lang='lat' dir='ltr'><strong>monasterii</strong></span> 
     </span>
    </p>
   </div>
   <div class='ocr_carea' id='block_1_65' title="bbox 1800 2148 3380 2217">
    <p class='ocr_par' dir='ltr' id='par_1_65' title="bbox 1800 2148 3380 2217">
     <span class='ocr_line' id='line_1_65' title="bbox 1800 2148 3380 2217; baseline 0.006 -16"><span class='ocrx_word' id='word_1_437' title='bbox 1800 2148 2185 2217; x_wconf 88' lang='lat' dir='ltr'><strong>possideamus.</strong></span> <span class='ocrx_word' id='word_1_438' title='bbox 2203 2148 2310 2203; x_wconf 77' lang='lat' dir='ltr'><strong>Nisi</strong></span> <span class='ocrx_word' id='word_1_439' title='bbox 2334 2159 2562 2215; x_wconf 89' lang='lat' dir='ltr'><strong>tantum,</strong></span> <span class='ocrx_word' id='word_1_440' title='bbox 2585 2153 2628 2205; x_wconf 91' lang='lat' dir='ltr'><strong>si</strong></span> <span class='ocrx_word' id='word_1_441' title='bbox 2653 2152 2721 2205; x_wconf 92' lang='lat' dir='ltr'><strong>ali</strong></span> <span class='ocrx_word' id='word_1_442' title='bbox 2744 2167 2878 2216; x_wconf 64' lang='lat' dir='ltr'><strong>iuem</strong></span> <span class='ocrx_word' id='word_1_443' title='bbox 2909 2169 2971 2206; x_wconf 83' lang='lat' dir='ltr'><strong>ex</strong></span> <span class='ocrx_word' id='word_1_444' title='bbox 2996 2153 3342 2208; x_wconf 84' lang='lat' dir='ltr'><strong>servientibus</strong></span> <span class='ocrx_word' id='word_1_445' title='bbox 3376 2204 3380 2210; x_wconf 89' lang='lat'><strong>.</strong></span> 
     </span>
    </p>
   </div>
   <div class='ocr_carea' id='block_1_66' title="bbox 1801 2238 3341 2309">
    <p class='ocr_par' dir='ltr' id='par_1_66' title="bbox 1801 2238 3341 2309">
     <span class='ocr_line' id='line_1_66' title="bbox 1801 2238 3341 2309; baseline 0.003 -17"><span class='ocrx_word' id='word_1_446' title='bbox 1801 2239 1997 2293; x_wconf 89' lang='lat' dir='ltr'><strong>nostris</strong></span> <span class='ocrx_word' id='word_1_447' title='bbox 2027 2254 2056 2291; x_wconf 89' lang='lat' dir='ltr'><strong>a</strong></span> <span class='ocrx_word' id='word_1_448' title='bbox 2101 2238 2229 2308; x_wconf 88' lang='lat' dir='ltr'><strong>jugo</strong></span> <span class='ocrx_word' id='word_1_449' title='bbox 2249 2241 2516 2294; x_wconf 84' lang='lat' dir='ltr'><strong>servitutis</strong></span> <span class='ocrx_word' id='word_1_450' title='bbox 2555 2255 2652 2309; x_wconf 91' lang='lat' dir='ltr'><strong>pro</strong></span> <span class='ocrx_word' id='word_1_451' title='bbox 2697 2244 2961 2295; x_wconf 90' lang='lat' dir='ltr'><strong>communi</strong></span> <span class='ocrx_word' id='word_1_452' title='bbox 2991 2243 3233 2297; x_wconf 65' lang='lat' dir='ltr'><strong>mercede.</strong></span> <span class='ocrx_word' id='word_1_453' title='bbox 3260 2259 3341 2297; x_wconf 84' lang='lat' dir='ltr'><strong>re-</strong></span> 
     </span>
    </p>
   </div>
   <div class='ocr_carea' id='block_1_67' title="bbox 1799 2324 3339 2396">
    <p class='ocr_par' dir='ltr' id='par_1_67' title="bbox 1799 2324 3339 2396">
     <span class='ocr_line' id='line_1_67' title="bbox 1799 2324 3339 2396; baseline 0.001 -16"><span class='ocrx_word' id='word_1_454' title='bbox 1799 2328 1980 2381; x_wconf 77' lang='lat' dir='ltr'><strong>laxare</strong></span> <span class='ocrx_word' id='word_1_455' title='bbox 1996 2324 2346 2393; x_wconf 67' lang='lat' dir='ltr'><strong>voluerimus;</strong></span> <span class='ocrx_word' id='word_1_456' title='bbox 2373 2337 2492 2396; x_wconf 92' lang='lat' dir='ltr'><strong>post</strong></span> <span class='ocrx_word' id='word_1_457' title='bbox 2539 2328 2739 2384; x_wconf 89' lang='lat' dir='ltr'><strong>obitum</strong></span> <span class='ocrx_word' id='word_1_458' title='bbox 2761 2329 3339 2396; x_wconf 84' lang='lat' dir='ltr'><strong>vero,quandoquidcin</strong></span> 
     </span>
    </p>
   </div>
   <div class='ocr_carea' id='block_1_68' title="bbox 1801 2417 3340 2488">
    <p class='ocr_par' dir='ltr' id='par_1_68' title="bbox 1801 2417 3340 2488">
     <span class='ocr_line' id='line_1_68' title="bbox 1801 2417 3340 2488; baseline 0.002 -18"><span class='ocrx_word' id='word_1_459' title='bbox 1801 2418 1940 2472; x_wconf 89' lang='lat' dir='ltr'><strong>Deus</strong></span> <span class='ocrx_word' id='word_1_460' title='bbox 2000 2417 2245 2478; x_wconf 89' lang='lat' dir='ltr'><strong>voluerit,</strong></span> <span class='ocrx_word' id='word_1_461' title='bbox 2267 2428 2528 2482; x_wconf 91' lang='lat' dir='ltr'><strong>nostrum,</strong></span> <span class='ocrx_word' id='word_1_462' title='bbox 2573 2419 2772 2486; x_wconf 87' lang='lat' dir='ltr'><strong>absque</strong></span> <span class='ocrx_word' id='word_1_463' title='bbox 2827 2420 2981 2474; x_wconf 89' lang='lat' dir='ltr'><strong>ullius</strong></span> <span class='ocrx_word' id='word_1_464' title='bbox 3027 2417 3220 2488; x_wconf 86' lang='lat' dir='ltr'><strong>judicis</strong></span> <span class='ocrx_word' id='word_1_465' title='bbox 3255 2420 3340 2473; x_wconf 86' lang='lat' dir='ltr'><strong>vel</strong></span> 
     </span>
    </p>
   </div>
   <div class='ocr_carea' id='block_1_69' title="bbox 1801 2490 3336 2576">
    <p class='ocr_par' dir='ltr' id='par_1_69' title="bbox 1801 2490 3336 2576">
     <span class='ocr_line' id='line_1_69' title="bbox 1801 2490 3336 2576; baseline 0.001 -15"><span class='ocrx_word' id='word_1_466' title='bbox 1801 2509 2064 2562; x_wconf 61' lang='lat' dir='ltr'><strong>barredum</strong></span> <span class='ocrx_word' id='word_1_467' title='bbox 2087 2518 2385 2563; x_wconf 90' lang='lat' dir='ltr'><strong>nostrorum</strong></span> <span class='ocrx_word' id='word_1_468' title='bbox 2411 2519 2712 2576; x_wconf 82' lang='lat' dir='ltr'><strong>exspectata</strong></span> <span class='ocrx_word' id='word_1_469' title='bbox 2737 2490 3175 2576; x_wconf 39' lang='lat' dir='ltr'><strong>traditione,cum&#39;</strong></span> <span class='ocrx_word' id='word_1_470' title='bbox 3196 2512 3336 2562; x_wconf 83' lang='lat' dir='ltr'><strong>omni</strong></span> 
     </span>
    </p>
   </div>
   <div class='ocr_carea' id='block_1_70' title="bbox 1800 2598 3335 2667">
    <p class='ocr_par' dir='ltr' id='par_1_70' title="bbox 1800 2598 3335 2667">
     <span class='ocr_line' id='line_1_70' title="bbox 1800 2598 3335 2667; baseline -0.001 -14"><span class='ocrx_word' id='word_1_471' title='bbox 1800 2614 1858 2653; x_wconf 90' lang='lat' dir='ltr'><strong>re</strong></span> <span class='ocrx_word' id='word_1_472' title='bbox 1911 2601 2238 2662; x_wconf 83' lang='lat' dir='ltr'><strong>emcliorata,</strong></span> <span class='ocrx_word' id='word_1_473' title='bbox 2272 2599 2523 2667; x_wconf 86' lang='lat' dir='ltr'><strong>quidquid</strong></span> <span class='ocrx_word' id='word_1_474' title='bbox 2561 2599 2614 2652; x_wconf 92' lang='lat' dir='ltr'><strong>in</strong></span> <span class='ocrx_word' id='word_1_475' title='bbox 2667 2613 2822 2666; x_wconf 90' lang='lat' dir='ltr'><strong>supra</strong></span> <span class='ocrx_word' id='word_1_476' title='bbox 2849 2598 3053 2664; x_wconf 83' lang='lat' dir='ltr'><strong>scriptis</strong></span> <span class='ocrx_word' id='word_1_477' title='bbox 3097 2599 3228 2652; x_wconf 84' lang='lat' dir='ltr'><strong>villis</strong></span> <span class='ocrx_word' id='word_1_478' title='bbox 3285 2599 3335 2652; x_wconf 88' lang='lat' dir='ltr'><strong>in</strong></span> 
     </span>
    </p>
   </div>
   <div class='ocr_carea' id='block_1_71' title="bbox 1799 2687 3334 2757">
    <p class='ocr_par' dir='ltr' id='par_1_71' title="bbox 1799 2687 3334 2757">
     <span class='ocr_line' id='line_1_71' title="bbox 1799 2687 3334 2757; baseline -0.001 -17"><span class='ocrx_word' id='word_1_479' title='bbox 1799 2689 2120 2756; x_wconf 85' lang='lat' dir='ltr'><strong>quibuslibet</strong></span> <span class='ocrx_word' id='word_1_480' title='bbox 2159 2690 2317 2745; x_wconf 88' lang='lat' dir='ltr'><strong>rebus</strong></span> <span class='ocrx_word' id='word_1_481' title='bbox 2358 2687 2439 2744; x_wconf 88' lang='lat' dir='ltr'><strong>vel</strong></span> <span class='ocrx_word' id='word_1_482' title='bbox 2485 2688 2794 2757; x_wconf 89' lang='lat' dir='ltr'><strong>corporibus</strong></span> <span class='ocrx_word' id='word_1_483' title='bbox 2835 2696 3228 2756; x_wconf 79' lang='lat' dir='ltr'><strong>augmentatum</strong></span> <span class='ocrx_word' id='word_1_484' title='bbox 3253 2687 3334 2739; x_wconf 88' lang='lat' dir='ltr'><strong>vel</strong></span> 
     </span>
    </p>
   </div>
   <div class='ocr_carea' id='block_1_72' title="bbox 1799 2772 3338 2848">
    <p class='ocr_par' dir='ltr' id='par_1_72' title="bbox 1799 2772 3338 2848">
     <span class='ocr_line' id='line_1_72' title="bbox 1799 2772 3338 2848; baseline -0.003 -16"><span class='ocrx_word' id='word_1_485' title='bbox 1799 2781 2133 2832; x_wconf 82' lang='lat' dir='ltr'><strong>melioratum</strong></span> <span class='ocrx_word' id='word_1_486' title='bbox 2163 2779 2340 2846; x_wconf 89' lang='lat' dir='ltr'><strong>fuerit,</strong></span> <span class='ocrx_word' id='word_1_487' title='bbox 2370 2779 2436 2832; x_wconf 83' lang='lat' dir='ltr'><strong>de</strong></span> <span class='ocrx_word' id='word_1_488' title='bbox 2482 2779 2725 2848; x_wconf 62' lang='lat' dir='ltr'><strong>praesenti</strong></span> <span class='ocrx_word' id='word_1_489' title='bbox 2778 2778 2878 2834; x_wconf 89' lang='lat' dir='ltr'><strong>hoc</strong></span> <span class='ocrx_word' id='word_1_490' title='bbox 2923 2772 3043 2847; x_wconf 56' lang='lat' dir='ltr'><strong>pars</strong></span> <span class='ocrx_word' id='word_1_491' title='bbox 3093 2776 3338 2830; x_wconf 73' lang='lat' dir='ltr'><strong>antedicti</strong></span> 
     </span>
    </p>
   </div>
   <div class='ocr_carea' id='block_1_73' title="bbox 1798 2867 3342 2936">
    <p class='ocr_par' dir='ltr' id='par_1_73' title="bbox 1798 2867 3342 2936">
     <span class='ocr_line' id='line_1_73' title="bbox 1798 2867 3342 2936; baseline -0.001 -16"><span class='ocrx_word' id='word_1_492' title='bbox 1798 2869 2126 2934; x_wconf 89' lang='lat' dir='ltr'><strong>monasterii,</strong></span> <span class='ocrx_word' id='word_1_493' title='bbox 2152 2869 2236 2922; x_wconf 90' lang='lat' dir='ltr'><strong>vel</strong></span> <span class='ocrx_word' id='word_1_494' title='bbox 2277 2878 2596 2924; x_wconf 87' lang='lat' dir='ltr'><strong>memoratus</strong></span> <span class='ocrx_word' id='word_1_495' title='bbox 2623 2869 2786 2922; x_wconf 90' lang='lat' dir='ltr'><strong>abbas</strong></span> <span class='ocrx_word' id='word_1_496' title='bbox 2805 2867 2990 2936; x_wconf 85' lang='lat' dir='ltr'><strong>suique</strong></span> <span class='ocrx_word' id='word_1_497' title='bbox 3013 2881 3342 2921; x_wconf 79' lang='lat' dir='ltr'><strong>successores</strong></span> 
     </span>
    </p>
   </div>
   <div class='ocr_carea' id='block_1_74' title="bbox 1799 2959 3335 3028">
    <p class='ocr_par' dir='ltr' id='par_1_74' title="bbox 1799 2959 3335 3028">
     <span class='ocr_line' id='line_1_74' title="bbox 1799 2959 3335 3028; baseline -0.002 -15"><span class='ocrx_word' id='word_1_498' title='bbox 1799 2961 1851 3014; x_wconf 88' lang='lat' dir='ltr'><strong>in</strong></span> <span class='ocrx_word' id='word_1_499' title='bbox 1883 2961 1970 3014; x_wconf 91' lang='lat' dir='ltr'><strong>Dei</strong></span> <span class='ocrx_word' id='word_1_500' title='bbox 2002 2961 2216 3013; x_wconf 90' lang='lat' dir='ltr'><strong>nomine</strong></span> <span class='ocrx_word' id='word_1_501' title='bbox 2244 2959 2623 3028; x_wconf 90' lang='lat' dir='ltr'><strong>perpetualiter</strong></span> <span class='ocrx_word' id='word_1_502' title='bbox 2648 2959 2904 3028; x_wconf 89' lang='lat' dir='ltr'><strong>recipiant</strong></span> <span class='ocrx_word' id='word_1_503' title='bbox 2928 2960 3296 3026; x_wconf 87' lang='lat' dir='ltr'><strong>possidendum</strong></span> <span class='ocrx_word' id='word_1_504' title='bbox 3323 2979 3335 3010; x_wconf 87' lang='lat'><strong>:</strong></span> 
     </span>
    </p>
   </div>
   <div class='ocr_carea' id='block_1_75' title="bbox 1799 3050 3335 3118">
    <p class='ocr_par' dir='ltr' id='par_1_75' title="bbox 1799 3050 3335 3118">
     <span class='ocr_line' id='line_1_75' title="bbox 1799 3050 3335 3118; baseline -0.003 -13"><span class='ocrx_word' id='word_1_505' title='bbox 1799 3058 2049 3118; x_wconf 87' lang='lat' dir='ltr'><strong>tanquam</strong></span> <span class='ocrx_word' id='word_1_506' title='bbox 2106 3052 2148 3104; x_wconf 90' lang='lat' dir='ltr'><strong>si</strong></span> <span class='ocrx_word' id='word_1_507' title='bbox 2178 3050 2242 3104; x_wconf 89' lang='lat' dir='ltr'><strong>ad</strong></span> <span class='ocrx_word' id='word_1_508' title='bbox 2288 3064 2516 3118; x_wconf 77' lang='lat' dir='ltr'><strong>pr.csens</strong></span> <span class='ocrx_word' id='word_1_509' title='bbox 2559 3050 2758 3116; x_wconf 85' lang='lat' dir='ltr'><strong>absque</strong></span> <span class='ocrx_word' id='word_1_510' title='bbox 2795 3063 2893 3102; x_wconf 88' lang='lat' dir='ltr'><strong>usu</strong></span> <span class='ocrx_word' id='word_1_511' title='bbox 2929 3057 3108 3102; x_wconf 89' lang='lat' dir='ltr'><strong>nostro</strong></span> <span class='ocrx_word' id='word_1_512' title='bbox 3155 3064 3335 3104; x_wconf 90' lang='lat' dir='ltr'><strong>eorum</strong></span> 
     </span>
    </p>
   </div>
   <div class='ocr_carea' id='block_1_76' title="bbox 1803 3135 3338 3210">
    <p class='ocr_par' dir='ltr' id='par_1_76' title="bbox 1803 3135 3338 3210">
     <span class='ocr_line' id='line_1_76' title="bbox 1803 3135 3338 3210; baseline -0.001 -15"><span class='ocrx_word' id='word_1_513' title='bbox 1803 3144 1985 3198; x_wconf 88' lang='lat' dir='ltr'><strong>fuisset</strong></span> <span class='ocrx_word' id='word_1_514' title='bbox 2014 3143 2292 3197; x_wconf 89' lang='lat' dir='ltr'><strong>subsecuta</strong></span> <span class='ocrx_word' id='word_1_515' title='bbox 2320 3141 2603 3210; x_wconf 87' lang='lat' dir='ltr'><strong>possessio.</strong></span> <span class='ocrx_word' id='word_1_516' title='bbox 2628 3135 2794 3206; x_wconf 84' lang='lat' dir='ltr'><strong>ltaut,</strong></span> <span class='ocrx_word' id='word_1_517' title='bbox 2817 3139 3062 3208; x_wconf 88' lang='lat' dir='ltr'><strong>quidquid</strong></span> <span class='ocrx_word' id='word_1_518' title='bbox 3091 3137 3160 3192; x_wconf 86' lang='lat' dir='ltr'><strong>de</strong></span> <span class='ocrx_word' id='word_1_519' title='bbox 3207 3155 3338 3208; x_wconf 44' lang='lat' dir='ltr'><strong>prae.</strong></span> 
     </span>
    </p>
   </div>
   <div class='ocr_carea' id='block_1_77' title="bbox 1802 3231 3336 3302">
    <p class='ocr_par' dir='ltr' id='par_1_77' title="bbox 1802 3231 3336 3302">
     <span class='ocr_line' id='line_1_77' title="bbox 1802 3231 3336 3302; baseline -0.002 -17"><span class='ocrx_word' id='word_1_520' title='bbox 1802 3236 1957 3288; x_wconf 70' lang='lat' dir='ltr'><strong>dict’s</strong></span> <span class='ocrx_word' id='word_1_521' title='bbox 1992 3233 2126 3286; x_wconf 88' lang='lat' dir='ltr'><strong>villis</strong></span> <span class='ocrx_word' id='word_1_522' title='bbox 2153 3241 2369 3302; x_wconf 90' lang='lat' dir='ltr'><strong>propter</strong></span> <span class='ocrx_word' id='word_1_523' title='bbox 2388 3231 3004 3302; x_wconf 87' lang='lat' dir='ltr'><strong>opportunitatemipsius</strong></span> <span class='ocrx_word' id='word_1_524' title='bbox 3034 3232 3336 3284; x_wconf 86' lang='lat' dir='ltr'><strong>monasterii</strong></span> 
     </span>
    </p>
   </div>
   <div class='ocr_carea' id='block_1_78' title="bbox 1800 3318 3338 3388">
    <p class='ocr_par' dir='ltr' id='par_1_78' title="bbox 1800 3318 3338 3388">
     <span class='ocr_line' id='line_1_78' title="bbox 1800 3318 3338 3388; baseline -0.005 -13"><span class='ocrx_word' id='word_1_525' title='bbox 1800 3324 1973 3376; x_wconf 68' lang='lat' dir='ltr'><strong>facere</strong></span> <span class='ocrx_word' id='word_1_526' title='bbox 1997 3322 2343 3382; x_wconf 87' lang='lat' dir='ltr'><strong>decreverint,</strong></span> <span class='ocrx_word' id='word_1_527' title='bbox 2377 3322 2540 3376; x_wconf 88' lang='lat' dir='ltr'><strong>libero</strong></span> <span class='ocrx_word' id='word_1_528' title='bbox 2564 3322 2614 3375; x_wconf 91' lang='lat' dir='ltr'><strong>in</strong></span> <span class='ocrx_word' id='word_1_529' title='bbox 2640 3320 2882 3376; x_wconf 89' lang='lat' dir='ltr'><strong>omnibus</strong></span> <span class='ocrx_word' id='word_1_530' title='bbox 2911 3320 3175 3388; x_wconf 88' lang='lat' dir='ltr'><strong>potiantur</strong></span> <span class='ocrx_word' id='word_1_531' title='bbox 3202 3318 3338 3370; x_wconf 82' lang='lat' dir='ltr'><strong>arbi-</strong></span> 
     </span>
    </p>
   </div>
   <div class='ocr_carea' id='block_1_79' title="bbox 1801 3409 3340 3480">
    <p class='ocr_par' dir='ltr' id='par_1_79' title="bbox 1801 3409 3340 3480">
     <span class='ocr_line' id='line_1_79' title="bbox 1801 3409 3340 3480; baseline -0.004 -12"><span class='ocrx_word' id='word_1_532' title='bbox 1801 3417 1922 3468; x_wconf 92' lang='lat' dir='ltr'><strong>trio.</strong></span> <span class='ocrx_word' id='word_1_533' title='bbox 1953 3413 2266 3468; x_wconf 72' lang='lat' dir='ltr'><strong>Prmsentem</strong></span> <span class='ocrx_word' id='word_1_534' title='bbox 2289 3428 2416 3467; x_wconf 86' lang='lat' dir='ltr'><strong>vero</strong></span> <span class='ocrx_word' id='word_1_535' title='bbox 2444 3412 2805 3475; x_wconf 87' lang='lat' dir='ltr'><strong>donationem,</strong></span> <span class='ocrx_word' id='word_1_536' title='bbox 2828 3426 2894 3466; x_wconf 90' lang='lat' dir='ltr'><strong>ne</strong></span> <span class='ocrx_word' id='word_1_537' title='bbox 2918 3410 3197 3480; x_wconf 88' lang='lat' dir='ltr'><strong>quidquam</strong></span> <span class='ocrx_word' id='word_1_538' title='bbox 3227 3409 3340 3462; x_wconf 71' lang='lat' dir='ltr'><strong>auri</strong></span> 
     </span>
    </p>
   </div>
   <div class='ocr_carea' id='block_1_80' title="bbox 1802 3502 3342 3572">
    <p class='ocr_par' dir='ltr' id='par_1_80' title="bbox 1802 3502 3342 3572">
     <span class='ocr_line' id='line_1_80' title="bbox 1802 3502 3342 3572; baseline -0.003 -16"><span class='ocrx_word' id='word_1_539' title='bbox 1802 3505 1984 3558; x_wconf 90' lang='lat' dir='ltr'><strong>talium</strong></span> <span class='ocrx_word' id='word_1_540' title='bbox 2008 3502 2033 3539; x_wconf 70' lang='grc' dir='ltr'>ι’</span> <span class='ocrx_word' id='word_1_541' title='bbox 2055 3504 2294 3568; x_wconf 81' lang='lat' dir='ltr'><strong>utilitate,</strong></span> <span class='ocrx_word' id='word_1_542' title='bbox 2324 3503 2484 3571; x_wconf 90' lang='lat' dir='ltr'><strong>gestis</strong></span> <span class='ocrx_word' id='word_1_543' title='bbox 2504 3502 2904 3572; x_wconf 91' lang='lat' dir='ltr'><strong>municipalibus</strong></span> <span class='ocrx_word' id='word_1_544' title='bbox 2926 3502 3124 3570; x_wconf 86' lang='lat' dir='ltr'><strong>alligari</strong></span> <span class='ocrx_word' id='word_1_545' title='bbox 3144 3503 3342 3554; x_wconf 85' lang='lat' dir='ltr'><strong>curavi-</strong></span> 
     </span>
    </p>
   </div>
   <div class='ocr_carea' id='block_1_81' title="bbox 1802 3589 3342 3660">
    <p class='ocr_par' dir='ltr' id='par_1_81' title="bbox 1802 3589 3342 3660">
     <span class='ocr_line' id='line_1_81' title="bbox 1802 3589 3342 3660; baseline -0.005 -13"><span class='ocrx_word' id='word_1_546' title='bbox 1802 3610 1950 3657; x_wconf 88' lang='lat' dir='ltr'><strong>mus;</strong></span> <span class='ocrx_word' id='word_1_547' title='bbox 1981 3602 2032 3648; x_wconf 91' lang='lat' dir='ltr'><strong>et</strong></span> <span class='ocrx_word' id='word_1_548' title='bbox 2064 3594 2278 3647; x_wconf 89' lang='lat' dir='ltr'><strong>omnino</strong></span> <span class='ocrx_word' id='word_1_549' title='bbox 2306 3590 3028 3660; x_wconf 88' lang='lat' dir='ltr'><strong>decernimus,nealiquando</strong></span> <span class='ocrx_word' id='word_1_550' title='bbox 3057 3591 3108 3643; x_wconf 90' lang='lat' dir='ltr'><strong>in</strong></span> <span class='ocrx_word' id='word_1_551' title='bbox 3137 3604 3250 3644; x_wconf 88' lang='lat' dir='ltr'><strong>eam</strong></span> <span class='ocrx_word' id='word_1_552' title='bbox 3275 3589 3342 3641; x_wconf 90' lang='lat' dir='ltr'><strong>ob</strong></span> 
     </span>
    </p>
   </div>
   <div class='ocr_carea' id='block_1_82' title="bbox 1803 3679 3345 3754">
    <p class='ocr_par' dir='ltr' id='par_1_82' title="bbox 1803 3679 3345 3754">
     <span class='ocr_line' id='line_1_82' title="bbox 1803 3679 3345 3754; baseline -0.005 -17"><span class='ocrx_word' id='word_1_553' title='bbox 1803 3685 1903 3738; x_wconf 86' lang='lat' dir='ltr'><strong>Iioe</strong></span> <span class='ocrx_word' id='word_1_554' title='bbox 1929 3699 2142 3739; x_wconf 91' lang='lat' dir='ltr'><strong>causam</strong></span> <span class='ocrx_word' id='word_1_555' title='bbox 2165 3684 2437 3754; x_wconf 84' lang='lat' dir='ltr'><strong>quisquam</strong></span> <span class='ocrx_word' id='word_1_556' title='bbox 2451 3683 2625 3737; x_wconf 78' lang='lat' dir='ltr'><strong>valeat</strong></span> <span class='ocrx_word' id='word_1_557' title='bbox 2651 3682 2896 3749; x_wconf 90' lang='lat' dir='ltr'><strong>reperire.</strong></span> <span class='ocrx_word' id='word_1_558' title='bbox 2916 3679 3062 3744; x_wconf 87' lang='lat' dir='ltr'><strong>Quod</strong></span> <span class='ocrx_word' id='word_1_559' title='bbox 3083 3679 3125 3731; x_wconf 91' lang='lat' dir='ltr'><strong>si</strong></span> <span class='ocrx_word' id='word_1_560' title='bbox 3153 3679 3345 3732; x_wconf 80' lang='lat' dir='ltr'><strong>instru-</strong></span> 
     </span>
    </p>
   </div>
   <div class='ocr_carea' id='block_1_83' title="bbox 1803 3769 3341 3846">
    <p class='ocr_par' dir='ltr' id='par_1_83' title="bbox 1803 3769 3341 3846">
     <span class='ocr_line' id='line_1_83' title="bbox 1803 3769 3341 3846; baseline -0.006 -16"><span class='ocrx_word' id='word_1_561' title='bbox 1803 3788 1979 3831; x_wconf 82' lang='lat' dir='ltr'><strong>menta</strong></span> <span class='ocrx_word' id='word_1_562' title='bbox 2009 3779 2076 3832; x_wconf 80' lang='lat' dir='ltr'><strong>de</strong></span> <span class='ocrx_word' id='word_1_563' title='bbox 2105 3776 2390 3846; x_wconf 85' lang='lat' dir='ltr'><strong>ipsisvillis</strong></span> <span class='ocrx_word' id='word_1_564' title='bbox 2415 3775 2481 3829; x_wconf 91' lang='lat' dir='ltr'><strong>de</strong></span> <span class='ocrx_word' id='word_1_565' title='bbox 2506 3774 2716 3828; x_wconf 90' lang='lat' dir='ltr'><strong>nomine</strong></span> <span class='ocrx_word' id='word_1_566' title='bbox 2740 3780 2919 3825; x_wconf 89' lang='lat' dir='ltr'><strong>nostro</strong></span> <span class='ocrx_word' id='word_1_567' title='bbox 2949 3772 2998 3824; x_wconf 92' lang='lat' dir='ltr'><strong>in</strong></span> <span class='ocrx_word' id='word_1_568' title='bbox 3027 3769 3341 3823; x_wconf 81' lang='lat' dir='ltr'><strong>adversitate</strong></span> 
     </span>
    </p>
   </div>
   <div class='ocr_carea' id='block_1_84' title="bbox 1803 3860 3340 3938">
    <p class='ocr_par' dir='ltr' id='par_1_84' title="bbox 1803 3860 3340 3938">
     <span class='ocr_line' id='line_1_84' title="bbox 1803 3860 3340 3938; baseline -0.007 -18"><span class='ocrx_word' id='word_1_569' title='bbox 1803 3868 2036 3938; x_wconf 68' lang='lat' dir='ltr'><strong>puedicti</strong></span> <span class='ocrx_word' id='word_1_570' title='bbox 2067 3864 2396 3929; x_wconf 84' lang='lat' dir='ltr'><strong>menasterii,</strong></span> <span class='ocrx_word' id='word_1_571' title='bbox 2425 3863 2660 3932; x_wconf 89' lang='lat' dir='ltr'><strong>quolibet</strong></span> <span class='ocrx_word' id='word_1_572' title='bbox 2706 3862 2889 3916; x_wconf 86' lang='lat' dir='ltr'><strong>ordine</strong></span> <span class='ocrx_word' id='word_1_573' title='bbox 2924 3860 3294 3927; x_wconf 51' lang='lat' dir='ltr'><strong>comprehensa</strong></span> <span class='ocrx_word' id='word_1_574' title='bbox 3325 3899 3340 3923; x_wconf 90' lang='lat'><strong>,</strong></span> 
     </span>
    </p>
   </div>
   <div class='ocr_carea' id='block_1_85' title="bbox 1803 3948 3344 4024">
    <p class='ocr_par' dir='ltr' id='par_1_85' title="bbox 1803 3948 3344 4024">
     <span class='ocr_line' id='line_1_85' title="bbox 1803 3948 3344 4024; baseline -0.006 -14"><span class='ocrx_word' id='word_1_575' title='bbox 1803 3967 1894 4010; x_wconf 87' lang='lat' dir='ltr'><strong>aut</strong></span> <span class='ocrx_word' id='word_1_576' title='bbox 1944 3957 2178 4020; x_wconf 80' lang='lat' dir='ltr'><strong>interius,</strong></span> <span class='ocrx_word' id='word_1_577' title='bbox 2211 3963 2301 4009; x_wconf 83' lang='lat' dir='ltr'><strong>aut</strong></span> <span class='ocrx_word' id='word_1_578' title='bbox 2327 3955 2593 4024; x_wconf 87' lang='lat' dir='ltr'><strong>posterius</strong></span> <span class='ocrx_word' id='word_1_579' title='bbox 2621 3959 2928 4022; x_wconf 69' lang='lat' dir='ltr'><strong>prmnotata,</strong></span> <span class='ocrx_word' id='word_1_580' title='bbox 2956 3948 3095 4020; x_wconf 88' lang='lat' dir='ltr'><strong>quod</strong></span> <span class='ocrx_word' id='word_1_581' title='bbox 3122 3963 3219 4002; x_wconf 93' lang='lat' dir='ltr'><strong>nos</strong></span> <span class='ocrx_word' id='word_1_582' title='bbox 3248 3963 3344 4000; x_wconf 87' lang='lat' dir='ltr'><strong>nec</strong></span> 
     </span>
    </p>
   </div>
   <div class='ocr_carea' id='block_1_86' title="bbox 1805 4046 3345 4115">
    <p class='ocr_par' dir='ltr' id='par_1_86' title="bbox 1805 4046 3345 4115">
     <span class='ocr_line' id='line_1_86' title="bbox 1805 4046 3345 4115; baseline -0.008 -11"><span class='ocrx_word' id='word_1_583' title='bbox 1805 4051 2046 4113; x_wconf 86' lang='lat' dir='ltr'><strong>fecimus,</strong></span> <span class='ocrx_word' id='word_1_584' title='bbox 2078 4064 2175 4103; x_wconf 73' lang='lat' dir='ltr'><strong>nec</strong></span> <span class='ocrx_word' id='word_1_585' title='bbox 2200 4047 2376 4103; x_wconf 70' lang='lat' dir='ltr'><strong>fat-ere</strong></span> <span class='ocrx_word' id='word_1_586' title='bbox 2401 4046 2719 4115; x_wconf 87' lang='lat' dir='ltr'><strong>rogavimus,</strong></span> <span class='ocrx_word' id='word_1_587' title='bbox 2769 4059 2798 4098; x_wconf 89' lang='lat' dir='ltr'><strong>a</strong></span> <span class='ocrx_word' id='word_1_588' title='bbox 2827 4058 3138 4112; x_wconf 87' lang='lat' dir='ltr'><strong>quocunque</strong></span> <span class='ocrx_word' id='word_1_589' title='bbox 3161 4049 3345 4111; x_wconf 73' lang='lat' dir='ltr'><strong>przeter</strong></span> 
     </span>
    </p>
   </div>
   <div class='ocr_carea' id='block_1_87' title="bbox 1805 4138 3344 4209">
    <p class='ocr_par' dir='ltr' id='par_1_87' title="bbox 1805 4138 3344 4209">
     <span class='ocr_line' id='line_1_87' title="bbox 1805 4138 3344 4209; baseline -0.009 -14"><span class='ocrx_word' id='word_1_590' title='bbox 1805 4144 1962 4196; x_wconf 88' lang='lat' dir='ltr'><strong>istum</strong></span> <span class='ocrx_word' id='word_1_591' title='bbox 1994 4156 2148 4209; x_wconf 91' lang='lat' dir='ltr'><strong>quem</strong></span> <span class='ocrx_word' id='word_1_592' title='bbox 2178 4139 2531 4194; x_wconf 76' lang='lat' dir='ltr'><strong>ﬁrmissimum</strong></span> <span class='ocrx_word' id='word_1_593' title='bbox 2561 4138 2800 4192; x_wconf 89' lang='lat' dir='ltr'><strong>volumus</strong></span> <span class='ocrx_word' id='word_1_594' title='bbox 2840 4150 2956 4191; x_wconf 88' lang='lat' dir='ltr'><strong>esse</strong></span> <span class='ocrx_word' id='word_1_595' title='bbox 2979 4149 3186 4202; x_wconf 80' lang='lat' dir='ltr'><strong>quoque</strong></span> <span class='ocrx_word' id='word_1_596' title='bbox 3215 4141 3344 4183; x_wconf 85' lang='lat' dir='ltr'><strong>teni-</strong></span> 
     </span>
    </p>
   </div>
   <div class='ocr_carea' id='block_1_88' title="bbox 1804 4222 3345 4298">
    <p class='ocr_par' dir='ltr' id='par_1_88' title="bbox 1804 4222 3345 4298">
     <span class='ocr_line' id='line_1_88' title="bbox 1804 4222 3345 4298; baseline -0.006 -17"><span class='ocrx_word' id='word_1_597' title='bbox 1804 4247 1935 4298; x_wconf 85' lang='lat' dir='ltr'><strong>pore</strong></span> <span class='ocrx_word' id='word_1_598' title='bbox 1965 4241 2254 4296; x_wconf 87' lang='lat' dir='ltr'><strong>ostensum,</strong></span> <span class='ocrx_word' id='word_1_599' title='bbox 2279 4230 2476 4284; x_wconf 90' lang='lat' dir='ltr'><strong>nullum</strong></span> <span class='ocrx_word' id='word_1_600' title='bbox 2525 4227 2776 4283; x_wconf 89' lang='lat' dir='ltr'><strong>sortiatur</strong></span> <span class='ocrx_word' id='word_1_601' title='bbox 2800 4225 3038 4280; x_wconf 80' lang='lat' dir='ltr'><strong>ellectum</strong></span> <span class='ocrx_word' id='word_1_602' title='bbox 3063 4262 3079 4288; x_wconf 98' lang='lat'><strong>,</strong></span> <span class='ocrx_word' id='word_1_603' title='bbox 3134 4222 3229 4276; x_wconf 92' lang='lat' dir='ltr'><strong>nisi</strong></span> <span class='ocrx_word' id='word_1_604' title='bbox 3256 4235 3345 4273; x_wconf 87' lang='lat' dir='ltr'><strong>va-</strong></span> 
     </span>
    </p>
   </div>
   <div class='ocr_carea' id='block_1_89' title="bbox 1803 4309 3340 4388">
    <p class='ocr_par' dir='ltr' id='par_1_89' title="bbox 1803 4309 3340 4388">
     <span class='ocr_line' id='line_1_89' title="bbox 1803 4309 3340 4388; baseline -0.009 -12"><span class='ocrx_word' id='word_1_605' title='bbox 1803 4336 1960 4376; x_wconf 88' lang='lat' dir='ltr'><strong>cuum</strong></span> <span class='ocrx_word' id='word_1_606' title='bbox 1991 4330 2045 4374; x_wconf 89' lang='lat' dir='ltr'><strong>et</strong></span> <span class='ocrx_word' id='word_1_607' title='bbox 2091 4322 2245 4374; x_wconf 89' lang='lat' dir='ltr'><strong>inane</strong></span> <span class='ocrx_word' id='word_1_608' title='bbox 2273 4326 2561 4388; x_wconf 90' lang='lat' dir='ltr'><strong>appareat:</strong></span> <span class='ocrx_word' id='word_1_609' title='bbox 2593 4326 2861 4370; x_wconf 90' lang='lat' dir='ltr'><strong>auctorem</strong></span> <span class='ocrx_word' id='word_1_610' title='bbox 2907 4327 3032 4365; x_wconf 89' lang='lat' dir='ltr'><strong>vero</strong></span> <span class='ocrx_word' id='word_1_611' title='bbox 3079 4309 3340 4371; x_wconf 86' lang='lat' dir='ltr'><strong>criminis,</strong></span> 
     </span>
    </p>
   </div>
   <div class='ocr_carea' id='block_1_90' title="bbox 1804 4407 3345 4471">
    <p class='ocr_par' dir='ltr' id='par_1_90' title="bbox 1804 4407 3345 4471">
     <span class='ocr_line' id='line_1_90' title="bbox 1804 4407 3345 4471; baseline -0.008 -9"><span class='ocrx_word' id='word_1_612' title='bbox 1804 4413 1888 4465; x_wconf 78' lang='lat' dir='ltr'><strong>vel</strong></span> <span class='ocrx_word' id='word_1_613' title='bbox 1919 4411 2207 4468; x_wconf 88' lang='lat' dir='ltr'><strong>falsarium,</strong></span> <span class='ocrx_word' id='word_1_614' title='bbox 2251 4422 2349 4463; x_wconf 91' lang='lat' dir='ltr'><strong>nec</strong></span> <span class='ocrx_word' id='word_1_615' title='bbox 2394 4408 2612 4461; x_wconf 89' lang='lat' dir='ltr'><strong>inultum</strong></span> <span class='ocrx_word' id='word_1_616' title='bbox 2659 4411 3070 4471; x_wconf 88' lang='lat' dir='ltr'><strong>tunc,tempons</strong></span> <span class='ocrx_word' id='word_1_617' title='bbox 3116 4407 3345 4466; x_wconf 84' lang='lat' dir='ltr'><strong>patiatur</strong></span> 
     </span>
    </p>
   </div>
   <div class='ocr_carea' id='block_1_91' title="bbox 197 4487 3339 4582">
    <p class='ocr_par' dir='ltr' id='par_1_91' title="bbox 197 4487 3339 4582">
     <span class='ocr_line' id='line_1_91' title="bbox 197 4487 3339 4582; baseline -0.007 -23"><span class='ocrx_word' id='word_1_618' title='bbox 197 4508 389 4560; x_wconf 76' lang='lat' dir='ltr'><strong>arbitrar</strong></span> <span class='ocrx_word' id='word_1_619' title='bbox 417 4507 665 4572; x_wconf 86' lang='lat' dir='ltr'><strong>futurum,</strong></span> <span class='ocrx_word' id='word_1_620' title='bbox 696 4515 902 4575; x_wconf 90' lang='lat' dir='ltr'><strong>tempus</strong></span> <span class='ocrx_word' id='word_1_621' title='bbox 926 4503 1291 4558; x_wconf 87' lang='lat' dir='ltr'><strong>vicissitudine</strong></span> <span class='ocrx_word' id='word_1_622' title='bbox 1329 4519 1702 4572; x_wconf 75' lang='lat' dir='ltr'><strong>przeoccupans</strong></span> <span class='ocrx_word' id='word_1_623' title='bbox 1731 4521 1781 4582; x_wconf 76' lang='grc' dir='ltr'>ι)</span> <span class='ocrx_word' id='word_1_624' title='bbox 1802 4502 2072 4571; x_wconf 69' lang='lat' dir='ltr'><strong>juilieiaria</strong></span> <span class='ocrx_word' id='word_1_625' title='bbox 2099 4500 2243 4555; x_wconf 89' lang='lat' dir='ltr'><strong>abire</strong></span> <span class='ocrx_word' id='word_1_626' title='bbox 2267 4507 2514 4568; x_wconf 87' lang='lat' dir='ltr'><strong>potestas.</strong></span> <span class='ocrx_word' id='word_1_627' title='bbox 2537 4497 2592 4551; x_wconf 89' lang='lat' dir='ltr'><strong>Si</strong></span> <span class='ocrx_word' id='word_1_628' title='bbox 2629 4487 2744 4563; x_wconf 88' lang='lat' dir='ltr'><strong>quis</strong></span> <span class='ocrx_word' id='word_1_629' title='bbox 2772 4509 2919 4557; x_wconf 89' lang='lat' dir='ltr'><strong>vero,</strong></span> <span class='ocrx_word' id='word_1_630' title='bbox 2950 4491 3086 4560; x_wconf 90' lang='lat' dir='ltr'><strong>quod</strong></span> <span class='ocrx_word' id='word_1_631' title='bbox 3119 4489 3339 4542; x_wconf 87' lang='lat' dir='ltr'><strong>futurum</strong></span> 
     </span>
    </p>
   </div>
   <div class='ocr_carea' id='block_1_92' title="bbox 196 4592 1700 4667">
    <p class='ocr_par' dir='ltr' id='par_1_92' title="bbox 196 4592 1700 4667">
     <span class='ocr_line' id='line_1_92' title="bbox 196 4592 1700 4667; baseline -0.004 -17"><span class='ocrx_word' id='word_1_632' title='bbox 196 4597 463 4667; x_wconf 77' lang='lat' dir='ltr'><strong>anticipare,</strong></span> <span class='ocrx_word' id='word_1_633' title='bbox 497 4607 549 4651; x_wconf 88' lang='lat' dir='ltr'><strong>et</strong></span> <span class='ocrx_word' id='word_1_634' title='bbox 575 4597 828 4651; x_wconf 87' lang='lat' dir='ltr'><strong>incertum</strong></span> <span class='ocrx_word' id='word_1_635' title='bbox 855 4596 1098 4650; x_wconf 74' lang='lat' dir='ltr'><strong>humana:</strong></span> <span class='ocrx_word' id='word_1_636' title='bbox 1123 4592 1440 4648; x_wconf 86' lang='lat' dir='ltr'><strong>conditionis</strong></span> <span class='ocrx_word' id='word_1_637' title='bbox 1455 4602 1700 4646; x_wconf 86' lang='lat' dir='ltr'><strong>eventum</strong></span> 
     </span>
    </p>
   </div>
   <div class='ocr_carea' id='block_1_93' title="bbox 196 4684 1704 4755">
    <p class='ocr_par' dir='ltr' id='par_1_93' title="bbox 196 4684 1704 4755">
     <span class='ocr_line' id='line_1_93' title="bbox 196 4684 1704 4755; baseline -0.003 -15"><span class='ocrx_word' id='word_1_638' title='bbox 196 4689 340 4755; x_wconf 79' lang='lat' dir='ltr'><strong>sagaci</strong></span> <span class='ocrx_word' id='word_1_639' title='bbox 377 4689 560 4742; x_wconf 88' lang='lat' dir='ltr'><strong>mentis</strong></span> <span class='ocrx_word' id='word_1_640' title='bbox 598 4688 786 4741; x_wconf 90' lang='lat' dir='ltr'><strong>intuitu</strong></span> <span class='ocrx_word' id='word_1_641' title='bbox 839 4685 1117 4755; x_wconf 78' lang='lat' dir='ltr'><strong>prtividere</strong></span> <span class='ocrx_word' id='word_1_642' title='bbox 1141 4725 1156 4748; x_wconf 92' lang='lat'><strong>,</strong></span> <span class='ocrx_word' id='word_1_643' title='bbox 1206 4690 1464 4752; x_wconf 82' lang='lat' dir='ltr'><strong>quatenus</strong></span> <span class='ocrx_word' id='word_1_644' title='bbox 1500 4696 1562 4736; x_wconf 80' lang='lat' dir='ltr'><strong>ex</strong></span> <span class='ocrx_word' id='word_1_645' title='bbox 1603 4684 1704 4736; x_wconf 92' lang='lat' dir='ltr'><strong>boe</strong></span> 
     </span>
    </p>
   </div>
   <div class='ocr_carea' id='block_1_94' title="bbox 199 4772 1704 4841">
    <p class='ocr_par' dir='ltr' id='par_1_94' title="bbox 199 4772 1704 4841">
     <span class='ocr_line' id='line_1_94' title="bbox 199 4772 1704 4841; baseline -0.002 -14"><span class='ocrx_word' id='word_1_646' title='bbox 199 4775 374 4829; x_wconf 87' lang='lat' dir='ltr'><strong>inllictis</strong></span> <span class='ocrx_word' id='word_1_647' title='bbox 393 4773 672 4830; x_wconf 78' lang='lat' dir='ltr'><strong>facinorum</strong></span> <span class='ocrx_word' id='word_1_648' title='bbox 701 4774 1020 4837; x_wconf 85' lang='lat' dir='ltr'><strong>vulneribus,</strong></span> <span class='ocrx_word' id='word_1_649' title='bbox 1049 4773 1249 4827; x_wconf 86' lang='lat' dir='ltr'><strong>indulta</strong></span> <span class='ocrx_word' id='word_1_650' title='bbox 1275 4772 1493 4841; x_wconf 82' lang='lat' dir='ltr'><strong>pietate,</strong></span> <span class='ocrx_word' id='word_1_651' title='bbox 1528 4786 1704 4824; x_wconf 88' lang='lat' dir='ltr'><strong>reme-</strong></span> 
     </span>
    </p>
   </div>
   <div class='ocr_carea' id='block_1_95' title="bbox 197 4861 1704 4933">
    <p class='ocr_par' dir='ltr' id='par_1_95' title="bbox 197 4861 1704 4933">
     <span class='ocr_line' id='line_1_95' title="bbox 197 4861 1704 4933; baseline -0.002 -16"><span class='ocrx_word' id='word_1_652' title='bbox 197 4865 263 4917; x_wconf 83' lang='lat' dir='ltr'><strong>dia</strong></span> <span class='ocrx_word' id='word_1_653' title='bbox 289 4881 479 4920; x_wconf 87' lang='lat' dir='ltr'><strong>merear</strong></span> <span class='ocrx_word' id='word_1_654' title='bbox 504 4865 746 4933; x_wconf 90' lang='lat' dir='ltr'><strong>adipisci.</strong></span> <span class='ocrx_word' id='word_1_655' title='bbox 770 4863 904 4930; x_wconf 83' lang='lat' dir='ltr'><strong>Ergo</strong></span> <span class='ocrx_word' id='word_1_656' title='bbox 931 4877 1029 4930; x_wconf 89' lang='lat' dir='ltr'><strong>ego</strong></span> <span class='ocrx_word' id='word_1_657' title='bbox 1067 4863 1118 4917; x_wconf 90' lang='lat' dir='ltr'><strong>in</strong></span> <span class='ocrx_word' id='word_1_658' title='bbox 1151 4863 1242 4917; x_wconf 89' lang='lat' dir='ltr'><strong>Dei</strong></span> <span class='ocrx_word' id='word_1_659' title='bbox 1275 4862 1486 4916; x_wconf 89' lang='lat' dir='ltr'><strong>nomine</strong></span> <span class='ocrx_word' id='word_1_660' title='bbox 1538 4861 1625 4914; x_wconf 92' lang='lat' dir='ltr'><strong>ille</strong></span> <span class='ocrx_word' id='word_1_661' title='bbox 1649 4870 1704 4914; x_wconf 90' lang='lat' dir='ltr'><strong>et</strong></span> 
     </span>
    </p>
   </div>
   <div class='ocr_carea' id='block_1_96' title="bbox 198 4951 1702 5022">
    <p class='ocr_par' dir='ltr' id='par_1_96' title="bbox 198 4951 1702 5022">
     <span class='ocr_line' id='line_1_96' title="bbox 198 4951 1702 5022; baseline -0.003 -14"><span class='ocrx_word' id='word_1_662' title='bbox 198 4956 355 5022; x_wconf 74' lang='lat' dir='ltr'><strong>conjux</strong></span> <span class='ocrx_word' id='word_1_663' title='bbox 381 4971 491 5010; x_wconf 87' lang='lat' dir='ltr'><strong>mea</strong></span> <span class='ocrx_word' id='word_1_664' title='bbox 522 4953 1044 5017; x_wconf 88' lang='lat' dir='ltr'><strong>illa,considerantes</strong></span> <span class='ocrx_word' id='word_1_665' title='bbox 1072 4968 1174 5020; x_wconf 91' lang='lat' dir='ltr'><strong>qua</strong></span> <span class='ocrx_word' id='word_1_666' title='bbox 1201 4967 1480 5021; x_wconf 77' lang='lat' dir='ltr'><strong>gravantur</strong></span> <span class='ocrx_word' id='word_1_667' title='bbox 1499 4951 1702 5004; x_wconf 91' lang='lat' dir='ltr'><strong>sarcina</strong></span> 
     </span>
    </p>
   </div>
   <div class='ocr_carea' id='block_1_97' title="bbox 199 5041 1703 5112">
    <p class='ocr_par' dir='ltr' id='par_1_97' title="bbox 199 5041 1703 5112">
     <span class='ocr_line' id='line_1_97' title="bbox 199 5041 1703 5112; baseline -0.009 -5"><span class='ocrx_word' id='word_1_668' title='bbox 199 5056 534 5112; x_wconf 76' lang='lat' dir='ltr'><strong>Peccatomm,</strong></span> <span class='ocrx_word' id='word_1_669' title='bbox 590 5056 643 5101; x_wconf 89' lang='lat' dir='ltr'><strong>et</strong></span> <span class='ocrx_word' id='word_1_670' title='bbox 681 5043 1078 5100; x_wconf 87' lang='lat' dir='ltr'><strong>reminiscentes</strong></span> <span class='ocrx_word' id='word_1_671' title='bbox 1127 5043 1414 5098; x_wconf 81' lang='lat' dir='ltr'><strong>booitatem</strong></span> <span class='ocrx_word' id='word_1_672' title='bbox 1477 5041 1567 5094; x_wconf 89' lang='lat' dir='ltr'><strong>Dei</strong></span> <span class='ocrx_word' id='word_1_673' title='bbox 1619 5041 1703 5094; x_wconf 91' lang='lat' dir='ltr'><strong>di-</strong></span> 
     </span>
    </p>
   </div>
   <div class='ocr_carea' id='block_1_98' title="bbox 201 5130 1703 5205">
    <p class='ocr_par' dir='ltr' id='par_1_98' title="bbox 201 5130 1703 5205">
     <span class='ocr_line' id='line_1_98' title="bbox 201 5130 1703 5205; baseline -0.005 -16"><span class='ocrx_word' id='word_1_674' title='bbox 201 5135 360 5200; x_wconf 78' lang='lat' dir='ltr'><strong>centis,</strong></span> <span class='ocrx_word' id='word_1_675' title='bbox 384 5136 509 5191; x_wconf 79' lang='lat' dir='ltr'><strong>Date</strong></span> <span class='ocrx_word' id='word_1_676' title='bbox 546 5138 930 5205; x_wconf 72' lang='lat' dir='ltr'><strong>elemosynam,</strong></span> <span class='ocrx_word' id='word_1_677' title='bbox 955 5142 1003 5186; x_wconf 87' lang='lat' dir='ltr'><strong>et</strong></span> <span class='ocrx_word' id='word_1_678' title='bbox 1039 5133 1210 5185; x_wconf 83' lang='lat' dir='ltr'><strong>omnia</strong></span> <span class='ocrx_word' id='word_1_679' title='bbox 1231 5131 1417 5184; x_wconf 83' lang='lat' dir='ltr'><strong>munda</strong></span> <span class='ocrx_word' id='word_1_680' title='bbox 1455 5130 1586 5198; x_wconf 80' lang='lat' dir='ltr'><strong>ﬁunt</strong></span> <span class='ocrx_word' id='word_1_681' title='bbox 1615 5145 1703 5182; x_wconf 80' lang='lat' dir='ltr'><strong>ro-</strong></span> 
     </span>
    </p>
   </div>
   <div class='ocr_carea' id='block_1_99' title="bbox 202 5219 1702 5293">
    <p class='ocr_par' dir='ltr' id='par_1_99' title="bbox 202 5219 1702 5293">
     <span class='ocr_line' id='line_1_99' title="bbox 202 5219 1702 5293; baseline -0.005 -14"><span class='ocrx_word' id='word_1_682' title='bbox 202 5223 375 5280; x_wconf 55' lang='lat' dir='ltr'><strong>bisfde</strong></span> <span class='ocrx_word' id='word_1_683' title='bbox 410 5235 550 5280; x_wconf 81' lang='lat' dir='ltr'><strong>tanta</strong></span> <span class='ocrx_word' id='word_1_684' title='bbox 592 5227 749 5293; x_wconf 85' lang='lat' dir='ltr'><strong>igitur</strong></span> <span class='ocrx_word' id='word_1_685' title='bbox 784 5225 1126 5279; x_wconf 88' lang='lat' dir='ltr'><strong>miseratione</strong></span> <span class='ocrx_word' id='word_1_686' title='bbox 1174 5232 1228 5277; x_wconf 91' lang='lat' dir='ltr'><strong>et</strong></span> <span class='ocrx_word' id='word_1_687' title='bbox 1265 5223 1457 5292; x_wconf 90' lang='lat' dir='ltr'><strong>pietate</strong></span> <span class='ocrx_word' id='word_1_688' title='bbox 1495 5219 1702 5273; x_wconf 90' lang='lat' dir='ltr'><strong>Domini</strong></span> 
     </span>
    </p>
   </div>
   <div class='ocr_carea' id='block_1_100' title="bbox 201 5311 1706 5384">
    <p class='ocr_par' dir='ltr' id='par_1_100' title="bbox 201 5311 1706 5384">
     <span class='ocr_line' id='line_1_100' title="bbox 201 5311 1706 5384; baseline -0.005 -12"><span class='ocrx_word' id='word_1_689' title='bbox 201 5314 587 5384; x_wconf 78' lang='lat' dir='ltr'><strong>eonﬁsi,idcirco</strong></span> <span class='ocrx_word' id='word_1_690' title='bbox 625 5331 718 5384; x_wconf 82' lang='lat' dir='ltr'><strong>per</strong></span> <span class='ocrx_word' id='word_1_691' title='bbox 742 5315 879 5371; x_wconf 85' lang='lat' dir='ltr'><strong>hanc</strong></span> <span class='ocrx_word' id='word_1_692' title='bbox 921 5314 1194 5384; x_wconf 91' lang='lat' dir='ltr'><strong>epistolam</strong></span> <span class='ocrx_word' id='word_1_693' title='bbox 1221 5312 1517 5368; x_wconf 88' lang='lat' dir='ltr'><strong>donationis</strong></span> <span class='ocrx_word' id='word_1_694' title='bbox 1542 5353 1556 5374; x_wconf 89' lang='lat'><strong>,</strong></span> <span class='ocrx_word' id='word_1_695' title='bbox 1609 5311 1706 5365; x_wconf 83' lang='lat' dir='ltr'><strong>do-</strong></span> 
     </span>
    </p>
   </div>
   <div class='ocr_carea' id='block_1_101' title="bbox 255 5489 1704 5561">
    <p class='ocr_par' dir='ltr' id='par_1_101' title="bbox 255 5489 1704 5561">
     <span class='ocr_line' id='line_1_101' title="bbox 255 5489 1704 5561; baseline -0.003 -16"><span class='ocrx_word' id='word_1_696' title='bbox 255 5500 282 5530; x_wconf 74' lang='grc' dir='ltr'><strong>ι</strong></span> <span class='ocrx_word' id='word_1_697' title='bbox 317 5492 491 5550; x_wconf 62' lang='lat' dir='ltr'><strong>Petillii</strong></span> <span class='ocrx_word' id='word_1_698' title='bbox 513 5510 617 5548; x_wconf 77' lang='lat' dir='ltr'><strong>vox</strong></span> <span class='ocrx_word' id='word_1_699' title='bbox 647 5493 790 5548; x_wconf 87' lang='lat' dir='ltr'><strong>varie</strong></span> <span class='ocrx_word' id='word_1_700' title='bbox 815 5491 1084 5561; x_wconf 68' lang='lat' dir='ltr'><strong>accipitur.</strong></span> <span class='ocrx_word' id='word_1_701' title='bbox 1117 5491 1242 5544; x_wconf 85' lang='lat' dir='ltr'><strong>Nam</strong></span> <span class='ocrx_word' id='word_1_702' title='bbox 1284 5498 1474 5561; x_wconf 62' lang='lat' dir='ltr'><strong>preter</strong></span> <span class='ocrx_word' id='word_1_703' title='bbox 1529 5489 1704 5561; x_wconf 82' lang='lat' dir='ltr'><strong>notio-</strong></span> 
     </span>
    </p>
   </div>
   <div class='ocr_carea' id='block_1_102' title="bbox 201 5559 1707 5630">
    <p class='ocr_par' dir='ltr' id='par_1_102' title="bbox 201 5559 1707 5630">
     <span class='ocr_line' id='line_1_102' title="bbox 201 5559 1707 5630; baseline -0.007 -12"><span class='ocrx_word' id='word_1_704' title='bbox 201 5575 292 5618; x_wconf 82' lang='lat' dir='ltr'><strong>rem</strong></span> <span class='ocrx_word' id='word_1_705' title='bbox 314 5563 731 5630; x_wconf 76' lang='lat' dir='ltr'><strong>signiﬁcationem</strong></span> <span class='ocrx_word' id='word_1_706' title='bbox 756 5562 868 5630; x_wconf 87' lang='lat' dir='ltr'><strong>ejus</strong></span> <span class='ocrx_word' id='word_1_707' title='bbox 898 5559 1034 5629; x_wconf 83' lang='lat' dir='ltr'><strong>quod</strong></span> <span class='ocrx_word' id='word_1_708' title='bbox 1061 5576 1088 5612; x_wconf 90' lang='lat' dir='ltr'><strong>a</strong></span> <span class='ocrx_word' id='word_1_709' title='bbox 1116 5569 1262 5627; x_wconf 88' lang='lat' dir='ltr'><strong>patre</strong></span> <span class='ocrx_word' id='word_1_710' title='bbox 1284 5559 1385 5630; x_wconf 75' lang='lat' dir='ltr'><strong>vel</strong></span> <span class='ocrx_word' id='word_1_711' title='bbox 1411 5559 1622 5630; x_wconf 85' lang='lat' dir='ltr'><strong>domino</strong></span> <span class='ocrx_word' id='word_1_712' title='bbox 1648 5559 1707 5608; x_wconf 85' lang='lat' dir='ltr'><strong>li-</strong></span> 
     </span>
    </p>
   </div>
   <div class='ocr_carea' id='block_1_103' title="bbox 205 5627 1704 5695">
    <p class='ocr_par' dir='ltr' id='par_1_103' title="bbox 205 5627 1704 5695">
     <span class='ocr_line' id='line_1_103' title="bbox 205 5627 1704 5695; baseline -0.006 -10"><span class='ocrx_word' id='word_1_713' title='bbox 205 5633 262 5685; x_wconf 86' lang='lat' dir='ltr'><strong>lio</strong></span> <span class='ocrx_word' id='word_1_714' title='bbox 283 5627 533 5687; x_wconf 49' lang='lat' dir='ltr'><strong>aut&#39;servo</strong></span> <span class='ocrx_word' id='word_1_715' title='bbox 561 5627 872 5687; x_wconf 82' lang='lat' dir='ltr'><strong>concessum</strong></span> <span class='ocrx_word' id='word_1_716' title='bbox 901 5627 1002 5688; x_wconf 87' lang='lat' dir='ltr'><strong>est.</strong></span> <span class='ocrx_word' id='word_1_717' title='bbox 1030 5630 1110 5682; x_wconf 88' lang='lat' dir='ltr'><strong>vel</strong></span> <span class='ocrx_word' id='word_1_718' title='bbox 1154 5629 1294 5695; x_wconf 86' lang='lat' dir='ltr'><strong>quod</strong></span> <span class='ocrx_word' id='word_1_719' title='bbox 1339 5629 1409 5680; x_wconf 92' lang='lat' dir='ltr'><strong>illi</strong></span> <span class='ocrx_word' id='word_1_720' title='bbox 1442 5627 1704 5692; x_wconf 83' lang='lat' dir='ltr'><strong>parcimu-</strong></span> 
     </span>
    </p>
   </div>
   <div class='ocr_carea' id='block_1_104' title="bbox 205 5700 1708 5768">
    <p class='ocr_par' dir='ltr' id='par_1_104' title="bbox 205 5700 1708 5768">
     <span class='ocr_line' id='line_1_104' title="bbox 205 5700 1708 5768; baseline -0.006 -12"><span class='ocrx_word' id='word_1_721' title='bbox 205 5702 273 5756; x_wconf 81' lang='lat' dir='ltr'><strong>n&#39;ta</strong></span> <span class='ocrx_word' id='word_1_722' title='bbox 298 5713 347 5756; x_wconf 87' lang='lat' dir='ltr'><strong>et</strong></span> <span class='ocrx_word' id='word_1_723' title='bbox 389 5701 554 5753; x_wconf 84' lang='lat' dir='ltr'><strong>indust</strong></span> <span class='ocrx_word' id='word_1_724' title='bbox 585 5703 634 5754; x_wconf 84' lang='lat' dir='ltr'><strong>ia</strong></span> <span class='ocrx_word' id='word_1_725' title='bbox 662 5703 997 5768; x_wconf 75' lang='lat' dir='ltr'><strong>_qu:csicrunt</strong></span> <span class='ocrx_word' id='word_1_726' title='bbox 1021 5736 1037 5756; x_wconf 95' lang='lat'><strong>,</strong></span> <span class='ocrx_word' id='word_1_727' title='bbox 1093 5707 1297 5768; x_wconf 78' lang='lat' dir='ltr'><strong>veteres</strong></span> <span class='ocrx_word' id='word_1_728' title='bbox 1337 5700 1494 5749; x_wconf 81' lang='lat' dir='ltr'><strong>etiam</strong></span> <span class='ocrx_word' id='word_1_729' title='bbox 1550 5710 1708 5768; x_wconf 76' lang='lat' dir='ltr'><strong>omne</strong></span> 
     </span>
    </p>
   </div>
   <div class='ocr_carea' id='block_1_105' title="bbox 210 5764 1706 5841">
    <p class='ocr_par' dir='ltr' id='par_1_105' title="bbox 210 5764 1706 5841">
     <span class='ocr_line' id='line_1_105' title="bbox 210 5764 1706 5841; baseline -0.006 -16"><span class='ocrx_word' id='word_1_730' title='bbox 210 5771 536 5841; x_wconf 83' lang='lat' dir='ltr'><strong>patrimonium</strong></span> <span class='ocrx_word' id='word_1_731' title='bbox 553 5764 750 5840; x_wconf 65' lang='lat' dir='ltr'><strong>peculii</strong></span> <span class='ocrx_word' id='word_1_732' title='bbox 771 5769 980 5823; x_wconf 84' lang='lat' dir='ltr'><strong>nomine</strong></span> <span class='ocrx_word' id='word_1_733' title='bbox 1000 5767 1202 5835; x_wconf 84' lang='lat' dir='ltr'><strong>appella</strong></span> <span class='ocrx_word' id='word_1_734' title='bbox 1211 5767 1576 5832; x_wconf 82' lang='lat' dir='ltr'><strong>baut,auctorc</strong></span> <span class='ocrx_word' id='word_1_735' title='bbox 1592 5764 1706 5818; x_wconf 79' lang='lat' dir='ltr'><strong>Scr-</strong></span> 
     </span>
    </p>
   </div>
   <div class='ocr_carea' id='block_1_106' title="bbox 1806 4579 3344 4656">
    <p class='ocr_par' dir='ltr' id='par_1_106' title="bbox 1806 4579 3344 4656">
     <span class='ocr_line' id='line_1_106' title="bbox 1806 4579 3344 4656; baseline -0.01 -10"><span class='ocrx_word' id='word_1_736' title='bbox 1806 4607 1924 4646; x_wconf 90' lang='lat' dir='ltr'><strong>csse</strong></span> <span class='ocrx_word' id='word_1_737' title='bbox 1949 4607 2052 4646; x_wconf 92' lang='lat' dir='ltr'><strong>non</strong></span> <span class='ocrx_word' id='word_1_738' title='bbox 2080 4591 2362 4656; x_wconf 89' lang='lat' dir='ltr'><strong>credimus,</strong></span> <span class='ocrx_word' id='word_1_739' title='bbox 2386 4588 2506 4643; x_wconf 90' lang='lat' dir='ltr'><strong>buic</strong></span> <span class='ocrx_word' id='word_1_740' title='bbox 2525 4585 2780 4640; x_wconf 89' lang='lat' dir='ltr'><strong>voluntati</strong></span> <span class='ocrx_word' id='word_1_741' title='bbox 2808 4593 2997 4639; x_wconf 71' lang='lat' dir='ltr'><strong>nostra:</strong></span> <span class='ocrx_word' id='word_1_742' title='bbox 3019 4597 3110 4649; x_wconf 90' lang='lat' dir='ltr'><strong>pro</strong></span> <span class='ocrx_word' id='word_1_743' title='bbox 3135 4579 3344 4648; x_wconf 84' lang='lat' dir='ltr'><strong>quibus-</strong></span> 
     </span>
    </p>
   </div>
   <div class='ocr_carea' id='block_1_107' title="bbox 1806 4666 3341 4742">
    <p class='ocr_par' dir='ltr' id='par_1_107' title="bbox 1806 4666 3341 4742">
     <span class='ocr_line' id='line_1_107' title="bbox 1806 4666 3341 4742; baseline -0.012 -6"><span class='ocrx_word' id='word_1_744' title='bbox 1806 4681 1935 4736; x_wconf 88' lang='lat' dir='ltr'><strong>libet</strong></span> <span class='ocrx_word' id='word_1_745' title='bbox 1960 4677 2439 4742; x_wconf 87' lang='lat' dir='ltr'><strong>adinventionibus,</strong></span> <span class='ocrx_word' id='word_1_746' title='bbox 2482 4673 2667 4742; x_wconf 88' lang='lat' dir='ltr'><strong>aliquis</strong></span> <span class='ocrx_word' id='word_1_747' title='bbox 2702 4672 2769 4726; x_wconf 90' lang='lat' dir='ltr'><strong>de</strong></span> <span class='ocrx_word' id='word_1_748' title='bbox 2796 4670 3084 4724; x_wconf 68' lang='lat' dir='ltr'><strong>hmredibus</strong></span> <span class='ocrx_word' id='word_1_749' title='bbox 3113 4666 3302 4721; x_wconf 86' lang='lat' dir='ltr'><strong>nostris</strong></span> <span class='ocrx_word' id='word_1_750' title='bbox 3325 4701 3341 4727; x_wconf 91' lang='lat'><strong>,</strong></span> 
     </span>
    </p>
   </div>
   <div class='ocr_carea' id='block_1_108' title="bbox 1805 4758 3340 4836">
    <p class='ocr_par' dir='ltr' id='par_1_108' title="bbox 1805 4758 3340 4836">
     <span class='ocr_line' id='line_1_108' title="bbox 1805 4758 3340 4836; baseline -0.011 -13"><span class='ocrx_word' id='word_1_751' title='bbox 1805 4768 2144 4836; x_wconf 88' lang='lat' dir='ltr'><strong>autjudicum</strong></span> <span class='ocrx_word' id='word_1_752' title='bbox 2173 4779 2309 4820; x_wconf 64' lang='lat' dir='ltr'><strong>saeva</strong></span> <span class='ocrx_word' id='word_1_753' title='bbox 2361 4763 2638 4832; x_wconf 88' lang='lat' dir='ltr'><strong>cupiditas,</strong></span> <span class='ocrx_word' id='word_1_754' title='bbox 2665 4760 2746 4814; x_wconf 89' lang='lat' dir='ltr'><strong>vel</strong></span> <span class='ocrx_word' id='word_1_755' title='bbox 2791 4758 3032 4827; x_wconf 85' lang='lat' dir='ltr'><strong>quaelibet</strong></span> <span class='ocrx_word' id='word_1_756' title='bbox 3078 4770 3298 4824; x_wconf 84' lang='lat' dir='ltr'><strong>persona</strong></span> <span class='ocrx_word' id='word_1_757' title='bbox 3324 4793 3340 4816; x_wconf 90' lang='lat'><strong>,</strong></span> 
     </span>
    </p>
   </div>
   <div class='ocr_carea' id='block_1_109' title="bbox 1805 4845 3337 4925">
    <p class='ocr_par' dir='ltr' id='par_1_109' title="bbox 1805 4845 3337 4925">
     <span class='ocr_line' id='line_1_109' title="bbox 1805 4845 3337 4925; baseline -0.01 -13"><span class='ocrx_word' id='word_1_758' title='bbox 1805 4860 1992 4913; x_wconf 91' lang='lat' dir='ltr'><strong>obvius</strong></span> <span class='ocrx_word' id='word_1_759' title='bbox 2021 4855 2275 4925; x_wconf 91' lang='lat' dir='ltr'><strong>repetitor</strong></span> <span class='ocrx_word' id='word_1_760' title='bbox 2302 4853 2560 4908; x_wconf 78' lang='lat' dir='ltr'><strong>exstiterit</strong></span> <span class='ocrx_word' id='word_1_761' title='bbox 2587 4867 2617 4904; x_wconf 91' lang='lat' dir='ltr'><strong>a</strong></span> <span class='ocrx_word' id='word_1_762' title='bbox 2639 4857 2900 4904; x_wconf 87' lang='lat' dir='ltr'><strong>conventu</strong></span> <span class='ocrx_word' id='word_1_763' title='bbox 2927 4847 3158 4902; x_wconf 90' lang='lat' dir='ltr'><strong>omnium</strong></span> <span class='ocrx_word' id='word_1_764' title='bbox 3185 4845 3337 4899; x_wconf 85' lang='lat' dir='ltr'><strong>Cbri-</strong></span> 
     </span>
    </p>
   </div>
   <div class='ocr_carea' id='block_1_110' title="bbox 1803 4933 3342 5012">
    <p class='ocr_par' dir='ltr' id='par_1_110' title="bbox 1803 4933 3342 5012">
     <span class='ocr_line' id='line_1_110' title="bbox 1803 4933 3342 5012; baseline -0.011 -10"><span class='ocrx_word' id='word_1_765' title='bbox 1803 4947 2116 5012; x_wconf 84' lang='lat' dir='ltr'><strong>stianorum,</strong></span> <span class='ocrx_word' id='word_1_766' title='bbox 2147 4944 2231 4998; x_wconf 90' lang='lat' dir='ltr'><strong>vel</strong></span> <span class='ocrx_word' id='word_1_767' title='bbox 2261 4942 2508 4996; x_wconf 88' lang='lat' dir='ltr'><strong>limitibus</strong></span> <span class='ocrx_word' id='word_1_768' title='bbox 2553 4937 2912 5002; x_wconf 90' lang='lat' dir='ltr'><strong>ecclesiarum,</strong></span> <span class='ocrx_word' id='word_1_769' title='bbox 2941 4944 3223 4990; x_wconf 75' lang='lat' dir='ltr'><strong>extraneus</strong></span> <span class='ocrx_word' id='word_1_770' title='bbox 3250 4933 3342 4986; x_wconf 86' lang='lat' dir='ltr'><strong>lia-</strong></span> 
     </span>
    </p>
   </div>
   <div class='ocr_carea' id='block_1_111' title="bbox 1805 5023 3340 5104">
    <p class='ocr_par' dir='ltr' id='par_1_111' title="bbox 1805 5023 3340 5104">
     <span class='ocr_line' id='line_1_111' title="bbox 1805 5023 3340 5104; baseline -0.012 -9"><span class='ocrx_word' id='word_1_771' title='bbox 1805 5043 2010 5104; x_wconf 90' lang='lat' dir='ltr'><strong>beatur,</strong></span> <span class='ocrx_word' id='word_1_772' title='bbox 2041 5049 2094 5094; x_wconf 92' lang='lat' dir='ltr'><strong>et</strong></span> <span class='ocrx_word' id='word_1_773' title='bbox 2121 5038 2264 5092; x_wconf 64' lang='lat' dir='ltr'><strong>ludia</strong></span> <span class='ocrx_word' id='word_1_774' title='bbox 2286 5033 2548 5090; x_wconf 90' lang='lat' dir='ltr'><strong>traditoris</strong></span> <span class='ocrx_word' id='word_1_775' title='bbox 2580 5029 2785 5085; x_wconf 89' lang='lat' dir='ltr'><strong>Domini</strong></span> <span class='ocrx_word' id='word_1_776' title='bbox 2812 5027 2973 5083; x_wconf 89' lang='lat' dir='ltr'><strong>nostri</strong></span> <span class='ocrx_word' id='word_1_777' title='bbox 3001 5027 3122 5081; x_wconf 82' lang='lat' dir='ltr'><strong>.Iesu</strong></span> <span class='ocrx_word' id='word_1_778' title='bbox 3149 5023 3340 5079; x_wconf 84' lang='lat' dir='ltr'><strong>Christi</strong></span> 
     </span>
    </p>
   </div>
   <div class='ocr_carea' id='block_1_112' title="bbox 1805 5116 3341 5201">
    <p class='ocr_par' dir='ltr' id='par_1_112' title="bbox 1805 5116 3341 5201">
     <span class='ocr_line' id='line_1_112' title="bbox 1805 5116 3341 5201; baseline -0.012 -14"><span class='ocrx_word' id='word_1_779' title='bbox 1805 5131 2103 5201; x_wconf 76' lang='lat' dir='ltr'><strong>perfruatur</strong></span> <span class='ocrx_word' id='word_1_780' title='bbox 2127 5127 2392 5191; x_wconf 82' lang='lat' dir='ltr'><strong>consortio</strong></span> <span class='ocrx_word' id='word_1_781' title='bbox 2418 5143 2430 5178; x_wconf 91' lang='lat'>:</span> <span class='ocrx_word' id='word_1_782' title='bbox 2463 5124 2678 5193; x_wconf 87' lang='lat' dir='ltr'><strong>insuper</strong></span> <span class='ocrx_word' id='word_1_783' title='bbox 2715 5121 2872 5176; x_wconf 84' lang='lat' dir='ltr'><strong>etiam</strong></span> <span class='ocrx_word' id='word_1_784' title='bbox 2901 5121 3088 5174; x_wconf 84' lang='lat' dir='ltr'><strong>inferat</strong></span> <span class='ocrx_word' id='word_1_785' title='bbox 3109 5116 3341 5186; x_wconf 88' lang='lat' dir='ltr'><strong>partibus</strong></span> 
     </span>
    </p>
   </div>
   <div class='ocr_carea' id='block_1_113' title="bbox 1806 5206 3339 5290">
    <p class='ocr_par' dir='ltr' id='par_1_113' title="bbox 1806 5206 3339 5290">
     <span class='ocr_line' id='line_1_113' title="bbox 1806 5206 3339 5290; baseline -0.013 -15"><span class='ocrx_word' id='word_1_786' title='bbox 1806 5222 1968 5290; x_wconf 88' lang='lat' dir='ltr'><strong>ipsius</strong></span> <span class='ocrx_word' id='word_1_787' title='bbox 1994 5217 2317 5282; x_wconf 86' lang='lat' dir='ltr'><strong>monasterii,</strong></span> <span class='ocrx_word' id='word_1_788' title='bbox 2346 5214 2427 5269; x_wconf 87' lang='lat' dir='ltr'><strong>vel</strong></span> <span class='ocrx_word' id='word_1_789' title='bbox 2458 5213 2674 5268; x_wconf 81' lang='lat' dir='ltr'><strong>fratrum</strong></span> <span class='ocrx_word' id='word_1_790' title='bbox 2702 5211 2889 5266; x_wconf 89' lang='lat' dir='ltr'><strong>ibidem</strong></span> <span class='ocrx_word' id='word_1_791' title='bbox 2926 5206 3339 5268; x_wconf 77' lang='lat' dir='ltr'><strong>ronsistentium,</strong></span> 
     </span>
    </p>
   </div>
   <div class='ocr_carea' id='block_1_114' title="bbox 1804 5299 3381 5378">
    <p class='ocr_par' dir='ltr' id='par_1_114' title="bbox 1804 5299 3381 5378">
     <span class='ocr_line' id='line_1_114' title="bbox 1804 5299 3381 5378; baseline -0.011 -11"><span class='ocrx_word' id='word_1_792' title='bbox 1804 5314 1950 5367; x_wconf 91' lang='lat' dir='ltr'><strong>socio</strong></span> <span class='ocrx_word' id='word_1_793' title='bbox 1973 5324 2180 5378; x_wconf 91' lang='lat' dir='ltr'><strong>quoque</strong></span> <span class='ocrx_word' id='word_1_794' title='bbox 2207 5313 2312 5360; x_wconf 85' lang='lat' dir='ltr'><strong>tam</strong></span> <span class='ocrx_word' id='word_1_795' title='bbox 2339 5307 2392 5361; x_wconf 87' lang='lat' dir='ltr'><strong>in</strong></span> <span class='ocrx_word' id='word_1_796' title='bbox 2436 5306 2639 5361; x_wconf 90' lang='lat' dir='ltr'><strong>actibus</strong></span> <span class='ocrx_word' id='word_1_797' title='bbox 2661 5318 2814 5372; x_wconf 88' lang='lat' dir='ltr'><strong>quam</strong></span> <span class='ocrx_word' id='word_1_798' title='bbox 2855 5302 2903 5353; x_wconf 92' lang='lat' dir='ltr'><strong>in</strong></span> <span class='ocrx_word' id='word_1_799' title='bbox 2936 5299 3300 5367; x_wconf 90' lang='lat' dir='ltr'><strong>prosecutione</strong></span> <span class='ocrx_word' id='word_1_800' title='bbox 3324 5335 3340 5358; x_wconf 93' lang='lat'><strong>,</strong></span> <span class='ocrx_word' id='word_1_801' title='bbox 3378 5327 3381 5334; x_wconf 70' lang='grc' dir='ltr'><strong>ι</strong></span> 
     </span>
    </p>
   </div>
   <div class='ocr_carea' id='block_1_115' title="bbox 1807 5470 3340 5549">
    <p class='ocr_par' dir='ltr' id='par_1_115' title="bbox 1807 5470 3340 5549">
     <span class='ocr_line' id='line_1_115' title="bbox 1807 5470 3340 5549; baseline -0.01 -14"><span class='ocrx_word' id='word_1_802' title='bbox 1807 5484 1892 5537; x_wconf 86' lang='lat' dir='ltr'><strong>vio</strong></span> <span class='ocrx_word' id='word_1_803' title='bbox 1921 5484 1970 5535; x_wconf 93' lang='lat' dir='ltr'><strong>in</strong></span> <span class='ocrx_word' id='word_1_804' title='bbox 2000 5481 2169 5549; x_wconf 86' lang='lat' dir='ltr'><strong>eclog.</strong></span> <span class='ocrx_word' id='word_1_805' title='bbox 2201 5496 2239 5546; x_wconf 83' lang='grc' dir='ltr'>ι,</span> <span class='ocrx_word' id='word_1_806' title='bbox 2266 5495 2293 5533; x_wconf 86' lang='lat' dir='ltr'><strong>a</strong></span> <span class='ocrx_word' id='word_1_807' title='bbox 2318 5478 2597 5549; x_wconf 81' lang='lat' dir='ltr'><strong>pecoribus</strong></span> <span class='ocrx_word' id='word_1_808' title='bbox 2620 5475 2670 5528; x_wconf 93' lang='lat' dir='ltr'><strong>in</strong></span> <span class='ocrx_word' id='word_1_809' title='bbox 2699 5472 2888 5541; x_wconf 85' lang='lat' dir='ltr'><strong>quibus</strong></span> <span class='ocrx_word' id='word_1_810' title='bbox 2907 5487 3086 5549; x_wconf 79' lang='lat' dir='ltr'><strong>eorum</strong></span> <span class='ocrx_word' id='word_1_811' title='bbox 3104 5470 3340 5523; x_wconf 88' lang='lat' dir='ltr'><strong>universa</strong></span> 
     </span>
    </p>
   </div>
   <div class='ocr_carea' id='block_1_116' title="bbox 1806 5542 3156 5659">
    <p class='ocr_par' dir='ltr' id='par_1_116' title="bbox 1806 5542 3156 5659">
     <span class='ocr_line' id='line_1_116' title="bbox 1806 5542 3156 5659; baseline -0.013 -53"><span class='ocrx_word' id='word_1_812' title='bbox 1806 5553 2085 5606; x_wconf 65' lang='lat' dir='ltr'><strong>constabat</strong></span> <span class='ocrx_word' id='word_1_813' title='bbox 2110 5542 2439 5612; x_wconf 74' lang='lat' dir='ltr'><strong>substantia;</strong></span> <span class='ocrx_word' id='word_1_814' title='bbox 2473 5547 2606 5600; x_wconf 88' lang='lat' dir='ltr'><strong>unde</strong></span> <span class='ocrx_word' id='word_1_815' title='bbox 2642 5555 2694 5599; x_wconf 89' lang='lat' dir='ltr'><strong>et</strong></span> <span class='ocrx_word' id='word_1_816' title='bbox 2743 5544 2957 5611; x_wconf 89' lang='lat' dir='ltr'><strong>pecunia</strong></span> <span class='ocrx_word' id='word_1_817' title='bbox 3000 5542 3156 5659; x_wconf 45' lang='grc' dir='ltr'>όίὶτὶιιι.</span> 
     </span>
     <span class='ocr_line' id='line_1_117' title="bbox 3099 5624 3156 5659; baseline 0.035 -2"><span class='ocrx_word' id='word_1_818' title='bbox 3099 5624 3156 5659; x_wconf 80' lang='lat' dir='ltr'><strong>lGl</strong></span> 
     </span>
    </p>
   </div>
   <div class='ocr_carea' id='block_1_117' title="bbox 3099 5623 3194 5660">
    <p class='ocr_par' dir='ltr' id='par_1_117' title="bbox 3099 5623 3194 5660">
     <span class='ocr_line' id='line_1_118' title="bbox 3099 5623 3194 5660; baseline -0.011 -3"><span class='ocrx_word' id='word_1_819' title='bbox 3099 5623 3194 5660; x_wconf 74' lang='lat' dir='ltr'><strong>lGN.</strong></span> 
     </span>
    </p>
   </div>
   <div class='ocr_carea' id='block_1_118' title="bbox 1878 5674 3337 5759">
    <p class='ocr_par' dir='ltr' id='par_1_118' title="bbox 1878 5674 3337 5759">
     <span class='ocr_line' id='line_1_119' title="bbox 1878 5674 3337 5759; baseline -0.01 -18"><span class='ocrx_word' id='word_1_820' title='bbox 1878 5691 1901 5728; x_wconf 69' lang='grc' dir='ltr'>δ</span> <span class='ocrx_word' id='word_1_821' title='bbox 1931 5690 2299 5759; x_wconf 58' lang='lat' dir='ltr'><strong>Lindenbrog,</strong></span> <span class='ocrx_word' id='word_1_822' title='bbox 2331 5685 2599 5740; x_wconf 82' lang='lat' dir='ltr'><strong>curialium</strong></span> <span class='ocrx_word' id='word_1_823' title='bbox 2621 5685 2843 5747; x_wconf 78' lang='lat' dir='ltr'><strong>vilitate;</strong></span> <span class='ocrx_word' id='word_1_824' title='bbox 2865 5681 2994 5736; x_wconf 87' lang='lat' dir='ltr'><strong>forte</strong></span> <span class='ocrx_word' id='word_1_825' title='bbox 3021 5674 3337 5739; x_wconf 81' lang='lat' dir='ltr'><strong>addendum,</strong></span> 
     </span>
    </p>
   </div>
   <div class='ocr_carea' id='block_1_119' title="bbox 1809 5759 2208 5832">
    <p class='ocr_par' dir='ltr' id='par_1_119' title="bbox 1809 5759 2208 5832">
     <span class='ocr_line' id='line_1_120' title="bbox 1809 5759 2208 5832; baseline -0.008 -21"><span class='ocrx_word' id='word_1_826' title='bbox 1809 5778 1869 5811; x_wconf 81' lang='lat' dir='ltr'><strong>an</strong></span> <span class='ocrx_word' id='word_1_827' title='bbox 1877 5762 1998 5832; x_wconf 58' lang='lat' dir='ltr'><strong>ferri</strong></span> <span class='ocrx_word' id='word_1_828' title='bbox 2028 5759 2208 5812; x_wconf 74' lang='lat' dir='ltr'><strong>valeat.</strong></span> 
     </span>
    </p>
   </div>
  </div>
