3886 6226
492 354 585 453 73:

1752 354 2111 437 MARCULFl‘
2142 376 2440 432 nomen!

3598 366 3697 430 T52

490 508 843 564 saeratissimo
866 505 1010 563 liam,
1036 502 1144 553 auri
1179 501 1334 553 libras
1385 508 1579 563 tantas,
1609 498 1808 561 argenti
1864 490 2043 560 pondo
2076 493 2115 544 Λ
2140 498 2289 553 Juxta
2338 504 2551 565 poenam
2598 488 2796 553 saaculi,
2828 494 3197 553 cumcogcnte
3249 485 3377 540 ﬁsco
3404 526 3418 552 ,
3462 487 3693 552 partibus

489 598 644 658 tanti,
665 605 718 648 et
746 610 811 647 nc
832 595 879 646 id
908 606 1121 660 quoque
1166 586 1310 657 quod
1338 590 1527 663 repetit
1556 588 1730 642 valeat
1757 586 2049 647 vindicare,

490 682 832 737 nihilominus
858 694 1089 751 praesens
1115 678 1350 739 donatio,
1376 690 1495 744 quae
1513 689 1543 728 a
1562 674 1713 728 nobis
1742 689 1837 742 pro
1859 673 2049 725 timore

492 772 583 826 Dei
612 782 665 826 et
683 784 873 843 pmore
892 766 1412 839 pauperum'Christi
1458 764 1754 831 conscripta
1780 771 1881 827 est,
1900 761 2048 813 lli-ma

490 869 545 915 et
566 862 762 914 illibata
780 861 928 915 omni
968 867 1208 925 tempore
1233 856 1427 909 debeat
1470 863 1805 922 permanere,
1828 854 1855 883 ⁸
1883 850 2071 919 stipu-.

490 950 687 1005 latione
713 949 960 1004 subnixa.
994 945 1181 999 Actum
1213 944 1281 997 ibi
1292 987 1304 1005 ,
1328 943 1427 997 sub
1448 942 1536 997 die
1563 941 1674 996 illo.

1098 1044 1322 1107 CAPUT
1362 1052 1447 1105 iV.

766 1125 937 1180 Cassio
965 1142 997 1178 α
1024 1125 1107 1178 die
1134 1130 1384 1193 parcente
1411 1121 1480 1173 ad
1507 1120 1795 1174 ecclesiam.

560 1218 747 1277 Itbum
776 1217 1112 1293 fragilitatem
1165 1212 1381 1269 humani
1426 1211 1637 1280 generis
1687 1205 2053 1278 pertimescit,

480 1302 730 1365 'nitimum
759 1310 879 1364 vitae
908 1307 1163 1375 temporis
1175 1300 1893 1379 subitaneatranspositioiie
1919 1309 2052 1352 vene

491 1412 632 1467 tura,
669 1408 883 1469 opoth
903 1388 961 1453 ut
985 1412 1091 1453 non
1109 1396 1787 1462 inveniatunumquemque
1815 1392 2050 1461 impara-
2076 1452 2079 1455 γ

488 1499 620 1552 tum,
646 1503 714 1543 ne
738 1486 1057 1554 sinevaliquo
1084 1483 1211 1539 boni
1239 1483 1417 1552 operis
1469 1488 1712 1550 respectu
1758 1478 1950 1547 migret
1984 1479 2053 1532 de

488 1578 681 1635 smculo
714 1597 728 1631 :
761 1577 858 1631 nisi
896 1577 1022 1631 dum
1069 1588 1168 1629 suo
1209 1574 1329 1643 jure
1354 1582 1410 1627 et
1450 1578 1719 1642 potestate
1766 1570 2048 1631 consistit,

490 1674 747 1736 pucparet
772 1666 913 1717 viam
940 1664 1146 1725 salutis,
1175 1671 1450 1736 perquam
1502 1662 1569 1714 ad
1597 1669 1847 1713 sternam
1870 1658 2053 1738 valeat

488 1756 876 1811 beatitudinem
902 1754 1199 1824 pervenire.
1246 1752 1477 1818 Ideoque
1504 1763 1606 1819 ego
1633 1750 1689 1803 in
1719 1749 1810 1802 Dei
1834 1749 2049 1825 nomine

2146 583 2312 650 ipsius
2340 584 2607 647 ecclesiae,
2628 591 2721 635 aut
2769 582 2880 635 auri
2917 581 3077 635 libras
3105 589 3278 633 tantas
3300 618 3316 643 ,
3364 587 3455 631 aut
3496 582 3696 646 argenti

2147 672 2325 742 pondo
2342 680 2511 740 tanto,
2526 680 2579 726 et
2603 669 2745 742 quod
2770 670 2962 738 repetit
2989 670 3291 723 nullatenus
3329 667 3497 721 valeat
3524 667 3693 720 vindi-

2149 776 2295 830 care,
2323 762 2418 816 sed
2446 775 2678 832 praesens
2703 760 2874 815 cessio
2902 759 3046 814 omni
3077 767 3317 827 tempore
3343 756 3538 811 illibata
3584 769 3698 823 per;

2124 859 2380 918 ‘maneat,
2410 866 2532 905 cum
2548 849 2893 920 stipulatione
2917 849 3162 903 subnixas

2765 944 2993 1013 CAPUT
3030 958 3094 1012 ν.

2397 1034 2420 1062 ο
2491 1030 2734 1083 Precaria
2764 1029 2827 1082 de
2844 1031 2957 1095 ipsa
2984 1029 3108 1081 uiua
3143 1028 3265 1080 dum
3292 1027 3431 1080 sivit.

2223 1118 2446 1174 Domino
2469 1129 2523 1174 et
2537 1128 2722 1174 saneto
2752 1127 2808 1173 et
2825 1117 3269 1187 Apostolicasede
3282 1115 3499 1171 colendo
3513 1114 3711 1169 domno

2150 1218 2205 1263 et
2232 1210 2285 1263 in
2330 1209 2542 1278 Christo
2570 1210 2733 1275 Patri,
2764 1209 2840 1263 illi
2868 1208 3146 1279 episcopo,
3175 1208 3265 1262 ille
3295 1215 3350 1261 et
3377 1206 3569 1274 conjux
3591 1220 3706 1259 mea

2150 1301 2259 1354 illa.
2284 1300 2531 1356 Pluribus
2557 1290 2664 1357 non
2709 1310 2792 1355 est
2833 1300 3194 1369 incognitum,
3225 1298 3454 1367 qualiter
3494 1303 3707 1365 propter

2148 1403 2346 1445 nomen
2374 1390 2580 1446 Domini
2608 1391 2674 1446 ad
2695 1390 2972 1447 ecclesiam
3001 1389 3164 1453 illam,
3193 1387 3267 1443 in~
3291 1389 3496 1442 honore
3537 1386 3704 1440 sancti

2150 1483 2319 1546 illius,
2372 1483 2550 1537 villam
2605 1470 2840 1539 uestram
2888 1488 3244 1557 nuncupatam
3290 1461 3709 1541 illam,sitamin

2146 1579 2288 1643 pago
2314 1574 2427 1636 illo,
2451 1576 2704 1644 quidquid
2734 1575 2929 1629 ibidem
2956 1574 3313 1641 undecunque
3362 1578 3538 1625 nostra
3592 1583 3709 1636 pos-

2151 1667 2317 1719 sessio
2342 1666 2393 1718 iu
2424 1666 2746 1733 integritate,
2778 1681 2873 1735 per
2917 1665 3196 1734 epistulam
3223 1663 3480 1717 cessionis
3517 1666 3710 1714 nostra:

2153 1752 2250 1805 visi
2282 1752 2473 1806 fuimus
2494 1751 2844 1817 concessisse,
2876 1761 2929 1807 et
2950 1766 3069 1807 eam
3099 1767 3195 1806 vos
3233 1751 3298 1803 ad
3327 1759 3545 1819 partem
3582 1748 3709 1803 sub-

488 1846 578 1900 ille
597 1855 651 1899 et
677 1846 874 1912 coniux
898 1858 1014 1896 mea
1043 1842 1151 1925 illa,
1182 1856 1279 1909 pro
1299 1840 1537 1908 remedio
1566 1841 1755 1893 anima:
1780 1847 1976 1892 nostra)
1998 1848 2051 1891 et
2080 1837 2124 1895 Β
2152 1843 2362 1913 scripta:
2387 1843 2625 1898 ecclesiae
2649 1844 2955 1913 recepistis;
3006 1842 3103 1897 sed
3146 1841 3270 1896 dum
3298 1847 3483 1911 postea
3530 1846 3710 1892 nostra

488 1936 799 1989 remissione
836 1942 1172 2002 peccatorum
1214 1938 1537 1992 nostrorum,
1564 1938 1622 1982 ut
1652 1930 1863 1984 veniam
1888 1929 1937 1981 in
1969 1927 2052 1982 fu-

488 2010 667 2078 turum
686 2022 937 2093 consequi
990 2010 1305 2085 mereamur,
1338 2020 1577 2074 cedimus
1621 2035 1651 2073 a
1682 2026 1943 2087 pmseute
1964 2018 2051 2071 die

486 2108 801 2181 cessumque
828 2113 880 2165 in
906 2121 1220 2183 perpetuum
1242 2106 1255 2117 ’”
1273 2124 1393 2164 esse
1444 2103 1941 2178 volumustatque
1982 2108 2051 2161 de

485 2205 601 2273 jure
632 2212 814 2257 nostro
843 2204 894 2256 in
930 2202 1051 2271 jure
1088 2210 1143 2255 et
1172 2202 1535 2254 dominatione
1584 2208 1787 2255 saucuc
1812 2200 2052 2253 ecclesia:

486 2296 644 2358 illius,
680 2299 732 2348 in
761 2295 965 2348 honore
993 2294 1131 2347 illius
1182 2300 1520 2348 constructae.
1553 2292 1730 2345 villam
1773 2306 2049 2361 nuncupa-

487 2394 593 2438 tam
618 2384 763 2441 illam
786 2384 941 2437 sitam
964 2384 1014 2434 iu
1038 2393 1173 2451 pago
1193 2380 1280 2433 illo
1300 2399 1319 2443 ς.
1340 2396 1456 2449 qua:
1480 2397 1547 2435 ex
1562 2382 1725 2436 elude
1748 2387 2046 2450 parentum,

486 2484 578 2529 aut
606 2475 957 2542 undecunque
1004 2474 1068 2527 ad
1090 2485 1327 2527 nostram
1344 2477 1586 2542 pervenit
1606 2475 2047 2547 dominationem,

486 2574 542 2618 et
569 2564 634 2616 ad
664 2578 893 2631 praesens
942 2562 1211 2629 possidere
1241 2563 1499 2623 videmur,
1527 2574 1647 2614 cum
1675 2563 1820 2615 omni
1860 2564 2052 2617 merito

486 2664 540 2707 et
563 2656 789 2722 termino
811 2669 928 2714 suo,
959 2660 1079 2707 cum
1131 2652 1463 2718 adjaceutiis,
1494 2651 1774 2719 adiunctis,
1799 2653 2053 2721 appendia

373 2732 385 2737 7
485 2744 595 2810 tiis,
617 2760 736 2798 cum
762 2744 938 2806 terris,
961 2742 1224 2805 domibus,
1248 2740 1500 2799 aediﬁciis.
1531 2742 1812 2797 accolabus
1832 2785 1846 2807 ,
1903 2760 2053 2797 mars-

486 2837 657 2903 cipiis,
688 2836 877 2899 vineis,
903 2834 1070 2895 silvis,
1098 2833 1298 2902 campis
1321 2874 1335 2899 ,
1384 2834 1569 2902 pratis,
1602 2837 1810 2905 pascuis
1838 2878 1854 2903 ,
1900 2838 2053 2905 aquis

446 2940 449 2941 '
487 2940 811 2993 aquarumve
854 2925 1189 2987 decursibus,
1219 2925 1525 2993 farinariis,
1576 2938 1697 2981 enm
1750 2931 2054 2997 pastoribus

487 3018 677 3086 gregis,
705 3016 912 3084 peculio
942 3018 1218 3085 utriusque
1248 3031 1408 3071 sexus
1462 3020 1666 3086 majore
1696 3022 1787 3073 vel
1807 3007 2013 3075 minore
2036 3062 2053 3088 ,

488 3106 766 3160 mobilibus
792 3114 847 3160 et
872 3106 1250 3171 immobilibus,
1274 3107 1353 3159 vel
1380 3107 1633 3175 quidquid
1677 3108 1782 3162 dici
1831 3118 1922 3163 aut
1951 3126 2053 3165 no-

487 3195 675 3249 minari
707 3203 901 3263 potest,
930 3202 983 3247 et
1010 3198 1255 3262 ternpore
1318 3196 1565 3262 przesenti
1618 3206 1799 3251 nostra
1848 3198 2055 3254 videtur

488 3299 603 3337 esse
630 3282 929 3350 possessio,
975 3283 1040 3334 ad
1086 3294 1320 3351 praesens
1346 3284 1587 3339 ecclesne
1639 3286 1883 3341 volumus
1937 3304 2055 3344 esse

486 3386 817 3427 concessum.
853 3370 929 3423 ita
954 3378 1013 3424 ut
1038 3373 1105 3425 ab
1127 3373 1226 3426 hac
1248 3373 1335 3427 die
1359 3384 1706 3429 memoratam
1734 3378 1909 3435 villam
1935 3395 2055 3449 pars

487 3460 767 3516 antedictos
812 3461 1069 3526 ecclesiae,
1101 3463 1183 3516 vel
1209 3466 1445 3531 pontifex
1491 3466 1724 3521 civitatis
1770 3468 1932 3537 illius,
1964 3476 2057 3524 aut

487 3563 697 3606 actores
716 3552 1082 3617 ecclesiarum,
1114 3566 1231 3606 eam
1260 3555 1524 3622 habendi,
1568 3560 1824 3624 tenendi,
1878 3564 2053 3630 possi-

487 3640 665 3704 dendi,
696 3640 779 3695 vel
811 3640 1064 3709 quidquid
1090 3642 1284 3696 exinde
1309 3660 1404 3711 pro
1448 3649 1847 3713 opportunitate
1890 3650 2054 3719 ipsius

487 3729 747 3796 elegerint
782 3728 1045 3793 faciendi,
1102 3730 1269 3785 libero
1316 3732 1369 3785 in
1412 3734 1659 3789 omnibus
1714 3737 2054 3805 perfruantur

488 3818 729 3871 arbitrio.
752 3816 827 3870 Ita
851 3824 909 3871 ut
932 3833 1121 3873 nomen
1155 3829 1393 3873 nostrum
1425 3822 1476 3875 in
1507 3823 1643 3877 libro
1668 3825 1789 3879 vita:
1816 3832 2054 3884 conscri-

487 3906 661 3974 batur,
683 3908 766 3963 vel
798 3924 895 3978 pro
940 3910 1099 3963 nobis
1143 3919 1427 3979 utrumque
1453 3914 1774 3975 sacrificium
1804 3926 1928 3987 post
1953 3920 2051 3973 ob-

487 3999 617 4052 itum
644 4007 885 4055 nostrum
912 4001 1007 4069 pio.
1018 4001 1243 4055 Domino
1265 4002 1541 4057 offeratur.
1577 4004 1728 4060 Licet
1754 4009 1806 4061 in
1853 4011 2052 4064 cessio-

488 4089 640 4142 uibus
668 4102 877 4156 ptenam
903 4088 1113 4143 adnecti
1138 4103 1243 4143 non
1268 4091 1342 4143 sit
1370 4106 1611 4160 necesse,
1638 4094 1730 4148 sed
1770 4099 1926 4153 nobis
1954 4114 2050 4168 pro

486 4177 631 4231 oinni
654 4176 904 4232 ﬁrmitate
939 4178 1143 4248 placuit
1177 4179 1542 4237 inserendum.
1578 4182 1656 4237 Si
1708 4185 1832 4254 quis
1884 4203 2047 4255 vero,

486 4268 626 4335 quod
648 4269 879 4324 futurum
902 4285 1021 4325 esse
1043 4284 1152 4325 non
1180 4272 1469 4339 credimus,
1498 4290 1599 4329 nos
1622 4276 1756 4346 ine,
1786 4280 1930 4346 Quod
1960 4281 2051 4336 ab-

2150 1932 2248 1986 fuit
2278 1932 2486 2001 peﬁtio,
2514 1942 2567 1987 et
2586 1943 2762 1988 vestra
2804 1933 3199 1994 benevolentia,
3226 1940 3281 1984 et
3316 1930 3486 1999 pietas
3518 1928 3711 1982 habuit

2151 2032 2210 2075 ut
2240 2024 2405 2091 ipsam
2433 2024 2612 2077 villam
2642 2022 2764 2075 dum
2793 2022 3106 2087 advivimus,
3145 2028 3235 2075 aut
3257 2021 3348 2089 qui
3395 2020 3503 2089 pari
3524 2034 3623 2073 suo
3646 2032 3711 2071 ex

2151 2112 2309 2166 nobis
2330 2125 2603 2182 superstes
2646 2100 2829 2178 fuerit,
2860 2114 2982 2167 dum
3010 2112 3232 2176 advivit,
3262 2111 3418 2166 nobis
3458 2112 3522 2164 ad
3546 2110 3704 2163 bene-

2151 2201 2329 2255 tlcium
2362 2202 2756 2257 usufructuario
2782 2202 2970 2257 ordine
2996 2201 3344 2257 excolendum
3401 2210 3583 2254 tenere
3602 2214 3697 2267 per

2149 2293 2386 2347 misistis.
2416 2291 2488 2346 Ea
2519 2293 2723 2348 scilicet
2771 2294 2978 2348 ratione
3006 2300 3066 2345 ut
3102 2293 3232 2345 nihil
3263 2290 3455 2346 exinde
3503 2290 3713 2359 penitus

2149 2382 2221 2435 de
2250 2382 2488 2450 qualibet
2518 2398 2575 2438 re
2601 2383 2867 2437 alienandi
2896 2391 2985 2437 aut
3014 2382 3283 2436 minuendi
3315 2382 3338 2419 ά
3387 2382 3711 2450 pontiﬁcium

2151 2482 2256 2525 non
2278 2471 2583 2535 habeamus,
2614 2472 2706 2527 sed
2752 2472 2952 2541 absque
3000 2473 3090 2526 illo
3133 2470 3476 2541 praejudieio,
3527 2487 3713 2540 supra-

2149 2563 2359 2631 scriptae
2388 2564 2642 2629 ecclesia),
2674 2564 2755 2618 vel
2787 2569 2984 2630 vestro,
3008 2576 3125 2619 eam
3161 2562 3528 2617 tantummddo
3557 2578 3714 2616 exco-

2150 2652 2262 2706 lere
2288 2651 2595 2709 debeamus.
2630 2653 2898 2709 ldeohanc
2916 2654 3209 2724 preeariam
3228 2655 3377 2709 vobis
3404 2653 3713 2718 emittimus,

2151 2748 2211 2796 iit
2234 2742 2384 2797 nullo
2415 2759 2644 2811 unquam
2676 2754 2916 2813 tempore
2963 2753 3143 2799 nostra
3187 2744 3477 2813 possessio,
3508 2742 3715 2797 etiamsi

2152 2831 2382 2900 spatium
2412 2832 2532 2886 vitae
2555 2832 2709 2887 nobis
2743 2833 2993 2887 Dominus
3041 2822 3471 2902 prcloﬁgaverit,
3512 2832 3711 2886 nullum

2156 2921 2517 2989 przcjudicium
2544 2930 2637 2976 aut
2652 2923 3071 2978 deminutionem
3093 2923 3326 2991 aliquam
3358 2923 3425 2976 de
3453 2924 3565 2993 ipsa
3596 2920 3713 2972 villa

2152 3012 2305 3065 vobis
2330 3024 2591 3081 generare
2618 3028 2726 3067 non
2752 3013 2967 3080 debeat,
2988 3014 3088 3065 nisi
3117 3028 3212 3066 usu
3236 3017 3443 3064 tantum
3470 3000 3593 3063 dum
3624 3010 3713 3063 ad.

2155 3104 2382 3156 'vivimus
2411 3104 2608 3157 habere
2624 3103 2930 3169 debeamus,
2960 3090 3149 3169 etpost
3177 3112 3414 3158 nostrum
3460 3102 3713 3156 ambobus

2082 3174 2129 3240 Ο
2160 3193 2465 3257 discessum,
2498 3210 2620 3255 cum
2641 3195 2784 3248 omni
2808 3210 2865 3249 re
2895 3196 3190 3256 meliorata,
3220 3191 3477 3263 quidquid
3522 3192 3711 3246 ibidem

2160 3285 2390 3353 undique
2418 3286 2689 3341 attrahere
2712 3294 2805 3339 aut
2826 3286 3108 3340 meliorare
3124 3285 3437 3355 poterimus,
3464 3298 3559 3354 per
3581 3284 3715 3339 hanc

2154 3373 2535 3443 precaturiam,
2548 3390 2610 3430 ae
2636 3376 2679 3430 si
2694 3390 2905 3443 semper
2923 3389 3016 3444 per
3029 3374 3446 3445 quinquennium
3465 3380 3713 3427 renovata

2157 3465 2358 3529 fuisset,
2388 3465 2588 3532 absque
2614 3464 2975 3534 ulliusjudicis
2999 3474 3091 3517 aut
3120 3464 3386 3518 hteredum
3415 3472 3713 3517 nostrorum

2153 3562 2464 3625 exspectata
2494 3543 2794 3620 traditione,
2831 3569 2925 3609 vos
2939 3555 3025 3608 vel
3053 3568 3393 3610 successores
3417 3555 3600 3621 vestri,
3628 3562 3717 3606 aut

2154 3656 2376 3713 agentes
2400 3644 2664 3709 ecclesiae,
2695 3644 2748 3698 in
2774 3654 3007 3699 vestram
3044 3658 3165 3698 eam
3208 3641 3426 3697 faciatis
3474 3636 3713 3696 domina-

2156 3734 2353 3791 tionem
2377 3748 2641 3789 revocare
2654 3732 3076 3812 perpetualiterp
3088 3733 3451 3799 ossidendum,
3470 3732 3553 3787 vel
3573 3732 3716 3803 quid-

2153 3828 2277 3898 quid
2309 3826 2499 3881 exiude
2527 3826 2703 3880 facere
2728 3825 2999 3893 legeritis,
3044 3827 3185 3879 sicut
3242 3835 3425 3879 nostra
3474 3825 3713 3879 continet

2154 3920 2406 3987 epistola,
2434 3917 2500 3971 ad
2520 3916 2814 3986 profectum
2836 3915 3067 3986 praefata:
3092 3915 3332 3970 ecclesia:
3359 3915 3558 3971 domini
3579 3915 3719 3972 illius

2148 4008 2376 4061 liberum
2404 4004 2646 4060 habeatis
2672 4003 2983 4060 arbitrium.
3011 4003 3174 4059 Facta
3194 4004 3431 4076 precaria
3452 4005 3547 4060 ibi.

2658 4118 2665 4124 “
2759 4109 2987 4175 CAPUT
3027 4114 3111 4169 Vl.

2432 4184 2661 4241 Deitatis
2693 4185 2763 4238 de
2800 4200 2958 4254 parra
2976 4201 3033 4239 re
3060 4186 3131 4239 ad
3156 4186 3445 4243 ecclesiam.

2221 4278 2277 4333 Si
2306 4276 2506 4345 aliquid
2532 4276 2599 4330 de
2619 4276 2780 4330 rebus
2810 4275 3183 4343 nostris,locis
3206 4285 3532 4342 sanctorum,
3559 4260 3642 4333 va
3658 4278 3711 4333 in

485 4360 697 4435 sit,_aut
724 4360 916 4426 aliquis
941 4361 1009 4414 de
1054 4361 1351 4416 heredibus
1380 4363 1463 4417 vel
1516 4366 1916 4431 pmbabredibus
1956 4382 2053 4424 nos
2149 4368 2795 4437 substantiapauperum,
2832 4366 3176 4436 conferimus,
3203 4368 3307 4422 hoc
3347 4368 3503 4423 nobis
3535 4371 3712 4438 procul

484 4450 628 4511 stris,
660 4449 741 4504 vel
764 4449 1014 4517 quaelibet
1048 4464 1300 4517 persona,
1323 4452 1613 4508 calliditate
1638 4466 1939 4513 commotus
1959 4468 2051 4512 aut
2080 4517 2118 4523 _
2153 4457 2316 4523 dubio
2336 4460 2390 4511 in
2416 4465 2615 4512 eterna
2650 4456 2981 4513 beatitudine
3034 4459 3330 4514 retribuere
3378 4459 3709 4515 conﬁdimus.

482 4538 771 4607 cupiditate
810 4545 1131 4607 praeventas,
1162 4539 1271 4593 ullo
1306 4557 1547 4610 unquam
1571 4551 1829 4614 tempore
1857 4555 2045 4600 contra
2079 4517 2131 4576 D
2153 4517 2293 4619 Ergo
2314 4564 2413 4622 ego
2436 4550 2489 4604 in
2516 4540 2610 4604 Dei
2647 4550 2867 4605 nomine
2885 4549 2992 4616 ille,
3016 4550 3071 4604 in
3098 4560 3282 4606 amore
3322 4552 3532 4613 Domini
3553 4554 3710 4610 nostri

487 4634 796 4696 pra-sentem
819 4627 1100 4694 epistolam
1124 4628 1386 4682 cessionis
1406 4640 1620 4697 nostrae,
1646 4645 2061 4704 qm‘propter

486 4732 679 4772 nomen
709 4717 911 4770 Domini
943 4725 999 4770 et
1052 4718 1446 4773 venerationem
1496 4724 1665 4776 sancti
1695 4724 1860 4793 ipsius
1902 4725 2047 4793 loci,

484 4818 776 4877 sliontanea
800 4808 1072 4861 voluntate
1104 4808 1215 4862 lteri
1241 4810 1596 4877 decrevimus,
1624 4815 1805 4869 venire
1834 4826 1924 4869 aut
1948 4817 2045 4869 ali-

485 4898 608 4967 quid
632 4911 791 4964 agere
818 4897 1064 4962 voluerit,
1092 4907 1187 4951 aut
1214 4901 1592 4967 tergiversatur
1618 4894 1898 4971 exstiterit,
1922 4921 2051 4959 ana-

487 4992 663 5043 thema
700 4990 801 5051 sit,
845 4998 899 5042 et
925 5004 1045 5043 cum
1098 5005 1257 5059 supra
1284 4993 1482 5062 scripto
1516 4996 1732 5049 domino
1762 4998 1885 5059 illo,
1926 5008 2051 5053 ante

488 5080 715 5132 tribunal
761 5077 955 5132 Christi
1002 5079 1231 5135 deducat
1289 5086 1557 5141 rationes:
1589 5088 1806 5160 insuper
1858 5093 2052 5147 inferat

560 5215 583 5241 ⁸
625 5206 870 5278 Fortasse
896 5206 1038 5271 quod
1067 5208 1338 5278 stipulatio
1367 5222 1491 5269 ante
1534 5218 1897 5276 intervenerat
1928 5241 1939 5276 :
1967 5214 2049 5277 vel

486 5275 835 5355 etiain'hujus
860 5278 1110 5355 clausula;
1136 5275 1197 5334 ea
1230 5295 1376 5355 mens
1396 5294 1478 5338 est
1506 5296 1564 5339 ut
1592 5291 1812 5355 perinde
1842 5275 2049 5347 ﬁrmum

568 5344 824 5425 habeatur
846 5355 1003 5425 atque
1032 5349 1075 5402 si
1098 5350 1146 5403 in
1174 5352 1483 5419 stipulatum
1501 5344 1721 5412 deil'ueta
1746 5344 1830 5415 res
1847 5344 2048 5417 fuisset.

488 5416 618 5499 Nam
648 5415 918 5499 stipulatio
945 5432 1224 5499 commune
1246 5415 1361 5499 erat
1408 5426 1645 5481 omnium
1668 5415 2049 5499 obligationutn

486 5483 948 5561 astringendarom
965 5487 1244 5561 vinculum.
1275 5491 1421 5547 BIGN.

560 5557 585 5591 ι)
611 5554 885 5635 Daluzins,
914 5556 1033 5635 dum
1072 5560 1390 5635 fragilitatis.
1442 5562 1859 5631 Lindenbrogius
1886 5616 1899 5635 ,
1931 5574 2051 5627 dum

491 5625 744 5693 fragilitas
796 5625 1006 5678 humani
1058 5625 1257 5697 generis
1284 5636 1591 5701 pertimescit
1650 5625 1899 5694 ultimum.
1940 5625 2052 5698 me

490 5707 748 5759 tempus...
789 5704 1068 5751 venturum.

563 5742 604 5801 ε’
628 5762 731 5820 lies
768 5764 1022 5823 Ecclesia:
1051 5757 1268 5825 alienari
1292 5788 1397 5828 non
1419 5790 1575 5845 posse
1605 5780 1786 5836 multis
1806 5742 2047 5854 Synodo-

2147 4638 2270 4695 Jesu
2289 4640 2505 4704 Christi,
2530 4647 2587 4695 et
2609 4639 2924 4701 remissione
2967 4649 3306 4708 peccatorum
3352 4656 3632 4711 meorum,
3658 4652 3713 4698 ot

2146 4730 2360 4783 veniam
2398 4722 2610 4783 delictis
2635 4729 2768 4782 meis
2813 4729 3068 4798 consequi
3094 4743 3340 4797 merear,
3378 4731 3431 4785 in
3482 4716 3710 4787 futurum

2147 4825 2311 4890 dono,
2346 4824 2712 4890 donatumque
2741 4822 2794 4877 in
2824 4831 3141 4893 perpetuum
3170 4836 3290 4878 esse
3308 4822 3453 4889 volo,
3482 4824 3548 4879 ad
3576 4819 3709 4880 basi-

2148 4914 2303 4969 licam
2331 4914 2473 4968 illam
2494 4912 2557 4967 in
2586 4912 2792 4967 bonure
2811 4914 2984 4969 sancti
3021 4912 3164 4969 illius
3183 4922 3569 4981 constructam,
3600 4930 3711 4984 puro

2148 5004 2347 5058 tionem
2374 5014 2547 5057 meam
2584 5002 2638 5056 in
2676 5004 2799 5058 villa
2820 5011 3169 5073 nuncupantis
3199 5003 3306 5067 illa,
3333 5005 3386 5058 in
3415 5010 3555 5075 pago
3582 5005 3709 5073 illo,

2148 5095 2401 5166 quidquid
2430 5094 2624 5150 ibidem
2648 5095 2717 5149 ad
2738 5100 2981 5165 praesens
2997 5102 3107 5148 tam
3135 5092 3203 5148 de
3228 5092 3384 5151 alode
3410 5105 3709 5166 parentum,

2146 5243 2266 5295 rum
2298 5226 2816 5300 decretis,_plu_ribus
2869 5227 3030 5300 etiam
3075 5226 3454 5300 imperatorum
3500 5244 3708 5300 regum:-

2148 5312 2252 5366 que
2292 5296 3051 5351 ‘constitutionibus'saocitum
3079 5306 3179 5352 est.
3204 5299 3330 5353 illud
3360 5306 3536 5353 tamen
3561 5296 3707 5357 rece-

2150 5378 2297 5437 ptum
2325 5376 2381 5419 ut
2407 5367 2607 5433 petenti
2636 5366 2701 5437 ad
2741 5375 2949 5421 certum
2996 5376 3201 5437 tempus
3231 5368 3304 5421 rei
3334 5368 3707 5425 ecclesiastica

2148 5435 2477 5490 ususfructus
2505 5450 2639 5489 non,
2664 5436 2957 5504 deuegetur
2978 5478 2993 5503 ,
3031 5438 3076 5490 si
3108 5435 3342 5503 quidem
3384 5454 3490 5494 non
3538 5441 3707 5495 mihi:

2145 5522 2305 5577 quam
2336 5505 2553 5577 alterius
2591 5514 2751 5559 tante
2774 5508 3084 5574 quantitatis
3125 5515 3379 5577 quantam
3433 5518 3706 5577 stupent

2149 5575 2351 5647 reditus
2379 5590 2498 5627 cum
2532 5575 2767 5647 ipsorum
2816 5577 3134 5647 prtediorum
3178 5575 3419 5634 dominio
3464 5575 3706 5635 Eccles'a‘.

2146 5646 2497 5712 derelinquat.
2528 5643 2674 5698 Brem.

2218 5694 2261 5752 11‘
2277 5694 2636 5782 coitu/icium,
2670 5714 2719 5770 id
2746 5725 2854 5791 est,
2876 5725 3213 5787 potestatem,
3248 5694 3579 5775 facultatem.
3633 5717 3703 5778 is.
