3886 6226
237 324 320 382 733

1374 290 2131 354 'roRMULAL;_tJn.u.

3260 294 3359 350 75$

237 428 300 484 vel
319 427 374 478 de
409 415 625 489 quolibet
645 421 899 475 αιιηιῖιυ,
929 410 1202 479 POSSidet'B
1227 408 1430 470 Videor.
1470 404 1635 460 tumin
1665 415 1720 457 ct
1752 412 1793 462 Α
1827 415 1845 457 ι
1885 421 1929 469 r,
1975 414 2027 458 et
2051 417 2510 472 quantumcunque
2540 403 2604 454 de
2627 401 2780 455 alode
2808 412 2984 456 nostra
3024 413 3143 470 post
3189 419 3376 470 meum

236 523 287 573 ad
309 518 550 576 integrum,
576 503 642 555 ad
670 502 938 569 oneratam
958 499 1229 553 basilicam
1257 499 1375 550 volo
1404 510 1522 549 esse
1545 497 1713 546 (luna-

238 614 337 659 tum.
361 596 424 649 lia
441 591 676 646 videlicet
699 586 1002 651 ratione,ut
1041 585 1164 640 dtnn
1191 584 1441 637 advixero
1487 586 1585 634 sub
1620 597 1717 634 usu

236 686 429 748 beneﬁcii
455 689 646 735 tantum
671 692 815 745 eam,
835 677 1038 744 absque
1067 673 1174 731 ullo
1194 672 1502 741 praeiudicio
1527 670 1607 724 vel
1637 669 1718 726 di-

236 770 472 835 minutione
495 771 663 836 aliqua
690 767 761 821 de
806 767 1041 835 qualibet
1068 778 1126 817 re
1170 761 1447 827 antedicta:
1489 759 1722 813 basilicae

236 867 433 929 excolere
445 861 674 914 debeam.
691 856 818 909 Post
843 868 1016 908 meum
1047 865 1280 920 quoque,
1297 847 1724 917 quandoquidem

238 956 346 1007 Deus
366 951 423 1003 de
444 950 532 1001 hac
573 946 691 999 luce
735 943 980 1005 voluerit,
998 941 1314 1004 discessum,
1337 939 1424 994 de'
1441 937 1684 1007 praesenti
1710 976 1728 1004 ,

238 1046 398 1107 absque
420 1035 690 1103 cujuslibet
703 1032 942 1101 judicent
971 1040 1063 1084 aut
1083 1029 1351 1083 hatredunt
1373 1041 1611 1081 meorum
1637 1040 1730 1079 ex-

237 1134 429 1196 spectata
471 1122 753 1178 traditione
787 1129 875 1173 aut
922 1117 1308 1173 contrarietate
1359 1129 1482 1169 cum
1539 1113 1729 1177 terris,

238 1218 453 1276 domibus,
473 1210 723 1274 aediliciis,
763 1208 1059 1270 aeeolabus,
1089 1205 1385 1273 mancipiis,
1410 1203 1628 1271 eampis,
1649 1203 1732 1254 vi-

239 1306 343 1368 neis,
362 1302 507 1362 silvis,
537 1299 717 1366 matis,
745 1297 973 1366 pascuis,
985 1295 1137 1364 aquis
1159 1305 1521 1361 aquarumque
1545 1292 1733 1345 decur-

238 1399 368 1457 sibus,
392 1391 468 1445 vel
483 1389 694 1458 reliquis
737 1389 1138 1456 quibuscunque
1163 1382 1643 1446 beneflciis,-abbas
1668 1381 1735 1435 de

241 1487 327 1552 ipsa
351 1481 563 1544 basilica,
593 1481 675 1533 vel
720 1487 940 1545 agentes
982 1477 1098 1545 ejus
1119 1507 1135 1540 ,
1189 1476 1242 1528 in
1293 1488 1482 1529 eorum
1509 1473 1738 1527 debeant

241 1573 596 1629 doininationem
621 1584 874 1625 revocare
901 1568 1282 1637 perpetualiter
1318 1564 1690 1635 possidendum
1720 1582 1734 1617 :

241 1663 447 1725 habendi,
468 1660 695 1723 tenendi,
722 1659 806 1714 vel
831 1657 1083 1726 quidquid
1104 1656 1296 1711 exinde
1311 1669 1411 1724 pro
1427 1651 1739 1720 Opportuni-

1818 497 2131 558 discessum,
2147 509 2242 562 pro
2259 493 2527 547 communi
2549 493 2814 548 mercede.
2839 493 2904 554 ad
2928 493 3042 546 loca
3064 498 3366 547 sanctorum

1821 585 2059 643 localiter
2083 584 2406 645 condonare,
2436 592 2492 636 et
2515 582 2761 648 delegare
2787 583 3038 641 vo-ueris,
3071 583 3172 634 hoc
3197 583 3366 635 licen-

1820 674 1945 727 tiam
1974 674 2168 726 habeas
2195 672 2438 735 faciendi,
2468 680 2522 724 et
2557 672 2794 738 inspecta
2820 671 3155 736 delegatione
3186 672 3371 727 incon-

1822 764 2026 816 vulsum
2043 771 2271 822 maneat;
2286 764 2337 815 in
2354 763 2608 830 reliquum
2625 777 2751 815 vero
2765 777 2946 816 omnes
2961 775 3043 815 res
3059 763 3200 829 ipsae,
3215 778 3367 828 quan.

1823 865 1933 908 tum
1949 863 2067 922 post
2084 867 2224 907 tuum
2239 850 2522 908 discessum
2542 856 2845 908 intestatum
2861 858 3186 916 remanserit,
3201 857 3264 907 ad
3281 872 3368 906 nn.

1825 956 1964 1001 stros
1993 944 2255 1012 legitimos
2282 953 2579 999 revertatur
2603 945 2863 999 heredes.
2890 945 3151 1010 .Similiter
3191 953 3243 997 et
3271 959 3368 1005 ego

1829 1035 1938 1095 illa,
1959 1034 2262 1088 dulcissime
2283 1034 2475 1101 iugalis
2500 1049 2648 1087 meus
2667 1034 2773 1098 ille,
2792 1044 3094 1095 commonet
3111 1050 3195 1087 me
3209 1034 3368 1085 ιιυιι-ίο

1832 1125 1959 1178 tudo
1979 1117 2092 1190 tua,
2127 1124 2178 1176 in
2205 1125 2688 1192 compensationem
2704 1139 2894 1177 rerum
2929 1133 3131 1178 tuarum
3159 1138 3291 1189 quas
3320 1124 3370 1173 in

1831 1229 1915 1267 me
1943 1215 2084 1266 visus
2119 1229 2178 1267 es
2203 1214 2508 1274 contulisse,
2546 1214 2588 1265 si
2612 1213 2738 1265 mihi
2763 1213 2818 1266 in
2843 1214 2979 1265 hunc
3004 1213 3251 1265 saeculum
3277 1225 3368 1263 su-

1833 1315 2035 1372 perstes
2064 1303 2249 1365 fueris,
2272 1302 2414 1357 dono
2445 1301 2535 1356 tibi
2560 1318 2716 1358 omne
2742 1318 2932 1370 corpus
2961 1301 3221 1354 facultatis
3239 1314 3373 1353 mea:

1831 1386 2149 1458 ubicunque,
2180 1391 2548 1457 undecunque,
2597 1401 2702 1443 tam
2749 1391 2814 1444 de
2857 1391 3156 1443 haereditate
3187 1402 3373 1454 paren-

1836 1480 1964 1540 tum,
1993 1493 2150 1545 quam
2176 1477 2244 1532 de
2268 1487 2600 1544 comparato,
2644 1478 2726 1530 vel
2755 1477 2892 1544 quod
2939 1477 3137 1543 pariter
3165 1475 3376 1528 labora-

1839 1570 2223 1656 vimus,|totum
2257 1577 2309 1622 et
2341 1568 2409 1620 ad
2454 1568 2740 1635 integrum,
2793 1573 2896 1618 tam
2927 1567 2980 1619 in
3018 1565 3258 1627 villabus,
3283 1563 3373 1614 do-

1839 1663 2031 1722 mibus,
2063 1671 2191 1725 etc.,
2218 1669 2446 1730 excepto
2473 1660 2611 1728 quod
2660 1676 2756 1727 pro
2784 1659 2986 1712 anima:
3031 1656 3266 1714 remedio
3314 1656 3378 1705 ad
3461 1689 3475 1695 -

242 1763 327 1806 tate
349 1751 598 1820 antediem
623 1749 864 1804 ecclesia:
885 1745 1144 1813 elegerint
1167 1742 1411 1807 faciendi,
1442 1742 1662 1796 liberam
1682 1741 1735 1792 in

1850 1751 1960 1806 loca
2017 1761 2322 1806 sanctorum
2380 1751 2765 1818 delegavimus,
2822 1741 2880 1801 ut
2933 1746 3183 1814 inspectis
3246 1745 3380 1810 ipsis

241 1843 440 1894 omnibus
463 1840 684 1892 habeant
711 1844 1045 1904 potestatem.
1091 1833 1144 1887 Si
1173 1833 1290 1900 quis
1313 1847 1464 1896 vero,
1493 1832 1632 1897 quod
1657 1829 1737 1882 fu-

245 1942 381 1985 turum
410 1942 518 1982 esse
543 1941 644 1981 non
696 1926 976 1987 creditnus,
1007 1936 1104 1978 nos
1134 1924 1266 1990 ipse,
1294 1921 1437 1988 quod
1467 1919 1621 1984 absit,
1647 1930 1740 1973 aut

244 2018 396 2087 aliquis
413 2017 474 2071 de
491 2016 784 2070 heredibus
830 2015 1046 2076 nostris,
1075 2005 1168 2066 seu
1196 2012 1446 2080 qumlibet
1495 2009 1739 2078 opposita

245 2118 428 2176 persona
445 2106 721 2176 calliditate
735 2113 1037 2159 commotus
1061 2113 1153 2156 aut
1189 2103 1476 2171 cupiditate
1505 2105 1742 2168 praeven-

246 2207 310 2251 tus
329 2206 490 2250 contra
513 2195 649 2250 hanc
669 2194 949 2263 epistolam
974 2192 1275 2246 donationis
1303 2181 1496 2244 nostra:
1524 2227 1540 2252 ,
1582 2203 1740 2254 quam

245 2298 486 2354 spontanea
513 2286 782 2339 voluntate
816 2291 1033 2352 propter
1079 2295 1273 2335 nomen
1302 2279 1391 2332 Dei
1424 2278 1537 2333 fieri
1563 2276 1745 2332 decre-

250 2376 402 2437 vimus,
424 2372 591 2427 venire
619 2379 713 2425 aut
730 2385 847 2426 eam
875 2369 1156 2437 infringere
1175 2375 1397 2423 conatus
1413 2365 1587 2430 fuerit,
1613 2365 1744 2418 iram

249 2469 366 2519 trinae
389 2463 659 2528 maiestatis
677 2464 931 2524 incurrat,
953 2471 1007 2515 et
1032 2475 1150 2514 cum
1170 2456 1535 2526 superscripto
1561 2463 1747 2511 sancto

251 2557 320 2609 illn
339 2565 445 2608 ante
482 2553 700 2606 tribunal
729 2551 928 2606 Christi
953 2551 1183 2604 deducat
1230 2549 1499 2602 rationes:
1534 2547 1750 2612 insuper

250 2645 404 2699 inferat
429 2645 651 2711 partibus
676 2642 843 2711 ipsius
874 2641 1147 2705 basilicae,
1193 2654 1315 2693 cum
1342 2646 1565 2706 cogente
1621 2637 1748 2690 fisco

256 2722 346 2786 iuri
367 2734 502 2795 ututi,
522 2733 720 2800 argenti
744 2731 899 2797 tanti,
914 2741 968 2785 et
990 2731 1128 2799 quad
1159 2730 1347 2797 repetit
1364 2729 1627 2782 vindicare
1643 2742 1748 2780 non

254 2826 418 2888 valeat;
443 2823 526 2877 sed
538 2837 783 2894 Jprtesens
809 2821 1032 2889 epistola
1086 2819 1226 2892 omni
1256 2828 1492 2888 tempore
1522 2817 1668 2871 firma
1693 2824 1751 2870 et

253 2916 458 2970 inviolata
485 2922 807 2982 permaneat,
838 2912 1176 2980 stipulatione
1193 2911 1440 2965 subnixa.

796 3022 1020 3079 CAPUT
1058 3022 1143 3075 VII
1155 3064 1166 3076 .

1839 1842 2200 1895 instrumentis
2228 1878 2244 1903 ,
2301 1841 2352 1894 in
2407 1840 2653 1894 omnibus
2705 1846 3048 1892 conservetur
3076 1876 3090 1900 ,
3137 1845 3191 1888 et
3239 1834 3381 1900 quod

1837 1929 1903 1985 de
1931 1931 2041 1999 ipsa
2069 1931 2223 1984 alode
2248 1943 2383 1989 mea,
2415 1937 2534 1997 post
2558 1944 2732 1982 meum
2762 1929 3075 1989 discessum,
3101 1942 3194 1993 pro
3230 1940 3378 1979 eom-

1839 2021 1982 2075 muni
2011 2019 2250 2074 mercede
2271 2019 2333 2073 ad
2365 2020 2478 2073 loca
2508 2029 2807 2073 sanctorum
2834 2017 3158 2078 relinqaiere,
3190 2018 3271 2067 vel
3291 2016 3380 2066 iu-

1839 2122 2038 2178 genuos
2070 2109 2314 2163 relaxare
2340 2109 2570 2162 volueris
2593 2149 2608 2173 ,
2644 2109 2906 2162 licentiam
2957 2107 3152 2159 habeas
3172 2147 3184 2167 .
3228 2118 3274 2159 et
3309 2105 3384 2157 in-

1841 2199 2039 2268 spectis
2065 2199 2196 2267 ipsis
2244 2199 2627 2263 instrttmentis,
2659 2200 2709 2252 in
2742 2200 2984 2250 omnibus
3009 2205 3382 2252 conservetur:

1799 2347 1801 2350 ,
1842 2296 1964 2357 post
2004 2294 2148 2340 tuum
2191 2301 2401 2354 quoque
2449 2288 2753 2348 discessum.
2802 2287 3053 2354 quidquid
3083 2289 3386 2339 intestatum

1843 2374 2178 2435 remanserit,
2209 2373 2272 2425 ad
2322 2381 2531 2426 nostros
2559 2372 2816 2439 lueredes,
2868 2376 2957 2439 qui
3002 2382 3125 2426 tunc
3175 2372 3388 2438 propin-

1845 2463 2059 2532 quiores
2100 2462 2313 2524 fuerint,
2337 2449 2650 2514 revertatur.
2703 2459 2762 2512 Si
2789 2475 2936 2520 vero,
2968 2460 3108 2526 quod
3158 2459 3388 2511 futurum

1845 2571 1965 2611 esse
1989 2571 2094 2609 non
2123 2556 2406 2620 credimus,
2432 2556 2594 2622 aliqui
2647 2553 2711 2607 de
2736 2554 3033 2606 bmredibus
3062 2555 3277 2617 nostris,
3307 2555 3391 2606 vel

1847 2645 2149 2713 quicunque
2178 2654 2361 2712 contra
2409 2645 2545 2698 hanc
2574 2643 3071 2705 interddnationem,
3097 2643 3231 2696 unde
3257 2643 3393 2695 inter

1849 2751 1946 2788 nos
1957 2735 2167 2787 chartas
2182 2750 2286 2787 uno
2304 2742 2485 2789 tenore
2500 2737 2823 2803 conscriptas
2840 2737 3180 2798 lirma'vimns,
3220 2736 3393 2787 venire

1849 2834 1940 2878 aut
1980 2824 2263 2891 infringere
2286 2825 2529 2884 voluerit,
2557 2825 2880 2877 nullatenus
2908 2825 3082 2876 valeat
3112 2825 3392 2888 vindicare,

1851 2917 1942 2969 sed
1959 2915 2397 2991 inferatpartihu's
2413 2915 2599 2968 vestris
2628 2930 2743 2967 cum
2775 2924 3016 2981 cogente
3037 2915 3309 2975 lisco,auri
3345 2916 3396 2967 li-

1852 3009 1974 3060 bras
1995 3015 2186 3069 tantas,
2215 3007 2416 3073 argenti
2441 3014 2641 3069 tantas;
2672 3019 2898 3072 prtesens
2919 3019 3045 3057 vero
3069 3006 3309 3069 epistola,
3345 3007 3393 3057 in

255 3116 699 3170 Chrtadottationis
739 3115 873 3168 inter
917 3115 1081 3166 virum
1113 3124 1159 3166 et
1207 3112 1446 3182 feminam
1477 3113 1540 3166 de
1573 3127 1746 3166 eorum

1853 3097 1996 3150 nullo
2027 3097 2189 3164 possit
2218 3096 2462 3159 convelli,
2489 3096 2581 3150 sed
2608 3095 2755 3147 ﬁrme
2782 3103 2835 3147 et
2856 3095 3050 3148 illibata
3072 3104 3392 3163 permaneat.

884 3183 1049 3237 rebus.

306 3274 534 3342 Quidiuid
555 3273 690 3329 enim
710 3269 848 3327 itet‘
866 3258 1208 3341 coniugatus,
1233 3272 1300 3326 de
1327 3272 1541 3340 propria
1589 3272 1752 3326 facul-

254 3373 356 3427 tate,
392 3372 620 3429 manente
646 3361 926 3426 cbaritate,
969 3376 1070 3430 pro
1118 3374 1299 3414 amore
1326 3361 1647 3429 dilectionis,
1700 3361 1750 3413 in

255 3455 441 3509 invicem
471 3454 766 3509 condonare
808 3453 1086 3521 placuerit,
1120 3451 1510 3519 “scripturarum
1539 3464 1754 3504 necesse

255 3554 319 3598 est
343 3545 486 3599 titulis
511 3543 745 3612 alligare,
773 3558 840 3598 ne
868 3544 918 3621 in
947 3550 1216 3611 posterum
1242 3543 1320 3610 ab
1339 3530 1634 3596 haeredibns
1655 3556 1752 3595 eo-

256 3651 369 3696 rutn,
392 3636 465 3688 vel
492 3649 522 3688 a
547 3647 861 3701 quocunque
899 3633 1067 3701 possit
1112 3631 1337 3686 convelli
1356 3633 1402 3684 ⁸.
1451 3630 1614 3698 Igitur
1656 3645 1754 3697 ego

259 3725 300 3778 ‘It
320 3725 397 3778 Dei
415 3725 612 3777 nomine
643 3724 751 3786 ille,
786 3731 841 3775 et
867 3731 919 3775 tu
949 3720 1250 3796 dulcissima
1278 3721 1474 3790 conqu
1502 3735 1617 3773 mea
1643 3721 1752 3786 illa,

259 3813 365 3867 dum
381 3823 430 3868 et
451 3815 579 3868 inter
606 3828 706 3868 nos
733 3813 1035 3881 procreatio
1052 3811 1278 3866 filiorum
1301 3812 1515 3866 minime
1543 3826 1660 3866 esse
1681 3813 1754 3864 vi-

255 3904 400 3968 detur,
426 3905 531 3960 ideo
551 3903 800 3960 convenit
827 3903 1000 3967 nobis,
1025 3909 1081 3955 ut
1102 3917 1260 3956 omne
1283 3916 1475 3970 corpus
1497 3900 1757 3956 Facilitatis

257 4005 455 4058 nonne,
503 3996 720 4050 invicem
778 3993 1162 4047 usufructuario
1212 3993 1774 4064 ordine'coulonare

258 4083 529 4156 debeamus;
557 4083 698 4149 quod
728 4083 800 4136 ita
847 4090 902 4136 et
949 4080 1188 4135 fecimus.
1217 4071 1444 4134 Proinde
1466 4080 1605 4133 dono
1641 4081 1755 4143 tibi,

259 4171 517 4225 dulcissima
553 4171 747 4241 conqu
797 4185 934 4236 utea,
979 4171 1021 4224 si
1054 4169 1179 4222 mihi
1225 4169 1277 4222 in
1325 4169 1426 4222 hoc
1451 4169 1644 4221 saeculo
1671 4185 1758 4223 su-

262 4272 437 4330 petstes
458 4264 626 4329 lueris,
657 4278 815 4318 omne
862 4277 1055 4330 corpus
1082 4260 1344 4315 facultatis
1372 4275 1523 4324 mete,
1557 4267 1664 4313 tam
1691 4258 1757 4312 de

260 4352 410 4415 ainde,
434 4364 513 4407 aut
530 4355 595 4408 de
620 4360 954 4420 comparato,
997 4352 1078 4404 vel
1110 4351 1176 4402 de
1223 4350 1461 4417 quolibet
1506 4359 1753 4412 attractu,

2439 3203 2665 3263 CAPUT
2703 3203 2828 3262 Vill.

2155 3277 2285 3330 Item
2314 3278 2420 3329 alia
2449 3278 2559 3330 sine
2587 3279 2757 3345 aliqua
2784 3278 3084 3333 minutione.

1926 3367 2037 3421 Iam
2064 3368 2166 3419 alia
2210 3384 2240 3418 ιι
2270 3368 2432 3429 rapite
2458 3367 2621 3417 instar
2648 3367 2830 3432 prioris
2855 3379 3006 3434 usque
3033 3370 3152 3419 dum
3186 3369 3400 3423 advixe-

1855 3459 1926 3511 ris
1955 3457 2335 3510 usuftuctuario
2363 3457 2547 3507 ordine
2568 3457 2760 3507 debeas
2784 3458 3070 3521 possidere,
3099 3468 3216 3522 post
3242 3466 3386 3510 tuum

1854 3565 2063 3617 quoque
2119 3548 2406 3602 discessum
2456 3547 2519 3599 ad
2563 3547 2821 3614 legitimos
2852 3556 3061 3601 nostros
3110 3558 3400 3601 ΠἎΟΓιιιιιετ

1856 3639 2112 3703 lizeredes,
2168 3647 2222 3692 et
2275 3638 2475 3690 nullum
2531 3636 2835 3704 pontificum
2883 3637 3164 3706 quidquam
3208 3640 3401 3691 exitude

1856 3726 2134 3788 alienandi,
2167 3736 2259 3778 aut
2283 3725 2548 3778 minuendi
2579 3727 2772 3778 habere
2802 3741 2904 3778 non
2945 3727 3156 3781 debeas.
3188 3728 3385 3780 Snmli-

1857 3826 1938 3868 ter
1960 3823 2015 3867 et
2043 3810 2154 3881 ego
2198 3815 2315 3876 illa,
2360 3814 2662 3867 dulcissime
2685 3814 2874 3882 jngalis
2908 3829 3059 3867 utens
3090 3810 3193 3877 ille,
3248 3829 3398 3866 cotu-
3446 3831 3449 3834 ·

1857 3915 2039 3960 monet
2067 3920 2152 3960 me
2174 3905 2456 3970 ;dulcitudo
2479 3913 2586 3968 tua,
2616 3887 2670 3958 in
2714 3906 3191 3972 compensationem
3224 3916 3397 3957 rerum

1858 4003 2086 4062 tunru’m,
2117 4011 2248 4063 quas
2275 3997 2329 4048 in
2382 4010 2466 4049 me
2494 3996 2635 4049 visus
2661 4009 2720 4048 es
2766 3995 3070 4058 contulisse,
3100 3994 3142 4047 si
3189 3994 3315 4046 mibi
3348 3995 3400 4046 in

1858 4086 1956 4138 hoc
1977 4086 2228 4140 saeeulum
2256 4095 2522 4152 superstes
2551 4085 2731 4147 fueris,
2761 4099 2942 4138 omnes
2965 4100 3047 4137 res
3073 4099 3216 4136 meas
3239 4101 3402 4152 'quas-

1857 4189 2086 4239 cunque,
2109 4174 2537 4246 autvubicunque,
2565 4180 2667 4224 tam
2699 4172 2748 4224 in
2769 4173 2942 4233 terris,
2973 4180 3019 4222 et
3061 4165 3254 4239 reliqua
3300 4176 3400 4223 sub

1860 4281 1953 4318 usu
2000 4263 2241 4317 benelicii
2290 4262 2486 4318 debeas
2529 4262 2817 4330 possidere,
2849 4271 2905 4315 et
2943 4263 3137 4315 nullum
3189 4261 3398 4330 pultlili-

1860 4354 1994 4406 cium
2041 4353 2325 4420 quidquam
2373 4352 2564 4406 exinde
2609 4352 2907 4410 alienandi,
2957 4362 3046 4405 aut
3091 4353 3355 4406 minuendi
3382 4382 3402 4416 ν

263 4441 516 4511 ubicunque
552 4445 747 4496 habere
762 4441 1034 4504 videor,et
1054 4440 1194 4506 quod
1219 4441 1417 4508 pariter
1437 4442 1486 4491 in
1512 4440 1758 4506 coniugio
1792 4424 1836 4481 ο
1864 4449 2052 4508 prater
2075 4456 2224 4492 usum
2255 4447 2458 4492 tantum
2487 4454 2590 4492 non
2621 4439 2831 4501 habeas,
2865 4449 2918 4492 et
2949 4449 3061 4512 post
3085 4448 3230 4492 tuum
3288 4427 3397 4492 dis-

264 4529 400 4596 positi
416 4529 767 4590 laboravimus,
791 4538 894 4582 tam
916 4529 1349 4594 terris,villabus,
1369 4530 1612 4583 domibus
1637 4547 1755 4582 cum

262 4618 387 4671 omni
407 4620 652 4689 pratsidio.
679 4620 980 4683 accolabus,
1000 4619 1290 4683 mancipiis,
1321 4620 1506 4682 vineis,
1537 4622 1757 4687 campis,

265 4710 420 4778 pratis,
444 4711 587 4779 aquis
632 4724 957 4778 aquarumve
979 4708 1470 4773 decursibus,auro,
1519 4721 1752 4774 argento,

263 4797 570 4863 vestimentis,
622 4798 830 4866 peculio
881 4789 1150 4864 utriusque
1195 4811 1354 4850 sexus
1413 4797 1614 4862 majore
1679 4796 1762 4848 vel

268 4885 566 4953 minore;ita
617 4898 673 4942 ut
727 4887 850 4941 dum
902 4886 1096 4938 vixeris
1149 4886 1535 4940 usufructuario
1581 4886 1765 4938 ordine

270 4972 420 5028 valeas
447 4977 721 5044 possidere,
765 4975 846 5029 vel
875 4975 1180 5036 dominare;
1211 4988 1435 5044 excepto
1478 4975 1617 5042 quod
1669 4989 1765 5042 pro

273 5051 669 5122 animmedio
697 5065 762 5119 ad
811 5067 925 5120 loca
973 5076 1273 5119 sanctorum
1329 5065 1762 5128 condonavimus,

278 5151 546 5224 utinspecta
569 5165 746 5214 nostra
773 5153 1112 5223 delegatione
1135 5156 1184 5208 in
1214 5154 1458 5208 omnibus
1484 5168 1767 5209 conserve-

349 5307 372 5340 ⁸
392 5299 612 5372 Maius
647 5316 703 5363 et
735 5305 1148 5372 Lindenbrogius
1177 5304 1373 5358 addunt
1402 5323 1414 5352 :
1448 5299 1632 5368 (Quia
1685 5319 1767 5357 se-

293 5370 484 5426 ntiam
509 5375 688 5443 legem,
717 5378 762 5429 si
787 5370 1329 5442 manente’conmgio,
1363 5375 1442 5424 vir
1468 5375 1637 5434 usuri,
1688 5373 1767 5426 vel

299 5443 613 5511 «marito,
639 5446 834 5511 aliquid
877 5445 1169 5503 donaverit,
1197 5443 1241 5496 si
1293 5445 1336 5496 is
1387 5444 1468 5496 cui
1521 5443 1768 5503 donatum

295 5510 500 5579 Qtprior
518 5510 744 5566 mortuus
773 5515 951 5575 fuerit,
986 5515 1124 5579 apud
1169 5514 1479 5565 donatoretn
1527 5527 1610 5572 ea,
1655 5526 1770 5577 qua:

293 5575 674 5648 maluerint,
703 5575 1072 5636 remanebunt.
1107 5581 1285 5648 Igitur.
1323 5601 1340 5631 ι

357 5645 601 5716 *ευῆωιδ
643 5645 725 5706 est
769 5665 887 5720 qua:
929 5645 1243 5720 ναίει-,λεώ
1283 5651 1548 5706 bonorum
1594 5649 1772 5704 uxoris

126 6029 476 6109 ωέὶ;.ᾇ-

1862 4545 2066 4585 cessum
2094 4531 2156 4582 ad
2184 4530 2445 4596 legitimos
2474 4539 2681 4584 nostros
2713 4539 3006 4583 revertatur
3033 4529 3286 4585 lucredes.

2458 4612 2817 4692 CApurtX.

1977 4742 1982 4747 '
2005 4729 2030 4766 δ
2060 4728 2245 4780 Charta
2273 4725 2642 4780 obnoxiatt'oiis
2665 4744 2694 4777 a
2719 4736 2863 4794 putre
2891 4716 2940 4779 in
2971 4730 3092 4796 ﬁliis
3113 4731 3265 4797 fabra.

1935 4817 2260 4872 Dulcissimis
2279 4817 2400 4874 filiis
2425 4832 2559 4871 mets
2590 4817 2709 4868 illis.
2739 4817 2996 4870 Omnibus
3029 4834 3133 4870 non
3185 4819 3405 4872 habetur

1865 4909 2186 4976 incognitum
2238 4907 2463 4975 qualiter
2508 4913 2635 4957 ante
2661 4907 2754 4958 hos
2802 4919 2967 4959 annos
2996 4908 3144 4960 villas
3190 4909 3390 4974 aiiquas

1868 5004 2193 5063 nuncupatas
2219 4995 2500 5057 illas,sitas
2541 4994 2608 5046 ibi
2640 4995 2877 5059 genilrix.
2904 5005 3072 5048 vestra
3125 5004 3404 5064 antequam

1870 5100 1990 5136 meo
2014 5083 2296 5136 sociassem
2319 5081 2587 5148 coniugio,
2612 5097 2703 5150 per
2730 5083 3000 5150 epistolam
3026 5084 3293 5143 cessionis,
3319 5085 3411 5136 aut

1868 5175 2098 5228 libellum
2123 5171 2261 5224 dotis
2306 5172 2448 5224 visus
2495 5186 2609 5224 smn
2664 5172 2982 5224 condonare.
3031 5170 3133 5223 Sed
3184 5172 3407 5226 dunt-ct

1871 5302 1976 5357 siue
2001 5311 2329 5371 pra-mortua!
2356 5301 2772 5355 usumfructum‘a
2804 5300 2919 5353 filiis
2935 5303 3156 5365 accepit,
3173 5317 3411 5355 remuneo

1872 5374 2020 5426 randi
2042 5387 2198 5426 causa
2250 5372 2355 5423 illis
2388 5374 2553 5424 donat
2583 5372 2728 5423 villas
2755 5371 3008 5436 quasdam
3059 5387 3198 5429 suas,
3231 5385 3409 5420 mirum

1876 5439 2046 5494 tanien
2101 5438 2368 5493 nstifrncto
2415 5449 2656 5502 retento»;
2699 5448 2857 5505 atque
2911 5439 2980 5489 ita
3029 5455 3085 5490 se
3129 5438 3411 5488 obnoxium

1873 5511 1965 5563 rrd
1989 5511 2063 5572 lit,
2098 5519 2149 5560 ul
2173 5523 2236 5560 ne
2285 5510 2400 5572 illas
2426 5509 2475 5559 in
2507 5517 2787 5574 posterum
2808 5507 3036 5558 alienare
3060 5516 3148 5555 aut
3179 5505 3409 5560 minuere

1877 5583 2064 5699 gessit.
2098 5579 2325 5648 Ideoque
2354 5578 2472 5631 lucc
2490 5573 2716 5631 formula
2766 5573 3071 5628 Obnoxiatio
3099 5574 3410 5642 appellatur,

1921 5664 2022 5699 lGN.

1921 5664 2022 5702 lGN.
