3886 6226
460 423 564 481 ’255

1716 423 1759 472 Μ
1783 419 2057 472 κιιτῑιέωί
2092 417 2393 471 ΜυΝΜῖΙΙΙ

3564 411 3673 469 ’156

460 537 597 604 ipsa,
627 518 1009 603 peccatismeis
1031 534 1444 598 facientllius,ab
1473 535 1569 586 liae
1596 532 1716 586 lucc
1745 531 2012 593 discessit,
2044 534 2087 591 Α
2124 529 2246 582 dum
2298 518 2394 597 ipsi
2444 528 2561 581 lilia:
2608 544 2739 585 mace
2784 532 3027 605 genitriei
3074 538 3266 585 vestrae
3306 530 3524 599 quando
3552 545 3673 585 eam

461 633 518 679 et
544 639 638 679 vos
664 637 875 678 omnem
901 623 1111 684 alodetn
1155 623 1324 691 ipsius
1348 622 1621 689 genitricis
1644 630 1836 675 vestrm
1872 621 2014 676 illius

460 715 612 784 iuxta
636 711 777 782 quod
798 722 855 768 et
886 713 1024 769 ratio
1054 713 1322 781 praestitit,
1352 726 1560 766 meeum
1580 709 1772 765 exinde
1798 711 1850 763 in
1876 725 2015 780 pra:-

464 803 632 857 sentia
660 792 921 857 bonorum
948 803 1244 870 hominum,
1276 810 1369 855 aut
1395 801 1553 870 regis,
1584 800 1875 864 altercatis,
1924 792 2019 868 per

463 892 630 961 ipsam
658 889 959 960 epistolam,
984 908 1142 960 quam
1174 893 1225 946 in
1248 908 1363 947 eam
1396 892 1695 957 fecerimus,
1715 900 1901 946 contra
1921 906 2027 961 nos

463 975 823 1048 evindieastis,
839 990 894 1036 et
914 982 966 1035 in
992 990 1220 1036 vestram
1242 990 1558 1051 potestatem
1570 981 2014 1044 omnemalodem

463 1072 627 1140 ipsius
655 1071 948 1139 recepistis.
971 1071 1075 1126 Sed
1103 1071 1229 1125 dum
1258 1080 1312 1126 et
1354 1053 1535 1127 nostra
1564 1070 1663 1125 fuit
1702 1069 1915 1140 petitio,
1963 1077 2021 1123 et

464 1176 583 1227 vos,
609 1170 667 1214 ut
682 1160 942 1215 condecet
972 1161 1124 1217 bonis
1151 1161 1289 1224 filiis,
1304 1160 1560 1215 voluntati
1593 1166 1786 1213 nostra!
1808 1158 2019 1213 obtem-

462 1262 734 1322 perantes,
768 1254 908 1327 ipsas
934 1253 1103 1317 villas,
1133 1254 1213 1307 vel
1252 1268 1339 1307 res
1366 1268 1484 1321 quae
1512 1252 1719 1307 fuerunt
1747 1251 2018 1321 genitricis

463 1354 673 1407 vestrae,
698 1356 831 1411 quas
854 1357 954 1411 ego
977 1343 1032 1397 ei
1060 1342 1180 1397 dedi
1205 1342 1288 1397 vel
1315 1341 1756 1405 condonaveram,
1788 1339 1917 1394 mihi
1948 1338 2015 1392 ad
2055 1399 2060 1407 ,

466 1446 618 1485 usum
659 1431 899 1486 beneficii
922 1439 1105 1486 tenere
1128 1439 1185 1486 et
1228 1430 1493 1495 excolere,
1525 1430 1729 1498 absque
1780 1427 1889 1481 ullo
1918 1441 2017 1487 veo,

463 1530 576 1574 stro
599 1519 927 1591 pmjudicio,
970 1520 1299 1589 permisistis.
1325 1518 1450 1573 Ideo
1476 1518 1633 1572 nobis
1675 1515 2016 1585 complacuit,

464 1610 597 1666 alias
619 1610 770 1665 villas
797 1619 1008 1666 nostras
1036 1610 1174 1675 illas,
1204 1624 1303 1678 pro
1327 1606 1698 1663 benevolentia
1729 1614 1931 1667 vestra,
1963 1614 2021 1658 et

461 1700 820 1768 suprascripto
848 1714 964 1763 usu,
996 1698 1060 1753 de
1082 1698 1218 1760 villis
1238 1698 1425 1753 vestris
1446 1711 1541 1765 per
1567 1697 1705 1750 hanc
1728 1693 2008 1763 epistolam

465 1788 858 1843 obnoxiationis
879 1787 1031 1842 vobis
1060 1786 1400 1842 obnoxiasse.
1430 1784 1507 1838 lta
1548 1792 1609 1839 ut
1632 1783 1885 1851 deinceps
1910 1790 2018 1835 tam

2118 627 2333 687 nuptam
2372 618 2560 673 tradidi
2587 619 2639 673 in
2664 620 2860 689 aliquid
2881 621 2949 677 de
2995 622 3152 677 rebus
3180 622 3333 687 meis,
3364 622 3672 687 mobilibus,

2114 707 2351 775 drappis,‘
2380 706 2732 775 fabricaturis,
2750 710 2832 763 vel
2856 709 3033 778 aliqua
3064 711 3327 779 mancipia
3356 711 3410 765 in
3439 712 3547 767 sol.
3563 720 3675 766 tan.

2114 795 2235 848 dedi
2264 796 2417 850 vobis
2443 795 2543 851 hoc
2592 796 2646 851 in
2698 805 2849 866 parte
2896 809 3072 853 vestra
3119 809 3433 868 supputare,
3485 808 3677 855 contra

2117 884 2239 938 filiis
2276 885 2406 937 meis
2426 883 2633 941 faciatis
2665 902 2679 938 :
2712 892 2767 940 et
2810 886 2856 940 si
2899 887 3127 957 amplius
3152 887 3305 943 vobis
3348 888 3571 956 insuper
3608 886 3680 941 de

2115 973 2142 1010 εί
2167 973 2437 1042 .prresidio
2484 983 2667 1029 nostro
2710 976 3006 1039 obvenerit,
3038 986 3163 1032 tunc
3207 993 3329 1032 eum
3379 978 3503 1031 ﬁliis
3546 979 3679 1032 meis

2117 1060 2395 1114 avnneulis
2448 1060 2637 1115 vestris
2664 1064 2962 1130 portionem
2991 1063 3146 1119 vobis
3173 1079 3241 1119 ex
3292 1064 3396 1121 hoc
3441 1064 3679 1119 debitam

2117 1147 2405 1216 recipiatis,
2437 1157 2493 1203 et
2528 1148 2780 1217 quidquid
2810 1150 3005 1204 exinde
3032 1151 3099 1205 de
3139 1153 3383 1207 omnibus
3431 1155 3681 1222 superius

2118 1234 2433 1303 conscriptis
2476 1235 2655 1291 facere
2705 1237 3266 1303 volueritis,‘liberam
3322 1240 3373 1294 in
3429 1241 3680 1294 omnibus

2117 1324 2355 1379 habeatis
2380 1333 2715 1394 potestatem.
2738 1324 2795 1380 Si
2815 1327 2935 1396 quis
2964 1341 3112 1393 vero,
3128 1327 3269 1397 quod
3297 1327 3534 1383 futurum
3558 1343 3681 1383 esse

2118 1404 2224 1469 non
2243 1415 2530 1483 credimus,
2576 1416 2767 1485 aliquis
2793 1416 2862 1473 de
2886 1417 3205 1484 hreredibus,
3230 1420 3314 1474 vel
3341 1419 3680 1489 proharedi-

2120 1505 2219 1559 bus
2263 1505 2415 1570 meis,
2438 1506 2522 1561 vel
2549 1507 2800 1576 quaelibet
2828 1522 3075 1577 persona,
3104 1517 3289 1564 contra
3314 1511 3453 1563 hanc
3479 1509 3683 1578 episto-

2121 1593 2226 1647 lam
2266 1594 2448 1649 venire
2472 1596 2777 1663 tentaverit,
2823 1605 2914 1651 aut
2938 1612 3060 1652 eam
3086 1596 3375 1664 infringere
3419 1598 3679 1659 voluerit.

2122 1682 2315 1737 inferat
2339 1685 2486 1738 vobis
2515 1688 2666 1750 tanti,
2693 1696 2748 1740 et
2783 1687 2924 1754 quod
2955 1688 3149 1756 repetit
3176 1689 3477 1742 nullatenus
3505 1686 3683 1741 vindi-

2120 1774 2484 1841 care.valeat,
2536 1774 2630 1829 sed
2676 1790 2909 1844 praesens
2956 1777 3188 1845 Epistula
3238 1776 3384 1830 omni
3434 1785 3684 1844 tempore

463 1879 849 1947 suprascriptas
874 1877 1047 1941 villas,
1070 1891 1228 1943 quam
1256 1876 1419 1929 etiam
1444 1882 1499 1928 et
1528 1871 1645 1927 illas
1667 1886 1801 1940 quas
1826 1860 2019 1938 supral
2057 1874 2097 1931 Β
2125 1862 2275 1941 firma
2307 1872 2643 1931 permaneat,
2672 1878 2792 1920 cum
2820 1864 3164 1936 stipulatione
3190 1865 3453 1921 subnexa.
3486 1866 3686 1921 Actum

462 1968 674 2037 scriptae
694 1966 936 2035 genitrici
964 1974 1174 2027 vestrm,
1205 1978 1302 2033 per
1321 1977 1495 2019 meam
1526 1960 1805 2031 epistolam
1830 1967 2019 2033 contu-

465 2059 653 2124 leram,
684 2073 778 2127 per
804 2066 1036 2112 vestrum
1064 2055 1363 2111 benillcium
1418 2053 1669 2109 excolere
1711 2050 2021 2114 debeamus,

465 2160 515 2204 et
545 2149 743 2203 nullum
773 2148 1099 2217 pontificium
1148 2146 1214 2200 de
1240 2145 1483 2201 omnibus
1508 2141 1880 2211 suprascriptis
1920 2154 2022 2194 nec
2054 2146 2073 2171 ’

466 2238 720 2301 vendere,
768 2252 868 2292 nec
913 2238 1172 2301 alienare,
1224 2251 1324 2291 nec
1374 2233 1745 2309 concamiare,
1788 2245 1886 2285 nec
1928 2244 2022 2298 pro

466 2329 705 2399 quolibet
730 2327 942 2399 ingenio
970 2329 1232 2399 minuere,
1255 2326 1451 2383 habere
1481 2340 1585 2382 uun
1623 2323 1866 2387 debeam,
1907 2324 2022 2376 ‘nisi

467 2430 670 2477 tantum
703 2438 875 2486 usum,
903 2421 998 2477 sed
1029 2437 1123 2490 per
1150 2421 1287 2475 hanc
1313 2419 1595 2491 epistolam
1625 2415 2023 2472 obnoxiationis

466 2531 617 2577 mete,
657 2516 707 2569 in
728 2524 904 2569 vestro
930 2514 1037 2569 sint
1061 2513 1282 2567 arbitrio
1302 2522 1357 2567 et
1386 2518 1669 2579 potestate,
1695 2517 1750 2563 et
1778 2505 2022 2575 quando-

464 2619 674 2672 cunque
709 2605 999 2669 volueritis,
1047 2613 1103 2659 et
1143 2602 1297 2657 vobis
1324 2601 1605 2670 placuerit,
1664 2598 1865 2666 absque
1918 2597 2023 2649 ulla

468 2710 584 2749 mea
610 2696 1013 2763 contrarietate,
1045 2702 1138 2747 aut
1182 2692 1522 2761 repetitione,
1556 2690 1736 2745 omnia
1778 2688 2022 2757 superius

464 2792 780 2855 praenotata,
810 2794 918 2838 tam
962 2784 1105 2855 quod
1136 2791 1371 2838 vestrum
1399 2791 1576 2845 antea,
1605 2780 1671 2834 de
1696 2786 1849 2849 parte
1874 2776 2022 2845 geni-

468 2878 612 2931 tricis
641 2884 827 2931 vestrte
858 2873 957 2929 fuit
979 2873 1152 2939 alode,
1177 2888 1334 2941 quam
1371 2880 1424 2927 et
1448 2871 1566 2926 illas
1594 2871 1724 2925 alias
1748 2884 2020 2937 nuncupa-

466 2984 546 3025 tas
564 2972 640 3026 sic
668 2984 802 3039 quas
829 2969 981 3023 vobis
1009 2983 1104 3037 pro
1126 2968 1242 3037 ipso
1258 2982 1355 3021 usu
1376 2967 1518 3020 visus
1535 2978 1651 3018 sum
1679 2962 2021 3024 obnoxiasse,

470 3064 521 3116 in
554 3072 783 3117 vestram
810 3059 1050 3115 debeatis
1082 3073 1337 3114 revocare
1360 3055 1783 3113 dominationem
1828 3065 2022 3122 perpee

469 3154 683 3207 tualiter
707 3142 1101 3221 possidendum,
1157 3148 1238 3201 vel
1294 3145 1551 3217 quidquid
1601 3142 1793 3198 exinde
1846 3140 2024 3196 facere

466 3242 741 3298 volueritis
767 3241 990 3294 liberam
1020 3238 1143 3292 inde
1173 3237 1411 3292 habeatis
1448 3243 1787 3305 potestatem,
1821 3232 2024 3301 absque
2051 3234 2096 3294 C

467 3320 569 3384 alia
605 3330 779 3397 aliqua
810 3326 1173 3381 intercedente
1197 3327 1459 3395 precaria,
1489 3323 1582 3379 sed
1608 3337 1704 3393 per
1726 3323 1863 3377 hanc
1912 3324 2021 3376 ob-

470 3408 849 3478 noxiatibnem.
878 3430 941 3470 ac
969 3415 1015 3470 si
1051 3412 1274 3484 ’semper
1301 3429 1396 3483 per
1415 3413 1835 3483 quinquennium
1858 3425 2021 3466 reno-

472 3518 591 3560 vata
615 3507 819 3571 fuisset,
844 3506 1106 3575 perpetim
1136 3505 1310 3560 valeat
1335 3506 1579 3560 obtinere
1605 3504 1869 3573 vigorem,
1925 3501 2023 3557 sti-

472 3597 742 3667 pulatione
760 3598 1017 3652 subnexa.

1080 3683 1303 3740 CAPUT
1342 3683 1413 3739 Χ.

474 3808 497 3835 ⁸
520 3796 756 3867 Epistola
783 3813 895 3850 cum
924 3799 978 3851 in
1008 3797 1118 3850 loco
1168 3796 1390 3919 aliorum
1444 3803 1651 3864 nepotes
1678 3793 2026 3848 instituuntur

1146 3883 1174 3919 α
1244 3882 1359 3919 avo.

1146 3882 1208 3919 ου
1244 3882 1359 3919 avo.

543 3955 869 4012 Dulcissimis
898 3956 1179 4024 nepotibus
1210 3956 1341 4009 meis
1367 3955 1471 4010 illis
1492 3955 1600 4009 ille.
1628 3954 1761 4008 Dum
1808 3962 1861 4008 et
1892 3967 2023 4021 pec-

475 4051 611 4104 catis
641 4048 773 4113 meis
796 4046 1105 4101 facientibus
1134 4047 1361 4114 genitrix
1414 4054 1590 4100 vestra
1621 4046 1725 4099 lilia
1756 4060 1873 4098 mea
1911 4044 2025 4107 illa,

472 4138 615 4208 quod
636 4153 741 4213 nou
757 4147 1086 4206 optaveram,
1103 4145 1341 4204 tempore
1364 4144 1565 4189 natura:
1580 4150 1687 4188 sua:
1701 4134 2023 4202 complente,

474 4232 542 4285 ab
568 4232 669 4284 hac
690 4230 807 4285 luce
832 4230 1105 4284 discessit:
1132 4242 1231 4296 ego
1270 4242 1398 4281 vero
1436 4241 1666 4297 pensans
1709 4225 2027 4293 consangui-

474 4321 656 4375 nitatis
686 4320 711 4358 ι)
742 4334 919 4375 casum
948 4320 1071 4373 dum
1097 4327 1154 4374 et
1181 4335 1277 4389 per
1325 4319 1495 4388 legem
1524 4334 1642 4373 cum
1670 4333 1733 4374 ca
1753 4318 1878 4372 teris
1906 4318 2027 4372 filiis

473 4412 605 4486 meis
646 4410 925 4465 avunculis
951 4412 1141 4465 vestris
1174 4412 1247 4465 in.
1278 4410 1433 4465 alode
1462 4424 1583 4465 meo
1612 4405 1873 4465 accedere
1930 4408 2027 4460 nii—

473 4504 616 4558 nime
649 4501 963 4571 potueratis,
994 4500 1115 4555 ideo
1137 4516 1233 4570 per
1260 4502 1398 4555 hanc
1427 4500 1728 4567 epistolam,
1762 4513 1856 4553 vos
1904 4497 2029 4563 dul-

2123 1951 2235 2016 illo,
2260 1960 2365 2006 etc.

2718 2043 2941 2101 CAPUT
2977 2045 3064 2100 XI.

2195 2129 2385 2183 Charta
2412 2131 2497 2205 qui
2527 2146 2620 2189 suo
2642 2144 2821 2205 nepote
2839 2134 3037 2206 aliquid
3064 2136 3333 2191 meliorare
3356 2137 3597 2191 voluerit.

2193 2219 2507 2279 Dulcissimo
2532 2226 2714 2295 nepoti
2744 2240 2865 2280 meo
2889 2226 2964 2281 illi
2996 2227 3103 2280 ille.
3129 2226 3260 2281 Dum
3289 2236 3344 2280 ct
3364 2228 3476 2295 jam
3524 2242 3688 2281 sene-

2123 2320 2239 2365 ctus
2258 2312 2533 2381 adgravat,
2550 2323 2605 2367 et
2628 2316 2970 2369 necessitates
2998 2329 3177 2379 meas,
3208 2323 3263 2367 ut
3292 2324 3506 2382 oportet
3543 2332 3682 2383 pro-

2122 2417 2313 2455 curare
2342 2418 2447 2457 non
2474 2403 2702 2468 valeam,
2723 2414 2777 2458 et
2798 2412 2855 2457 tu
2882 2405 3009 2458 mihi
3041 2405 3093 2458 in
3117 2404 3527 2459 necessitatibus
3549 2407 3690 2461 meis

2123 2488 2372 2542 solatium
2396 2489 2632 2559 prmbere
2648 2506 2752 2544 non
2779 2491 3003 2559 desiisti,
3025 2501 3081 2547 et
3098 2493 3184 2547 die
3210 2503 3477 2562 noctuque
3498 2496 3690 2549 deser-

2123 2580 2236 2634 vire
2263 2596 2369 2637 non
2397 2595 2594 2635 cessas.
2624 2580 2751 2636 Ideo
2796 2598 2894 2650 pro
2921 2583 3183 2651 bonitate,
3209 2593 3265 2637 et
3310 2600 3406 2653 pro
3432 2594 3692 2653 respectu

2122 2669 2392 2726 servitutis
2423 2680 2545 2735 tuae,
2589 2685 2694 2739 qua
2720 2672 2862 2726 circa
2892 2687 2977 2727 me
2996 2673 3242 2739 desudas,
3270 2674 3408 2728 cedo
3436 2675 3528 2729 tibi
3560 2691 3690 2730 ces-

2123 2775 2347 2830 sumque
2370 2765 2419 2815 in
2445 2771 2761 2832 perpetuum
2804 2778 2925 2819 esse
2951 2764 3094 2830 Volo,
3122 2773 3177 2819 et
3196 2766 3263 2820 de
3314 2780 3436 2820 meo
3459 2760 3588 2834 Iure
3637 2768 3691 2820 in

2124 2860 2265 2905 tuam
2282 2851 2591 2907 transfundo
2612 2852 3039 2909 dominationem
3051 2864 3106 2909 et
3127 2863 3465 2924 potestatem,
3482 2857 3692 2924 absque

2124 2940 2395 2995 consortio
2423 2941 2645 3005 fratrum
2675 2950 2884 2997 tuorum
2917 2943 2999 2998 vel
3021 2944 3141 2999 liliis
3168 2948 3321 3005 meis.
3344 2945 3521 3000 locum
3545 2964 3691 3001 nuu-

2103 3039 2407 3101 ‘cupantem
2432 3034 2597 3099 illum,
2626 3034 2880 3104 quidquid
2906 3035 3099 3089 ibidem
3128 3050 3265 3090 nunc
3295 3033 3403 3090 tam
3435 3038 3504 3091 de
3529 3026 3693 3094 alode

2127 3130 2426 3192 parentum,
2469 3138 2626 3192 quam
2650 3124 2717 3178 de
2745 3124 2952 3193 reliquo
2979 3133 3227 3191 attracto,
3256 3128 3401 3180 visus
3442 3143 3564 3181 sum
3614 3138 3694 3182 te-

2126 3212 2333 3277 nuisse,
2359 3226 2462 3266 una
2486 3227 2607 3267 cum
2644 3212 2818 3278 terris,
2848 3213 3115 3281 domibus,
3160 3215 3422 3281 aediliciis,
3470 3219 3696 3272 accola-

2126 3302 2243 3366 bus,
2263 3302 2555 3372 mancipiis,
2580 3300 2767 3369 vineis,
2794 3303 3220 3375 sylvis,t‘ampis,
3238 3308 3425 3374 pratis,
3449 3311 3695 3376 pascuis,

2123 3394 2275 3462 aquis
2318 3407 2645 3461 aquarumve
2682 3393 3012 3462 decursibus,
3069 3398 3150 3451 vel
3202 3399 3422 3466 reliquis
3466 3402 3697 3467 quibus-

2125 3497 2335 3551 cunque
2384 3483 2677 3549 beneflciis,
2724 3484 2818 3538 tibi
2870 3492 2929 3539 ut
2956 3485 3235 3541 diximusa
3278 3487 3367 3541 die
3421 3501 3696 3557 prasente

2125 3576 2247 3629 volo
2273 3590 2389 3631 esse
2408 3591 2737 3632 concessum.
2762 3577 2839 3631 lta
2865 3586 2923 3633 ut
2936 3580 3003 3634 ab
3031 3579 3130 3635 hac
3150 3579 3255 3647 die,
3279 3582 3418 3636 sicut
3436 3586 3697 3653 superius

2126 3668 2375 3731 diximus,
2405 3682 2528 3723 eum
2556 3683 2677 3724 cum
2706 3670 2849 3725 omni
2872 3671 3174 3741 integritate
3220 3688 3315 3727 sua
3342 3674 3564 3734 habeas.
3604 3687 3687 3730 te.

2126 3774 2274 3821 neas,
2307 3759 2599 3829 possideas,
2626 3761 2708 3816 vel
2726 3758 2981 3833 quidqud
2995 3763 3189 3818 exinde
3212 3763 3387 3819 facere
3416 3766 3686 3829 volueris,

2126 3847 2323 3917 absque
2342 3851 2611 3904 consortio
2632 3850 2853 3905 fratrum
2887 3862 3116 3919 tuorum,
3145 3857 3227 3908 vel
3262 3856 3489 3910 filiorum
3536 3873 3695 3911 meo-

2126 3954 2262 4001 rum,
2291 3939 2507 3992 liberam
2536 3940 2588 3994 in
2613 3941 2861 3996 omnibus
2882 3942 3081 3998 habeas
3105 3953 3443 4012 potestatem.
3475 3946 3533 4002 Si
3564 3949 3692 4015 quis

2129 4044 2274 4093 vero,
2298 4029 2438 4097 quod
2463 4030 2693 4084 futurum
2723 4045 2841 4087 esse
2868 4047 2972 4086 non
2993 4033 3175 4100 credo,
3204 4034 3394 4104 aliquis
3417 4029 3485 4090 de
3516 4036 3696 4092 luere-

2128 4118 2298 4185 dibus,
2325 4118 2405 4173 vel
2428 4120 2819 4187 proluederibus
2849 4124 2999 4188 meis,
3029 4139 3124 4179 seu
3147 4126 3397 4195 quzelibet
3427 4142 3689 4195 persona,

2128 4218 2310 4263 contra
2333 4210 2469 4265 hanc
2493 4212 2786 4267 cessionem
2811 4229 2983 4268 mean
3004 4230 3218 4285 quoque
3239 4206 3485 4287 tempore
3499 4220 3697 4274 venire

2128 4310 2219 4354 aut
2244 4315 2360 4355 eam
2393 4302 2944 4370 infringerevoluerit,
2974 4305 3164 4359 lnlerat
3193 4308 3286 4360 tibi
3314 4324 3432 4361 cum
3455 4319 3697 4377 cogente

2130 4391 2261 4445 lisco
2306 4392 2421 4445 auri
2472 4400 2696 4457 tantum,
2756 4401 2811 4448 et
2856 4395 2997 4463 quod
3020 4397 3213 4465 repetit
3255 4398 3527 4453 vindicare
3576 4415 3692 4454 non

2129 4482 2336 4547 valeat;
2363 4483 2453 4536 sed
2481 4488 2710 4552 prtesens
2736 4486 2959 4555 epistola
2992 4488 3138 4543 lirma
3166 4500 3491 4558 permaneat,
3510 4492 3694 4561 stipuo

472 4593 665 4649 cissimi
691 4600 914 4662 nepotes
938 4592 1063 4653 mei,
1088 4591 1207 4645 volo
1230 4599 1285 4645 ut
1312 4590 1361 4644 in
1386 4590 1529 4644 omni
1552 4588 1706 4645 alode
1732 4603 1874 4655 mea,
1902 4597 2023 4657 post

2131 4572 2331 4627 latione
2356 4572 2616 4627 subnexa.
2644 4576 2852 4641 Actum,
2882 4585 2989 4631 etc.

472 4701 648 4740 meum
675 4685 985 4747 discessum,
1011 4685 1054 4739 si
1079 4682 1206 4737 mihi
1233 4684 1547 4748 superstites
1566 4681 1790 4747 fueritis,
1819 4682 1921 4735 hoc
1941 4688 2027 4734 est

475 4786 581 4830 tam
613 4774 789 4838 terris,
818 4774 1083 4841 domibus,
1142 4773 1449 4841 accplabus,
1486 4772 1789 4842 mancipiis,
1832 4770 2023 4837 vineis,

474 4866 653 4938 sylvis,
695 4864 914 4933 campis,
948 4866 1133 4934 pratis,
1170 4864 1401 4934 pasciiis,
1451 4863 1605 4931 aquis
1657 4876 2026 4930 aquarumque

476 4952 800 5016 decursibus,
818 4954 1119 5017 mobilibus,
1135 4953 1509 5017 immobilibus,
1528 4953 1735 5021 peculio
1755 4952 2029 5018 utriusque

479 5051 659 5111 sexus,
690 5042 893 5109 majore
918 5042 1000 5095 vel
1030 5044 1251 5106 minore,
1283 5043 1531 5110 omnique
1545 5043 1914 5109 suppellectile
1929 5043 2028 5096 do-

477 5152 615 5198 mus;
648 5143 702 5188 et
728 5132 1080 5200 quodcunque
1097 5134 1198 5188 dici
1228 5142 1425 5203 potest,
1444 5132 1699 5201 quidquid
1729 5133 2027 5200 supradicta

480 5224 705 5293 genitrix
731 5232 907 5277 vestra
934 5232 981 5283 ε,
1010 5224 1052 5275 si
1085 5223 1209 5275 milii
1231 5233 1498 5291 superstes
1547 5222 1753 5288 fuisset,
1782 5222 1847 5277 de
1878 5222 2030 5276 alode

481 5331 595 5369 mea
622 5317 859 5384 recipere
882 5321 1148 5383 potuerat,
1171 5330 1265 5368 vos
1290 5325 1474 5368 contra
1512 5314 1797 5369 avunculos
1826 5323 2029 5369 vestros

484 5406 806 5483 filiosmeos,
825 5405 1099 5475 prmfatam
1126 5405 1423 5473 portionem
1449 5408 1688 5473 recipere
1720 5403 1944 5467 faciatis,
1976 5415 2029 5455 et

551 5580 577 5609 α
608 5566 842 5638 Epistola
890 5574 973 5620 est
1024 5564 1383 5638 codicillorum
1414 5565 1565 5638 loco,
1616 5579 1716 5631 qua
1766 5576 2030 5638 avus__ne-

482 5653 634 5714 potes
655 5632 846 5714 exlilia
869 5645 1182 5714 praemortua
1198 5635 1260 5714 ad
1281 5634 1670 5688 successionem
1688 5645 1842 5687 vocat
1882 5632 2030 5686 IiIGN.

559 5712 583 5749 ιι
616 5707 973 5773 Lindenbrog.
1005 5714 1057 5757 et
1084 5706 1343 5766 Baluzius,
1394 5719 1620 5755 causam.

558 5789 579 5815 ε
612 5779 726 5834 lloc
749 5788 851 5848 est,
882 5771 942 5832 ut
977 5775 1154 5834 dotem
1182 5774 1365 5830 matris
1390 5772 1688 5841 conferant,
1729 5772 1771 5826 si
1822 5771 1869 5825 id
1919 5771 2032 5841 ejus

2721 4680 2946 4737 CAPUT
2976 4682 3089 4737 XII.

2203 4768 2269 4823 Ut
2296 4770 2409 4840 ﬁlia
2430 4785 2543 4823 cum
2572 4770 2812 4839 fratribus
2838 4771 2893 4824 in
2920 4782 3135 4841 paterna
3155 4775 3389 4829 succedat
3416 4778 3597 4832 alode.

2200 4862 2523 4916 Dnlcissima:
2547 4860 2666 4916 filiae
2689 4877 2819 4917 mea:
2846 4862 2917 4918 illi
2940 4862 3047 4919 ille.
3072 4864 3345 4931 Diuturna,
3369 4868 3463 4921 sed
3495 4870 3697 4939 impia,

2131 4951 2269 5005 inter
2290 4967 2386 5007 nos
2433 4953 2765 5009 consuetudo
2807 4962 3036 5021 tenetur,
3074 4966 3131 5010 ut
3156 4957 3224 5012 de
3272 4967 3408 5012 terra
3457 4970 3697 5027 paterna

2130 5059 2340 5097 sorores
2387 5058 2505 5095 cum
2532 5042 2780 5098 fratribus
2807 5048 3106 5117 portionem
3158 5062 3263 5101 non
3292 5048 3560 5115 habeant;
3593 5053 3699 5108 sed

2129 5146 2227 5198 ego
2258 5132 2590 5201 perpendens
2637 5133 2778 5190 banc
2807 5136 3154 5204 impietatem,
3188 5137 3324 5192 sicut
3347 5140 3474 5193 mihi
3499 5154 3533 5193 a
3582 5142 3698 5196 Do-

2132 5224 2277 5277 mino
2302 5224 2580 5290 :rqualiter
2626 5224 2808 5279 donati
2838 5226 2963 5279 estis
2993 5226 3107 5295 lilii,
3156 5228 3229 5281 ita
3256 5239 3310 5283 et
3354 5246 3383 5283 a
3435 5245 3525 5285 me
3568 5233 3700 5287 sitis

2132 5316 2407 5383 aequaliter
2448 5317 2718 5385 diligendi,
2749 5324 2805 5370 et
2848 5315 2914 5370 de
2962 5318 3121 5374 rebus
3166 5320 3299 5373 meis
3338 5328 3460 5388 post
3505 5335 3700 5378 meum

2130 5406 2423 5460 discessum
2453 5408 2732 5476 aequaliter
2759 5409 3096 5477 gratulemini
3123 5427 3139 5477 ;
3168 5411 3393 5480 ideoque
3421 5426 3523 5483 per
3549 5415 3701 5473 hanc

2134 5560 2520 5616 successionem
2552 5560 2803 5617 accedere
2825 5563 3007 5618 velint.
3040 5563 3190 5619 Bias.

2212 5631 2235 5703 εί
2272 5630 2342 5681 Ex
2369 5632 2617 5703 liocloco
2648 5639 2702 5684 et
2730 5632 2780 5685 al
2804 5634 2847 5686 is
2873 5648 2991 5701 quo:
3034 5633 3162 5687 citat
3210 5634 3519 5703 Bignonius,
3558 5652 3703 5692 conc

2134 5701 2151 5768 j
2176 5702 2247 5752 cit
2274 5700 2521 5765 pra'sidii.
2549 5703 2761 5774 nomine
2790 5700 3438 5774 peetmiam‘nnmer'atam,
3469 5720 3699 5767 aurum.

2140 5780 2412 5839 argentum
2441 5780 2491 5823 et
2521 5768 2621 5824 alia
2652 5769 2701 5825 id
2732 5768 2898 5838 genus
2935 5770 3175 5842 intelligi.
