  <div class='ocr_page' id='page_1' title='image "/cluster/home/n/w/nwhite01/storage/ocr_20150623/87-88/uva.x000827073/376.png"; bbox 0 0 3848 6334; ppageno 0'>
   <div class='ocr_carea' id='block_1_1' title="bbox 202 387 289 444">
    <p class='ocr_par' dir='ltr' id='par_1_1' title="bbox 202 387 289 444">
     <span class='ocr_line' id='line_1_1' title="bbox 202 387 289 444; baseline 0.023 -4"><span class='ocrx_word' id='word_1_1' title='bbox 202 387 289 444; x_wconf 71' lang='grc'><strong>737</strong></span> 
     </span>
    </p>
   </div>
   <div class='ocr_carea' id='block_1_2' title="bbox 1403 376 2151 436">
    <p class='ocr_par' dir='ltr' id='par_1_2' title="bbox 1403 376 2151 436">
     <span class='ocr_line' id='line_1_2' title="bbox 1403 376 2151 436; baseline -0.004 -3"><span class='ocrx_word' id='word_1_2' title='bbox 1403 378 1771 436; x_wconf 67' lang='grc' dir='ltr'><strong>ι-ὀηωυωε.</strong></span> <span class='ocrx_word' id='word_1_3' title='bbox 1813 405 1883 418; x_wconf 89' lang='lat'><strong>-</strong></span> <span class='ocrx_word' id='word_1_4' title='bbox 1920 376 2045 431; x_wconf 83' lang='lat' dir='ltr'><strong>LIB.</strong></span> <span class='ocrx_word' id='word_1_5' title='bbox 2087 377 2151 431; x_wconf 87' lang='lat' dir='ltr'><strong>ll.</strong></span> 
     </span>
    </p>
   </div>
   <div class='ocr_carea' id='block_1_3' title="bbox 3290 374 3397 432">
    <p class='ocr_par' dir='ltr' id='par_1_3' title="bbox 3290 374 3397 432">
     <span class='ocr_line' id='line_1_3' title="bbox 3290 374 3397 432; baseline 0.028 -3"><span class='ocrx_word' id='word_1_6' title='bbox 3290 374 3397 432; x_wconf 65' lang='lat'><strong>738</strong></span> 
     </span>
    </p>
   </div>
   <div class='ocr_carea' id='block_1_4' title="bbox 197 486 3401 573">
    <p class='ocr_par' dir='ltr' id='par_1_4' title="bbox 197 486 3401 573">
     <span class='ocr_line' id='line_1_4' title="bbox 197 486 3401 573; baseline -0.004 -19"><span class='ocrx_word' id='word_1_7' title='bbox 197 501 460 573; x_wconf 70' lang='lat' dir='ltr'><strong>epistolam</strong></span> <span class='ocrx_word' id='word_1_8' title='bbox 488 507 561 562; x_wconf 87' lang='lat' dir='ltr'><strong>te,</strong></span> <span class='ocrx_word' id='word_1_9' title='bbox 585 497 886 560; x_wconf 81' lang='lat' dir='ltr'><strong>dulcissima</strong></span> <span class='ocrx_word' id='word_1_10' title='bbox 910 495 1013 550; x_wconf 87' lang='lat' dir='ltr'><strong>lilia</strong></span> <span class='ocrx_word' id='word_1_11' title='bbox 1062 507 1203 555; x_wconf 88' lang='lat' dir='ltr'><strong>mea.</strong></span> <span class='ocrx_word' id='word_1_12' title='bbox 1232 502 1423 549; x_wconf 80' lang='lat' dir='ltr'><strong>contra</strong></span> <span class='ocrx_word' id='word_1_13' title='bbox 1446 506 1734 560; x_wconf 85' lang='lat' dir='ltr'><strong>germanos</strong></span> <span class='ocrx_word' id='word_1_14' title='bbox 1763 495 1808 548; x_wconf 81' lang='grc' dir='ltr'><strong>Α</strong></span> <span class='ocrx_word' id='word_1_15' title='bbox 1836 502 1957 541; x_wconf 91' lang='lat' dir='ltr'><strong>cum</strong></span> <span class='ocrx_word' id='word_1_16' title='bbox 2010 486 2290 555; x_wconf 78' lang='lat' dir='ltr'><strong>mancipiis</strong></span> <span class='ocrx_word' id='word_1_17' title='bbox 2341 488 2502 541; x_wconf 87' lang='lat' dir='ltr'><strong>tantis</strong></span> <span class='ocrx_word' id='word_1_18' title='bbox 2558 486 2660 540; x_wconf 80' lang='lat' dir='ltr'><strong>illis</strong></span> <span class='ocrx_word' id='word_1_19' title='bbox 2707 486 2968 540; x_wconf 70' lang='lat' dir='ltr'><strong>similiter.</strong></span> <span class='ocrx_word' id='word_1_20' title='bbox 3026 488 3101 542; x_wconf 84' lang='lat' dir='ltr'><strong>De</strong></span> <span class='ocrx_word' id='word_1_21' title='bbox 3152 491 3401 560; x_wconf 63' lang='lat' dir='ltr'><strong>prasidiis</strong></span> 
     </span>
    </p>
   </div>
   <div class='ocr_carea' id='block_1_5' title="bbox 199 583 1735 651">
    <p class='ocr_par' dir='ltr' id='par_1_5' title="bbox 199 583 1735 651">
     <span class='ocr_line' id='line_1_5' title="bbox 199 583 1735 651; baseline -0.007 -7"><span class='ocrx_word' id='word_1_22' title='bbox 199 602 334 651; x_wconf 87' lang='lat' dir='ltr'><strong>tuos,</strong></span> <span class='ocrx_word' id='word_1_23' title='bbox 363 590 496 642; x_wconf 84' lang='lat' dir='ltr'><strong>tilios</strong></span> <span class='ocrx_word' id='word_1_24' title='bbox 523 602 666 641; x_wconf 87' lang='lat' dir='ltr'><strong>meos</strong></span> <span class='ocrx_word' id='word_1_25' title='bbox 717 587 858 649; x_wconf 88' lang='lat' dir='ltr'><strong>illos,</strong></span> <span class='ocrx_word' id='word_1_26' title='bbox 911 585 966 639; x_wconf 92' lang='lat' dir='ltr'><strong>in</strong></span> <span class='ocrx_word' id='word_1_27' title='bbox 1016 585 1161 639; x_wconf 88' lang='lat' dir='ltr'><strong>omni</strong></span> <span class='ocrx_word' id='word_1_28' title='bbox 1217 583 1527 637; x_wconf 79' lang='lat' dir='ltr'><strong>ba-reditate</strong></span> <span class='ocrx_word' id='word_1_29' title='bbox 1578 594 1694 634; x_wconf 88' lang='lat' dir='ltr'><strong>mea</strong></span> <span class='ocrx_word' id='word_1_30' title='bbox 1720 620 1735 643; x_wconf 91' lang='lat'><strong>,</strong></span> 
     </span>
    </p>
   </div>
   <div class='ocr_carea' id='block_1_6' title="bbox 198 671 1738 748">
    <p class='ocr_par' dir='ltr' id='par_1_6' title="bbox 198 671 1738 748">
     <span class='ocr_line' id='line_1_6' title="bbox 198 671 1738 748; baseline -0.007 -16"><span class='ocrx_word' id='word_1_31' title='bbox 198 679 441 748; x_wconf 77' lang='lat' dir='ltr'><strong>:rqualem</strong></span> <span class='ocrx_word' id='word_1_32' title='bbox 466 686 523 732; x_wconf 90' lang='lat' dir='ltr'><strong>et</strong></span> <span class='ocrx_word' id='word_1_33' title='bbox 544 677 831 743; x_wconf 62' lang='lat' dir='ltr'><strong>legitimam</strong></span> <span class='ocrx_word' id='word_1_34' title='bbox 855 688 978 730; x_wconf 87' lang='lat' dir='ltr'><strong>esse</strong></span> <span class='ocrx_word' id='word_1_35' title='bbox 1024 673 1293 728; x_wconf 87' lang='lat' dir='ltr'><strong>constituo</strong></span> <span class='ocrx_word' id='word_1_36' title='bbox 1334 671 1620 729; x_wconf 73' lang='lat' dir='ltr'><strong>bzeredem,</strong></span> <span class='ocrx_word' id='word_1_37' title='bbox 1678 677 1738 722; x_wconf 91' lang='lat' dir='ltr'><strong>ut</strong></span> 
     </span>
    </p>
   </div>
   <div class='ocr_carea' id='block_1_7' title="bbox 200 760 1737 833">
    <p class='ocr_par' dir='ltr' id='par_1_7' title="bbox 200 760 1737 833">
     <span class='ocr_line' id='line_1_7' title="bbox 200 760 1737 833; baseline -0.005 -12"><span class='ocrx_word' id='word_1_38' title='bbox 200 779 296 821; x_wconf 80' lang='lat' dir='ltr'><strong>tam</strong></span> <span class='ocrx_word' id='word_1_39' title='bbox 320 768 385 821; x_wconf 85' lang='lat' dir='ltr'><strong>de</strong></span> <span class='ocrx_word' id='word_1_40' title='bbox 402 766 556 820; x_wconf 88' lang='lat' dir='ltr'><strong>alode</strong></span> <span class='ocrx_word' id='word_1_41' title='bbox 577 774 815 833; x_wconf 88' lang='lat' dir='ltr'><strong>paterna,</strong></span> <span class='ocrx_word' id='word_1_42' title='bbox 835 777 999 831; x_wconf 89' lang='lat' dir='ltr'><strong>quam</strong></span> <span class='ocrx_word' id='word_1_43' title='bbox 1024 762 1092 816; x_wconf 89' lang='lat' dir='ltr'><strong>de</strong></span> <span class='ocrx_word' id='word_1_44' title='bbox 1114 770 1447 830; x_wconf 84' lang='lat' dir='ltr'><strong>comparato,</strong></span> <span class='ocrx_word' id='word_1_45' title='bbox 1478 760 1557 813; x_wconf 87' lang='lat' dir='ltr'><strong>vel</strong></span> <span class='ocrx_word' id='word_1_46' title='bbox 1589 775 1737 813; x_wconf 79' lang='lat' dir='ltr'><strong>inan-</strong></span> 
     </span>
    </p>
   </div>
   <div class='ocr_carea' id='block_1_8' title="bbox 198 853 1737 928">
    <p class='ocr_par' dir='ltr' id='par_1_8' title="bbox 198 853 1737 928">
     <span class='ocr_line' id='line_1_8' title="bbox 198 853 1737 928; baseline -0.007 -14"><span class='ocrx_word' id='word_1_47' title='bbox 198 861 354 928; x_wconf 86' lang='lat' dir='ltr'><strong>cipiis.</strong></span> <span class='ocrx_word' id='word_1_48' title='bbox 372 866 463 912; x_wconf 92' lang='lat' dir='ltr'><strong>aut</strong></span> <span class='ocrx_word' id='word_1_49' title='bbox 478 857 718 927; x_wconf 73' lang='lat' dir='ltr'><strong>przesidio</strong></span> <span class='ocrx_word' id='word_1_50' title='bbox 741 864 947 919; x_wconf 86' lang='lat' dir='ltr'><strong>nostro,</strong></span> <span class='ocrx_word' id='word_1_51' title='bbox 961 854 1044 909; x_wconf 97' lang='lat' dir='ltr'><strong>vel</strong></span> <span class='ocrx_word' id='word_1_52' title='bbox 1061 854 1422 923; x_wconf 86' lang='lat' dir='ltr'><strong>quodcunque</strong></span> <span class='ocrx_word' id='word_1_53' title='bbox 1443 853 1737 917; x_wconf 80' lang='lat' dir='ltr'><strong>morientes</strong></span> 
     </span>
    </p>
   </div>
   <div class='ocr_carea' id='block_1_9' title="bbox 199 929 1738 1017">
    <p class='ocr_par' dir='ltr' id='par_1_9' title="bbox 199 929 1738 1017">
     <span class='ocr_line' id='line_1_9' title="bbox 199 929 1738 1017; baseline -0.006 -13"><span class='ocrx_word' id='word_1_54' title='bbox 199 948 550 1017; x_wconf 66' lang='lat' dir='ltr'><strong>rellquaimus</strong></span> <span class='ocrx_word' id='word_1_55' title='bbox 571 962 722 1015; x_wconf 63' lang='lat' dir='ltr'><strong>aequa</strong></span> <span class='ocrx_word' id='word_1_56' title='bbox 766 929 1067 999; x_wconf 49' lang='lat' dir='ltr'><strong>lanee&#39;cum</strong></span> <span class='ocrx_word' id='word_1_57' title='bbox 1122 943 1242 997; x_wconf 85' lang='lat' dir='ltr'><strong>liliis</strong></span> <span class='ocrx_word' id='word_1_58' title='bbox 1283 942 1439 1007; x_wconf 90' lang='lat' dir='ltr'><strong>meis,</strong></span> <span class='ocrx_word' id='word_1_59' title='bbox 1468 943 1738 1011; x_wconf 90' lang='lat' dir='ltr'><strong>germanis</strong></span> 
     </span>
    </p>
   </div>
   <div class='ocr_carea' id='block_1_10' title="bbox 202 1032 1736 1102">
    <p class='ocr_par' dir='ltr' id='par_1_10' title="bbox 202 1032 1736 1102">
     <span class='ocr_line' id='line_1_10' title="bbox 202 1032 1736 1102; baseline -0.004 -11"><span class='ocrx_word' id='word_1_60' title='bbox 202 1049 313 1102; x_wconf 76' lang='lat' dir='ltr'><strong>tuis,</strong></span> <span class='ocrx_word' id='word_1_61' title='bbox 340 1038 589 1100; x_wconf 88' lang='lat' dir='ltr'><strong>dividere,</strong></span> <span class='ocrx_word' id='word_1_62' title='bbox 610 1035 695 1090; x_wconf 89' lang='lat' dir='ltr'><strong>vel</strong></span> <span class='ocrx_word' id='word_1_63' title='bbox 715 1048 997 1100; x_wconf 58' lang='lat' dir='ltr'><strong>exaequare</strong></span> <span class='ocrx_word' id='word_1_64' title='bbox 1028 1032 1248 1099; x_wconf 88' lang='lat' dir='ltr'><strong>debeas,</strong></span> <span class='ocrx_word' id='word_1_65' title='bbox 1300 1042 1357 1087; x_wconf 90' lang='lat' dir='ltr'><strong>et</strong></span> <span class='ocrx_word' id='word_1_66' title='bbox 1382 1033 1436 1087; x_wconf 90' lang='lat' dir='ltr'><strong>in</strong></span> <span class='ocrx_word' id='word_1_67' title='bbox 1464 1033 1613 1087; x_wconf 77' lang='lat' dir='ltr'><strong>nullo</strong></span> <span class='ocrx_word' id='word_1_68' title='bbox 1639 1046 1736 1101; x_wconf 86' lang='lat' dir='ltr'><strong>pe-</strong></span> 
     </span>
    </p>
   </div>
   <div class='ocr_carea' id='block_1_11' title="bbox 198 1121 1749 1195">
    <p class='ocr_par' dir='ltr' id='par_1_11' title="bbox 198 1121 1749 1195">
     <span class='ocr_line' id='line_1_11' title="bbox 198 1121 1749 1195; baseline -0.005 -14"><span class='ocrx_word' id='word_1_69' title='bbox 198 1128 330 1181; x_wconf 87' lang='lat' dir='ltr'><strong>nitus</strong></span> <span class='ocrx_word' id='word_1_70' title='bbox 347 1128 641 1195; x_wconf 73' lang='lat' dir='ltr'><strong>portionem</strong></span> <span class='ocrx_word' id='word_1_71' title='bbox 665 1124 926 1177; x_wconf 81' lang='lat' dir='ltr'><strong>minorem</strong></span> <span class='ocrx_word' id='word_1_72' title='bbox 973 1136 1133 1189; x_wconf 89' lang='lat' dir='ltr'><strong>quam</strong></span> <span class='ocrx_word' id='word_1_73' title='bbox 1164 1121 1286 1190; x_wconf 86' lang='lat' dir='ltr'><strong>ipsi,</strong></span> <span class='ocrx_word' id='word_1_74' title='bbox 1332 1136 1437 1175; x_wconf 90' lang='lat' dir='ltr'><strong>non</strong></span> <span class='ocrx_word' id='word_1_75' title='bbox 1484 1122 1749 1188; x_wconf 66' lang='lat' dir='ltr'><strong>accipies,</strong></span> 
     </span>
    </p>
   </div>
   <div class='ocr_carea' id='block_1_12' title="bbox 197 1211 1739 1281">
    <p class='ocr_par' dir='ltr' id='par_1_12' title="bbox 197 1211 1739 1281">
     <span class='ocr_line' id='line_1_12' title="bbox 197 1211 1739 1281; baseline 0 -14"><span class='ocrx_word' id='word_1_76' title='bbox 197 1217 281 1267; x_wconf 86' lang='lat' dir='ltr'><strong>sed</strong></span> <span class='ocrx_word' id='word_1_77' title='bbox 301 1215 476 1268; x_wconf 82' lang='lat' dir='ltr'><strong>omnia</strong></span> <span class='ocrx_word' id='word_1_78' title='bbox 505 1216 641 1268; x_wconf 87' lang='lat' dir='ltr'><strong>inter</strong></span> <span class='ocrx_word' id='word_1_79' title='bbox 661 1227 758 1266; x_wconf 87' lang='lat' dir='ltr'><strong>vos</strong></span> <span class='ocrx_word' id='word_1_80' title='bbox 782 1211 1041 1275; x_wconf 85' lang='lat' dir='ltr'><strong>dividere,</strong></span> <span class='ocrx_word' id='word_1_81' title='bbox 1092 1213 1175 1265; x_wconf 87' lang='lat' dir='ltr'><strong>vel</strong></span> <span class='ocrx_word' id='word_1_82' title='bbox 1205 1226 1490 1281; x_wconf 62' lang='lat' dir='ltr'><strong>exaequare</strong></span> <span class='ocrx_word' id='word_1_83' title='bbox 1521 1211 1739 1281; x_wconf 57' lang='lat' dir='ltr'><strong>aequali—</strong></span> 
     </span>
    </p>
   </div>
   <div class='ocr_carea' id='block_1_13' title="bbox 198 1302 1444 1373">
    <p class='ocr_par' dir='ltr' id='par_1_13' title="bbox 198 1302 1444 1373">
     <span class='ocr_line' id='line_1_13' title="bbox 198 1302 1444 1373; baseline -0.002 -15"><span class='ocrx_word' id='word_1_84' title='bbox 198 1311 273 1358; x_wconf 83' lang='lat' dir='ltr'><strong>ter</strong></span> <span class='ocrx_word' id='word_1_85' title='bbox 299 1303 548 1357; x_wconf 76' lang='lat' dir='ltr'><strong>debeatis.</strong></span> <span class='ocrx_word' id='word_1_86' title='bbox 569 1302 624 1356; x_wconf 77' lang='lat' dir='ltr'><strong>Si</strong></span> <span class='ocrx_word' id='word_1_87' title='bbox 648 1302 769 1370; x_wconf 85' lang='lat' dir='ltr'><strong>quis</strong></span> <span class='ocrx_word' id='word_1_88' title='bbox 796 1316 941 1367; x_wconf 88' lang='lat' dir='ltr'><strong>vero,</strong></span> <span class='ocrx_word' id='word_1_89' title='bbox 965 1308 1015 1353; x_wconf 75' lang='lat' dir='ltr'><strong>et</strong></span> <span class='ocrx_word' id='word_1_90' title='bbox 1038 1302 1172 1373; x_wconf 71' lang='lat' dir='ltr'><strong>quod</strong></span> <span class='ocrx_word' id='word_1_91' title='bbox 1190 1302 1444 1371; x_wconf 72' lang='lat' dir='ltr'><strong>sequitur.</strong></span> 
     </span>
    </p>
   </div>
   <div class='ocr_carea' id='block_1_14' title="bbox 753 1406 1159 1463">
    <p class='ocr_par' dir='ltr' id='par_1_14' title="bbox 753 1406 1159 1463">
     <span class='ocr_line' id='line_1_14' title="bbox 753 1406 1159 1463; baseline 0 -1"><span class='ocrx_word' id='word_1_92' title='bbox 753 1406 981 1463; x_wconf 76' lang='lat' dir='ltr'><strong>CAPUT</strong></span> <span class='ocrx_word' id='word_1_93' title='bbox 1025 1407 1159 1463; x_wconf 77' lang='lat' dir='ltr'><strong>Xlll.</strong></span> 
     </span>
    </p>
   </div>
   <div class='ocr_carea' id='block_1_15' title="bbox 198 1500 1738 1622">
    <p class='ocr_par' dir='ltr' id='par_1_15' title="bbox 198 1500 1738 1622">
     <span class='ocr_line' id='line_1_15' title="bbox 198 1500 1738 1622; baseline -0.001 -66"><span class='ocrx_word' id='word_1_94' title='bbox 198 1501 255 1556; x_wconf 84' lang='lat' dir='ltr'><strong>Si</strong></span> <span class='ocrx_word' id='word_1_95' title='bbox 274 1503 384 1583; x_wconf 71' lang='lat' dir='ltr'><strong>quia</strong></span> <span class='ocrx_word' id='word_1_96' title='bbox 400 1510 692 1556; x_wconf 68' lang='lat' dir='ltr'><strong>extraneum</strong></span> <span class='ocrx_word' id='word_1_97' title='bbox 741 1500 991 1622; x_wconf 49' lang='lat' dir='ltr'><strong>homipem</strong></span> <span class='ocrx_word' id='word_1_98' title='bbox 1112 1501 1221 1555; x_wconf 84' lang='lat' dir='ltr'><strong>loco</strong></span> <span class='ocrx_word' id='word_1_99' title='bbox 1242 1500 1471 1565; x_wconf 72' lang='lat' dir='ltr'><strong>ﬁliorum</strong></span> <span class='ocrx_word' id='word_1_100' title='bbox 1500 1501 1525 1529; x_wconf 84' lang='grc'><strong>⁸</strong></span> <span class='ocrx_word' id='word_1_101' title='bbox 1572 1500 1738 1563; x_wconf 80' lang='lat' dir='ltr'><strong>adop-</strong></span> 
     </span>
     <span class='ocr_line' id='line_1_16' title="bbox 894 1586 1075 1622; baseline 0 -1"><span class='ocrx_word' id='word_1_102' title='bbox 894 1586 1033 1622; x_wconf 74' lang='lat' dir='ltr'><strong>arm</strong></span> <span class='ocrx_word' id='word_1_103' title='bbox 1060 1608 1075 1621; x_wconf 91' lang='lat'><strong>.</strong></span> 
     </span>
    </p>
   </div>
   <div class='ocr_carea' id='block_1_16' title="bbox 894 1586 1075 1622">
    <p class='ocr_par' dir='ltr' id='par_1_16' title="bbox 894 1586 1075 1622">
     <span class='ocr_line' id='line_1_17' title="bbox 894 1586 1075 1622; baseline 0 -1"><span class='ocrx_word' id='word_1_104' title='bbox 894 1586 1075 1622; x_wconf 62' lang='grc' dir='ltr'><strong>ινα-η.</strong></span> 
     </span>
    </p>
   </div>
   <div class='ocr_carea' id='block_1_17' title="bbox 267 1656 1742 1741">
    <p class='ocr_par' dir='ltr' id='par_1_17' title="bbox 267 1656 1742 1741">
     <span class='ocr_line' id='line_1_18' title="bbox 267 1656 1742 1741; baseline -0.003 -27"><span class='ocrx_word' id='word_1_105' title='bbox 267 1662 484 1717; x_wconf 89' lang='lat' dir='ltr'><strong>Domino</strong></span> <span class='ocrx_word' id='word_1_106' title='bbox 510 1660 657 1715; x_wconf 88' lang='lat' dir='ltr'><strong>fratri</strong></span> <span class='ocrx_word' id='word_1_107' title='bbox 676 1656 764 1715; x_wconf 83' lang='lat' dir='ltr'><strong>illi</strong></span> <span class='ocrx_word' id='word_1_108' title='bbox 808 1659 915 1713; x_wconf 89' lang='lat' dir='ltr'><strong>ille.</strong></span> <span class='ocrx_word' id='word_1_109' title='bbox 941 1659 1082 1741; x_wconf 58' lang='lat' dir='ltr'><strong>\Dum</strong></span> <span class='ocrx_word' id='word_1_110' title='bbox 1112 1659 1344 1725; x_wconf 74' lang='lat' dir='ltr'><strong>peccatis</strong></span> <span class='ocrx_word' id='word_1_111' title='bbox 1367 1659 1500 1712; x_wconf 88' lang='lat' dir='ltr'><strong>meis</strong></span> <span class='ocrx_word' id='word_1_112' title='bbox 1545 1656 1742 1712; x_wconf 84' lang='lat' dir='ltr'><strong>facien-</strong></span> 
     </span>
    </p>
   </div>
   <div class='ocr_carea' id='block_1_18' title="bbox 198 1747 1735 1818">
    <p class='ocr_par' dir='ltr' id='par_1_18' title="bbox 198 1747 1735 1818">
     <span class='ocr_line' id='line_1_19' title="bbox 198 1747 1735 1818; baseline -0.003 -12"><span class='ocrx_word' id='word_1_113' title='bbox 198 1755 348 1815; x_wconf 64' lang='lat' dir='ltr'><strong>titius,</strong></span> <span class='ocrx_word' id='word_1_114' title='bbox 379 1753 469 1805; x_wconf 84' lang='lat' dir='ltr'><strong>diu</strong></span> <span class='ocrx_word' id='word_1_115' title='bbox 498 1753 716 1806; x_wconf 78' lang='lat' dir='ltr'><strong>orbatus</strong></span> <span class='ocrx_word' id='word_1_116' title='bbox 738 1764 768 1803; x_wconf 94' lang='lat' dir='ltr'><strong>a</strong></span> <span class='ocrx_word' id='word_1_117' title='bbox 795 1750 934 1813; x_wconf 89' lang='lat' dir='ltr'><strong>liliis,</strong></span> <span class='ocrx_word' id='word_1_118' title='bbox 982 1758 1038 1803; x_wconf 90' lang='lat' dir='ltr'><strong>et</strong></span> <span class='ocrx_word' id='word_1_119' title='bbox 1066 1764 1151 1802; x_wconf 89' lang='lat' dir='ltr'><strong>me</strong></span> <span class='ocrx_word' id='word_1_120' title='bbox 1177 1757 1480 1818; x_wconf 77' lang='lat' dir='ltr'><strong>paupertas,</strong></span> <span class='ocrx_word' id='word_1_121' title='bbox 1507 1758 1561 1801; x_wconf 91' lang='lat' dir='ltr'><strong>et</strong></span> <span class='ocrx_word' id='word_1_122' title='bbox 1588 1747 1735 1801; x_wconf 79' lang='lat' dir='ltr'><strong>inﬁr-</strong></span> 
     </span>
    </p>
   </div>
   <div class='ocr_carea' id='block_1_19' title="bbox 1836 574 3403 649">
    <p class='ocr_par' dir='ltr' id='par_1_19' title="bbox 1836 574 3403 649">
     <span class='ocr_line' id='line_1_20' title="bbox 1836 574 3403 649; baseline 0.007 -22"><span class='ocrx_word' id='word_1_123' title='bbox 1836 590 1984 638; x_wconf 85' lang='lat' dir='ltr'><strong>vcro,</strong></span> <span class='ocrx_word' id='word_1_124' title='bbox 2037 575 2280 644; x_wconf 87' lang='lat' dir='ltr'><strong>drappis,</strong></span> <span class='ocrx_word' id='word_1_125' title='bbox 2328 575 2686 641; x_wconf 86' lang='lat' dir='ltr'><strong>fabricaturis,</strong></span> <span class='ocrx_word' id='word_1_126' title='bbox 2730 577 2814 629; x_wconf 88' lang='lat' dir='ltr'><strong>vel</strong></span> <span class='ocrx_word' id='word_1_127' title='bbox 2865 578 3009 632; x_wconf 87' lang='lat' dir='ltr'><strong>omni</strong></span> <span class='ocrx_word' id='word_1_128' title='bbox 3062 574 3403 649; x_wconf 69' lang='lat' dir='ltr'><strong>Supellectile</strong></span> 
     </span>
    </p>
   </div>
   <div class='ocr_carea' id='block_1_20' title="bbox 1836 663 3401 740">
    <p class='ocr_par' dir='ltr' id='par_1_20' title="bbox 1836 663 3401 740">
     <span class='ocr_line' id='line_1_21' title="bbox 1836 663 3401 740; baseline 0.007 -24"><span class='ocrx_word' id='word_1_129' title='bbox 1836 663 2043 728; x_wconf 85' lang='lat' dir='ltr'><strong>domus,</strong></span> <span class='ocrx_word' id='word_1_130' title='bbox 2100 663 2358 733; x_wconf 83' lang='lat' dir='ltr'><strong>quidquid</strong></span> <span class='ocrx_word' id='word_1_131' title='bbox 2409 664 2515 718; x_wconf 89' lang='lat' dir='ltr'><strong>dici</strong></span> <span class='ocrx_word' id='word_1_132' title='bbox 2570 676 2665 717; x_wconf 89' lang='lat' dir='ltr'><strong>aut</strong></span> <span class='ocrx_word' id='word_1_133' title='bbox 2708 666 2969 719; x_wconf 88' lang='lat' dir='ltr'><strong>nominari</strong></span> <span class='ocrx_word' id='word_1_134' title='bbox 3024 678 3202 735; x_wconf 82' lang='lat' dir='ltr'><strong>potest</strong></span> <span class='ocrx_word' id='word_1_135' title='bbox 3249 685 3401 740; x_wconf 65' lang='lat' dir='ltr'><strong>aqua</strong></span> 
     </span>
    </p>
   </div>
   <div class='ocr_carea' id='block_1_21' title="bbox 1837 754 3403 826">
    <p class='ocr_par' dir='ltr' id='par_1_21' title="bbox 1837 754 3403 826">
     <span class='ocr_line' id='line_1_22' title="bbox 1837 754 3403 826; baseline 0.004 -18"><span class='ocrx_word' id='word_1_136' title='bbox 1837 754 1989 810; x_wconf 83' lang='lat' dir='ltr'><strong>lance</strong></span> <span class='ocrx_word' id='word_1_137' title='bbox 2042 756 2182 810; x_wconf 89' lang='lat' dir='ltr'><strong>inter</strong></span> <span class='ocrx_word' id='word_1_138' title='bbox 2219 772 2278 809; x_wconf 71' lang='lat' dir='ltr'><strong>se</strong></span> <span class='ocrx_word' id='word_1_139' title='bbox 2306 756 2401 809; x_wconf 88' lang='lat' dir='ltr'><strong>visi</strong></span> <span class='ocrx_word' id='word_1_140' title='bbox 2431 764 2556 811; x_wconf 86' lang='lat' dir='ltr'><strong>sunt</strong></span> <span class='ocrx_word' id='word_1_141' title='bbox 2583 756 2850 823; x_wconf 73' lang='lat' dir='ltr'><strong>divisisse,</strong></span> <span class='ocrx_word' id='word_1_142' title='bbox 2875 757 2957 811; x_wconf 90' lang='lat' dir='ltr'><strong>vel</strong></span> <span class='ocrx_word' id='word_1_143' title='bbox 2987 772 3317 826; x_wconf 64' lang='lat' dir='ltr'><strong>excquasse,</strong></span> <span class='ocrx_word' id='word_1_144' title='bbox 3347 773 3403 817; x_wconf 87' lang='lat' dir='ltr'><strong>et</strong></span> 
     </span>
    </p>
   </div>
   <div class='ocr_carea' id='block_1_22' title="bbox 1836 845 3401 916">
    <p class='ocr_par' dir='ltr' id='par_1_22' title="bbox 1836 845 3401 916">
     <span class='ocr_line' id='line_1_23' title="bbox 1836 845 3401 916; baseline 0.005 -18"><span class='ocrx_word' id='word_1_145' title='bbox 1836 845 1939 900; x_wconf 86' lang='lat' dir='ltr'><strong>hoc</strong></span> <span class='ocrx_word' id='word_1_146' title='bbox 1983 846 2209 901; x_wconf 90' lang='lat' dir='ltr'><strong>invicem</strong></span> <span class='ocrx_word' id='word_1_147' title='bbox 2239 861 2363 913; x_wconf 83' lang='lat' dir='ltr'><strong>pars</strong></span> <span class='ocrx_word' id='word_1_148' title='bbox 2392 846 2531 915; x_wconf 80' lang='lat' dir='ltr'><strong>parti</strong></span> <span class='ocrx_word' id='word_1_149' title='bbox 2562 847 2860 909; x_wconf 82' lang='lat' dir='ltr'><strong>tradidisse,</strong></span> <span class='ocrx_word' id='word_1_150' title='bbox 2900 856 2957 901; x_wconf 89' lang='lat' dir='ltr'><strong>et</strong></span> <span class='ocrx_word' id='word_1_151' title='bbox 3009 862 3105 916; x_wconf 91' lang='lat' dir='ltr'><strong>per</strong></span> <span class='ocrx_word' id='word_1_152' title='bbox 3160 849 3401 906; x_wconf 85' lang='lat' dir='ltr'><strong>fistucatn</strong></span> 
     </span>
    </p>
   </div>
   <div class='ocr_carea' id='block_1_23' title="bbox 1838 933 3403 1007">
    <p class='ocr_par' dir='ltr' id='par_1_23' title="bbox 1838 933 3403 1007">
     <span class='ocr_line' id='line_1_24' title="bbox 1838 933 3403 1007; baseline 0.003 -19"><span class='ocrx_word' id='word_1_153' title='bbox 1838 934 2013 988; x_wconf 88' lang='lat' dir='ltr'><strong>omnia</strong></span> <span class='ocrx_word' id='word_1_154' title='bbox 2045 935 2294 1003; x_wconf 88' lang='lat' dir='ltr'><strong>partitum</strong></span> <span class='ocrx_word' id='word_1_155' title='bbox 2326 948 2447 988; x_wconf 85' lang='lat' dir='ltr'><strong>esse</strong></span> <span class='ocrx_word' id='word_1_156' title='bbox 2492 933 2717 988; x_wconf 83' lang='lat' dir='ltr'><strong>dixis~e.</strong></span> <span class='ocrx_word' id='word_1_157' title='bbox 2770 934 3060 1004; x_wconf 78' lang='lat' dir='ltr'><strong>Propterea</strong></span> <span class='ocrx_word' id='word_1_158' title='bbox 3115 949 3403 1007; x_wconf 60' lang='lat' dir='ltr'><strong>prementes</strong></span> 
     </span>
    </p>
   </div>
   <div class='ocr_carea' id='block_1_24' title="bbox 1838 1023 3406 1096">
    <p class='ocr_par' dir='ltr' id='par_1_24' title="bbox 1838 1023 3406 1096">
     <span class='ocr_line' id='line_1_25' title="bbox 1838 1023 3406 1096; baseline 0.003 -18"><span class='ocrx_word' id='word_1_159' title='bbox 1838 1024 2090 1093; x_wconf 80' lang='lat' dir='ltr'><strong>epistolas</strong></span> <span class='ocrx_word' id='word_1_160' title='bbox 2116 1023 2268 1086; x_wconf 85' lang='lat' dir='ltr'><strong>duas,</strong></span> <span class='ocrx_word' id='word_1_161' title='bbox 2295 1036 2401 1077; x_wconf 92' lang='lat' dir='ltr'><strong>uno</strong></span> <span class='ocrx_word' id='word_1_162' title='bbox 2430 1031 2617 1077; x_wconf 89' lang='lat' dir='ltr'><strong>tenore</strong></span> <span class='ocrx_word' id='word_1_163' title='bbox 2638 1024 2994 1091; x_wconf 87' lang='lat' dir='ltr'><strong>conscriptas,</strong></span> <span class='ocrx_word' id='word_1_164' title='bbox 3011 1025 3130 1080; x_wconf 91' lang='lat' dir='ltr'><strong>loco</strong></span> <span class='ocrx_word' id='word_1_165' title='bbox 3148 1030 3406 1096; x_wconf 85' lang='lat' dir='ltr'><strong>pactionis</strong></span> 
     </span>
    </p>
   </div>
   <div class='ocr_carea' id='block_1_25' title="bbox 1839 1101 3407 1185">
    <p class='ocr_par' dir='ltr' id='par_1_25' title="bbox 1839 1101 3407 1185">
     <span class='ocr_line' id='line_1_26' title="bbox 1839 1101 3407 1185; baseline 0.003 -17"><span class='ocrx_word' id='word_1_166' title='bbox 1839 1115 1977 1168; x_wconf 89' lang='lat' dir='ltr'><strong>inter</strong></span> <span class='ocrx_word' id='word_1_167' title='bbox 2001 1126 2061 1166; x_wconf 89' lang='lat' dir='ltr'><strong>se</strong></span> <span class='ocrx_word' id='word_1_168' title='bbox 2097 1101 2193 1166; x_wconf 74' lang='lat' dir='ltr'><strong>v&#39;isi</strong></span> <span class='ocrx_word' id='word_1_169' title='bbox 2218 1119 2346 1167; x_wconf 91' lang='lat' dir='ltr'><strong>sunt</strong></span> <span class='ocrx_word' id='word_1_170' title='bbox 2374 1112 2756 1179; x_wconf 69' lang='lat' dir='ltr'><strong>conscripsisse</strong></span> <span class='ocrx_word' id='word_1_171' title='bbox 2781 1129 2795 1162; x_wconf 89' lang='lat'><strong>:</strong></span> <span class='ocrx_word' id='word_1_172' title='bbox 2824 1120 2887 1165; x_wconf 92' lang='lat' dir='ltr'><strong>ut</strong></span> <span class='ocrx_word' id='word_1_173' title='bbox 2937 1114 3112 1168; x_wconf 88' lang='lat' dir='ltr'><strong>nullus</strong></span> <span class='ocrx_word' id='word_1_174' title='bbox 3154 1116 3407 1185; x_wconf 87' lang='lat' dir='ltr'><strong>deinceps</strong></span> 
     </span>
    </p>
   </div>
   <div class='ocr_carea' id='block_1_26' title="bbox 1838 1198 3405 1275">
    <p class='ocr_par' dir='ltr' id='par_1_26' title="bbox 1838 1198 3405 1275">
     <span class='ocr_line' id='line_1_27' title="bbox 1838 1198 3405 1275; baseline 0.003 -21"><span class='ocrx_word' id='word_1_175' title='bbox 1838 1211 2024 1256; x_wconf 88' lang='lat' dir='ltr'><strong>contra</strong></span> <span class='ocrx_word' id='word_1_176' title='bbox 2056 1215 2234 1266; x_wconf 85' lang='lat' dir='ltr'><strong>parem</strong></span> <span class='ocrx_word' id='word_1_177' title='bbox 2271 1214 2450 1261; x_wconf 87' lang='lat' dir='ltr'><strong>suum,</strong></span> <span class='ocrx_word' id='word_1_178' title='bbox 2479 1198 2579 1253; x_wconf 85' lang='lat' dir='ltr'><strong>nisi</strong></span> <span class='ocrx_word' id='word_1_179' title='bbox 2627 1200 2770 1266; x_wconf 91' lang='lat' dir='ltr'><strong>quod</strong></span> <span class='ocrx_word' id='word_1_180' title='bbox 2811 1201 2878 1253; x_wconf 84' lang='lat' dir='ltr'><strong>ad</strong></span> <span class='ocrx_word' id='word_1_181' title='bbox 2916 1215 3151 1269; x_wconf 72' lang='lat' dir='ltr'><strong>praesens</strong></span> <span class='ocrx_word' id='word_1_182' title='bbox 3177 1212 3405 1275; x_wconf 84' lang='lat' dir='ltr'><strong>accepit,</strong></span> 
     </span>
    </p>
   </div>
   <div class='ocr_carea' id='block_1_27' title="bbox 1838 1290 3407 1361">
    <p class='ocr_par' dir='ltr' id='par_1_27' title="bbox 1838 1290 3407 1361">
     <span class='ocr_line' id='line_1_28' title="bbox 1838 1290 3407 1361; baseline 0.002 -15"><span class='ocrx_word' id='word_1_183' title='bbox 1838 1292 1905 1346; x_wconf 87' lang='lat' dir='ltr'><strong>de</strong></span> <span class='ocrx_word' id='word_1_184' title='bbox 1933 1292 2046 1359; x_wconf 86' lang='lat' dir='ltr'><strong>ipsa</strong></span> <span class='ocrx_word' id='word_1_185' title='bbox 2096 1290 2254 1345; x_wconf 88' lang='lat' dir='ltr'><strong>alode</strong></span> <span class='ocrx_word' id='word_1_186' title='bbox 2280 1290 2541 1356; x_wconf 87' lang='lat' dir='ltr'><strong>genitoris</strong></span> <span class='ocrx_word' id='word_1_187' title='bbox 2586 1304 2773 1344; x_wconf 90' lang='lat' dir='ltr'><strong>eorum</strong></span> <span class='ocrx_word' id='word_1_188' title='bbox 2819 1290 3051 1359; x_wconf 80' lang='lat' dir='ltr'><strong>amplius</strong></span> <span class='ocrx_word' id='word_1_189' title='bbox 3099 1296 3407 1361; x_wconf 85' lang='lat' dir='ltr'><strong>requirendi</strong></span> 
     </span>
    </p>
   </div>
   <div class='ocr_carea' id='block_1_28' title="bbox 1838 1378 3408 1452">
    <p class='ocr_par' dir='ltr' id='par_1_28' title="bbox 1838 1378 3408 1452">
     <span class='ocr_line' id='line_1_29' title="bbox 1838 1378 3408 1452; baseline 0.004 -19"><span class='ocrx_word' id='word_1_190' title='bbox 1838 1380 2174 1449; x_wconf 73' lang='lat' dir='ltr'><strong>pontiﬁcium</strong></span> <span class='ocrx_word' id='word_1_191' title='bbox 2227 1379 2426 1433; x_wconf 84' lang='lat' dir='ltr'><strong>habere</strong></span> <span class='ocrx_word' id='word_1_192' title='bbox 2462 1393 2567 1432; x_wconf 90' lang='lat' dir='ltr'><strong>non</strong></span> <span class='ocrx_word' id='word_1_193' title='bbox 2616 1379 2831 1433; x_wconf 86' lang='lat' dir='ltr'><strong>debeat.</strong></span> <span class='ocrx_word' id='word_1_194' title='bbox 2862 1378 3017 1445; x_wconf 84' lang='lat' dir='ltr'><strong>Quod</strong></span> <span class='ocrx_word' id='word_1_195' title='bbox 3043 1380 3089 1437; x_wconf 89' lang='lat' dir='ltr'><strong>si</strong></span> <span class='ocrx_word' id='word_1_196' title='bbox 3119 1380 3408 1452; x_wconf 83' lang='lat' dir='ltr'><strong>aliquando</strong></span> 
     </span>
    </p>
   </div>
   <div class='ocr_carea' id='block_1_29' title="bbox 1840 1468 3399 1537">
    <p class='ocr_par' dir='ltr' id='par_1_29' title="bbox 1840 1468 3399 1537">
     <span class='ocr_line' id='line_1_30' title="bbox 1840 1468 3399 1537; baseline 0.002 -14"><span class='ocrx_word' id='word_1_197' title='bbox 1840 1470 2030 1537; x_wconf 80' lang='lat' dir='ltr'><strong>aliquis</strong></span> <span class='ocrx_word' id='word_1_198' title='bbox 2078 1484 2145 1523; x_wconf 88' lang='lat' dir='ltr'><strong>ex</strong></span> <span class='ocrx_word' id='word_1_199' title='bbox 2175 1469 2324 1537; x_wconf 82' lang='lat' dir='ltr'><strong>ipsis,</strong></span> <span class='ocrx_word' id='word_1_200' title='bbox 2370 1478 2464 1522; x_wconf 89' lang='lat' dir='ltr'><strong>aut</strong></span> <span class='ocrx_word' id='word_1_201' title='bbox 2508 1468 2747 1523; x_wconf 54' lang='lat' dir='ltr'><strong>heredes</strong></span> <span class='ocrx_word' id='word_1_202' title='bbox 2801 1482 2987 1523; x_wconf 91' lang='lat' dir='ltr'><strong>eorum</strong></span> <span class='ocrx_word' id='word_1_203' title='bbox 3044 1469 3148 1525; x_wconf 86' lang='lat' dir='ltr'><strong>hoc</strong></span> <span class='ocrx_word' id='word_1_204' title='bbox 3190 1481 3399 1527; x_wconf 88' lang='lat' dir='ltr'><strong>mutare</strong></span> 
     </span>
    </p>
   </div>
   <div class='ocr_carea' id='block_1_30' title="bbox 1840 1557 3396 1626">
    <p class='ocr_par' dir='ltr' id='par_1_30' title="bbox 1840 1557 3396 1626">
     <span class='ocr_line' id='line_1_31' title="bbox 1840 1557 3396 1626; baseline 0.003 -16"><span class='ocrx_word' id='word_1_205' title='bbox 1840 1557 2129 1620; x_wconf 88' lang='lat' dir='ltr'><strong>voluerint,</strong></span> <span class='ocrx_word' id='word_1_206' title='bbox 2159 1566 2252 1609; x_wconf 90' lang='lat' dir='ltr'><strong>aut</strong></span> <span class='ocrx_word' id='word_1_207' title='bbox 2278 1557 2507 1625; x_wconf 88' lang='lat' dir='ltr'><strong>amplius</strong></span> <span class='ocrx_word' id='word_1_208' title='bbox 2534 1560 2811 1625; x_wconf 81' lang='lat' dir='ltr'><strong>requirere</strong></span> <span class='ocrx_word' id='word_1_209' title='bbox 2856 1571 3018 1624; x_wconf 88' lang='lat' dir='ltr'><strong>quam</strong></span> <span class='ocrx_word' id='word_1_210' title='bbox 3046 1560 3270 1626; x_wconf 87' lang='lat' dir='ltr'><strong>accepit,</strong></span> <span class='ocrx_word' id='word_1_211' title='bbox 3300 1575 3396 1615; x_wconf 88' lang='lat' dir='ltr'><strong>vo-</strong></span> 
     </span>
    </p>
   </div>
   <div class='ocr_carea' id='block_1_31' title="bbox 1841 1643 3404 1715">
    <p class='ocr_par' dir='ltr' id='par_1_31' title="bbox 1841 1643 3404 1715">
     <span class='ocr_line' id='line_1_32' title="bbox 1841 1643 3404 1715; baseline 0.004 -18"><span class='ocrx_word' id='word_1_212' title='bbox 1841 1643 2127 1710; x_wconf 81' lang='lat' dir='ltr'><strong>luerit,aut</strong></span> <span class='ocrx_word' id='word_1_213' title='bbox 2149 1658 2446 1710; x_wconf 82' lang='lat' dir='ltr'><strong>assumere,</strong></span> <span class='ocrx_word' id='word_1_214' title='bbox 2474 1644 2670 1698; x_wconf 85' lang='lat' dir='ltr'><strong>inferat</strong></span> <span class='ocrx_word' id='word_1_215' title='bbox 2695 1645 2810 1713; x_wconf 88' lang='lat' dir='ltr'><strong>pari</strong></span> <span class='ocrx_word' id='word_1_216' title='bbox 2836 1660 2935 1700; x_wconf 88' lang='lat' dir='ltr'><strong>suo</strong></span> <span class='ocrx_word' id='word_1_217' title='bbox 2956 1647 3080 1715; x_wconf 88' lang='lat' dir='ltr'><strong>(ista</strong></span> <span class='ocrx_word' id='word_1_218' title='bbox 3104 1658 3127 1687; x_wconf 80' lang='grc' dir='ltr'><strong><em>ο</em></strong></span> <span class='ocrx_word' id='word_1_219' title='bbox 3149 1654 3263 1702; x_wconf 89' lang='lat' dir='ltr'><strong>tuta</strong></span> <span class='ocrx_word' id='word_1_220' title='bbox 3287 1664 3404 1705; x_wconf 89' lang='lat' dir='ltr'><strong>ser-</strong></span> 
     </span>
    </p>
   </div>
   <div class='ocr_carea' id='block_1_32' title="bbox 1841 1730 3410 1808">
    <p class='ocr_par' dir='ltr' id='par_1_32' title="bbox 1841 1730 3410 1808">
     <span class='ocr_line' id='line_1_33' title="bbox 1841 1730 3410 1808; baseline 0.005 -22"><span class='ocrx_word' id='word_1_221' title='bbox 1841 1742 1962 1808; x_wconf 83' lang='lat' dir='ltr'><strong>vata</strong></span> <span class='ocrx_word' id='word_1_222' title='bbox 1988 1736 2006 1800; x_wconf 72' lang='lat' dir='ltr'><strong>l</strong></span> <span class='ocrx_word' id='word_1_223' title='bbox 2044 1734 2162 1788; x_wconf 83' lang='lat' dir='ltr'><strong>auri</strong></span> <span class='ocrx_word' id='word_1_224' title='bbox 2193 1734 2355 1789; x_wconf 87' lang='lat' dir='ltr'><strong>libras</strong></span> <span class='ocrx_word' id='word_1_225' title='bbox 2385 1743 2582 1799; x_wconf 86' lang='lat' dir='ltr'><strong>tantas,</strong></span> <span class='ocrx_word' id='word_1_226' title='bbox 2612 1730 2743 1788; x_wconf 82' lang='lat' dir='ltr'><strong>tanti</strong></span> <span class='ocrx_word' id='word_1_227' title='bbox 2772 1738 2978 1802; x_wconf 85' lang='lat' dir='ltr'><strong>argenti</strong></span> <span class='ocrx_word' id='word_1_228' title='bbox 3006 1735 3183 1806; x_wconf 87' lang='lat' dir='ltr'><strong>pondo</strong></span> <span class='ocrx_word' id='word_1_229' title='bbox 3211 1747 3410 1808; x_wconf 87' lang='lat' dir='ltr'><strong>tantas,</strong></span> 
     </span>
    </p>
   </div>
   <div class='ocr_carea' id='block_1_33' title="bbox 200 1797 1755 1907">
    <p class='ocr_par' dir='ltr' id='par_1_33' title="bbox 200 1797 1741 1907">
     <span class='ocr_line' id='line_1_34' title="bbox 200 1797 1741 1907; baseline -0.001 -13"><span class='ocrx_word' id='word_1_230' title='bbox 200 1797 348 1895; x_wconf 66' lang='lat' dir='ltr'><strong>mitas</strong></span> <span class='ocrx_word' id='word_1_231' title='bbox 371 1840 581 1894; x_wconf 75' lang='lat' dir='ltr'><strong>allicere</strong></span> <span class='ocrx_word' id='word_1_232' title='bbox 622 1838 847 1902; x_wconf 87' lang='lat' dir='ltr'><strong>videtur,</strong></span> <span class='ocrx_word' id='word_1_233' title='bbox 877 1797 934 1891; x_wconf 58' lang='lat' dir='ltr'><strong>ei</strong></span> <span class='ocrx_word' id='word_1_234' title='bbox 982 1845 1054 1898; x_wconf 87' lang='lat' dir='ltr'><strong>te,</strong></span> <span class='ocrx_word' id='word_1_235' title='bbox 1097 1797 1251 1907; x_wconf 59' lang='lat' dir='ltr'><strong>juxrta</strong></span> <span class='ocrx_word' id='word_1_236' title='bbox 1275 1797 1419 1905; x_wconf 74' lang='lat' dir='ltr'><strong>quod</strong></span> <span class='ocrx_word' id='word_1_237' title='bbox 1462 1839 1603 1891; x_wconf 85' lang='lat' dir='ltr'><strong>inter</strong></span> <span class='ocrx_word' id='word_1_238' title='bbox 1646 1853 1741 1892; x_wconf 84' lang='lat' dir='ltr'><strong>nos</strong></span> 
     </span>
    </p>
   </div>
   <div class='ocr_carea' id='block_1_34' title="bbox 1862 1797 3411 1907">
    <p class='ocr_par' dir='ltr' id='par_1_34' title="bbox 1862 1797 3411 1896">
     <span class='ocr_line' id='line_1_35' title="bbox 1862 1797 3411 1896; baseline 0.007 -22"><span class='ocrx_word' id='word_1_239' title='bbox 1862 1830 1897 1874; x_wconf 68' lang='lat' dir='ltr'><strong>et</strong></span> <span class='ocrx_word' id='word_1_240' title='bbox 1939 1797 2082 1889; x_wconf 86' lang='lat' dir='ltr'><strong>quod</strong></span> <span class='ocrx_word' id='word_1_241' title='bbox 2130 1823 2326 1890; x_wconf 88' lang='lat' dir='ltr'><strong>repetit</strong></span> <span class='ocrx_word' id='word_1_242' title='bbox 2352 1797 2627 1891; x_wconf 81' lang='lat' dir='ltr'><strong>vindicare</strong></span> <span class='ocrx_word' id='word_1_243' title='bbox 2653 1839 2760 1878; x_wconf 89' lang='lat' dir='ltr'><strong>non</strong></span> <span class='ocrx_word' id='word_1_244' title='bbox 2791 1797 3126 1889; x_wconf 49' lang='lat' dir='ltr'><strong>valeam-sed</strong></span> <span class='ocrx_word' id='word_1_245' title='bbox 3175 1797 3411 1896; x_wconf 60' lang='lat' dir='ltr'><strong>presens</strong></span> 
     </span>
    </p>
   </div>
   <div class='ocr_carea' id='block_1_35' title="bbox 197 1926 1742 1998">
    <p class='ocr_par' dir='ltr' id='par_1_35' title="bbox 197 1926 1742 1998">
     <span class='ocr_line' id='line_1_36' title="bbox 197 1926 1742 1998; baseline -0.004 -13"><span class='ocrx_word' id='word_1_246' title='bbox 197 1931 340 1985; x_wconf 74' lang='lat' dir='ltr'><strong>bonne</strong></span> <span class='ocrx_word' id='word_1_247' title='bbox 368 1928 516 1998; x_wconf 86' lang='lat' dir='ltr'><strong>pacis</strong></span> <span class='ocrx_word' id='word_1_248' title='bbox 544 1928 745 1996; x_wconf 87' lang='lat' dir='ltr'><strong>p‘acuit</strong></span> <span class='ocrx_word' id='word_1_249' title='bbox 772 1936 934 1995; x_wconf 88' lang='lat' dir='ltr'><strong>atque</strong></span> <span class='ocrx_word' id='word_1_250' title='bbox 964 1926 1234 1991; x_wconf 82' lang='lat' dir='ltr'><strong>convenit,</strong></span> <span class='ocrx_word' id='word_1_251' title='bbox 1264 1926 1318 1980; x_wconf 93' lang='lat' dir='ltr'><strong>in</strong></span> <span class='ocrx_word' id='word_1_252' title='bbox 1350 1926 1470 1980; x_wconf 92' lang='lat' dir='ltr'><strong>loco</strong></span> <span class='ocrx_word' id='word_1_253' title='bbox 1514 1927 1742 1980; x_wconf 76' lang='lat' dir='ltr'><strong>filiorum</strong></span> 
     </span>
    </p>
   </div>
   <div class='ocr_carea' id='block_1_36' title="bbox 202 2014 1742 2084">
    <p class='ocr_par' dir='ltr' id='par_1_36' title="bbox 202 2014 1742 2084">
     <span class='ocr_line' id='line_1_37' title="bbox 202 2014 1742 2084; baseline -0.001 -12"><span class='ocrx_word' id='word_1_254' title='bbox 202 2033 426 2072; x_wconf 87' lang='lat' dir='ltr'><strong>meorum</strong></span> <span class='ocrx_word' id='word_1_255' title='bbox 448 2018 590 2071; x_wconf 80' lang='lat' dir='ltr'><strong>visus</strong></span> <span class='ocrx_word' id='word_1_256' title='bbox 615 2030 730 2071; x_wconf 91' lang='lat' dir='ltr'><strong>sum</strong></span> <span class='ocrx_word' id='word_1_257' title='bbox 755 2017 1062 2084; x_wconf 83' lang='lat' dir='ltr'><strong>adoptasse.</strong></span> <span class='ocrx_word' id='word_1_258' title='bbox 1086 2014 1162 2070; x_wconf 82' lang='lat' dir='ltr'><strong>ita</strong></span> <span class='ocrx_word' id='word_1_259' title='bbox 1192 2026 1251 2070; x_wconf 89' lang='lat' dir='ltr'><strong>ut</strong></span> <span class='ocrx_word' id='word_1_260' title='bbox 1296 2015 1422 2069; x_wconf 88' lang='lat' dir='ltr'><strong>dum</strong></span> <span class='ocrx_word' id='word_1_261' title='bbox 1468 2015 1742 2081; x_wconf 88' lang='lat' dir='ltr'><strong>advixero,</strong></span> 
     </span>
    </p>
   </div>
   <div class='ocr_carea' id='block_1_37' title="bbox 197 2105 1740 2175">
    <p class='ocr_par' dir='ltr' id='par_1_37' title="bbox 197 2105 1740 2175">
     <span class='ocr_line' id='line_1_38' title="bbox 197 2105 1740 2175; baseline 0 -13"><span class='ocrx_word' id='word_1_262' title='bbox 197 2108 385 2163; x_wconf 87' lang='lat' dir='ltr'><strong>victum</strong></span> <span class='ocrx_word' id='word_1_263' title='bbox 414 2118 468 2161; x_wconf 87' lang='lat' dir='ltr'><strong>et</strong></span> <span class='ocrx_word' id='word_1_264' title='bbox 497 2107 768 2168; x_wconf 87' lang='lat' dir='ltr'><strong>vestitum,</strong></span> <span class='ocrx_word' id='word_1_265' title='bbox 805 2114 915 2159; x_wconf 89' lang='lat' dir='ltr'><strong>tam</strong></span> <span class='ocrx_word' id='word_1_266' title='bbox 951 2106 1005 2160; x_wconf 91' lang='lat' dir='ltr'><strong>in</strong></span> <span class='ocrx_word' id='word_1_267' title='bbox 1051 2105 1233 2171; x_wconf 88' lang='lat' dir='ltr'><strong>dorso,</strong></span> <span class='ocrx_word' id='word_1_268' title='bbox 1288 2120 1449 2175; x_wconf 88' lang='lat' dir='ltr'><strong>quam</strong></span> <span class='ocrx_word' id='word_1_269' title='bbox 1496 2107 1548 2161; x_wconf 91' lang='lat' dir='ltr'><strong>in</strong></span> <span class='ocrx_word' id='word_1_270' title='bbox 1580 2106 1740 2173; x_wconf 91' lang='lat' dir='ltr'><strong>lecto,</strong></span> 
     </span>
    </p>
   </div>
   <div class='ocr_carea' id='block_1_38' title="bbox 200 2193 1742 2265">
    <p class='ocr_par' dir='ltr' id='par_1_38' title="bbox 200 2193 1742 2265">
     <span class='ocr_line' id='line_1_39' title="bbox 200 2193 1742 2265; baseline -0.001 -13"><span class='ocrx_word' id='word_1_271' title='bbox 200 2213 287 2252; x_wconf 85' lang='lat' dir='ltr'><strong>seu</strong></span> <span class='ocrx_word' id='word_1_272' title='bbox 316 2198 677 2262; x_wconf 89' lang='lat' dir='ltr'><strong>calciamento,</strong></span> <span class='ocrx_word' id='word_1_273' title='bbox 698 2195 823 2249; x_wconf 88' lang='lat' dir='ltr'><strong>mihi</strong></span> <span class='ocrx_word' id='word_1_274' title='bbox 848 2194 900 2249; x_wconf 93' lang='lat' dir='ltr'><strong>in</strong></span> <span class='ocrx_word' id='word_1_275' title='bbox 922 2194 1171 2249; x_wconf 89' lang='lat' dir='ltr'><strong>omnibus</strong></span> <span class='ocrx_word' id='word_1_276' title='bbox 1188 2193 1515 2251; x_wconf 82' lang='lat' dir='ltr'><strong>sufficienter</strong></span> <span class='ocrx_word' id='word_1_277' title='bbox 1544 2197 1742 2265; x_wconf 90' lang='lat' dir='ltr'><strong>imper-</strong></span> 
     </span>
    </p>
   </div>
   <div class='ocr_carea' id='block_1_39' title="bbox 201 2286 1745 2355">
    <p class='ocr_par' dir='ltr' id='par_1_39' title="bbox 201 2286 1745 2355">
     <span class='ocr_line' id='line_1_40' title="bbox 201 2286 1745 2355; baseline 0.001 -16"><span class='ocrx_word' id='word_1_278' title='bbox 201 2286 317 2353; x_wconf 89' lang='lat' dir='ltr'><strong>tias,</strong></span> <span class='ocrx_word' id='word_1_279' title='bbox 345 2297 399 2341; x_wconf 90' lang='lat' dir='ltr'><strong>et</strong></span> <span class='ocrx_word' id='word_1_280' title='bbox 436 2300 714 2355; x_wconf 85' lang='lat' dir='ltr'><strong>procures,</strong></span> <span class='ocrx_word' id='word_1_281' title='bbox 740 2294 794 2340; x_wconf 90' lang='lat' dir='ltr'><strong>et</strong></span> <span class='ocrx_word' id='word_1_282' title='bbox 842 2298 1030 2340; x_wconf 89' lang='lat' dir='ltr'><strong>omnes</strong></span> <span class='ocrx_word' id='word_1_283' title='bbox 1056 2299 1141 2339; x_wconf 85' lang='lat' dir='ltr'><strong>res</strong></span> <span class='ocrx_word' id='word_1_284' title='bbox 1169 2299 1346 2349; x_wconf 83' lang='lat' dir='ltr'><strong>meas,</strong></span> <span class='ocrx_word' id='word_1_285' title='bbox 1399 2299 1745 2355; x_wconf 87' lang='lat' dir='ltr'><strong>quascunque</strong></span> 
     </span>
    </p>
   </div>
   <div class='ocr_carea' id='block_1_40' title="bbox 203 2368 1744 2445">
    <p class='ocr_par' dir='ltr' id='par_1_40' title="bbox 203 2368 1744 2445">
     <span class='ocr_line' id='line_1_41' title="bbox 203 2368 1744 2445; baseline 0.001 -17"><span class='ocrx_word' id='word_1_286' title='bbox 203 2376 387 2430; x_wconf 85' lang='lat' dir='ltr'><strong>habere</strong></span> <span class='ocrx_word' id='word_1_287' title='bbox 408 2375 594 2430; x_wconf 88' lang='lat' dir='ltr'><strong>videor</strong></span> <span class='ocrx_word' id='word_1_288' title='bbox 621 2382 729 2429; x_wconf 89' lang='lat' dir='ltr'><strong>tam</strong></span> <span class='ocrx_word' id='word_1_289' title='bbox 750 2368 959 2439; x_wconf 66' lang='lat' dir='ltr'><strong>maneo,</strong></span> <span class='ocrx_word' id='word_1_290' title='bbox 983 2374 1160 2439; x_wconf 86' lang='lat' dir='ltr'><strong>vinea,</strong></span> <span class='ocrx_word' id='word_1_291' title='bbox 1184 2385 1357 2443; x_wconf 88' lang='lat' dir='ltr'><strong>prato,</strong></span> <span class='ocrx_word' id='word_1_292' title='bbox 1389 2375 1620 2445; x_wconf 86' lang='lat' dir='ltr'><strong>peculio,</strong></span> <span class='ocrx_word' id='word_1_293' title='bbox 1648 2390 1744 2431; x_wconf 89' lang='lat' dir='ltr'><strong>seu</strong></span> 
     </span>
    </p>
   </div>
   <div class='ocr_carea' id='block_1_41' title="bbox 203 2462 1748 2535">
    <p class='ocr_par' dir='ltr' id='par_1_41' title="bbox 203 2462 1748 2535">
     <span class='ocr_line' id='line_1_42' title="bbox 203 2462 1748 2535; baseline -0.001 -16"><span class='ocrx_word' id='word_1_294' title='bbox 203 2466 395 2535; x_wconf 86' lang='lat' dir='ltr'><strong>reliqua</strong></span> <span class='ocrx_word' id='word_1_295' title='bbox 416 2464 747 2535; x_wconf 86' lang='lat' dir='ltr'><strong>supellectile</strong></span> <span class='ocrx_word' id='word_1_296' title='bbox 791 2463 983 2518; x_wconf 89' lang='lat' dir='ltr'><strong>domus</strong></span> <span class='ocrx_word' id='word_1_297' title='bbox 1008 2477 1142 2518; x_wconf 67' lang='lat' dir='ltr'><strong>mete</strong></span> <span class='ocrx_word' id='word_1_298' title='bbox 1167 2462 1316 2517; x_wconf 89' lang='lat' dir='ltr'><strong>salvo</strong></span> <span class='ocrx_word' id='word_1_299' title='bbox 1332 2463 1455 2531; x_wconf 90' lang='lat' dir='ltr'><strong>jure</strong></span> <span class='ocrx_word' id='word_1_300' title='bbox 1498 2463 1611 2525; x_wconf 92' lang='lat' dir='ltr'><strong>illo,</strong></span> <span class='ocrx_word' id='word_1_301' title='bbox 1662 2477 1748 2517; x_wconf 89' lang='lat' dir='ltr'><strong>me</strong></span> 
     </span>
    </p>
   </div>
   <div class='ocr_carea' id='block_1_42' title="bbox 204 2549 1743 2619">
    <p class='ocr_par' dir='ltr' id='par_1_42' title="bbox 204 2549 1743 2619">
     <span class='ocr_line' id='line_1_43' title="bbox 204 2549 1743 2619; baseline -0.001 -15"><span class='ocrx_word' id='word_1_302' title='bbox 204 2554 430 2618; x_wconf 75' lang='lat' dir='ltr'><strong>virente,</strong></span> <span class='ocrx_word' id='word_1_303' title='bbox 460 2552 512 2606; x_wconf 90' lang='lat' dir='ltr'><strong>in</strong></span> <span class='ocrx_word' id='word_1_304' title='bbox 536 2560 626 2605; x_wconf 88' lang='lat' dir='ltr'><strong>tua</strong></span> <span class='ocrx_word' id='word_1_305' title='bbox 657 2557 923 2616; x_wconf 87' lang='lat' dir='ltr'><strong>potestate</strong></span> <span class='ocrx_word' id='word_1_306' title='bbox 952 2551 1192 2618; x_wconf 86' lang='lat' dir='ltr'><strong>recipere</strong></span> <span class='ocrx_word' id='word_1_307' title='bbox 1210 2550 1419 2604; x_wconf 86' lang='lat' dir='ltr'><strong>debeat.</strong></span> <span class='ocrx_word' id='word_1_308' title='bbox 1454 2549 1743 2619; x_wconf 84' lang='lat' dir='ltr'><strong>Propterea</strong></span> 
     </span>
    </p>
   </div>
   <div class='ocr_carea' id='block_1_43' title="bbox 204 2639 1746 2711">
    <p class='ocr_par' dir='ltr' id='par_1_43' title="bbox 204 2639 1746 2711">
     <span class='ocr_line' id='line_1_44' title="bbox 204 2639 1746 2711; baseline -0.001 -16"><span class='ocrx_word' id='word_1_309' title='bbox 204 2642 291 2697; x_wconf 85' lang='lat' dir='ltr'><strong>tibi</strong></span> <span class='ocrx_word' id='word_1_310' title='bbox 319 2643 455 2696; x_wconf 86' lang='lat' dir='ltr'><strong>bane</strong></span> <span class='ocrx_word' id='word_1_311' title='bbox 475 2641 754 2711; x_wconf 88' lang='lat' dir='ltr'><strong>epistolam</strong></span> <span class='ocrx_word' id='word_1_312' title='bbox 780 2641 894 2694; x_wconf 80' lang='lat' dir='ltr'><strong>lteri</strong></span> <span class='ocrx_word' id='word_1_313' title='bbox 922 2639 1154 2706; x_wconf 80' lang='lat' dir='ltr'><strong>decrevi,</strong></span> <span class='ocrx_word' id='word_1_314' title='bbox 1209 2648 1269 2694; x_wconf 92' lang='lat' dir='ltr'><strong>ut</strong></span> <span class='ocrx_word' id='word_1_315' title='bbox 1290 2654 1464 2709; x_wconf 90' lang='lat' dir='ltr'><strong>neque</strong></span> <span class='ocrx_word' id='word_1_316' title='bbox 1491 2653 1612 2708; x_wconf 90' lang='lat' dir='ltr'><strong>ego,</strong></span> <span class='ocrx_word' id='word_1_317' title='bbox 1644 2654 1746 2694; x_wconf 80' lang='lat' dir='ltr'><strong>sec</strong></span> 
     </span>
    </p>
   </div>
   <div class='ocr_carea' id='block_1_44' title="bbox 204 2729 1746 2799">
    <p class='ocr_par' dir='ltr' id='par_1_44' title="bbox 204 2729 1746 2799">
     <span class='ocr_line' id='line_1_45' title="bbox 204 2729 1746 2799; baseline -0.003 -13"><span class='ocrx_word' id='word_1_318' title='bbox 204 2732 371 2787; x_wconf 91' lang='lat' dir='ltr'><strong>nullus</strong></span> <span class='ocrx_word' id='word_1_319' title='bbox 397 2732 462 2786; x_wconf 87' lang='lat' dir='ltr'><strong>de</strong></span> <span class='ocrx_word' id='word_1_320' title='bbox 492 2732 792 2785; x_wconf 71' lang='lat' dir='ltr'><strong>bteredibus</strong></span> <span class='ocrx_word' id='word_1_321' title='bbox 811 2731 963 2797; x_wconf 87' lang='lat' dir='ltr'><strong>meis,</strong></span> <span class='ocrx_word' id='word_1_322' title='bbox 996 2739 1087 2785; x_wconf 88' lang='lat' dir='ltr'><strong>aut</strong></span> <span class='ocrx_word' id='word_1_323' title='bbox 1105 2730 1415 2799; x_wconf 81' lang='lat' dir='ltr'><strong>‘quicunque</strong></span> <span class='ocrx_word' id='word_1_324' title='bbox 1441 2729 1580 2784; x_wconf 90' lang='lat' dir='ltr'><strong>banc</strong></span> <span class='ocrx_word' id='word_1_325' title='bbox 1606 2745 1746 2783; x_wconf 86' lang='lat' dir='ltr'><strong>con-</strong></span> 
     </span>
    </p>
   </div>
   <div class='ocr_carea' id='block_1_45' title="bbox 202 2818 1747 2888">
    <p class='ocr_par' dir='ltr' id='par_1_45' title="bbox 202 2818 1747 2888">
     <span class='ocr_line' id='line_1_46' title="bbox 202 2818 1747 2888; baseline -0.003 -13"><span class='ocrx_word' id='word_1_326' title='bbox 202 2823 531 2886; x_wconf 83' lang='lat' dir='ltr'><strong>venientiam,</strong></span> <span class='ocrx_word' id='word_1_327' title='bbox 556 2824 694 2876; x_wconf 89' lang='lat' dir='ltr'><strong>inter</strong></span> <span class='ocrx_word' id='word_1_328' title='bbox 705 2836 803 2877; x_wconf 90' lang='lat' dir='ltr'><strong>nos</strong></span> <span class='ocrx_word' id='word_1_329' title='bbox 829 2821 1021 2876; x_wconf 79' lang='lat' dir='ltr'><strong>factam</strong></span> <span class='ocrx_word' id='word_1_330' title='bbox 1043 2829 1283 2876; x_wconf 90' lang='lat' dir='ltr'><strong>emutare</strong></span> <span class='ocrx_word' id='word_1_331' title='bbox 1301 2833 1405 2874; x_wconf 87' lang='lat' dir='ltr'><strong>non</strong></span> <span class='ocrx_word' id='word_1_332' title='bbox 1429 2819 1615 2888; x_wconf 85' lang='lat' dir='ltr'><strong>possit,</strong></span> <span class='ocrx_word' id='word_1_333' title='bbox 1630 2818 1747 2884; x_wconf 87' lang='lat' dir='ltr'><strong>sed,</strong></span> 
     </span>
    </p>
   </div>
   <div class='ocr_carea' id='block_1_46' title="bbox 203 2908 1775 2991">
    <p class='ocr_par' dir='ltr' id='par_1_46' title="bbox 203 2908 1775 2991">
     <span class='ocr_line' id='line_1_47' title="bbox 203 2908 1775 2991; baseline -0.003 -24"><span class='ocrx_word' id='word_1_334' title='bbox 203 2913 334 2967; x_wconf 86' lang='lat' dir='ltr'><strong>sicut</strong></span> <span class='ocrx_word' id='word_1_335' title='bbox 376 2913 618 2991; x_wconf 81' lang='lat' dir='ltr'><strong>superius</strong></span> <span class='ocrx_word' id='word_1_336' title='bbox 665 2911 1003 2976; x_wconf 87' lang='lat' dir='ltr'><strong>continetur,</strong></span> <span class='ocrx_word' id='word_1_337' title='bbox 1032 2924 1180 2964; x_wconf 84' lang='lat' dir='ltr'><strong>meas</strong></span> <span class='ocrx_word' id='word_1_338' title='bbox 1236 2910 1579 2965; x_wconf 85' lang='lat' dir='ltr'><strong>necessitates</strong></span> <span class='ocrx_word' id='word_1_339' title='bbox 1622 2908 1775 2987; x_wconf 71' lang='lat' dir='ltr'><strong>dum&#39;</strong></span> 
     </span>
    </p>
   </div>
   <div class='ocr_carea' id='block_1_47' title="bbox 205 3000 1751 3070">
    <p class='ocr_par' dir='ltr' id='par_1_47' title="bbox 205 3000 1751 3070">
     <span class='ocr_line' id='line_1_48' title="bbox 205 3000 1751 3070; baseline 0.001 -16"><span class='ocrx_word' id='word_1_340' title='bbox 205 3000 451 3056; x_wconf 87' lang='lat' dir='ltr'><strong>advixero</strong></span> <span class='ocrx_word' id='word_1_341' title='bbox 468 3001 671 3064; x_wconf 73' lang='lat' dir='ltr'><strong>debeas</strong></span> <span class='ocrx_word' id='word_1_342' title='bbox 691 3015 1010 3070; x_wconf 85' lang='lat' dir='ltr'><strong>procurare;</strong></span> <span class='ocrx_word' id='word_1_343' title='bbox 1054 3008 1110 3055; x_wconf 91' lang='lat' dir='ltr'><strong>et</strong></span> <span class='ocrx_word' id='word_1_344' title='bbox 1150 3014 1340 3056; x_wconf 88' lang='lat' dir='ltr'><strong>omnes</strong></span> <span class='ocrx_word' id='word_1_345' title='bbox 1374 3015 1460 3057; x_wconf 89' lang='lat' dir='ltr'><strong>res</strong></span> <span class='ocrx_word' id='word_1_346' title='bbox 1512 3015 1662 3067; x_wconf 69' lang='lat' dir='ltr'><strong>mea,</strong></span> <span class='ocrx_word' id='word_1_347' title='bbox 1694 3010 1751 3056; x_wconf 90' lang='lat' dir='ltr'><strong>et</strong></span> 
     </span>
    </p>
   </div>
   <div class='ocr_carea' id='block_1_48' title="bbox 205 3088 1753 3159">
    <p class='ocr_par' dir='ltr' id='par_1_48' title="bbox 205 3088 1753 3159">
     <span class='ocr_line' id='line_1_49' title="bbox 205 3088 1753 3159; baseline -0.002 -14"><span class='ocrx_word' id='word_1_348' title='bbox 205 3090 266 3145; x_wconf 88' lang='lat' dir='ltr'><strong>ad</strong></span> <span class='ocrx_word' id='word_1_349' title='bbox 285 3105 532 3159; x_wconf 60' lang='lat' dir='ltr'><strong>praesens,</strong></span> <span class='ocrx_word' id='word_1_350' title='bbox 556 3097 611 3144; x_wconf 88' lang='lat' dir='ltr'><strong>et</strong></span> <span class='ocrx_word' id='word_1_351' title='bbox 641 3098 763 3159; x_wconf 90' lang='lat' dir='ltr'><strong>post</strong></span> <span class='ocrx_word' id='word_1_352' title='bbox 787 3104 962 3144; x_wconf 90' lang='lat' dir='ltr'><strong>meum</strong></span> <span class='ocrx_word' id='word_1_353' title='bbox 992 3088 1303 3153; x_wconf 82' lang='lat' dir='ltr'><strong>discessum,</strong></span> <span class='ocrx_word' id='word_1_354' title='bbox 1319 3089 1370 3143; x_wconf 94' lang='lat' dir='ltr'><strong>in</strong></span> <span class='ocrx_word' id='word_1_355' title='bbox 1399 3098 1486 3142; x_wconf 90' lang='lat' dir='ltr'><strong>tua</strong></span> <span class='ocrx_word' id='word_1_356' title='bbox 1517 3097 1753 3158; x_wconf 83' lang='lat' dir='ltr'><strong>potesta-</strong></span> 
     </span>
    </p>
   </div>
   <div class='ocr_carea' id='block_1_49' title="bbox 206 3146 1825 3247">
    <p class='ocr_par' dir='ltr' id='par_1_49' title="bbox 206 3146 1825 3247">
     <span class='ocr_line' id='line_1_50' title="bbox 206 3146 1825 3247; baseline 0.001 -17"><span class='ocrx_word' id='word_1_357' title='bbox 206 3189 257 3233; x_wconf 88' lang='lat' dir='ltr'><strong>te</strong></span> <span class='ocrx_word' id='word_1_358' title='bbox 284 3146 657 3247; x_wconf 55' lang='lat' dir='ltr'><strong>permaneant:</strong></span> <span class='ocrx_word' id='word_1_359' title='bbox 671 3186 726 3232; x_wconf 91' lang='lat' dir='ltr'><strong>et</strong></span> <span class='ocrx_word' id='word_1_360' title='bbox 749 3176 891 3246; x_wconf 90' lang='lat' dir='ltr'><strong>quod</strong></span> <span class='ocrx_word' id='word_1_361' title='bbox 918 3178 1013 3232; x_wconf 88' lang='lat' dir='ltr'><strong>tibi</strong></span> <span class='ocrx_word' id='word_1_362' title='bbox 1041 3178 1233 3232; x_wconf 86' lang='lat' dir='ltr'><strong>exinde</strong></span> <span class='ocrx_word' id='word_1_363' title='bbox 1251 3146 1753 3247; x_wconf 48' lang='lat' dir='ltr'><strong>placuerit-faciendi</strong></span> <span class='ocrx_word' id='word_1_364' title='bbox 1777 3146 1825 3212; x_wconf 63' lang='grc' dir='ltr'><strong>θ</strong></span> 
     </span>
    </p>
   </div>
   <div class='ocr_carea' id='block_1_50' title="bbox 207 3264 1754 3336">
    <p class='ocr_par' dir='ltr' id='par_1_50' title="bbox 207 3264 1754 3336">
     <span class='ocr_line' id='line_1_51' title="bbox 207 3264 1754 3336; baseline -0.001 -13"><span class='ocrx_word' id='word_1_365' title='bbox 207 3268 425 3323; x_wconf 82' lang='lat' dir='ltr'><strong>liberam</strong></span> <span class='ocrx_word' id='word_1_366' title='bbox 453 3268 652 3321; x_wconf 72' lang='lat' dir='ltr'><strong>trabeas</strong></span> <span class='ocrx_word' id='word_1_367' title='bbox 698 3273 1042 3336; x_wconf 87' lang='lat' dir='ltr'><strong>potestatem.</strong></span> <span class='ocrx_word' id='word_1_368' title='bbox 1085 3264 1238 3332; x_wconf 86' lang='lat' dir='ltr'><strong>Quod</strong></span> <span class='ocrx_word' id='word_1_369' title='bbox 1287 3266 1330 3320; x_wconf 93' lang='lat' dir='ltr'><strong>si</strong></span> <span class='ocrx_word' id='word_1_370' title='bbox 1364 3267 1577 3335; x_wconf 84' lang='lat' dir='ltr'><strong>aliquis,</strong></span> <span class='ocrx_word' id='word_1_371' title='bbox 1630 3267 1754 3336; x_wconf 81' lang='lat' dir='ltr'><strong>hoc,</strong></span> 
     </span>
    </p>
   </div>
   <div class='ocr_carea' id='block_1_51' title="bbox 206 3352 1758 3425">
    <p class='ocr_par' dir='ltr' id='par_1_51' title="bbox 206 3352 1758 3425">
     <span class='ocr_line' id='line_1_52' title="bbox 206 3352 1758 3425; baseline 0.001 -15"><span class='ocrx_word' id='word_1_372' title='bbox 206 3371 413 3425; x_wconf 88' lang='lat' dir='ltr'><strong>quoque</strong></span> <span class='ocrx_word' id='word_1_373' title='bbox 437 3367 680 3425; x_wconf 88' lang='lat' dir='ltr'><strong>tempore</strong></span> <span class='ocrx_word' id='word_1_374' title='bbox 700 3364 942 3410; x_wconf 87' lang='lat' dir='ltr'><strong>emutare</strong></span> <span class='ocrx_word' id='word_1_375' title='bbox 962 3354 1209 3419; x_wconf 89' lang='lat' dir='ltr'><strong>voluerit,</strong></span> <span class='ocrx_word' id='word_1_376' title='bbox 1256 3352 1449 3410; x_wconf 86' lang='lat' dir='ltr'><strong>inferat</strong></span> <span class='ocrx_word' id='word_1_377' title='bbox 1496 3356 1591 3411; x_wconf 90' lang='lat' dir='ltr'><strong>tibi</strong></span> <span class='ocrx_word' id='word_1_378' title='bbox 1640 3366 1758 3411; x_wconf 87' lang='lat' dir='ltr'><strong>tan-</strong></span> 
     </span>
    </p>
   </div>
   <div class='ocr_carea' id='block_1_52' title="bbox 212 3443 1760 3514">
    <p class='ocr_par' dir='ltr' id='par_1_52' title="bbox 212 3443 1760 3514">
     <span class='ocr_line' id='line_1_53' title="bbox 212 3443 1760 3514; baseline 0.001 -16"><span class='ocrx_word' id='word_1_379' title='bbox 212 3455 339 3509; x_wconf 87' lang='lat' dir='ltr'><strong>tum,</strong></span> <span class='ocrx_word' id='word_1_380' title='bbox 363 3456 417 3498; x_wconf 92' lang='lat' dir='ltr'><strong>et</strong></span> <span class='ocrx_word' id='word_1_381' title='bbox 462 3444 604 3514; x_wconf 87' lang='lat' dir='ltr'><strong>quod</strong></span> <span class='ocrx_word' id='word_1_382' title='bbox 634 3444 830 3511; x_wconf 84' lang='lat' dir='ltr'><strong>repetit</strong></span> <span class='ocrx_word' id='word_1_383' title='bbox 852 3443 1122 3500; x_wconf 86' lang='lat' dir='ltr'><strong>vindicare</strong></span> <span class='ocrx_word' id='word_1_384' title='bbox 1143 3458 1250 3498; x_wconf 93' lang='lat' dir='ltr'><strong>non</strong></span> <span class='ocrx_word' id='word_1_385' title='bbox 1270 3443 1477 3509; x_wconf 79' lang='lat' dir='ltr'><strong>valeat;</strong></span> <span class='ocrx_word' id='word_1_386' title='bbox 1508 3445 1599 3499; x_wconf 87' lang='lat' dir='ltr'><strong>sed</strong></span> <span class='ocrx_word' id='word_1_387' title='bbox 1627 3450 1760 3514; x_wconf 65' lang='lat' dir='ltr'><strong>prae-</strong></span> 
     </span>
    </p>
   </div>
   <div class='ocr_carea' id='block_1_53' title="bbox 208 3533 1556 3606">
    <p class='ocr_par' dir='ltr' id='par_1_53' title="bbox 208 3533 1556 3606">
     <span class='ocr_line' id='line_1_54' title="bbox 208 3533 1556 3606; baseline -0.004 -14"><span class='ocrx_word' id='word_1_388' title='bbox 208 3552 328 3592; x_wconf 86' lang='lat' dir='ltr'><strong>sens</strong></span> <span class='ocrx_word' id='word_1_389' title='bbox 356 3536 581 3606; x_wconf 87' lang='lat' dir='ltr'><strong>epistola</strong></span> <span class='ocrx_word' id='word_1_390' title='bbox 610 3536 755 3591; x_wconf 89' lang='lat' dir='ltr'><strong>omni</strong></span> <span class='ocrx_word' id='word_1_391' title='bbox 784 3543 1025 3603; x_wconf 87' lang='lat' dir='ltr'><strong>tempore</strong></span> <span class='ocrx_word' id='word_1_392' title='bbox 1049 3533 1198 3588; x_wconf 81' lang='lat' dir='ltr'><strong>firma</strong></span> <span class='ocrx_word' id='word_1_393' title='bbox 1227 3543 1556 3601; x_wconf 84' lang='lat' dir='ltr'><strong>permaneat.</strong></span> 
     </span>
    </p>
   </div>
   <div class='ocr_carea' id='block_1_54' title="bbox 760 3642 1160 3699">
    <p class='ocr_par' dir='ltr' id='par_1_54' title="bbox 760 3642 1160 3699">
     <span class='ocr_line' id='line_1_55' title="bbox 760 3642 1160 3699; baseline -0.003 -1"><span class='ocrx_word' id='word_1_394' title='bbox 760 3642 985 3699; x_wconf 79' lang='lat' dir='ltr'><strong>CAPUT</strong></span> <span class='ocrx_word' id='word_1_395' title='bbox 1020 3642 1160 3698; x_wconf 79' lang='lat' dir='ltr'><strong>XIV.</strong></span> 
     </span>
    </p>
   </div>
   <div class='ocr_carea' id='block_1_55' title="bbox 348 3712 1638 3783">
    <p class='ocr_par' dir='ltr' id='par_1_55' title="bbox 348 3712 1638 3783">
     <span class='ocr_line' id='line_1_56' title="bbox 348 3712 1638 3783; baseline 0 -14"><span class='ocrx_word' id='word_1_396' title='bbox 348 3714 561 3769; x_wconf 76' lang='lat' dir='ltr'><strong>Pactum</strong></span> <span class='ocrx_word' id='word_1_397' title='bbox 588 3715 721 3768; x_wconf 76' lang='lat' dir='ltr'><strong>inter</strong></span> <span class='ocrx_word' id='word_1_398' title='bbox 739 3712 765 3749; x_wconf 65' lang='grc' dir='ltr'>δ</span> <span class='ocrx_word' id='word_1_399' title='bbox 797 3722 1030 3783; x_wconf 82' lang='lat' dir='ltr'><strong>parentes</strong></span> <span class='ocrx_word' id='word_1_400' title='bbox 1050 3713 1113 3766; x_wconf 81' lang='lat' dir='ltr'><strong>de</strong></span> <span class='ocrx_word' id='word_1_401' title='bbox 1134 3728 1307 3767; x_wconf 74' lang='lat' dir='ltr'><strong>eorum</strong></span> <span class='ocrx_word' id='word_1_402' title='bbox 1323 3713 1638 3769; x_wconf 73' lang='lat' dir='ltr'><strong>hcreditate.</strong></span> 
     </span>
    </p>
   </div>
   <div class='ocr_carea' id='block_1_56' title="bbox 273 3806 1761 3878">
    <p class='ocr_par' dir='ltr' id='par_1_56' title="bbox 273 3806 1761 3878">
     <span class='ocr_line' id='line_1_57' title="bbox 273 3806 1761 3878; baseline -0.003 -14"><span class='ocrx_word' id='word_1_403' title='bbox 273 3809 537 3878; x_wconf 84' lang='lat' dir='ltr'><strong>Quidquid</strong></span> <span class='ocrx_word' id='word_1_404' title='bbox 584 3808 723 3863; x_wconf 88' lang='lat' dir='ltr'><strong>enim</strong></span> <span class='ocrx_word' id='word_1_405' title='bbox 755 3808 894 3863; x_wconf 91' lang='lat' dir='ltr'><strong>inter</strong></span> <span class='ocrx_word' id='word_1_406' title='bbox 919 3806 1248 3877; x_wconf 87' lang='lat' dir='ltr'><strong>propinquos</strong></span> <span class='ocrx_word' id='word_1_407' title='bbox 1276 3806 1343 3862; x_wconf 89' lang='lat' dir='ltr'><strong>de</strong></span> <span class='ocrx_word' id='word_1_408' title='bbox 1373 3806 1528 3862; x_wconf 90' lang='lat' dir='ltr'><strong>alode</strong></span> <span class='ocrx_word' id='word_1_409' title='bbox 1570 3822 1761 3876; x_wconf 82' lang='lat' dir='ltr'><strong>paren-</strong></span> 
     </span>
    </p>
   </div>
   <div class='ocr_carea' id='block_1_57' title="bbox 210 3896 1763 3966">
    <p class='ocr_par' dir='ltr' id='par_1_57' title="bbox 210 3896 1763 3966">
     <span class='ocr_line' id='line_1_58' title="bbox 210 3896 1763 3966; baseline -0.001 -13"><span class='ocrx_word' id='word_1_410' title='bbox 210 3908 339 3963; x_wconf 88' lang='lat' dir='ltr'><strong>tum,</strong></span> <span class='ocrx_word' id='word_1_411' title='bbox 368 3915 477 3953; x_wconf 89' lang='lat' dir='ltr'><strong>nnn</strong></span> <span class='ocrx_word' id='word_1_412' title='bbox 520 3914 548 3952; x_wconf 91' lang='lat' dir='ltr'><strong>a</strong></span> <span class='ocrx_word' id='word_1_413' title='bbox 598 3896 876 3965; x_wconf 77' lang='lat' dir='ltr'><strong>iudiciaria</strong></span> <span class='ocrx_word' id='word_1_414' title='bbox 908 3905 1173 3965; x_wconf 84' lang='lat' dir='ltr'><strong>potestate</strong></span> <span class='ocrx_word' id='word_1_415' title='bbox 1223 3897 1418 3960; x_wconf 85' lang='lat' dir='ltr'><strong>coacti,</strong></span> <span class='ocrx_word' id='word_1_416' title='bbox 1447 3898 1541 3951; x_wconf 88' lang='lat' dir='ltr'><strong>sed</strong></span> <span class='ocrx_word' id='word_1_417' title='bbox 1572 3906 1763 3966; x_wconf 88' lang='lat' dir='ltr'><strong>sponte</strong></span> 
     </span>
    </p>
   </div>
   <div class='ocr_carea' id='block_1_58' title="bbox 209 3983 1760 4053">
    <p class='ocr_par' dir='ltr' id='par_1_58' title="bbox 209 3983 1760 4053">
     <span class='ocr_line' id='line_1_59' title="bbox 209 3983 1760 4053; baseline -0.004 -11"><span class='ocrx_word' id='word_1_418' title='bbox 209 3998 453 4042; x_wconf 85' lang='lat' dir='ltr'><strong>manente</strong></span> <span class='ocrx_word' id='word_1_419' title='bbox 474 3984 731 4040; x_wconf 81' lang='lat' dir='ltr'><strong>charitate</strong></span> <span class='ocrx_word' id='word_1_420' title='bbox 752 3985 895 4052; x_wconf 71' lang='lat' dir='ltr'><strong>iuste</strong></span> <span class='ocrx_word' id='word_1_421' title='bbox 940 3984 1117 4037; x_wconf 90' lang='lat' dir='ltr'><strong>debita</strong></span> <span class='ocrx_word' id='word_1_422' title='bbox 1141 3983 1423 4053; x_wconf 87' lang='lat' dir='ltr'><strong>unicuique</strong></span> <span class='ocrx_word' id='word_1_423' title='bbox 1443 3985 1618 4052; x_wconf 88' lang='lat' dir='ltr'><strong>portio</strong></span> <span class='ocrx_word' id='word_1_424' title='bbox 1650 3991 1760 4037; x_wconf 83' lang='lat' dir='ltr'><strong>ter-</strong></span> 
     </span>
    </p>
   </div>
   <div class='ocr_carea' id='block_1_59' title="bbox 210 4062 1763 4149">
    <p class='ocr_par' dir='ltr' id='par_1_59' title="bbox 210 4062 1763 4149">
     <span class='ocr_line' id='line_1_60' title="bbox 210 4062 1763 4149; baseline -0.003 -19"><span class='ocrx_word' id='word_1_425' title='bbox 210 4078 458 4142; x_wconf 87' lang='lat' dir='ltr'><strong>minatur,</strong></span> <span class='ocrx_word' id='word_1_426' title='bbox 506 4091 612 4130; x_wconf 91' lang='lat' dir='ltr'><strong>non</strong></span> <span class='ocrx_word' id='word_1_427' title='bbox 639 4074 705 4128; x_wconf 89' lang='lat' dir='ltr'><strong>de</strong></span> <span class='ocrx_word' id='word_1_428' title='bbox 730 4072 891 4128; x_wconf 88' lang='lat' dir='ltr'><strong>rebus</strong></span> <span class='ocrx_word' id='word_1_429' title='bbox 914 4072 1313 4149; x_wconf 82' lang='lat' dir='ltr'><strong>detrimentum,</strong></span> <span class='ocrx_word' id='word_1_430' title='bbox 1372 4062 1465 4125; x_wconf 85' lang='lat' dir='ltr'><strong>sed</strong></span> <span class='ocrx_word' id='word_1_431' title='bbox 1512 4082 1763 4141; x_wconf 84' lang='lat' dir='ltr'><strong>augmen-</strong></span> 
     </span>
    </p>
   </div>
   <div class='ocr_carea' id='block_1_60' title="bbox 212 4161 1765 4238">
    <p class='ocr_par' dir='ltr' id='par_1_60' title="bbox 212 4161 1765 4238">
     <span class='ocr_line' id='line_1_61' title="bbox 212 4161 1765 4238; baseline -0.005 -14"><span class='ocrx_word' id='word_1_432' title='bbox 212 4178 318 4224; x_wconf 84' lang='lat' dir='ltr'><strong>tum</strong></span> <span class='ocrx_word' id='word_1_433' title='bbox 354 4169 533 4238; x_wconf 89' lang='lat' dir='ltr'><strong>potius</strong></span> <span class='ocrx_word' id='word_1_434' title='bbox 558 4172 736 4235; x_wconf 79' lang='lat' dir='ltr'><strong>potest</strong></span> <span class='ocrx_word' id='word_1_435' title='bbox 768 4177 887 4218; x_wconf 87' lang='lat' dir='ltr'><strong>esse</strong></span> <span class='ocrx_word' id='word_1_436' title='bbox 911 4162 1255 4219; x_wconf 83' lang='lat' dir='ltr'><strong>censendum.</strong></span> <span class='ocrx_word' id='word_1_437' title='bbox 1299 4162 1365 4216; x_wconf 79' lang='lat' dir='ltr'><strong>Et</strong></span> <span class='ocrx_word' id='word_1_438' title='bbox 1399 4161 1519 4217; x_wconf 90' lang='lat' dir='ltr'><strong>ideo</strong></span> <span class='ocrx_word' id='word_1_439' title='bbox 1550 4178 1765 4217; x_wconf 89' lang='lat' dir='ltr'><strong>necesse</strong></span> 
     </span>
    </p>
   </div>
   <div class='ocr_carea' id='block_1_61' title="bbox 212 4250 1760 4320">
    <p class='ocr_par' dir='ltr' id='par_1_61' title="bbox 212 4250 1760 4320">
     <span class='ocr_line' id='line_1_62' title="bbox 212 4250 1760 4320; baseline -0.006 -6"><span class='ocrx_word' id='word_1_440' title='bbox 212 4266 291 4314; x_wconf 89' lang='lat' dir='ltr'><strong>est</strong></span> <span class='ocrx_word' id='word_1_441' title='bbox 317 4259 459 4311; x_wconf 87' lang='lat' dir='ltr'><strong>inter</strong></span> <span class='ocrx_word' id='word_1_442' title='bbox 501 4269 561 4309; x_wconf 91' lang='lat' dir='ltr'><strong>se</strong></span> <span class='ocrx_word' id='word_1_443' title='bbox 585 4268 769 4307; x_wconf 90' lang='lat' dir='ltr'><strong>eorum</strong></span> <span class='ocrx_word' id='word_1_444' title='bbox 796 4250 935 4306; x_wconf 88' lang='lat' dir='ltr'><strong>facta</strong></span> <span class='ocrx_word' id='word_1_445' title='bbox 966 4252 1346 4320; x_wconf 88' lang='lat' dir='ltr'><strong>scripturarum</strong></span> <span class='ocrx_word' id='word_1_446' title='bbox 1370 4254 1511 4307; x_wconf 88' lang='lat' dir='ltr'><strong>serie</strong></span> <span class='ocrx_word' id='word_1_447' title='bbox 1534 4252 1760 4319; x_wconf 84' lang='lat' dir='ltr'><strong>alligari,</strong></span> 
     </span>
    </p>
   </div>
   <div class='ocr_carea' id='block_1_62' title="bbox 213 4339 1766 4413">
    <p class='ocr_par' dir='ltr' id='par_1_62' title="bbox 213 4339 1766 4413">
     <span class='ocr_line' id='line_1_63' title="bbox 213 4339 1766 4413; baseline -0.006 -10"><span class='ocrx_word' id='word_1_448' title='bbox 213 4363 279 4403; x_wconf 89' lang='lat' dir='ltr'><strong>ne</strong></span> <span class='ocrx_word' id='word_1_449' title='bbox 323 4348 391 4401; x_wconf 86' lang='lat' dir='ltr'><strong>ab</strong></span> <span class='ocrx_word' id='word_1_450' title='bbox 420 4344 687 4413; x_wconf 84' lang='lat' dir='ltr'><strong>aliquibus</strong></span> <span class='ocrx_word' id='word_1_451' title='bbox 714 4342 766 4395; x_wconf 93' lang='lat' dir='ltr'><strong>in</strong></span> <span class='ocrx_word' id='word_1_452' title='bbox 808 4348 1082 4411; x_wconf 86' lang='lat' dir='ltr'><strong>posterum</strong></span> <span class='ocrx_word' id='word_1_453' title='bbox 1109 4340 1285 4394; x_wconf 78' lang='lat' dir='ltr'><strong>valeat</strong></span> <span class='ocrx_word' id='word_1_454' title='bbox 1312 4340 1587 4408; x_wconf 80' lang='lat' dir='ltr'><strong>refragari.</strong></span> <span class='ocrx_word' id='word_1_455' title='bbox 1641 4339 1766 4395; x_wconf 90' lang='lat' dir='ltr'><strong>ldeo</strong></span> 
     </span>
    </p>
   </div>
   <div class='ocr_carea' id='block_1_63' title="bbox 213 4428 1765 4504">
    <p class='ocr_par' dir='ltr' id='par_1_63' title="bbox 213 4428 1765 4504">
     <span class='ocr_line' id='line_1_64' title="bbox 213 4428 1765 4504; baseline -0.005 -14"><span class='ocrx_word' id='word_1_456' title='bbox 213 4437 332 4491; x_wconf 88' lang='lat' dir='ltr'><strong>dum</strong></span> <span class='ocrx_word' id='word_1_457' title='bbox 362 4437 506 4489; x_wconf 90' lang='lat' dir='ltr'><strong>inter</strong></span> <span class='ocrx_word' id='word_1_458' title='bbox 529 4433 676 4488; x_wconf 85' lang='lat' dir='ltr'><strong>illum</strong></span> <span class='ocrx_word' id='word_1_459' title='bbox 704 4440 757 4487; x_wconf 89' lang='lat' dir='ltr'><strong>et</strong></span> <span class='ocrx_word' id='word_1_460' title='bbox 799 4443 1108 4499; x_wconf 86' lang='lat' dir='ltr'><strong>germanum</strong></span> <span class='ocrx_word' id='word_1_461' title='bbox 1136 4442 1288 4504; x_wconf 87' lang='lat' dir='ltr'><strong>suum</strong></span> <span class='ocrx_word' id='word_1_462' title='bbox 1316 4428 1462 4483; x_wconf 89' lang='lat' dir='ltr'><strong>illum</strong></span> <span class='ocrx_word' id='word_1_463' title='bbox 1487 4428 1555 4483; x_wconf 89' lang='lat' dir='ltr'><strong>de</strong></span> <span class='ocrx_word' id='word_1_464' title='bbox 1609 4429 1765 4483; x_wconf 90' lang='lat' dir='ltr'><strong>alode</strong></span> 
     </span>
    </p>
   </div>
   <div class='ocr_carea' id='block_1_64' title="bbox 214 4518 1764 4594">
    <p class='ocr_par' dir='ltr' id='par_1_64' title="bbox 214 4518 1764 4594">
     <span class='ocr_line' id='line_1_65' title="bbox 214 4518 1764 4594; baseline -0.004 -17"><span class='ocrx_word' id='word_1_465' title='bbox 214 4526 512 4594; x_wconf 86' lang='lat' dir='ltr'><strong>genitorum</strong></span> <span class='ocrx_word' id='word_1_466' title='bbox 560 4537 744 4575; x_wconf 88' lang='lat' dir='ltr'><strong>eorum</strong></span> <span class='ocrx_word' id='word_1_467' title='bbox 784 4521 921 4574; x_wconf 88' lang='lat' dir='ltr'><strong>illius</strong></span> <span class='ocrx_word' id='word_1_468' title='bbox 945 4528 1002 4575; x_wconf 90' lang='lat' dir='ltr'><strong>et</strong></span> <span class='ocrx_word' id='word_1_469' title='bbox 1028 4519 1170 4575; x_wconf 88' lang='lat' dir='ltr'><strong>illius</strong></span> <span class='ocrx_word' id='word_1_470' title='bbox 1194 4519 1345 4573; x_wconf 68' lang='lat' dir='ltr'><strong>bona:</strong></span> <span class='ocrx_word' id='word_1_471' title='bbox 1372 4519 1517 4589; x_wconf 87' lang='lat' dir='ltr'><strong>pacis</strong></span> <span class='ocrx_word' id='word_1_472' title='bbox 1546 4518 1764 4587; x_wconf 87' lang='lat' dir='ltr'><strong>placuit,</strong></span> 
     </span>
    </p>
   </div>
   <div class='ocr_carea' id='block_1_65' title="bbox 214 4607 1769 4681">
    <p class='ocr_par' dir='ltr' id='par_1_65' title="bbox 214 4607 1769 4681">
     <span class='ocr_line' id='line_1_66' title="bbox 214 4607 1769 4681; baseline -0.005 -13"><span class='ocrx_word' id='word_1_473' title='bbox 214 4624 370 4681; x_wconf 90' lang='lat' dir='ltr'><strong>atque</strong></span> <span class='ocrx_word' id='word_1_474' title='bbox 392 4611 665 4676; x_wconf 78' lang='lat' dir='ltr'><strong>convenit,</strong></span> <span class='ocrx_word' id='word_1_475' title='bbox 696 4617 755 4663; x_wconf 91' lang='lat' dir='ltr'><strong>ut</strong></span> <span class='ocrx_word' id='word_1_476' title='bbox 801 4624 920 4663; x_wconf 91' lang='lat' dir='ltr'><strong>eam</strong></span> <span class='ocrx_word' id='word_1_477' title='bbox 952 4609 1092 4664; x_wconf 88' lang='lat' dir='ltr'><strong>inter</strong></span> <span class='ocrx_word' id='word_1_478' title='bbox 1135 4623 1193 4664; x_wconf 86' lang='lat' dir='ltr'><strong>se</strong></span> <span class='ocrx_word' id='word_1_479' title='bbox 1231 4618 1479 4663; x_wconf 86' lang='lat' dir='ltr'><strong>manente</strong></span> <span class='ocrx_word' id='word_1_480' title='bbox 1504 4607 1769 4662; x_wconf 87' lang='lat' dir='ltr'><strong>cbaritate</strong></span> 
     </span>
    </p>
   </div>
   <div class='ocr_carea' id='block_1_66' title="bbox 214 4699 1765 4767">
    <p class='ocr_par' dir='ltr' id='par_1_66' title="bbox 214 4699 1765 4767">
     <span class='ocr_line' id='line_1_67' title="bbox 214 4699 1765 4767; baseline -0.002 -10"><span class='ocrx_word' id='word_1_481' title='bbox 214 4704 474 4766; x_wconf 70' lang='lat' dir='ltr'><strong>dividere,</strong></span> <span class='ocrx_word' id='word_1_482' title='bbox 495 4701 575 4753; x_wconf 86' lang='lat' dir='ltr'><strong>vel</strong></span> <span class='ocrx_word' id='word_1_483' title='bbox 591 4713 869 4765; x_wconf 68' lang='lat' dir='ltr'><strong>exaequare</strong></span> <span class='ocrx_word' id='word_1_484' title='bbox 888 4699 1163 4761; x_wconf 84' lang='lat' dir='ltr'><strong>deberent,</strong></span> <span class='ocrx_word' id='word_1_485' title='bbox 1186 4700 1325 4767; x_wconf 86' lang='lat' dir='ltr'><strong>quod</strong></span> <span class='ocrx_word' id='word_1_486' title='bbox 1339 4699 1412 4753; x_wconf 88' lang='lat' dir='ltr'><strong>ita</strong></span> <span class='ocrx_word' id='word_1_487' title='bbox 1434 4707 1490 4752; x_wconf 88' lang='lat' dir='ltr'><strong>et</strong></span> <span class='ocrx_word' id='word_1_488' title='bbox 1510 4700 1765 4754; x_wconf 83' lang='lat' dir='ltr'><strong>fecerunt.</strong></span> 
     </span>
    </p>
   </div>
   <div class='ocr_carea' id='block_1_67' title="bbox 218 4780 1768 4862">
    <p class='ocr_par' dir='ltr' id='par_1_67' title="bbox 218 4780 1768 4862">
     <span class='ocr_line' id='line_1_68' title="bbox 218 4780 1768 4862; baseline -0.005 -14"><span class='ocrx_word' id='word_1_489' title='bbox 218 4792 422 4862; x_wconf 71' lang='lat' dir='ltr'><strong>Accipit</strong></span> <span class='ocrx_word' id='word_1_490' title='bbox 450 4792 627 4859; x_wconf 85' lang='lat' dir='ltr'><strong>itaque</strong></span> <span class='ocrx_word' id='word_1_491' title='bbox 680 4780 772 4844; x_wconf 72' lang='lat' dir='ltr'><strong>ille</strong></span> <span class='ocrx_word' id='word_1_492' title='bbox 798 4788 952 4842; x_wconf 88' lang='lat' dir='ltr'><strong>villas</strong></span> <span class='ocrx_word' id='word_1_493' title='bbox 977 4796 1310 4856; x_wconf 86' lang='lat' dir='ltr'><strong>nuncupatas</strong></span> <span class='ocrx_word' id='word_1_494' title='bbox 1346 4788 1481 4853; x_wconf 90' lang='lat' dir='ltr'><strong>illas,</strong></span> <span class='ocrx_word' id='word_1_495' title='bbox 1517 4788 1648 4843; x_wconf 85' lang='lat' dir='ltr'><strong>sitas</strong></span> <span class='ocrx_word' id='word_1_496' title='bbox 1678 4788 1768 4850; x_wconf 88' lang='lat' dir='ltr'><strong>ibi,</strong></span> 
     </span>
    </p>
   </div>
   <div class='ocr_carea' id='block_1_68' title="bbox 286 4978 1775 5050">
    <p class='ocr_par' dir='ltr' id='par_1_68' title="bbox 286 4978 1775 5050">
     <span class='ocr_line' id='line_1_69' title="bbox 286 4978 1775 5050; baseline -0.003 -14"><span class='ocrx_word' id='word_1_497' title='bbox 286 4990 313 5019; x_wconf 81' lang='grc' dir='ltr'>ι</span> <span class='ocrx_word' id='word_1_498' title='bbox 339 4982 572 5048; x_wconf 81' lang='lat' dir='ltr'><strong>Adoptio</strong></span> <span class='ocrx_word' id='word_1_499' title='bbox 601 4990 701 5043; x_wconf 87' lang='lat' dir='ltr'><strong>est,</strong></span> <span class='ocrx_word' id='word_1_500' title='bbox 729 4997 848 5050; x_wconf 75' lang='lat' dir='ltr'><strong>qua:</strong></span> <span class='ocrx_word' id='word_1_501' title='bbox 876 4989 1053 5035; x_wconf 87' lang='lat' dir='ltr'><strong>tamen</strong></span> <span class='ocrx_word' id='word_1_502' title='bbox 1082 4978 1351 5049; x_wconf 84' lang='lat' dir='ltr'><strong>propriam</strong></span> <span class='ocrx_word' id='word_1_503' title='bbox 1398 4980 1567 5047; x_wconf 77' lang='lat' dir='ltr'><strong>legem</strong></span> <span class='ocrx_word' id='word_1_504' title='bbox 1600 4980 1775 5034; x_wconf 84' lang='lat' dir='ltr'><strong>conti-</strong></span> 
     </span>
    </p>
   </div>
   <div class='ocr_carea' id='block_1_69' title="bbox 223 5050 1772 5121">
    <p class='ocr_par' dir='ltr' id='par_1_69' title="bbox 223 5050 1772 5121">
     <span class='ocr_line' id='line_1_70' title="bbox 223 5050 1772 5121; baseline -0.003 -16"><span class='ocrx_word' id='word_1_505' title='bbox 223 5059 333 5105; x_wconf 87' lang='lat' dir='ltr'><strong>net.</strong></span> <span class='ocrx_word' id='word_1_506' title='bbox 359 5051 447 5105; x_wconf 80' lang='lat' dir='ltr'><strong>Fit</strong></span> <span class='ocrx_word' id='word_1_507' title='bbox 467 5052 605 5121; x_wconf 83' lang='lat' dir='ltr'><strong>enim</strong></span> <span class='ocrx_word' id='word_1_508' title='bbox 651 5052 719 5103; x_wconf 86' lang='lat' dir='ltr'><strong>ab</strong></span> <span class='ocrx_word' id='word_1_509' title='bbox 752 5051 939 5121; x_wconf 78' lang='lat' dir='ltr'><strong>coqui</strong></span> <span class='ocrx_word' id='word_1_510' title='bbox 982 5051 1143 5103; x_wconf 78' lang='lat' dir='ltr'><strong>rebus</strong></span> <span class='ocrx_word' id='word_1_511' title='bbox 1168 5050 1278 5102; x_wconf 88' lang='lat' dir='ltr'><strong>suis</strong></span> <span class='ocrx_word' id='word_1_512' title='bbox 1331 5063 1616 5115; x_wconf 84' lang='lat' dir='ltr'><strong>superesse</strong></span> <span class='ocrx_word' id='word_1_513' title='bbox 1665 5062 1772 5121; x_wconf 83' lang='lat' dir='ltr'><strong>non</strong></span> 
     </span>
    </p>
   </div>
   <div class='ocr_carea' id='block_1_70' title="bbox 222 5117 1775 5189">
    <p class='ocr_par' dir='ltr' id='par_1_70' title="bbox 222 5117 1775 5189">
     <span class='ocr_line' id='line_1_71' title="bbox 222 5117 1775 5189; baseline -0.003 -17"><span class='ocrx_word' id='word_1_514' title='bbox 222 5128 441 5189; x_wconf 80' lang='lat' dir='ltr'><strong>potest;</strong></span> <span class='ocrx_word' id='word_1_515' title='bbox 472 5117 695 5189; x_wconf 86' lang='lat' dir='ltr'><strong>ideoque</strong></span> <span class='ocrx_word' id='word_1_516' title='bbox 718 5118 1186 5189; x_wconf 52' lang='lat' dir='ltr'><strong>statim‘bonorum</strong></span> <span class='ocrx_word' id='word_1_517' title='bbox 1232 5132 1449 5189; x_wconf 80' lang='lat' dir='ltr'><strong>suorum</strong></span> <span class='ocrx_word' id='word_1_518' title='bbox 1478 5117 1775 5189; x_wconf 60' lang='lat' dir='ltr'><strong>possessio-</strong></span> 
     </span>
    </p>
   </div>
   <div class='ocr_carea' id='block_1_71' title="bbox 225 5184 1773 5269">
    <p class='ocr_par' dir='ltr' id='par_1_71' title="bbox 225 5184 1773 5269">
     <span class='ocr_line' id='line_1_72' title="bbox 225 5184 1773 5269; baseline -0.003 -27"><span class='ocrx_word' id='word_1_519' title='bbox 225 5184 343 5242; x_wconf 79' lang='lat' dir='ltr'><strong>nem</strong></span> <span class='ocrx_word' id='word_1_520' title='bbox 362 5188 418 5269; x_wconf 64' lang='lat' dir='ltr'><strong>in</strong></span> <span class='ocrx_word' id='word_1_521' title='bbox 442 5184 1041 5269; x_wconf 63' lang='lat' dir='ltr'><strong>adoptatumtransfert,</strong></span> <span class='ocrx_word' id='word_1_522' title='bbox 1063 5185 1456 5269; x_wconf 48' lang='lat' dir='ltr'><strong>tea-conditione</strong></span> <span class='ocrx_word' id='word_1_523' title='bbox 1474 5192 1529 5238; x_wconf 91' lang='lat' dir='ltr'><strong>ut</strong></span> <span class='ocrx_word' id='word_1_524' title='bbox 1558 5185 1773 5261; x_wconf 80' lang='lat' dir='ltr'><strong>victum,</strong></span> 
     </span>
    </p>
   </div>
   <div class='ocr_carea' id='block_1_72' title="bbox 223 5254 1775 5385">
    <p class='ocr_par' dir='ltr' id='par_1_72' title="bbox 223 5254 1775 5385">
     <span class='ocr_line' id='line_1_73' title="bbox 223 5254 1735 5373; baseline 0.001 -66"><span class='ocrx_word' id='word_1_525' title='bbox 223 5256 460 5327; x_wconf 87' lang='lat' dir='ltr'><strong>quandiu</strong></span> <span class='ocrx_word' id='word_1_526' title='bbox 483 5254 691 5315; x_wconf 75' lang='lat' dir='ltr'><strong>vixerit,</strong></span> <span class='ocrx_word' id='word_1_527' title='bbox 708 5255 756 5307; x_wconf 91' lang='lat' dir='ltr'><strong>ei</strong></span> <span class='ocrx_word' id='word_1_528' title='bbox 783 5254 1103 5373; x_wconf 70' lang='lat' dir='ltr'><strong>suppeditet.</strong></span> <span class='ocrx_word' id='word_1_529' title='bbox 1130 5254 1281 5310; x_wconf 72' lang='lat' dir='ltr'><strong>Btcu.</strong></span> <span class='ocrx_word' id='word_1_530' title='bbox 1724 5254 1735 5261; x_wconf 88' lang='grc'><em>’</em></span> 
     </span>
     <span class='ocr_line' id='line_1_74' title="bbox 294 5314 1775 5385; baseline 0 -12"><span class='ocrx_word' id='word_1_531' title='bbox 294 5321 318 5358; x_wconf 68' lang='grc' dir='ltr'>δ</span> <span class='ocrx_word' id='word_1_532' title='bbox 352 5322 609 5383; x_wconf 83' lang='lat' dir='ltr'><strong>Parentes</strong></span> <span class='ocrx_word' id='word_1_533' title='bbox 630 5326 734 5381; x_wconf 77' lang='lat' dir='ltr'><strong>hic,</strong></span> <span class='ocrx_word' id='word_1_534' title='bbox 766 5333 819 5376; x_wconf 91' lang='lat' dir='ltr'><strong>et</strong></span> <span class='ocrx_word' id='word_1_535' title='bbox 858 5336 885 5372; x_wconf 85' lang='lat' dir='ltr'><strong>a</strong></span> <span class='ocrx_word' id='word_1_536' title='bbox 912 5320 980 5372; x_wconf 89' lang='lat' dir='ltr'><strong>ibi</strong></span> <span class='ocrx_word' id='word_1_537' title='bbox 1003 5335 1105 5373; x_wconf 90' lang='lat' dir='ltr'><strong>non</strong></span> <span class='ocrx_word' id='word_1_538' title='bbox 1146 5325 1295 5385; x_wconf 75' lang='lat' dir='ltr'><strong>raro,“</strong></span> <span class='ocrx_word' id='word_1_539' title='bbox 1317 5314 1567 5375; x_wconf 61' lang='lat' dir='ltr'><strong>dicitntur</strong></span> <span class='ocrx_word' id='word_1_540' title='bbox 1613 5320 1664 5373; x_wconf 93' lang='lat' dir='ltr'><strong>in</strong></span> <span class='ocrx_word' id='word_1_541' title='bbox 1714 5335 1775 5373; x_wconf 88' lang='lat' dir='ltr'><strong>ea</strong></span> 
     </span>
    </p>
   </div>
   <div class='ocr_carea' id='block_1_73' title="bbox 226 5388 1780 5458">
    <p class='ocr_par' dir='ltr' id='par_1_73' title="bbox 226 5388 1780 5458">
     <span class='ocr_line' id='line_1_75' title="bbox 226 5388 1780 5458; baseline -0.003 -12"><span class='ocrx_word' id='word_1_542' title='bbox 226 5389 641 5454; x_wconf 55' lang='lat' dir='ltr'><strong>signiﬁcatione,</strong></span> <span class='ocrx_word' id='word_1_543' title='bbox 691 5406 847 5458; x_wconf 87' lang='lat' dir='ltr'><strong>quam</strong></span> <span class='ocrx_word' id='word_1_544' title='bbox 905 5388 1078 5458; x_wconf 13' lang='lat' dir='ltr'><strong>vulgo,</strong></span> <span class='ocrx_word' id='word_1_545' title='bbox 1115 5390 1273 5443; x_wconf 85' lang='lat' dir='ltr'><strong>hodie</strong></span> <span class='ocrx_word' id='word_1_546' title='bbox 1319 5391 1629 5451; x_wconf 86' lang='lat' dir='ltr'><strong>retinemus,</strong></span> <span class='ocrx_word' id='word_1_547' title='bbox 1682 5404 1780 5456; x_wconf 90' lang='lat' dir='ltr'><strong>pro</strong></span> 
     </span>
    </p>
   </div>
   <div class='ocr_carea' id='block_1_74' title="bbox 226 5456 1781 5582">
    <p class='ocr_par' dir='ltr' id='par_1_74' title="bbox 226 5456 1781 5582">
     <span class='ocr_line' id='line_1_76' title="bbox 226 5456 1781 5582; baseline -0.001 -72"><span class='ocrx_word' id='word_1_548' title='bbox 226 5461 631 5582; x_wconf 41' lang='lat' dir='ltr'><strong>«iniungo:th</strong></span> <span class='ocrx_word' id='word_1_549' title='bbox 695 5456 951 5527; x_wconf 77' lang='lat' dir='ltr'><strong>proximis</strong></span> <span class='ocrx_word' id='word_1_550' title='bbox 1002 5456 1086 5509; x_wconf 87' lang='lat' dir='ltr'><strong>vel</strong></span> <span class='ocrx_word' id='word_1_551' title='bbox 1154 5460 1616 5526; x_wconf 81' lang='lat' dir='ltr'><strong>consanguinitate</strong></span> <span class='ocrx_word' id='word_1_552' title='bbox 1656 5462 1781 5524; x_wconf 85' lang='lat' dir='ltr'><strong>jun-</strong></span> 
     </span>
    </p>
   </div>
   <div class='ocr_carea' id='block_1_75' title="bbox 294 5591 1676 5653">
    <p class='ocr_par' dir='ltr' id='par_1_75' title="bbox 294 5591 1676 5653">
     <span class='ocr_line' id='line_1_77' title="bbox 294 5591 1676 5653; baseline -0.001 -6"><span class='ocrx_word' id='word_1_553' title='bbox 294 5606 322 5636; x_wconf 76' lang='grc'><strong><em>⁸</em></strong></span> <span class='ocrx_word' id='word_1_554' title='bbox 353 5594 557 5649; x_wconf 73' lang='lat' dir='ltr'><strong>Ralm...</strong></span> <span class='ocrx_word' id='word_1_555' title='bbox 588 5600 695 5645; x_wconf 80' lang='lat' dir='ltr'><strong>tuta</strong></span> <span class='ocrx_word' id='word_1_556' title='bbox 720 5596 958 5647; x_wconf 78' lang='lat' dir='ltr'><strong>servanti.</strong></span> <span class='ocrx_word' id='word_1_557' title='bbox 979 5591 1282 5653; x_wconf 85' lang='lat' dir='ltr'><strong>Lindenbr.,</strong></span> <span class='ocrx_word' id='word_1_558' title='bbox 1312 5602 1414 5645; x_wconf 82' lang='lat' dir='ltr'><strong>tota</strong></span> <span class='ocrx_word' id='word_1_559' title='bbox 1440 5596 1676 5646; x_wconf 77' lang='lat' dir='ltr'><strong>seruaui.</strong></span> 
     </span>
    </p>
   </div>
   <div class='ocr_carea' id='block_1_76' title="bbox 298 5661 1781 5727">
    <p class='ocr_par' dir='ltr' id='par_1_76' title="bbox 298 5661 1781 5727">
     <span class='ocr_line' id='line_1_78' title="bbox 298 5661 1781 5727; baseline -0.003 -11"><span class='ocrx_word' id='word_1_560' title='bbox 298 5662 324 5701; x_wconf 76' lang='grc'><strong><em>⁸</em></strong></span> <span class='ocrx_word' id='word_1_561' title='bbox 355 5661 795 5727; x_wconf 63' lang='grc' dir='ltr'><strong>Ιιίηιὶυιιιιτοκὶυε.</strong></span> <span class='ocrx_word' id='word_1_562' title='bbox 819 5678 1169 5727; x_wconf 80' lang='lat' dir='ltr'><strong>prosperumve</strong></span> <span class='ocrx_word' id='word_1_563' title='bbox 1186 5663 1391 5716; x_wconf 57' lang='lat' dir='ltr'><strong>nenia!</strong></span> <span class='ocrx_word' id='word_1_564' title='bbox 1414 5663 1781 5725; x_wconf 79' lang='lat' dir='ltr'><strong>desponsandis</strong></span> 
     </span>
    </p>
   </div>
   <div class='ocr_carea' id='block_1_77' title="bbox 231 5728 1777 5799">
    <p class='ocr_par' dir='ltr' id='par_1_77' title="bbox 231 5728 1777 5799">
     <span class='ocr_line' id='line_1_79' title="bbox 231 5728 1777 5799; baseline -0.003 -15"><span class='ocrx_word' id='word_1_565' title='bbox 231 5732 636 5799; x_wconf 60' lang='lat' dir='ltr'><strong>uitandaque</strong></span> <span class='ocrx_word' id='word_1_566' title='bbox 681 5728 963 5795; x_wconf 80' lang='lat' dir='ltr'><strong>ordinibus,</strong></span> <span class='ocrx_word' id='word_1_567' title='bbox 997 5746 1057 5783; x_wconf 81' lang='lat' dir='ltr'><strong>ac</strong></span> <span class='ocrx_word' id='word_1_568' title='bbox 1099 5730 1440 5794; x_wconf 74' lang='lat' dir='ltr'><strong>procreationi</strong></span> <span class='ocrx_word' id='word_1_569' title='bbox 1486 5731 1777 5791; x_wconf 82' lang='lat' dir='ltr'><strong>liberorum,</strong></span> 
     </span>
    </p>
   </div>
   <div class='ocr_carea' id='block_1_78' title="bbox 1798 4475 1848 4536">
    <p class='ocr_par' dir='ltr' id='par_1_78' title="bbox 1798 4475 1848 4536">
     <span class='ocr_line' id='line_1_80' title="bbox 1798 4475 1848 4536; baseline 0 0"><span class='ocrx_word' id='word_1_570' title='bbox 1798 4475 1848 4536; x_wconf 75' lang='grc' dir='ltr'>Β</span> 
     </span>
    </p>
   </div>
   <div class='ocr_carea' id='block_1_79' title="bbox 1844 1912 3411 1986">
    <p class='ocr_par' dir='ltr' id='par_1_79' title="bbox 1844 1912 3411 1986">
     <span class='ocr_line' id='line_1_81' title="bbox 1844 1912 3411 1986; baseline 0.007 -22"><span class='ocrx_word' id='word_1_571' title='bbox 1844 1912 1985 1965; x_wconf 83' lang='lat' dir='ltr'><strong>actio</strong></span> <span class='ocrx_word' id='word_1_572' title='bbox 2036 1912 2180 1965; x_wconf 90' lang='lat' dir='ltr'><strong>omni</strong></span> <span class='ocrx_word' id='word_1_573' title='bbox 2208 1921 2455 1982; x_wconf 90' lang='lat' dir='ltr'><strong>tempore</strong></span> <span class='ocrx_word' id='word_1_574' title='bbox 2496 1912 2649 1967; x_wconf 86' lang='lat' dir='ltr'><strong>lirma</strong></span> <span class='ocrx_word' id='word_1_575' title='bbox 2703 1923 3044 1985; x_wconf 78' lang='lat' dir='ltr'><strong>permaneat,</strong></span> <span class='ocrx_word' id='word_1_576' title='bbox 3064 1916 3411 1986; x_wconf 74' lang='lat' dir='ltr'><strong>stipulatione</strong></span> 
     </span>
    </p>
   </div>
   <div class='ocr_carea' id='block_1_80' title="bbox 1840 2000 2473 2069">
    <p class='ocr_par' dir='ltr' id='par_1_80' title="bbox 1840 2000 2473 2069">
     <span class='ocr_line' id='line_1_82' title="bbox 1840 2000 2473 2069; baseline 0.005 -11"><span class='ocrx_word' id='word_1_577' title='bbox 1840 2000 2090 2058; x_wconf 86' lang='lat' dir='ltr'><strong>subnixa.</strong></span> <span class='ocrx_word' id='word_1_578' title='bbox 2129 2002 2341 2069; x_wconf 78' lang='lat' dir='ltr'><strong>Actum,</strong></span> <span class='ocrx_word' id='word_1_579' title='bbox 2369 2010 2473 2061; x_wconf 80' lang='lat' dir='ltr'><strong>etc.</strong></span> 
     </span>
    </p>
   </div>
   <div class='ocr_carea' id='block_1_81' title="bbox 2440 2135 2838 2192">
    <p class='ocr_par' dir='ltr' id='par_1_81' title="bbox 2440 2135 2838 2192">
     <span class='ocr_line' id='line_1_83' title="bbox 2440 2135 2838 2192; baseline -0.003 -1"><span class='ocrx_word' id='word_1_580' title='bbox 2440 2136 2663 2192; x_wconf 81' lang='lat' dir='ltr'><strong>CAPUT</strong></span> <span class='ocrx_word' id='word_1_581' title='bbox 2685 2135 2798 2191; x_wconf 79' lang='lat' dir='ltr'><strong>XV.</strong></span> <span class='ocrx_word' id='word_1_582' title='bbox 2824 2169 2838 2189; x_wconf 85' lang='lat'><strong>.</strong></span> 
     </span>
    </p>
   </div>
   <div class='ocr_carea' id='block_1_82' title="bbox 2420 2264 2829 2320">
    <p class='ocr_par' dir='ltr' id='par_1_82' title="bbox 2420 2264 2829 2320">
     <span class='ocr_line' id='line_1_84' title="bbox 2420 2264 2829 2320; baseline 0.005 -2"><span class='ocrx_word' id='word_1_583' title='bbox 2420 2264 2649 2320; x_wconf 74' lang='lat' dir='ltr'><strong>Libellus</strong></span> <span class='ocrx_word' id='word_1_584' title='bbox 2674 2266 2829 2320; x_wconf 82' lang='lat' dir='ltr'><strong>dotis.</strong></span> 
     </span>
    </p>
   </div>
   <div class='ocr_carea' id='block_1_83' title="bbox 1914 2374 3406 2447">
    <p class='ocr_par' dir='ltr' id='par_1_83' title="bbox 1914 2374 3406 2447">
     <span class='ocr_line' id='line_1_85' title="bbox 1914 2374 3406 2447; baseline 0.005 -18"><span class='ocrx_word' id='word_1_585' title='bbox 1914 2375 2068 2443; x_wconf 86' lang='lat' dir='ltr'><strong>Quod</strong></span> <span class='ocrx_word' id='word_1_586' title='bbox 2095 2374 2601 2441; x_wconf 79' lang='lat' dir='ltr'><strong>bonum,&#39;faustum,</strong></span> <span class='ocrx_word' id='word_1_587' title='bbox 2624 2374 2749 2429; x_wconf 85' lang='lat' dir='ltr'><strong>felix</strong></span> <span class='ocrx_word' id='word_1_588' title='bbox 2774 2389 3155 2447; x_wconf 86' lang='lat' dir='ltr'><strong>prosperumve</strong></span> <span class='ocrx_word' id='word_1_589' title='bbox 3174 2382 3406 2440; x_wconf 88' lang='lat' dir='ltr'><strong>eveniat.</strong></span> 
     </span>
    </p>
   </div>
   <div class='ocr_carea' id='block_1_84' title="bbox 1846 2462 3413 2537">
    <p class='ocr_par' dir='ltr' id='par_1_84' title="bbox 1846 2462 3413 2537">
     <span class='ocr_line' id='line_1_86' title="bbox 1846 2462 3413 2537; baseline 0.001 -19"><span class='ocrx_word' id='word_1_590' title='bbox 1846 2464 1923 2520; x_wconf 87' lang='lat' dir='ltr'><strong>De</strong></span> <span class='ocrx_word' id='word_1_591' title='bbox 1938 2463 2341 2533; x_wconf 68' lang='lat' dir='ltr'><strong>‘disponsandis</strong></span> <span class='ocrx_word' id='word_1_592' title='bbox 2356 2463 2772 2534; x_wconf 87' lang='lat' dir='ltr'><strong>maritaudisque</strong></span> <span class='ocrx_word' id='word_1_593' title='bbox 2783 2462 3081 2531; x_wconf 88' lang='lat' dir='ltr'><strong>ordinibus,</strong></span> <span class='ocrx_word' id='word_1_594' title='bbox 3093 2481 3157 2522; x_wconf 88' lang='lat' dir='ltr'><strong>ac</strong></span> <span class='ocrx_word' id='word_1_595' title='bbox 3169 2483 3413 2537; x_wconf 82' lang='lat' dir='ltr'><strong>procrea-</strong></span> 
     </span>
    </p>
   </div>
   <div class='ocr_carea' id='block_1_85' title="bbox 1847 2552 3410 2624">
    <p class='ocr_par' dir='ltr' id='par_1_85' title="bbox 1847 2552 3410 2624">
     <span class='ocr_line' id='line_1_87' title="bbox 1847 2552 3410 2624; baseline 0.004 -17"><span class='ocrx_word' id='word_1_596' title='bbox 1847 2553 1982 2608; x_wconf 89' lang='lat' dir='ltr'><strong>tioni</strong></span> <span class='ocrx_word' id='word_1_597' title='bbox 2028 2553 2343 2619; x_wconf 89' lang='lat' dir='ltr'><strong>liberorum,</strong></span> <span class='ocrx_word' id='word_1_598' title='bbox 2372 2561 2396 2591; x_wconf 76' lang='grc' dir='ltr'>σ</span> <span class='ocrx_word' id='word_1_599' title='bbox 2452 2552 2627 2607; x_wconf 85' lang='lat' dir='ltr'><strong>causis</strong></span> <span class='ocrx_word' id='word_1_600' title='bbox 2656 2558 2776 2621; x_wconf 66' lang='lat' dir='ltr'><strong>quat</strong></span> <span class='ocrx_word' id='word_1_601' title='bbox 2802 2560 2927 2607; x_wconf 87' lang='lat' dir='ltr'><strong>sunt</strong></span> <span class='ocrx_word' id='word_1_602' title='bbox 2956 2558 3296 2624; x_wconf 69' lang='lat' dir='ltr'><strong>necessariae,</strong></span> <span class='ocrx_word' id='word_1_603' title='bbox 3350 2567 3410 2613; x_wconf 92' lang='lat' dir='ltr'><strong>ut</strong></span> 
     </span>
    </p>
   </div>
   <div class='ocr_carea' id='block_1_86' title="bbox 1848 2637 3410 2714">
    <p class='ocr_par' dir='ltr' id='par_1_86' title="bbox 1848 2637 3410 2714">
     <span class='ocr_line' id='line_1_88' title="bbox 1848 2637 3410 2714; baseline 0.003 -19"><span class='ocrx_word' id='word_1_604' title='bbox 1848 2640 2022 2695; x_wconf 89' lang='lat' dir='ltr'><strong>omnis</strong></span> <span class='ocrx_word' id='word_1_605' title='bbox 2053 2640 2216 2693; x_wconf 88' lang='lat' dir='ltr'><strong>etiam</strong></span> <span class='ocrx_word' id='word_1_606' title='bbox 2245 2637 2485 2701; x_wconf 85' lang='lat' dir='ltr'><strong>donatio,</strong></span> <span class='ocrx_word' id='word_1_607' title='bbox 2514 2652 2611 2707; x_wconf 89' lang='lat' dir='ltr'><strong>per</strong></span> <span class='ocrx_word' id='word_1_608' title='bbox 2634 2638 3017 2708; x_wconf 89' lang='lat' dir='ltr'><strong>scripturarum</strong></span> <span class='ocrx_word' id='word_1_609' title='bbox 3055 2642 3268 2708; x_wconf 85' lang='lat' dir='ltr'><strong>seriem,</strong></span> <span class='ocrx_word' id='word_1_610' title='bbox 3291 2645 3410 2714; x_wconf 89' lang='lat' dir='ltr'><strong>ple-</strong></span> 
     </span>
    </p>
   </div>
   <div class='ocr_carea' id='block_1_87' title="bbox 1851 2716 3411 2800">
    <p class='ocr_par' dir='ltr' id='par_1_87' title="bbox 1851 2716 3411 2800">
     <span class='ocr_line' id='line_1_89' title="bbox 1851 2716 3411 2800; baseline 0.004 -16"><span class='ocrx_word' id='word_1_611' title='bbox 1851 2716 2061 2784; x_wconf 82' lang='lat' dir='ltr'><strong>niorem</strong></span> <span class='ocrx_word' id='word_1_612' title='bbox 2112 2728 2355 2784; x_wconf 89' lang='lat' dir='ltr'><strong>obtineat</strong></span> <span class='ocrx_word' id='word_1_613' title='bbox 2397 2728 2725 2783; x_wconf 77' lang='lat' dir='ltr'><strong>ﬁrmitatem.</strong></span> <span class='ocrx_word' id='word_1_614' title='bbox 2763 2730 2934 2785; x_wconf 88' lang='lat' dir='ltr'><strong>Donat</strong></span> <span class='ocrx_word' id='word_1_615' title='bbox 2977 2731 3141 2800; x_wconf 85' lang='lat' dir='ltr'><strong>igitur</strong></span> <span class='ocrx_word' id='word_1_616' title='bbox 3169 2732 3257 2789; x_wconf 89' lang='lat' dir='ltr'><strong>ille</strong></span> <span class='ocrx_word' id='word_1_617' title='bbox 3306 2734 3411 2791; x_wconf 88' lang='lat' dir='ltr'><strong>bo-</strong></span> 
     </span>
    </p>
   </div>
   <div class='ocr_carea' id='block_1_88' title="bbox 1850 2817 3413 2890">
    <p class='ocr_par' dir='ltr' id='par_1_88' title="bbox 1850 2817 3413 2890">
     <span class='ocr_line' id='line_1_90' title="bbox 1850 2817 3413 2890; baseline 0.003 -17"><span class='ocrx_word' id='word_1_618' title='bbox 1850 2827 2012 2873; x_wconf 77' lang='lat' dir='ltr'><strong>nesta:</strong></span> <span class='ocrx_word' id='word_1_619' title='bbox 2058 2817 2270 2887; x_wconf 71' lang='lat' dir='ltr'><strong>puellae,</strong></span> <span class='ocrx_word' id='word_1_620' title='bbox 2305 2818 2423 2871; x_wconf 91' lang='lat' dir='ltr'><strong>nuri</strong></span> <span class='ocrx_word' id='word_1_621' title='bbox 2453 2832 2562 2875; x_wconf 64' lang='lat' dir='ltr'><strong>suae</strong></span> <span class='ocrx_word' id='word_1_622' title='bbox 2617 2818 2692 2872; x_wconf 85' lang='lat' dir='ltr'><strong>illi</strong></span> <span class='ocrx_word' id='word_1_623' title='bbox 2730 2832 2940 2887; x_wconf 77' lang='lat' dir='ltr'><strong>sponsa:</strong></span> <span class='ocrx_word' id='word_1_624' title='bbox 2981 2820 3075 2875; x_wconf 83' lang='lat' dir='ltr'><strong>lilii</strong></span> <span class='ocrx_word' id='word_1_625' title='bbox 3131 2823 3213 2878; x_wconf 89' lang='lat' dir='ltr'><strong>sui</strong></span> <span class='ocrx_word' id='word_1_626' title='bbox 3250 2822 3413 2890; x_wconf 82' lang='lat' dir='ltr'><strong>illius,</strong></span> 
     </span>
    </p>
   </div>
   <div class='ocr_carea' id='block_1_89' title="bbox 1850 2905 3414 2979">
    <p class='ocr_par' dir='ltr' id='par_1_89' title="bbox 1850 2905 3414 2979">
     <span class='ocr_line' id='line_1_91' title="bbox 1850 2905 3414 2979; baseline 0.006 -18"><span class='ocrx_word' id='word_1_627' title='bbox 1850 2917 1977 2961; x_wconf 88' lang='lat' dir='ltr'><strong>ante</strong></span> <span class='ocrx_word' id='word_1_628' title='bbox 1998 2908 2136 2962; x_wconf 89' lang='lat' dir='ltr'><strong>diem</strong></span> <span class='ocrx_word' id='word_1_629' title='bbox 2161 2905 2539 2977; x_wconf 69' lang='lat' dir='ltr'><strong>&quot;nuptiarum,</strong></span> <span class='ocrx_word' id='word_1_630' title='bbox 2590 2906 3001 2979; x_wconf 83' lang='lat' dir='ltr'><strong>donationisque</strong></span> <span class='ocrx_word' id='word_1_631' title='bbox 3029 2913 3209 2968; x_wconf 89' lang='lat' dir='ltr'><strong>animo</strong></span> <span class='ocrx_word' id='word_1_632' title='bbox 3238 2922 3414 2971; x_wconf 83' lang='lat' dir='ltr'><strong>trans-</strong></span> 
     </span>
    </p>
   </div>
   <div class='ocr_carea' id='block_1_90' title="bbox 1855 2997 3415 3073">
    <p class='ocr_par' dir='ltr' id='par_1_90' title="bbox 1855 2997 3415 3073">
     <span class='ocr_line' id='line_1_92' title="bbox 1855 2997 3415 3073; baseline 0.004 -21"><span class='ocrx_word' id='word_1_633' title='bbox 1855 2999 1976 3073; x_wconf 85' lang='lat' dir='ltr'><strong>fert,</strong></span> <span class='ocrx_word' id='word_1_634' title='bbox 2014 3009 2107 3052; x_wconf 90' lang='lat' dir='ltr'><strong>aut</strong></span> <span class='ocrx_word' id='word_1_635' title='bbox 2144 2997 2469 3063; x_wconf 88' lang='lat' dir='ltr'><strong>transcribit,</strong></span> <span class='ocrx_word' id='word_1_636' title='bbox 2516 2998 2618 3052; x_wconf 84' lang='lat' dir='ltr'><strong>hoc</strong></span> <span class='ocrx_word' id='word_1_637' title='bbox 2658 3006 2740 3052; x_wconf 86' lang='lat' dir='ltr'><strong>est</strong></span> <span class='ocrx_word' id='word_1_638' title='bbox 2763 2999 2815 3052; x_wconf 92' lang='lat' dir='ltr'><strong>in</strong></span> <span class='ocrx_word' id='word_1_639' title='bbox 2847 3008 3015 3068; x_wconf 88' lang='lat' dir='ltr'><strong>tanto,</strong></span> <span class='ocrx_word' id='word_1_640' title='bbox 3053 3000 3195 3056; x_wconf 90' lang='lat' dir='ltr'><strong>dono</strong></span> <span class='ocrx_word' id='word_1_641' title='bbox 3234 3003 3415 3059; x_wconf 83' lang='lat' dir='ltr'><strong>villam</strong></span> 
     </span>
    </p>
   </div>
   <div class='ocr_carea' id='block_1_91' title="bbox 1856 3089 3416 3159">
    <p class='ocr_par' dir='ltr' id='par_1_91' title="bbox 1856 3089 3416 3159">
     <span class='ocr_line' id='line_1_93' title="bbox 1856 3089 3416 3159; baseline 0.001 -14"><span class='ocrx_word' id='word_1_642' title='bbox 1856 3097 2217 3159; x_wconf 86' lang='lat' dir='ltr'><strong>nuncupatam</strong></span> <span class='ocrx_word' id='word_1_643' title='bbox 2258 3090 2602 3156; x_wconf 87' lang='lat' dir='ltr'><strong>illam,_sitam</strong></span> <span class='ocrx_word' id='word_1_644' title='bbox 2625 3089 2720 3153; x_wconf 90' lang='lat' dir='ltr'><strong>ibi,</strong></span> <span class='ocrx_word' id='word_1_645' title='bbox 2742 3105 2862 3144; x_wconf 90' lang='lat' dir='ltr'><strong>cum</strong></span> <span class='ocrx_word' id='word_1_646' title='bbox 2883 3091 3145 3158; x_wconf 83' lang='lat' dir='ltr'><strong>condigna</strong></span> <span class='ocrx_word' id='word_1_647' title='bbox 3166 3091 3231 3145; x_wconf 93' lang='lat' dir='ltr'><strong>ad</strong></span> <span class='ocrx_word' id='word_1_648' title='bbox 3261 3091 3416 3147; x_wconf 86' lang='lat' dir='ltr'><strong>babi-</strong></span> 
     </span>
    </p>
   </div>
   <div class='ocr_carea' id='block_1_92' title="bbox 1857 3178 3410 3252">
    <p class='ocr_par' dir='ltr' id='par_1_92' title="bbox 1857 3178 3410 3252">
     <span class='ocr_line' id='line_1_94' title="bbox 1857 3178 3410 3252; baseline 0.003 -18"><span class='ocrx_word' id='word_1_649' title='bbox 1857 3180 2095 3243; x_wconf 86' lang='lat' dir='ltr'><strong>tattdum,</strong></span> <span class='ocrx_word' id='word_1_650' title='bbox 2138 3180 2222 3233; x_wconf 88' lang='lat' dir='ltr'><strong>vel</strong></span> <span class='ocrx_word' id='word_1_651' title='bbox 2262 3194 2476 3233; x_wconf 90' lang='lat' dir='ltr'><strong>omnem</strong></span> <span class='ocrx_word' id='word_1_652' title='bbox 2499 3178 2865 3247; x_wconf 86' lang='lat' dir='ltr'><strong>integritatem</strong></span> <span class='ocrx_word' id='word_1_653' title='bbox 2909 3179 3103 3234; x_wconf 85' lang='lat' dir='ltr'><strong>ibidem</strong></span> <span class='ocrx_word' id='word_1_654' title='bbox 3142 3182 3410 3252; x_wconf 85' lang='lat' dir='ltr'><strong>aspicien-</strong></span> 
     </span>
    </p>
   </div>
   <div class='ocr_carea' id='block_1_93' title="bbox 1856 3266 3416 3333">
    <p class='ocr_par' dir='ltr' id='par_1_93' title="bbox 1856 3266 3416 3333">
     <span class='ocr_line' id='line_1_95' title="bbox 1856 3266 3416 3333; baseline 0.002 -10"><span class='ocrx_word' id='word_1_655' title='bbox 1856 3277 1963 3323; x_wconf 84' lang='lat' dir='ltr'><strong>tem</strong></span> <span class='ocrx_word' id='word_1_656' title='bbox 1988 3288 1999 3322; x_wconf 92' lang='lat'>:</span> <span class='ocrx_word' id='word_1_657' title='bbox 2035 3266 2280 3321; x_wconf 86' lang='lat' dir='ltr'><strong>similiter</strong></span> <span class='ocrx_word' id='word_1_658' title='bbox 2314 3275 2369 3321; x_wconf 90' lang='lat' dir='ltr'><strong>et</strong></span> <span class='ocrx_word' id='word_1_659' title='bbox 2392 3267 2445 3322; x_wconf 91' lang='lat' dir='ltr'><strong>in</strong></span> <span class='ocrx_word' id='word_1_660' title='bbox 2468 3266 2608 3321; x_wconf 91' lang='lat' dir='ltr'><strong>dotis</strong></span> <span class='ocrx_word' id='word_1_661' title='bbox 2628 3267 2839 3324; x_wconf 87' lang='lat' dir='ltr'><strong>titulum</strong></span> <span class='ocrx_word' id='word_1_662' title='bbox 2863 3266 2996 3323; x_wconf 89' lang='lat' dir='ltr'><strong>alias</strong></span> <span class='ocrx_word' id='word_1_663' title='bbox 3018 3268 3168 3325; x_wconf 86' lang='lat' dir='ltr'><strong>villas</strong></span> <span class='ocrx_word' id='word_1_664' title='bbox 3200 3285 3416 3333; x_wconf 82' lang='lat' dir='ltr'><strong>nuncu-</strong></span> 
     </span>
    </p>
   </div>
   <div class='ocr_carea' id='block_1_94' title="bbox 1855 3358 3421 3430">
    <p class='ocr_par' dir='ltr' id='par_1_94' title="bbox 1855 3358 3421 3430">
     <span class='ocr_line' id='line_1_96' title="bbox 1855 3358 3421 3430; baseline 0.004 -17"><span class='ocrx_word' id='word_1_665' title='bbox 1855 3368 2008 3430; x_wconf 89' lang='lat' dir='ltr'><strong>patas</strong></span> <span class='ocrx_word' id='word_1_666' title='bbox 2028 3359 2165 3427; x_wconf 88' lang='lat' dir='ltr'><strong>illas,</strong></span> <span class='ocrx_word' id='word_1_667' title='bbox 2186 3359 2315 3427; x_wconf 85' lang='lat' dir='ltr'><strong>sitas</strong></span> <span class='ocrx_word' id='word_1_668' title='bbox 2336 3358 2428 3423; x_wconf 85' lang='lat' dir='ltr'><strong>ibi,</strong></span> <span class='ocrx_word' id='word_1_669' title='bbox 2453 3360 2713 3428; x_wconf 87' lang='lat' dir='ltr'><strong>mancipia</strong></span> <span class='ocrx_word' id='word_1_670' title='bbox 2736 3366 2883 3414; x_wconf 89' lang='lat' dir='ltr'><strong>tanta</strong></span> <span class='ocrx_word' id='word_1_671' title='bbox 2909 3360 2997 3415; x_wconf 89' lang='lat' dir='ltr'><strong>illa</strong></span> <span class='ocrx_word' id='word_1_672' title='bbox 3018 3369 3075 3416; x_wconf 92' lang='lat' dir='ltr'><strong>et</strong></span> <span class='ocrx_word' id='word_1_673' title='bbox 3095 3362 3207 3428; x_wconf 91' lang='lat' dir='ltr'><strong>illa,</strong></span> <span class='ocrx_word' id='word_1_674' title='bbox 3233 3374 3260 3411; x_wconf 73' lang='grc' dir='ltr'><strong>κ</strong></span> <span class='ocrx_word' id='word_1_675' title='bbox 3281 3364 3421 3420; x_wconf 79' lang='lat' dir='ltr'><strong>inter</strong></span> 
     </span>
    </p>
   </div>
   <div class='ocr_carea' id='block_1_95' title="bbox 1857 3448 3423 3518">
    <p class='ocr_par' dir='ltr' id='par_1_95' title="bbox 1857 3448 3423 3518">
     <span class='ocr_line' id='line_1_97' title="bbox 1857 3448 3423 3518; baseline 0.004 -18"><span class='ocrx_word' id='word_1_676' title='bbox 1857 3464 2043 3502; x_wconf 89' lang='lat' dir='ltr'><strong>aurum</strong></span> <span class='ocrx_word' id='word_1_677' title='bbox 2088 3456 2143 3503; x_wconf 91' lang='lat' dir='ltr'><strong>et</strong></span> <span class='ocrx_word' id='word_1_678' title='bbox 2186 3457 2487 3518; x_wconf 77' lang='lat' dir='ltr'><strong>argentum,</strong></span> <span class='ocrx_word' id='word_1_679' title='bbox 2520 3448 2873 3504; x_wconf 87' lang='lat' dir='ltr'><strong>fabricaturus</strong></span> <span class='ocrx_word' id='word_1_680' title='bbox 2921 3449 2974 3503; x_wconf 86' lang='lat' dir='ltr'><strong>in</strong></span> <span class='ocrx_word' id='word_1_681' title='bbox 3003 3449 3203 3505; x_wconf 89' lang='lat' dir='ltr'><strong>solidos</strong></span> <span class='ocrx_word' id='word_1_682' title='bbox 3242 3460 3423 3507; x_wconf 85' lang='lat' dir='ltr'><strong>tantos</strong></span> 
     </span>
    </p>
   </div>
   <div class='ocr_carea' id='block_1_96' title="bbox 1857 3540 3422 3608">
    <p class='ocr_par' dir='ltr' id='par_1_96' title="bbox 1857 3540 3422 3608">
     <span class='ocr_line' id='line_1_98' title="bbox 1857 3540 3422 3608; baseline 0.001 -15"><span class='ocrx_word' id='word_1_683' title='bbox 1857 3540 2092 3593; x_wconf 86' lang='lat' dir='ltr'><strong>caballos</strong></span> <span class='ocrx_word' id='word_1_684' title='bbox 2116 3547 2314 3604; x_wconf 86' lang='lat' dir='ltr'><strong>tantos,</strong></span> <span class='ocrx_word' id='word_1_685' title='bbox 2349 3540 2513 3594; x_wconf 90' lang='lat' dir='ltr'><strong>boves</strong></span> <span class='ocrx_word' id='word_1_686' title='bbox 2534 3547 2729 3602; x_wconf 89' lang='lat' dir='ltr'><strong>tantos,</strong></span> <span class='ocrx_word' id='word_1_687' title='bbox 2752 3551 2965 3607; x_wconf 89' lang='lat' dir='ltr'><strong>gregem</strong></span> <span class='ocrx_word' id='word_1_688' title='bbox 2987 3552 3267 3607; x_wconf 89' lang='lat' dir='ltr'><strong>equorum,</strong></span> <span class='ocrx_word' id='word_1_689' title='bbox 3299 3553 3422 3608; x_wconf 84' lang='lat' dir='ltr'><strong>gre-</strong></span> 
     </span>
    </p>
   </div>
   <div class='ocr_carea' id='block_1_97' title="bbox 1858 3629 3417 3696">
    <p class='ocr_par' dir='ltr' id='par_1_97' title="bbox 1858 3629 3417 3696">
     <span class='ocr_line' id='line_1_99' title="bbox 1858 3629 3417 3696; baseline 0 -14"><span class='ocrx_word' id='word_1_690' title='bbox 1858 3642 1975 3696; x_wconf 88' lang='lat' dir='ltr'><strong>gem</strong></span> <span class='ocrx_word' id='word_1_691' title='bbox 2006 3640 2384 3692; x_wconf 89' lang='lat' dir='ltr'><strong>armentorum,</strong></span> <span class='ocrx_word' id='word_1_692' title='bbox 2406 3641 2620 3696; x_wconf 89' lang='lat' dir='ltr'><strong>gregem</strong></span> <span class='ocrx_word' id='word_1_693' title='bbox 2641 3640 2947 3696; x_wconf 88' lang='lat' dir='ltr'><strong>porcorum,</strong></span> <span class='ocrx_word' id='word_1_694' title='bbox 2966 3639 3182 3695; x_wconf 90' lang='lat' dir='ltr'><strong>gregem</strong></span> <span class='ocrx_word' id='word_1_695' title='bbox 3200 3629 3377 3683; x_wconf 88' lang='lat' dir='ltr'><strong>ovium</strong></span> <span class='ocrx_word' id='word_1_696' title='bbox 3401 3646 3417 3694; x_wconf 87' lang='lat'><strong>;</strong></span> 
     </span>
    </p>
   </div>
   <div class='ocr_carea' id='block_1_98' title="bbox 1860 3718 3421 3795">
    <p class='ocr_par' dir='ltr' id='par_1_98' title="bbox 1860 3718 3421 3795">
     <span class='ocr_line' id='line_1_100' title="bbox 1860 3718 3421 3795; baseline 0.001 -23"><span class='ocrx_word' id='word_1_697' title='bbox 1860 3720 1932 3772; x_wconf 89' lang='lat' dir='ltr'><strong>ita</strong></span> <span class='ocrx_word' id='word_1_698' title='bbox 1959 3729 2017 3773; x_wconf 91' lang='lat' dir='ltr'><strong>ut</strong></span> <span class='ocrx_word' id='word_1_699' title='bbox 2039 3720 2146 3773; x_wconf 65' lang='lat' dir='ltr'><strong>haec</strong></span> <span class='ocrx_word' id='word_1_700' title='bbox 2168 3718 2343 3774; x_wconf 89' lang='lat' dir='ltr'><strong>omnia</strong></span> <span class='ocrx_word' id='word_1_701' title='bbox 2371 3733 2467 3787; x_wconf 91' lang='lat' dir='ltr'><strong>per</strong></span> <span class='ocrx_word' id='word_1_702' title='bbox 2499 3732 2717 3772; x_wconf 90' lang='lat' dir='ltr'><strong>manum</strong></span> <span class='ocrx_word' id='word_1_703' title='bbox 2742 3732 2890 3795; x_wconf 83' lang='lat' dir='ltr'><strong>suam</strong></span> <span class='ocrx_word' id='word_1_704' title='bbox 2914 3718 2979 3771; x_wconf 87' lang='lat' dir='ltr'><strong>ad</strong></span> <span class='ocrx_word' id='word_1_705' title='bbox 3004 3719 3421 3789; x_wconf 86' lang='lat' dir='ltr'><strong>suprascriptam</strong></span> 
     </span>
    </p>
   </div>
   <div class='ocr_carea' id='block_1_99' title="bbox 1840 3797 3418 3880">
    <p class='ocr_par' dir='ltr' id='par_1_99' title="bbox 1840 3797 3418 3880">
     <span class='ocr_line' id='line_1_101' title="bbox 1840 3797 3418 3880; baseline 0.004 -24"><span class='ocrx_word' id='word_1_706' title='bbox 1840 3805 2093 3880; x_wconf 38' lang='lat' dir='ltr'><strong>\pttellam</strong></span> <span class='ocrx_word' id='word_1_707' title='bbox 2138 3797 2329 3860; x_wconf 79' lang='lat' dir='ltr'><strong>nurum</strong></span> <span class='ocrx_word' id='word_1_708' title='bbox 2375 3820 2525 3861; x_wconf 88' lang='lat' dir='ltr'><strong>suam</strong></span> <span class='ocrx_word' id='word_1_709' title='bbox 2558 3806 2703 3860; x_wconf 90' lang='lat' dir='ltr'><strong>illam</strong></span> <span class='ocrx_word' id='word_1_710' title='bbox 2750 3814 2877 3859; x_wconf 91' lang='lat' dir='ltr'><strong>ante</strong></span> <span class='ocrx_word' id='word_1_711' title='bbox 2920 3806 3062 3860; x_wconf 90' lang='lat' dir='ltr'><strong>diem</strong></span> <span class='ocrx_word' id='word_1_712' title='bbox 3112 3808 3418 3878; x_wconf 89' lang='lat' dir='ltr'><strong>nuptiarum</strong></span> 
     </span>
    </p>
   </div>
   <div class='ocr_carea' id='block_1_100' title="bbox 1859 3894 3420 3963">
    <p class='ocr_par' dir='ltr' id='par_1_100' title="bbox 1859 3894 3420 3963">
     <span class='ocr_line' id='line_1_102' title="bbox 1859 3894 3420 3963; baseline 0.003 -17"><span class='ocrx_word' id='word_1_713' title='bbox 1859 3894 2051 3947; x_wconf 88' lang='lat' dir='ltr'><strong>debeat</strong></span> <span class='ocrx_word' id='word_1_714' title='bbox 2092 3894 2395 3963; x_wconf 88' lang='lat' dir='ltr'><strong>pervenire,</strong></span> <span class='ocrx_word' id='word_1_715' title='bbox 2439 3904 2493 3949; x_wconf 89' lang='lat' dir='ltr'><strong>et</strong></span> <span class='ocrx_word' id='word_1_716' title='bbox 2518 3896 2571 3949; x_wconf 93' lang='lat' dir='ltr'><strong>in</strong></span> <span class='ocrx_word' id='word_1_717' title='bbox 2610 3910 2707 3950; x_wconf 87' lang='lat' dir='ltr'><strong>sua</strong></span> <span class='ocrx_word' id='word_1_718' title='bbox 2745 3894 3111 3949; x_wconf 87' lang='lat' dir='ltr'><strong>dominatione</strong></span> <span class='ocrx_word' id='word_1_719' title='bbox 3138 3909 3420 3963; x_wconf 87' lang='lat' dir='ltr'><strong>revocare,</strong></span> 
     </span>
    </p>
   </div>
   <div class='ocr_carea' id='block_1_101' title="bbox 1861 3983 3423 4057">
    <p class='ocr_par' dir='ltr' id='par_1_101' title="bbox 1861 3983 3423 4057">
     <span class='ocr_line' id='line_1_103' title="bbox 1861 3983 3423 4057; baseline 0 -18"><span class='ocrx_word' id='word_1_720' title='bbox 1861 3986 1944 4040; x_wconf 89' lang='lat' dir='ltr'><strong>vel</strong></span> <span class='ocrx_word' id='word_1_721' title='bbox 1964 3985 2217 4057; x_wconf 88' lang='lat' dir='ltr'><strong>quidquid</strong></span> <span class='ocrx_word' id='word_1_722' title='bbox 2238 3986 2432 4042; x_wconf 78' lang='lat' dir='ltr'><strong>exinde</strong></span> <span class='ocrx_word' id='word_1_723' title='bbox 2449 3985 2621 4041; x_wconf 87' lang='lat' dir='ltr'><strong>facere</strong></span> <span class='ocrx_word' id='word_1_724' title='bbox 2633 3985 2861 4039; x_wconf 85' lang='lat' dir='ltr'><strong>voluerit</strong></span> <span class='ocrx_word' id='word_1_725' title='bbox 2875 3985 3092 4038; x_wconf 88' lang='lat' dir='ltr'><strong>liberam</strong></span> <span class='ocrx_word' id='word_1_726' title='bbox 3115 3983 3312 4039; x_wconf 85' lang='lat' dir='ltr'><strong>habeat</strong></span> <span class='ocrx_word' id='word_1_727' title='bbox 3331 4000 3423 4054; x_wconf 89' lang='lat' dir='ltr'><strong>po-</strong></span> 
     </span>
    </p>
   </div>
   <div class='ocr_carea' id='block_1_102' title="bbox 1862 4072 3421 4144">
    <p class='ocr_par' dir='ltr' id='par_1_102' title="bbox 1862 4072 3421 4144">
     <span class='ocr_line' id='line_1_104' title="bbox 1862 4072 3421 4144; baseline 0.001 -17"><span class='ocrx_word' id='word_1_728' title='bbox 1862 4082 2132 4129; x_wconf 81' lang='lat' dir='ltr'><strong>testatem.</strong></span> <span class='ocrx_word' id='word_1_729' title='bbox 2164 4075 2316 4140; x_wconf 85' lang='lat' dir='ltr'><strong>Quod</strong></span> <span class='ocrx_word' id='word_1_730' title='bbox 2349 4075 2393 4131; x_wconf 86' lang='lat' dir='ltr'><strong>si</strong></span> <span class='ocrx_word' id='word_1_731' title='bbox 2428 4076 2545 4144; x_wconf 90' lang='lat' dir='ltr'><strong>quis</strong></span> <span class='ocrx_word' id='word_1_732' title='bbox 2585 4086 2789 4129; x_wconf 76' lang='lat' dir='ltr'><strong>contra.</strong></span> <span class='ocrx_word' id='word_1_733' title='bbox 2817 4074 2957 4126; x_wconf 90' lang='lat' dir='ltr'><strong>hunc</strong></span> <span class='ocrx_word' id='word_1_734' title='bbox 2997 4072 3236 4128; x_wconf 91' lang='lat' dir='ltr'><strong>libellum</strong></span> <span class='ocrx_word' id='word_1_735' title='bbox 3276 4074 3421 4129; x_wconf 85' lang='lat' dir='ltr'><strong>dotis</strong></span> 
     </span>
    </p>
   </div>
   <div class='ocr_carea' id='block_1_103' title="bbox 1862 4161 3419 4233">
    <p class='ocr_par' dir='ltr' id='par_1_103' title="bbox 1862 4161 3419 4233">
     <span class='ocr_line' id='line_1_105' title="bbox 1862 4161 3419 4233; baseline 0.004 -18"><span class='ocrx_word' id='word_1_736' title='bbox 1862 4165 2066 4225; x_wconf 86' lang='lat' dir='ltr'><strong>venire,</strong></span> <span class='ocrx_word' id='word_1_737' title='bbox 2090 4171 2145 4217; x_wconf 88' lang='lat' dir='ltr'><strong>et</strong></span> <span class='ocrx_word' id='word_1_738' title='bbox 2171 4178 2291 4216; x_wconf 88' lang='lat' dir='ltr'><strong>eum</strong></span> <span class='ocrx_word' id='word_1_739' title='bbox 2323 4162 2611 4229; x_wconf 87' lang='lat' dir='ltr'><strong>infringere</strong></span> <span class='ocrx_word' id='word_1_740' title='bbox 2632 4162 2929 4229; x_wconf 75' lang='lat' dir='ltr'><strong>conaverit,</strong></span> <span class='ocrx_word' id='word_1_741' title='bbox 2956 4161 3152 4218; x_wconf 85' lang='lat' dir='ltr'><strong>inferat</strong></span> <span class='ocrx_word' id='word_1_742' title='bbox 3180 4162 3419 4233; x_wconf 84' lang='lat' dir='ltr'><strong>partibus</strong></span> 
     </span>
    </p>
   </div>
   <div class='ocr_carea' id='block_1_104' title="bbox 1863 4251 2715 4322">
    <p class='ocr_par' dir='ltr' id='par_1_104' title="bbox 1863 4251 2715 4322">
     <span class='ocr_line' id='line_1_106' title="bbox 1863 4251 2715 4322; baseline -0.001 -16"><span class='ocrx_word' id='word_1_743' title='bbox 1863 4253 2077 4308; x_wconf 87' lang='lat' dir='ltr'><strong>illorum</strong></span> <span class='ocrx_word' id='word_1_744' title='bbox 2106 4260 2332 4307; x_wconf 90' lang='lat' dir='ltr'><strong>tantum.</strong></span> <span class='ocrx_word' id='word_1_745' title='bbox 2359 4251 2426 4306; x_wconf 84' lang='lat' dir='ltr'><strong>Et</strong></span> <span class='ocrx_word' id='word_1_746' title='bbox 2452 4254 2665 4322; x_wconf 81' lang='lat' dir='ltr'><strong>reliqua.</strong></span> <span class='ocrx_word' id='word_1_747' title='bbox 2708 4276 2715 4279; x_wconf 92' lang='lat'><em>-</em></span> 
     </span>
    </p>
   </div>
   <div class='ocr_carea' id='block_1_105' title="bbox 2439 4382 2835 4459">
    <p class='ocr_par' dir='ltr' id='par_1_105' title="bbox 2439 4382 2835 4459">
     <span class='ocr_line' id='line_1_107' title="bbox 2439 4382 2835 4459; baseline -0.005 -7"><span class='ocrx_word' id='word_1_748' title='bbox 2439 4396 2663 4459; x_wconf 82' lang='lat' dir='ltr'><strong>CAPUT</strong></span> <span class='ocrx_word' id='word_1_749' title='bbox 2704 4382 2835 4452; x_wconf 73' lang='lat' dir='ltr'><strong>xi&#39;t.</strong></span> 
     </span>
    </p>
   </div>
   <div class='ocr_carea' id='block_1_106' title="bbox 2116 4505 3175 4578">
    <p class='ocr_par' dir='ltr' id='par_1_106' title="bbox 2116 4505 3175 4578">
     <span class='ocr_line' id='line_1_108' title="bbox 2116 4505 3175 4578; baseline -0.003 -16"><span class='ocrx_word' id='word_1_750' title='bbox 2116 4507 2177 4563; x_wconf 90' lang='lat' dir='ltr'><strong>Si</strong></span> <span class='ocrx_word' id='word_1_751' title='bbox 2203 4505 2229 4544; x_wconf 67' lang='grc'><strong>1³</strong></span> <span class='ocrx_word' id='word_1_752' title='bbox 2246 4508 2429 4578; x_wconf 81' lang='lat' dir='ltr'><strong>aliquis</strong></span> <span class='ocrx_word' id='word_1_753' title='bbox 2458 4508 2678 4576; x_wconf 78' lang='lat' dir='ltr'><strong>puellum</strong></span> <span class='ocrx_word' id='word_1_754' title='bbox 2701 4508 2910 4561; x_wconf 79' lang='lat' dir='ltr'><strong>invitam</strong></span> <span class='ocrx_word' id='word_1_755' title='bbox 2940 4508 3175 4560; x_wconf 68' lang='lat' dir='ltr'><strong>trurerit.</strong></span> 
     </span>
    </p>
   </div>
   <div class='ocr_carea' id='block_1_107' title="bbox 1940 4592 3423 4685">
    <p class='ocr_par' dir='ltr' id='par_1_107' title="bbox 1940 4592 3423 4685">
     <span class='ocr_line' id='line_1_109' title="bbox 1940 4592 3423 4685; baseline 0.003 -14"><span class='ocrx_word' id='word_1_756' title='bbox 1940 4617 2262 4672; x_wconf 69' lang='lat' dir='ltr'><strong>Dulcissimzc</strong></span> <span class='ocrx_word' id='word_1_757' title='bbox 2277 4616 2487 4685; x_wconf 74' lang='lat' dir='ltr'><strong>coniugi</strong></span> <span class='ocrx_word' id='word_1_758' title='bbox 2505 4631 2630 4670; x_wconf 72' lang='lat' dir='ltr'><strong>mete</strong></span> <span class='ocrx_word' id='word_1_759' title='bbox 2648 4592 2727 4668; x_wconf 90' lang='lat' dir='ltr'><strong>illi</strong></span> <span class='ocrx_word' id='word_1_760' title='bbox 2762 4615 2867 4668; x_wconf 87' lang='lat' dir='ltr'><strong>ille.</strong></span> <span class='ocrx_word' id='word_1_761' title='bbox 2895 4615 3025 4668; x_wconf 90' lang='lat' dir='ltr'><strong>Dum</strong></span> <span class='ocrx_word' id='word_1_762' title='bbox 3039 4627 3111 4669; x_wconf 49' lang='lat' dir='ltr'><strong>tet</strong></span> <span class='ocrx_word' id='word_1_763' title='bbox 3129 4624 3180 4670; x_wconf 93' lang='lat' dir='ltr'><strong>te</strong></span> <span class='ocrx_word' id='word_1_764' title='bbox 3194 4616 3309 4673; x_wconf 83' lang='lat' dir='ltr'><strong>sine</strong></span> <span class='ocrx_word' id='word_1_765' title='bbox 3327 4634 3423 4676; x_wconf 85' lang='lat' dir='ltr'><strong>vo-</strong></span> 
     </span>
    </p>
   </div>
   <div class='ocr_carea' id='block_1_108' title="bbox 1872 4688 3425 4773">
    <p class='ocr_par' dir='ltr' id='par_1_108' title="bbox 1872 4688 3425 4773">
     <span class='ocr_line' id='line_1_110' title="bbox 1872 4688 3425 4773; baseline 0.002 -16"><span class='ocrx_word' id='word_1_766' title='bbox 1872 4704 2073 4759; x_wconf 87' lang='lat' dir='ltr'><strong>luntate</strong></span> <span class='ocrx_word' id='word_1_767' title='bbox 2085 4714 2364 4773; x_wconf 86' lang='lat' dir='ltr'><strong>parentum</strong></span> <span class='ocrx_word' id='word_1_768' title='bbox 2387 4688 2617 4765; x_wconf 60' lang='lat' dir='ltr'><strong>tuorum&#39;,</strong></span> <span class='ocrx_word' id='word_1_769' title='bbox 2641 4702 2800 4755; x_wconf 85' lang='lat' dir='ltr'><strong>habui</strong></span> <span class='ocrx_word' id='word_1_770' title='bbox 2820 4701 3214 4768; x_wconf 86' lang='lat' dir='ltr'><strong>desponsatam,</strong></span> <span class='ocrx_word' id='word_1_771' title='bbox 3235 4712 3291 4759; x_wconf 87' lang='lat' dir='ltr'><strong>et</strong></span> <span class='ocrx_word' id='word_1_772' title='bbox 3304 4705 3425 4760; x_wconf 77' lang='lat' dir='ltr'><strong>abs—</strong></span> 
     </span>
    </p>
   </div>
   <div class='ocr_carea' id='block_1_109' title="bbox 1870 4791 3426 4867">
    <p class='ocr_par' dir='ltr' id='par_1_109' title="bbox 1870 4791 3426 4867">
     <span class='ocr_line' id='line_1_111' title="bbox 1870 4791 3426 4867; baseline 0.001 -18"><span class='ocrx_word' id='word_1_773' title='bbox 1870 4810 1973 4867; x_wconf 91' lang='lat' dir='ltr'><strong>que</strong></span> <span class='ocrx_word' id='word_1_774' title='bbox 1996 4804 2107 4861; x_wconf 90' lang='lat' dir='ltr'><strong>tua,</strong></span> <span class='ocrx_word' id='word_1_775' title='bbox 2148 4797 2229 4850; x_wconf 89' lang='lat' dir='ltr'><strong>vel</strong></span> <span class='ocrx_word' id='word_1_776' title='bbox 2254 4802 2529 4864; x_wconf 89' lang='lat' dir='ltr'><strong>parentum</strong></span> <span class='ocrx_word' id='word_1_777' title='bbox 2560 4802 2789 4856; x_wconf 84' lang='lat' dir='ltr'><strong>tuorum,</strong></span> <span class='ocrx_word' id='word_1_778' title='bbox 2811 4791 3103 4858; x_wconf 86' lang='lat' dir='ltr'><strong>voluntate,</strong></span> <span class='ocrx_word' id='word_1_779' title='bbox 3135 4803 3287 4864; x_wconf 86' lang='lat' dir='ltr'><strong>rapto</strong></span> <span class='ocrx_word' id='word_1_780' title='bbox 3321 4809 3426 4850; x_wconf 81' lang='lat' dir='ltr'><strong>sce-</strong></span> 
     </span>
    </p>
   </div>
   <div class='ocr_carea' id='block_1_110' title="bbox 1872 4980 3427 5053">
    <p class='ocr_par' dir='ltr' id='par_1_110' title="bbox 1872 4980 3427 5053">
     <span class='ocr_line' id='line_1_112' title="bbox 1872 4980 3427 5053; baseline -0.001 -21"><span class='ocrx_word' id='word_1_781' title='bbox 1872 4998 2080 5053; x_wconf 77' lang='lat' dir='ltr'><strong>quorttm</strong></span> <span class='ocrx_word' id='word_1_782' title='bbox 2107 4996 2261 5053; x_wconf 69' lang='lat' dir='ltr'><strong>causa</strong></span> <span class='ocrx_word' id='word_1_783' title='bbox 2288 4995 2407 5053; x_wconf 22' lang='lat' dir='ltr'><strong>Aqua!</strong></span> <span class='ocrx_word' id='word_1_784' title='bbox 2444 4980 2593 5043; x_wconf 79' lang='lat' dir='ltr'><strong>ﬁunt,</strong></span> <span class='ocrx_word' id='word_1_785' title='bbox 2634 4994 2833 5032; x_wconf 74' lang='lat' dir='ltr'><strong>necesse</strong></span> <span class='ocrx_word' id='word_1_786' title='bbox 2859 4990 2934 5033; x_wconf 82' lang='lat' dir='ltr'><strong>est</strong></span> <span class='ocrx_word' id='word_1_787' title='bbox 2960 4982 3227 5047; x_wconf 82' lang='lat' dir='ltr'><strong>utotmtia,</strong></span> <span class='ocrx_word' id='word_1_788' title='bbox 3269 4981 3427 5032; x_wconf 81' lang='lat' dir='ltr'><strong>etiam</strong></span> 
     </span>
    </p>
   </div>
   <div class='ocr_carea' id='block_1_111' title="bbox 1873 5051 2471 5105">
    <p class='ocr_par' dir='ltr' id='par_1_111' title="bbox 1873 5051 2471 5105">
     <span class='ocr_line' id='line_1_113' title="bbox 1873 5051 2471 5105; baseline -0.012 0"><span class='ocrx_word' id='word_1_789' title='bbox 1873 5051 2171 5105; x_wconf 75' lang='lat' dir='ltr'><strong>donatio....</strong></span> <span class='ocrx_word' id='word_1_790' title='bbox 2195 5051 2471 5103; x_wconf 81' lang='lat' dir='ltr'><strong>obtineant.</strong></span> 
     </span>
    </p>
   </div>
   <div class='ocr_carea' id='block_1_112' title="bbox 1945 5072 3424 5185">
    <p class='ocr_par' dir='ltr' id='par_1_112' title="bbox 1945 5072 3424 5185">
     <span class='ocr_line' id='line_1_114' title="bbox 1945 5072 2471 5103; baseline -0.008 -1"><span class='ocrx_word' id='word_1_791' title='bbox 1945 5072 2171 5103; x_wconf 62' lang='grc' dir='ltr'><strong>πωπω...</strong></span> <span class='ocrx_word' id='word_1_792' title='bbox 2195 5072 2471 5103; x_wconf 78' lang='grc' dir='ltr'><strong>συιιηταηι.</strong></span> 
     </span>
     <span class='ocr_line' id='line_1_115' title="bbox 1945 5072 3424 5185; baseline 0.001 -14"><span class='ocrx_word' id='word_1_793' title='bbox 1945 5130 1968 5155; x_wconf 82' lang='grc' dir='ltr'><strong><em>ο</em></strong></span> <span class='ocrx_word' id='word_1_794' title='bbox 2002 5119 2261 5176; x_wconf 74' lang='lat' dir='ltr'><strong>flaluzius,</strong></span> <span class='ocrx_word' id='word_1_795' title='bbox 2293 5120 2459 5169; x_wconf 78' lang='lat' dir='ltr'><strong>tauris</strong></span> <span class='ocrx_word' id='word_1_796' title='bbox 2488 5132 2598 5184; x_wconf 79' lang='lat' dir='ltr'><strong>qua:</strong></span> <span class='ocrx_word' id='word_1_797' title='bbox 2618 5125 2775 5182; x_wconf 84' lang='lat' dir='ltr'><strong>stant,</strong></span> <span class='ocrx_word' id='word_1_798' title='bbox 2807 5134 3005 5171; x_wconf 78' lang='lat' dir='ltr'><strong>necesse</strong></span> <span class='ocrx_word' id='word_1_799' title='bbox 3045 5126 3122 5170; x_wconf 84' lang='lat' dir='ltr'><strong>est</strong></span> <span class='ocrx_word' id='word_1_800' title='bbox 3156 5125 3211 5185; x_wconf 77' lang='lat' dir='ltr'><strong>at</strong></span> <span class='ocrx_word' id='word_1_801' title='bbox 3230 5072 3424 5185; x_wconf 43' lang='grc' dir='ltr'><strong>ολ,</strong></span> 
     </span>
    </p>
   </div>
   <div class='ocr_carea' id='block_1_113' title="bbox 1875 5186 2660 5243">
    <p class='ocr_par' dir='ltr' id='par_1_113' title="bbox 1875 5186 2660 5243">
     <span class='ocr_line' id='line_1_116' title="bbox 1875 5186 2660 5243; baseline -0.008 0"><span class='ocrx_word' id='word_1_802' title='bbox 1875 5188 2025 5243; x_wconf 81' lang='lat' dir='ltr'><strong>etiam</strong></span> <span class='ocrx_word' id='word_1_803' title='bbox 2054 5187 2351 5240; x_wconf 49' lang='grc' dir='ltr'><strong>Δρωπίδῃ...</strong></span> <span class='ocrx_word' id='word_1_804' title='bbox 2383 5186 2660 5238; x_wconf 73' lang='lat' dir='ltr'><strong>obtineant.</strong></span> 
     </span>
    </p>
   </div>
   <div class='ocr_carea' id='block_1_114' title="bbox 1952 5249 3414 5324">
    <p class='ocr_par' dir='ltr' id='par_1_114' title="bbox 1952 5249 3414 5324">
     <span class='ocr_line' id='line_1_117' title="bbox 1952 5249 3414 5324; baseline -0.008 -14"><span class='ocrx_word' id='word_1_805' title='bbox 1952 5256 1967 5292; x_wconf 69' lang='grc' dir='ltr'><strong>ί</strong></span> <span class='ocrx_word' id='word_1_806' title='bbox 2005 5257 2292 5324; x_wconf 67' lang='grc' dir='ltr'><strong>δερειτωυι·</strong></span> <span class='ocrx_word' id='word_1_807' title='bbox 2329 5254 2415 5307; x_wconf 89' lang='lat' dir='ltr'><strong>bic</strong></span> <span class='ocrx_word' id='word_1_808' title='bbox 2436 5254 2653 5308; x_wconf 87' lang='lat' dir='ltr'><strong>donatio</strong></span> <span class='ocrx_word' id='word_1_809' title='bbox 2682 5268 2708 5304; x_wconf 89' lang='lat' dir='ltr'><strong>a</strong></span> <span class='ocrx_word' id='word_1_810' title='bbox 2737 5252 2891 5324; x_wconf 84' lang='lat' dir='ltr'><strong>dote,</strong></span> <span class='ocrx_word' id='word_1_811' title='bbox 2924 5249 3035 5324; x_wconf 75' lang='lat' dir='ltr'><strong>etsi</strong></span> <span class='ocrx_word' id='word_1_812' title='bbox 3072 5250 3140 5324; x_wconf 82' lang='lat' dir='ltr'><strong>ab</strong></span> <span class='ocrx_word' id='word_1_813' title='bbox 3189 5266 3291 5305; x_wconf 83' lang='lat' dir='ltr'><strong>um</strong></span> <span class='ocrx_word' id='word_1_814' title='bbox 3334 5269 3414 5305; x_wconf 73' lang='lat' dir='ltr'><strong>ea.</strong></span> 
     </span>
    </p>
   </div>
   <div class='ocr_carea' id='block_1_115' title="bbox 1879 5320 3429 5392">
    <p class='ocr_par' dir='ltr' id='par_1_115' title="bbox 1879 5320 3429 5392">
     <span class='ocr_line' id='line_1_118' title="bbox 1879 5320 3429 5392; baseline -0.005 -16"><span class='ocrx_word' id='word_1_815' title='bbox 1879 5320 2107 5392; x_wconf 73' lang='lat' dir='ltr'><strong>demque</strong></span> <span class='ocrx_word' id='word_1_816' title='bbox 2150 5338 2396 5390; x_wconf 87' lang='lat' dir='ltr'><strong>persona,</strong></span> <span class='ocrx_word' id='word_1_817' title='bbox 2454 5337 2652 5391; x_wconf 87' lang='lat' dir='ltr'><strong>sponso</strong></span> <span class='ocrx_word' id='word_1_818' title='bbox 2704 5321 2907 5374; x_wconf 78' lang='lat' dir='ltr'><strong>scilicet</strong></span> <span class='ocrx_word' id='word_1_819' title='bbox 2958 5320 3039 5374; x_wconf 73' lang='lat' dir='ltr'><strong>vel</strong></span> <span class='ocrx_word' id='word_1_820' title='bbox 3094 5320 3209 5389; x_wconf 86' lang='lat' dir='ltr'><strong>ejus</strong></span> <span class='ocrx_word' id='word_1_821' title='bbox 3257 5328 3429 5388; x_wconf 72' lang='lat' dir='ltr'><strong>palm,</strong></span> 
     </span>
    </p>
   </div>
   <div class='ocr_carea' id='block_1_116' title="bbox 1883 5393 2211 5446">
    <p class='ocr_par' dir='ltr' id='par_1_116' title="bbox 1883 5393 2211 5446">
     <span class='ocr_line' id='line_1_119' title="bbox 1883 5393 2211 5446; baseline -0.006 0"><span class='ocrx_word' id='word_1_822' title='bbox 1883 5394 2030 5446; x_wconf 86' lang='lat' dir='ltr'><strong>fiant.</strong></span> <span class='ocrx_word' id='word_1_823' title='bbox 2070 5393 2211 5445; x_wconf 72' lang='lat' dir='ltr'><strong>Bion.</strong></span> 
     </span>
    </p>
   </div>
   <div class='ocr_carea' id='block_1_117' title="bbox 1952 5458 2611 5527">
    <p class='ocr_par' dir='ltr' id='par_1_117' title="bbox 1952 5458 2611 5527">
     <span class='ocr_line' id='line_1_120' title="bbox 1952 5458 2611 5527; baseline 0 -18"><span class='ocrx_word' id='word_1_824' title='bbox 1952 5470 1975 5527; x_wconf 62' lang='lat' dir='ltr'><strong>tl</strong></span> <span class='ocrx_word' id='word_1_825' title='bbox 2012 5460 2150 5513; x_wconf 78' lang='lat' dir='ltr'><strong>Inter</strong></span> <span class='ocrx_word' id='word_1_826' title='bbox 2176 5475 2268 5526; x_wconf 85' lang='lat' dir='ltr'><strong>pro</strong></span> <span class='ocrx_word' id='word_1_827' title='bbox 2295 5470 2498 5527; x_wconf 64' lang='lat' dir='ltr'><strong>praeter.</strong></span> <span class='ocrx_word' id='word_1_828' title='bbox 2536 5458 2611 5510; x_wconf 80' lang='lat' dir='ltr'><strong>ID.</strong></span> 
     </span>
    </p>
   </div>
   <div class='ocr_carea' id='block_1_118' title="bbox 1952 5521 3429 5592">
    <p class='ocr_par' dir='ltr' id='par_1_118' title="bbox 1952 5521 3429 5592">
     <span class='ocr_line' id='line_1_121' title="bbox 1952 5521 3429 5592; baseline -0.003 -13"><span class='ocrx_word' id='word_1_829' title='bbox 1952 5525 1978 5563; x_wconf 74' lang='grc' dir='ltr'>ιι</span> <span class='ocrx_word' id='word_1_830' title='bbox 2011 5521 2239 5582; x_wconf 82' lang='lat' dir='ltr'><strong>Libellus</strong></span> <span class='ocrx_word' id='word_1_831' title='bbox 2266 5521 2346 5580; x_wconf 79' lang='lat' dir='ltr'><strong>est</strong></span> <span class='ocrx_word' id='word_1_832' title='bbox 2392 5528 2531 5580; x_wconf 21' lang='lat' dir='ltr'><strong>doris</strong></span> <span class='ocrx_word' id='word_1_833' title='bbox 2557 5539 2670 5592; x_wconf 76' lang='lat' dir='ltr'><strong>qua:</strong></span> <span class='ocrx_word' id='word_1_834' title='bbox 2715 5538 2742 5576; x_wconf 86' lang='lat' dir='ltr'><strong>a</strong></span> <span class='ocrx_word' id='word_1_835' title='bbox 2795 5525 2910 5577; x_wconf 82' lang='lat' dir='ltr'><strong>viro</strong></span> <span class='ocrx_word' id='word_1_836' title='bbox 2957 5524 3291 5592; x_wconf 79' lang='lat' dir='ltr'><strong>constituitur</strong></span> <span class='ocrx_word' id='word_1_837' title='bbox 3338 5521 3429 5584; x_wconf 77' lang='lat' dir='ltr'><strong>qui</strong></span> 
     </span>
    </p>
   </div>
   <div class='ocr_carea' id='block_1_119' title="bbox 1884 5590 3431 5659">
    <p class='ocr_par' dir='ltr' id='par_1_119' title="bbox 1884 5590 3431 5659">
     <span class='ocr_line' id='line_1_122' title="bbox 1884 5590 3431 5659; baseline -0.003 -12"><span class='ocrx_word' id='word_1_838' title='bbox 1884 5606 2067 5648; x_wconf 85' lang='lat' dir='ltr'><strong>contra</strong></span> <span class='ocrx_word' id='word_1_839' title='bbox 2100 5597 2419 5649; x_wconf 81' lang='lat' dir='ltr'><strong>voluntatem</strong></span> <span class='ocrx_word' id='word_1_840' title='bbox 2452 5590 2727 5659; x_wconf 76' lang='lat' dir='ltr'><strong>parentum</strong></span> <span class='ocrx_word' id='word_1_841' title='bbox 2759 5594 2987 5659; x_wconf 81' lang='lat' dir='ltr'><strong>puellam</strong></span> <span class='ocrx_word' id='word_1_842' title='bbox 3015 5590 3203 5656; x_wconf 75' lang='lat' dir='ltr'><strong>rapuit,</strong></span> <span class='ocrx_word' id='word_1_843' title='bbox 3228 5604 3285 5642; x_wconf 89' lang='lat' dir='ltr'><strong>re</strong></span> <span class='ocrx_word' id='word_1_844' title='bbox 3315 5598 3431 5643; x_wconf 83' lang='lat' dir='ltr'><strong>tan-</strong></span> 
     </span>
    </p>
   </div>
   <div class='ocr_carea' id='block_1_120' title="bbox 1884 5659 3431 5730">
    <p class='ocr_par' dir='ltr' id='par_1_120' title="bbox 1884 5659 3431 5730">
     <span class='ocr_line' id='line_1_123' title="bbox 1884 5659 3431 5730; baseline -0.002 -16"><span class='ocrx_word' id='word_1_845' title='bbox 1884 5665 2001 5715; x_wconf 79' lang='lat' dir='ltr'><strong>dem</strong></span> <span class='ocrx_word' id='word_1_846' title='bbox 2031 5665 2318 5730; x_wconf 61' lang='lat' dir='ltr'><strong>ciimposita</strong></span> <span class='ocrx_word' id='word_1_847' title='bbox 2341 5681 2352 5721; x_wconf 83' lang='lat'>;</span> <span class='ocrx_word' id='word_1_848' title='bbox 2380 5662 2598 5725; x_wconf 77' lang='lat' dir='ltr'><strong>ideoque</strong></span> <span class='ocrx_word' id='word_1_849' title='bbox 2621 5661 2843 5727; x_wconf 83' lang='lat' dir='ltr'><strong>epistola</strong></span> <span class='ocrx_word' id='word_1_850' title='bbox 2872 5659 3431 5730; x_wconf 75' lang='lat' dir='ltr'><strong>compositionalisvo-</strong></span> 
     </span>
    </p>
   </div>
   <div class='ocr_carea' id='block_1_121' title="bbox 1888 5726 3396 5799">
    <p class='ocr_par' dir='ltr' id='par_1_121' title="bbox 1888 5726 3396 5799">
     <span class='ocr_line' id='line_1_124' title="bbox 1888 5726 3396 5799; baseline -0.001 -14"><span class='ocrx_word' id='word_1_851' title='bbox 1888 5739 2053 5785; x_wconf 86' lang='lat' dir='ltr'><strong>catur.</strong></span> <span class='ocrx_word' id='word_1_852' title='bbox 2106 5726 2337 5787; x_wconf 76' lang='lat' dir='ltr'><strong>Trahere</strong></span> <span class='ocrx_word' id='word_1_853' title='bbox 2364 5738 2537 5784; x_wconf 86' lang='lat' dir='ltr'><strong>autem</strong></span> <span class='ocrx_word' id='word_1_854' title='bbox 2569 5726 2774 5799; x_wconf 28' lang='lat' dir='ltr'><strong>liic’pro</strong></span> <span class='ocrx_word' id='word_1_855' title='bbox 2803 5742 2988 5796; x_wconf 84' lang='lat' dir='ltr'><strong>rapere</strong></span> <span class='ocrx_word' id='word_1_856' title='bbox 3013 5726 3290 5795; x_wconf 81' lang='lat' dir='ltr'><strong>accipitur.</strong></span> <span class='ocrx_word' id='word_1_857' title='bbox 3322 5726 3396 5783; x_wconf 81' lang='lat' dir='ltr'><strong>lu.</strong></span> 
     </span>
    </p>
   </div>
  </div>
