3848 6384
509 435 613 494 ’145

503 640 648 709 juxta
679 637 819 707 quod
865 636 992 692 mihi
1018 637 1339 705 complacuit
1385 637 1502 691 auri
1529 636 1729 691 solidos
1750 646 1947 702 tantos,
1995 646 2050 691 et

507 727 672 794 ipsum
690 741 932 794 campum
960 725 1109 779 vobis
1128 724 1533 793 praesentialiter
1559 724 1748 779 tradidi
1770 725 2049 793 possiden-

504 814 646 877 dum,
670 814 896 869 habendi
926 814 1007 867 vel
1043 814 1298 882 quidquid
1319 814 1514 869 exinde
1549 814 1782 869 volueris
1820 815 2048 871 faciendi

504 905 727 961 liberam
754 906 951 960 habeas
974 912 1315 974 potestatem.
1339 904 1394 958 Si
1415 906 1536 973 quis
1563 919 1708 971 vero,
1732 916 1838 965 etc.

1069 1010 1292 1066 CAPUT
1328 1011 1487 1068 XXII.

865 1080 1097 1135 Venditio
1115 1084 1177 1133 de
1200 1099 1338 1135 avrea
1367 1090 1454 1136 aut
1491 1084 1700 1137 ancilla.

578 1166 799 1239 Domino
831 1164 976 1219 fratri
1022 1168 1097 1220 illi
1126 1168 1235 1222 ille.
1257 1170 1476 1223 Constat
1498 1184 1583 1224 me
1612 1170 1761 1224 vobis
1786 1169 2053 1225 vendidis-

506 1270 585 1318 se,
615 1264 667 1308 et
709 1264 779 1307 ita
806 1256 1033 1320 vendidi,
1062 1272 1295 1323 servum,
1324 1258 1458 1325 juris
1485 1260 1609 1323 mei,
1661 1268 1754 1313 aut
1804 1260 2051 1313 ancillam

510 1345 720 1424 nomine
762 1345 928 1411 illam,
966 1361 1073 1400 non
1122 1346 1311 1411 furem,
1369 1361 1476 1401 non
1531 1346 1821 1413 fugitivum,
1877 1362 2048 1414 neque

510 1435 815 1498 "cadivum,
859 1435 951 1489 sed
978 1444 1153 1489 mente
1182 1444 1238 1489 et
1263 1436 1403 1493 omni
1434 1450 1655 1504 corpore
1705 1450 1914 1492 sanum.
1946 1434 2047 1489 Pro
2128 1442 2131 1445 '

508 1538 612 1591 quo
640 1525 818 1590 accepi
863 1540 893 1577 a
922 1524 1067 1578 vobis
1098 1525 1148 1577 in
1180 1525 1367 1593 pretio,
1395 1525 1545 1594 juxta
1571 1525 1712 1593 quod
1742 1527 1867 1579 mihi
1898 1540 2044 1580 com-

506 1613 701 1680 placuit
728 1615 840 1667 auri
861 1613 1078 1676 solidos,
1103 1614 1297 1682 probos
1317 1623 1476 1683 atque
1499 1623 1801 1683 praesentes,
1829 1629 2049 1669 numero

508 1714 701 1768 tantos,
730 1714 783 1757 et
810 1705 978 1772 ipsum
1012 1720 1221 1759 servum
1251 1705 1401 1759 vobis
1432 1705 1827 1772 praesentialiter
1856 1702 2051 1758 tradidi

508 1793 897 1858 possidendum.
951 1794 1027 1847 Ita
1081 1803 1136 1848 ut
1158 1796 1225 1847 ab
1252 1796 1351 1849 hac
1394 1794 1481 1848 die
1510 1795 1757 1858 habendi,
1812 1795 2044 1858 tenendi,

1753 433 2095 490 MARCULFI
2131 432 2431 489 MONACIII

3496 60 3802 405 Ἴ

3590 428 3677 483 ’ω

497 544 604 599 alio
627 560 752 600 vero
790 546 960 599 fronte
985 544 1142 606 illius,
1173 550 1229 598 et
1248 543 1431 612 accepi
1453 557 1484 597 a
1527 543 1679 599 vobis
1717 544 1771 598 in
1815 546 2046 614 pretium
2076 548 2122 605 Α
2150 542 2239 623 dio
2266 542 2442 596 facere
2465 542 2743 608 elegerint,
2775 541 2943 594 libero
2968 538 3314 608 perfruantur
3360 538 3590 593 arbitrio.
3612 540 3667 595 Il-

2148 633 2237 687 lud
2289 649 2419 688 vero
2448 634 2567 686 addi
2594 633 2861 692 convenit.
2894 639 2953 684 ut
2998 631 3042 709 si
3070 629 3254 697 aliqua
3285 643 3409 695 pars
3462 643 3526 682 ex
3572 630 3677 698 ipsis

2147 731 2237 774 aut
2276 721 2535 783 haeredes,
2584 722 2668 774 vel
2694 732 3031 774 successores
3055 726 3262 778 eorum,
3296 716 3403 770 hoc
3447 727 3674 777 enatare.

2147 809 2232 863 vel
2260 790 2529 876 refragare
2556 808 2802 871 voluerit,
2828 820 3129 876 remquam
3157 805 3367 873 accepit
3395 804 3609 871 amittat,
3633 813 3679 860 et

2149 897 2368 965 insuper
2397 897 2587 950 inferat
2612 895 2745 964 patri
2772 911 2888 957 suo,
2922 896 3008 948 cui
3037 895 3141 949 hoc
3167 894 3345 948 facere
3364 908 3677 962 presumpse-

2149 984 2245 1049 rit,
2278 985 2392 1038 auri
2434 984 2596 1038 libras
2626 992 2816 1047 tantas,
2863 982 3066 1052 argenti
3097 982 3274 1052 pondo
3305 979 3462 1045 tanti,
3484 990 3533 1034 et
3556 983 3676 1050 quod

2152 1074 2351 1142 repetit
2395 1073 2666 1128 vindicare
2704 1068 2808 1127 non
2852 1074 3063 1127 valeat-
3116 1072 3208 1127 sed
3264 1084 3516 1140 presens,
3563 1072 3678 1124 unde

2149 1161 2283 1214 duas
2310 1162 2449 1217 inter
2495 1177 2555 1217 se
2592 1177 2698 1216 uno
2729 1170 2913 1216 tenore
2936 1161 3390 1228 conscripserunt,
3450 1156 3586 1211 firma
3632 1167 3679 1211 et

2150 1250 2406 1306 inviolata
2452 1261 2782 1323 permaneat,
2827 1251 3168 1321 stipulatione
3214 1249 3461 1305 subnixa.
3513 1246 3676 1303 Actum

2150 1341 2260 1395 illo.

2703 1429 2928 1486 CAPUT
2970 1430 3155 1485 XXIV.

2452 1519 2811 1573 Concambium
2833 1520 2894 1573 de
2914 1515 3075 1585 terra,
3112 1528 3197 1573 aut
3226 1520 3397 1574 vinea.

2184 1606 2412 1676 Ideoque
2426 1609 2625 1678 placuit
2638 1609 2775 1663 inter
2789 1609 2933 1663 illum
2946 1617 2999 1663 et
3012 1610 3157 1663 illum
3172 1618 3229 1663 ut
3244 1622 3439 1664 terram
3454 1607 3678 1675 aliquam,

2110 1697 2115 1703 ”
2152 1706 2245 1750 aut
2271 1706 2498 1765 pratum,
2530 1705 2622 1749 aut
2647 1698 2981 1762 vineam,seu
3012 1697 3283 1764 quodlibet
3313 1698 3451 1748 inter
3477 1712 3530 1748 se
3555 1711 3681 1748 com-

2151 1795 2361 1840 mutare
2386 1786 2659 1852 deberent,
2676 1785 2821 1855 quod
2844 1787 2915 1840 ita
2935 1794 2986 1840 et
3011 1786 3267 1840 fecerunt.
3284 1786 3594 1853 Deditigitur
3608 1785 3680 1838 ille

506 1884 588 1934 vel
616 1883 865 1949 quidquid
916 1882 1433 1937 exinde~decreveris
1477 1882 1723 1945 faciendi,
1753 1882 1920 1937 libero
1949 1898 2046 1951 po-
2079 1867 2126 1926 Β
2153 1873 2249 1937 illi.
2283 1874 2429 1927 illum
2467 1890 2713 1943 campum
2744 1874 2795 1927 in
2824 1875 2943 1930 loco
2973 1884 3313 1944 nuncupatim
3362 1875 3475 1936 illo.
3504 1876 3681 1927 haben-

510 1970 653 2023 tiaris
677 1970 914 2024 arbitrio.
947 1971 1000 2025 Si
1028 1972 1146 2039 quis
1176 1987 1322 2031 vero,
1354 1972 1497 2038 quod
1520 1970 1769 2035 futurum
1795 1986 1914 2026 esse
1949 1988 2052 2027 non

508 2052 790 2123 credimus,
814 2060 863 2112 si»
880 2072 977 2125 ego
1005 2059 1133 2126 ipse,
1159 2068 1249 2113 aut
1276 2059 1464 2127 aliquis
1485 2057 1551 2113 de
1578 2059 1877 2113 hmredibus
1900 2062 2051 2126 meis,

510 2163 602 2201 seu
648 2148 892 2215 qumlibet
920 2162 1166 2217 persona,
1198 2157 1381 2202 contra
1411 2148 1550 2201 banc
1579 2148 1934 2203 venditionem
1962 2164 2054 2203 ve-

510 2234 625 2286 nire
655 2234 955 2300 tentaverit,
987 2244 1075 2288 aut
1120 2250 1236 2289 eam
1267 2235 1550 2302 infringere
1577 2235 1829 2302 voluerit,
1862 2237 2061 2292 inferat

509 2325 606 2377 tibi
646 2336 763 2378 cum
805 2336 1026 2393 cogente
1054 2327 1177 2381 fisco
1217 2328 1331 2380 auri
1384 2336 1608 2391 tantum,
1663 2327 1745 2380 vel
1797 2336 2053 2395 quantum

508 2425 694 2463 servus
722 2411 833 2478 ipse
859 2427 924 2465 eo
954 2420 1191 2482 tempore
1230 2415 1536 2467 melioratus
1576 2415 1818 2479 valuerit,
1850 2425 1906 2469 et
1942 2415 2056 2471 llth

513 2496 743 2549 venditio
763 2498 905 2550 omni
933 2506 1168 2567 tempore
1180 2500 1338 2553 ﬁrma
1353 2510 1683 2568 permaneat,
1710 2502 2055 2570 stipulatione

512 2584 753 2640 subnixa.
780 2584 979 2642 iActum
1010 2588 1119 2654 illo,
1150 2589 1249 2643 sub
1277 2588 1363 2644 die
1389 2590 1502 2657 illo,
1534 2605 1672 2645 anno
1702 2590 1812 2646 illo.

1066 2700 1287 2754 CAPUT
1315 2700 1495 2755 XXIII.

949 2767 1310 2823 Concambium
1330 2772 1410 2843 ,de
1448 2772 1603 2826 villis.

579 2857 721 2912 Inter
766 2874 901 2927 quos
959 2861 1188 2917 charitas
1259 2864 1459 2918 illibata
1519 2864 1888 2935 permanserit
1930 2882 2053 2937 pars

517 2946 681 3011 parti,
734 2947 985 3002 beneficia
1022 2960 1315 3017 opportuna
1372 2962 1707 3021 przestantur.
1736 2955 1869 3021 Quia
1923 2958 2052 3013 nihil

502 3037 609 3090 sibi
643 3036 715 3091 de
745 3039 901 3092 rebus
939 3041 1163 3107 propriis
1191 3051 1372 3095 censet
1401 3043 1587 3109 minui,
1641 3045 1780 3111 quod
1808 3061 1839 3100 e
1865 3057 2050 3124 contra

2155 1970 2262 2017 tem
2284 1972 2505 2028 tantum,
2529 1965 2619 2032 qui
2635 1964 2905 2033 subjungit
2922 1979 2951 2019 a
2976 1965 3139 2019 latere
3162 1980 3268 2019 uno
3290 1964 3391 2030 illi,
3419 1964 3487 2017 ab
3503 1964 3599 2016 alio
3621 1964 3682 2016 la-

2157 2059 2289 2117 tere,
2320 2062 2412 2106 aut
2440 2053 2615 2118 fronte
2644 2054 2738 2108 illi.
2770 2054 2940 2109 Simili
2990 2055 3149 2109 modo
3177 2070 3210 2109 e
3238 2069 3425 2110 contra
3477 2055 3524 2108 in
3554 2070 3679 2109 mut-

2154 2156 2319 2211 penso
2343 2142 2490 2197 dedit
2522 2143 2608 2198 ille
2638 2143 2712 2198 illi
2739 2145 2902 2198 alium
2933 2158 3176 2213 campum
3209 2144 3304 2209 ibi,
3355 2152 3451 2197 aut
3500 2143 3548 2195 in
3591 2144 3681 2196 alio

2154 2230 2290 2294 loco,
2309 2230 2591 2287 habentem
2617 2239 2842 2299 tantum,
2860 2234 2950 2302 qui
2975 2232 3245 2301 subjungit
3273 2230 3339 2285 de
3368 2231 3633 2297 latrrihus,
3658 2248 3681 2282 ι

2153 2319 2414 2374 frontibus
2443 2320 2567 2377 illis.
2624 2321 2702 2374 Ita
2733 2331 2792 2374 ut
2833 2325 2900 2375 ab
2944 2313 3055 2375 hac
3101 2321 3187 2375 die
3230 2325 3585 2388 unusquisque
3628 2336 3683 2372 es

2153 2408 2303 2476 ipsis,
2342 2411 2483 2493 quod
2515 2411 2723 2479 accepit
2752 2410 3007 2491 habendi,
3032 2409 3268 2473 tenendi,
3317 2412 3400 2464 vel
3454 2410 3683 2479 quidquid

2153 2500 2346 2555 exinde
2374 2485 2632 2568 elegerint
2662 2500 2933 2565 faciendi,
2963 2485 3178 2555 liberam
3210 2501 3445 2555 habeant
3474 2510 3685 2570 potesta-

2153 2600 2281 2646 tem.
2313 2584 2516 2659 Si'quis
2543 2608 2670 2647 vero
2693 2592 2883 2661 aliquis
2913 2608 2979 2647 ex
3010 2594 3157 2662 ipsis,
3188 2604 3280 2647 aut
3311 2596 3551 2647 Ιεωιιεειθδ
3601 2610 3681 2647 eu-

2152 2699 2292 2747 rum,
2336 2684 2763 2755 vequuicunque
2810 2685 2911 2739 hoc
2962 2695 3201 2739 emulare
3250 2685 3497 2747 voluerit,
3545 2698 3684 2751 quam

2152 2773 2417 2841 acceperit
2455 2772 2567 2840 pari
2594 2787 2693 2826 suo
2722 2772 2949 2840 amittat,
2997 2781 3053 2826 et
3092 2772 3312 2840 insuper
3343 2772 3536 2826 infeeat
3584 2787 3686 2824 rum

2152 2854 2378 2930 cogente
2430 2860 2697 2927 fiscoauri
2728 2864 2884 2928 tanti,
2934 2870 2988 2916 et
3028 2862 3386 2929 quodrepetit
3436 2862 3686 2915 vinditare

2152 2966 2258 3005 non
2280 2951 2491 3015 valeat;
2522 2953 2614 3006 sed
2645 2952 3275 3021 praesens‘commutatio,
3311 2954 3455 3006 unde
3482 2952 3613 3007 inter
3637 2963 3687 3003 te

2151 3058 2249 3112 pro
2276 3042 2539 3096 lirmitatis
2567 3042 2743 3098 studio
2764 3042 2896 3095 duas
2917 3056 3022 3096 uno
3046 3051 3185 3096 teuo:
3202 3057 3231 3096 e
3249 3057 3404 3096 COIlSl
3417 3044 3684 3111 ripserunt,

511 3124 697 3192 recipit
754 3125 806 3178 in
846 3135 1204 3193 augmentum.
1234 3127 1357 3182 Ideo
1381 3129 1576 3197 placuit
1600 3140 1755 3199 atque
1803 3132 2057 3190 convenit'
2074 3172 2122 3249 α
2152 3133 2572 3209 omnitempore
2612 3132 2760 3186 firma
2801 3141 3112 3202 permaneat
3137 3149 3151 3198 ;
3176 3133 3525 3203 stipulatione
3574 3135 3683 3189 sab-

511 3215 651 3249 ἰιιιοι-
682 3217 1027 3249 ιιΔηΔι-ιιιιῖιοηη
1063 3220 1223 3249 ..ζ-...ηε
1256 3220 1398 3249 nl”...
1427 3235 1487 3249 ην
1520 3223 1773 3249 ηη-η,.;.,...
1826 3234 2008 3249 -..-...-
2048 3240 2051 3243 ν
2153 3225 2271 3249 _:-..
2339 3227 2516 3249 1-.....
2549 3225 2633 3249 ιιι-

511 3215 651 3268 inter
682 3217 1027 3270 venerabilem
1063 3220 1225 3271 virum
1256 3220 1399 3273 illum
1426 3235 1490 3274 ex
1520 3223 1774 3289 permissu
1823 3234 2051 3292 aposto-s

510 3303 595 3357 lici
624 3304 721 3357 viri
752 3303 909 3367 illius,
939 3314 993 3359 et
1031 3307 1285 3361 illustrem
1330 3310 1497 3387 virum
1533 3311 1700 3375 illum,
1734 3320 1791 3366 ut
1832 3313 2077 3371 locellos

510 3392 713 3460 aliquos
759 3393 893 3445 inter
922 3408 980 3448 se
1009 3399 1375 3452 concambiare
1403 3392 1674 3467 deberent,
1705 3403 1845 3471 quod
1874 3413 1930 3460 et
1975 3406 2049 3461 ita

509 3482 765 3537 fecerunt.
807 3484 955 3537 Dedit
982 3485 1139 3553 igitur
1178 3487 1251 3540 illi
1301 3490 1619 3546 venerabilis
1648 3496 1728 3545 vir
1755 3493 1848 3557 lui,
1879 3494 2047 3552 locel-

512 3572 615 3624 lum
666 3586 1021 3644 nuncupatum
1053 3576 1218 3642 illum,
1274 3579 1431 3632 situm
1488 3579 1579 3640 ibi.
1634 3581 1701 3635 de
1730 3593 1879 3650 parte
1907 3577 2047 3642 ba'si-

510 3661 621 3723 lica‘
648 3668 865 3724 sancta',
894 3664 964 3715 illi
991 3678 1285 3720 memorato
1340 3666 1431 3733 lui,
1472 3669 1729 3736 quidquid
1764 3671 1954 3726 ibidem
1985 3675 2049 3729 ad

510 3776 753 3829 prmsens,
787 3755 854 3811 de
879 3756 1114 3827 quolibet
1140 3768 1387 3826 attracto,
1412 3770 1591 3816 tenere
1614 3762 1906 3830 videbatur,
1928 3779 2049 3821 cum

496 3848 686 3923 Iterris,
716 3848 979 3914 domibus,
1024 3844 1270 3901 mdiliriis.
1305 3849 1599 3913 accolabus,
1631 3853 1921 3921 mancipiis,
1970 3854 2051 3908 vi-

480 3936 642 3990 ‘neis.
672 3934 856 4005 sylvis,
906 3937 1125 4004 campis,
1155 3937 1333 4004 pratis,
1366 3939 1596 4005 pascuis,
1654 3940 1825 4008 aquis,
1881 3955 2048 4009 aqua-

496 4037 694 4075 ~rumve
731 4024 1058 4088 decurs:bus,
1088 4027 1168 4078 vel
1201 4024 1446 4079 omnibus
1496 4026 1690 4079 ibidem
1741 4028 2045 4095 aspicienti-

510 4114 625 4164 bus.
652 4110 907 4165 Similiter
945 4116 994 4166 in
1026 4116 1514 4182 compensationem
1546 4116 1701 4183 hujus
1731 4118 1925 4180 meriti,
1957 4117 2051 4173 de-

509 4203 642 4257 derit
670 4204 1058 4270 suprmm’ptus
1087 4205 1194 4266 ille,
1240 4205 1305 4258 ad
1338 4216 1542 4273 partem
1575 4207 1851 4261 memorati
1880 4207 2046 4261 abba-

510 4293 575 4345 tis
604 4292 765 4356 illius,
794 4290 877 4345 vel
909 4291 1169 4360 pmtlictae
1196 4292 1425 4347 basilicae
1456 4295 1615 4347 alium
1648 4295 1888 4349 locellum
1916 4310 2049 4350 nun-

512 4391 760 4449 cupatutn
801 4380 969 4444 illum,
1014 4382 1169 4434 situm
1198 4382 1267 4434 ibi
1293 4384 1544 4450 quidquid
1592 4384 1784 4438 ibidem
1813 4388 1879 4439 ad
1909 4402 2047 4455 pra:-

514 4483 653 4531 sens,
683 4470 748 4523 de
777 4484 1089 4537 quocunque
1110 4477 1357 4530 attractu.
1391 4471 1582 4525 ibidem
1611 4472 1806 4528 habere
1832 4474 2047 4529 videba-

511 4565 616 4620 tur,
647 4572 766 4609 cum
801 4558 975 4618 terris.
1006 4558 1266 4622 domibus,
1293 4556 1545 4620 mdiliciis,
1569 4561 1865 4623 accolabus,
1894 4577 2045 4616 man-

512 4644 681 4711 cipiis,
726 4645 911 4707 vineis,
943 4648 1122 4716 sylvis,
1156 4648 1377 4714 campis,
1407 4649 1587 4714 pratis,
1620 4652 1846 4716 pascuis,
1876 4652 2045 4718 aquis,

515 4747 832 4797 aquarumve
853 4734 1178 4795 decursibus,
1211 4737 1293 4789 vel
1314 4736 1558 4790 onmibus
1579 4734 1768 4788 ibidem
1793 4737 2049 4803 aspicien-

514 4824 671 4874 tibus.
704 4820 777 4873 Ita
806 4831 859 4875 ut
887 4825 954 4876 ab
981 4824 1078 4877 bac
1105 4825 1190 4877 die
1221 4822 1578 4893 undsquisqne
1631 4834 1950 4880 memoratos
1977 4828 2051 4879 lo.

516 4932 608 4969 eos
655 4930 786 4980 quos
814 4906 1145 4983 acceperunt,
1180 4920 1425 4978 habendi.
1460 4919 1691 4982 tenendi,
1745 4919 1847 4980 vel,
1900 4920 2051 4986 quid-

518 5003 645 5071 quid
672 5003 863 5072 exinde
894 5020 986 5070 pro
1032 5022 1211 5060 eorum
1257 5008 1651 5076 opportunitate
1696 5017 1749 5061 et
1803 4999 2052 5076 compen-

512 5154 757 5235 principis
787 5155 1025 5223 imperio,
1057 5156 1349 5235 n_ec_legum
1370 5155 1690 5233 auctoritate
1718 5171 1813 5235 per
1832 5170 2052 5235 sexcen—

515 5232 596 5273 tos
641 5220 798 5275 ferme
836 5220 1005 5276 a’nuos
1050 5220 1248 5275 aboleri
1285 5224 1513 5290 potuerit
1540 5240 1553 5283 ;
1584 5220 1821 5287 quinimo
1854 5224 2055 5289 legibus

514 5290 562 5342 id
587 5302 691 5340 non
716 5294 926 5342 omnino
952 5290 1341 5357 prohibebatur,
1367 5290 1457 5341 scd
1484 5299 1680 5341 tantum
1708 5292 1758 5342 ni
1784 5313 1792 5340 ι
1818 5292 1863 5343 ia
1898 5293 2049 5345 licen-

512 5358 583 5409 tia
612 5357 771 5407 certis
793 5356 980 5411 ﬁnibus
999 5358 1235 5411 coercila
1282 5368 1412 5409 erat.
1448 5360 1623 5422 Itaque
1656 5359 1743 5419 qui
1797 5374 1954 5411 unum
1989 5376 2052 5412 ex

512 5424 855 5498 propinquis,
895 5434 951 5476 ct
975 5442 1157 5478 omnes
1173 5435 1436 5498 adversus
1468 5426 1733 5498 habebat;
1766 5427 1984 5498 adequt
2010 5430 2053 5481 si

514 5492 703 5559 aliquis
746 5492 952 5545 oecisus
981 5503 1071 5542 aut
1101 5495 1422 5549 vulneratus,
1467 5501 1556 5543 aut
1610 5493 1745 5543 male
1801 5492 2054 5549 multatus

514 5560 809 5612 abinintico
849 5560 1073 5625 quodam
1116 5562 1316 5625 privato
1368 5561 1568 5622 fuisset,
1616 5561 1866 5612 continuo
1914 5562 2052 5615 illius

518 5628 790 5691 propinqui
820 5630 1005 5679 al'zines
1032 5637 1083 5678 et
1112 5628 1267 5679 amici
1314 5628 1651 5684 advolabanl,
1675 5642 1822 5678 suam
1854 5637 1907 5678 et
1928 5644 2052 5681 suo-

520 5708 629 5742 rum
661 5695 897 5755 iujuriam
928 5694 1087 5746 armis
1118 5695 1444 5747 vindicaturi.
1476 5696 1578 5745 Sed
1606 5696 1891 5759 aliquando
1921 5711 2051 5759 pace

518 5775 610 5826 per
638 5762 832 5815 amicos
857 5764 989 5819 facta
1018 5763 1100 5816 vel
1131 5763 1292 5817 ctiam
1318 5765 1374 5815 in
1400 5764 1620 5830 jIIJIL'IO,
1652 5764 1938 5815 secundum
1973 5766 2048 5816 le-

2073 4512 2127 4571 1)

2153 3225 2297 3280 nixa.
2330 3227 2520 3281 Actum
2548 3225 2659 3282 illo.
3004 3274 3009 3282 .

2721 3310 2944 3368 CAPUT
2981 3311 3143 3366 XXV.

2467 3401 2497 3441 δ
2534 3402 2805 3484 Contiones
2824 3403 3017 3455 diverso
3045 3403 3196 3455 modo
3217 3405 3391 3471 facta.

2221 3494 2441 3550 Domino
2478 3493 2878 3563 mihipmpitio
2909 3493 2981 3546 illi
3020 3492 3129 3547 ille.
3161 3493 3293 3546 Dum
3334 3501 3391 3546 et
3442 3493 3508 3547 ad
3535 3506 3683 3547 meam

2140 3584 2477 3653 petitionem,
2510 3592 2563 3638 et
2603 3584 2970 3639 necessitatem
2997 3582 3315 3652 supplendo,
3348 3591 3527 3637 vestra
3554 3584 3683 3638 boni-

2149 3682 2229 3725 tas
2259 3672 2459 3735 babuit,
2489 3673 2757 3741 utal‘ibram
2796 3672 2863 3726 de
2890 3680 3130 3740 argento,
3155 3672 3223 3725 de
3251 3672 3415 3725 rebus
3442 3672 3578 3726 veris
3601 3684 3684 3723 no-

2147 3760 2228 3814 bis
2251 3761 2321 3814 ad'
2343 3763 2651 3816 beneﬁcium
2683 3761 2999 3835 prmslitislis
3029 3758 3159 3830 [Al..
3186 3757 3554 3828 pramaretis].
3579 3756 3685 3811 Ideo

2147 3863 2243 3918 per
2295 3849 2395 3902 hoc
2432 3850 2699 3903 vinculum
2726 3849 3016 3911 cautionis,
3058 3847 3299 3917 spondeo
3321 3863 3411 3902 me
3443 3857 3465 3884 τ
3497 3846 3583 3901 lii.
3601 3847 3685 3899 illis

2148 3938 2399 4006 proximis
2426 3937 2599 4006 ipsum
2631 3946 2907 4004 argentum
2935 3935 3127 3990 vestris
3164 3936 3409 4003 partibus
3448 3950 3565 3989 θέει
3586 3936 3683 3988 red-

2145 4026 2396 4089 diturum,
2428 4026 2578 4091 Quod
2605 4026 2650 4082 si
2680 4040 2783 4080 non
2814 4024 3031 4089 fecero,.
3056 4024 3272 4079 et°dies
3303 4023 3536 4092 placitus
3576 4022 3683 4077 llihi

2146 4114 2431 4181 prmlinilus
2487 4114 2787 4177 transierit,
2822 4129 2920 4183 pro
2957 4112 3116 4183 duplo
3145 4113 3196 4166 in
3244 4113 3539 4172 crastinum
3584 4125 3685 4173 me.

2146 4211 2238 4257 aut
2261 4202 2498 4258 haeredes
2541 4218 2711 4282 meos,
2735 4211 2947 4259 vos’aut
2973 4206 3211 4261 btet-edes
3236 4207 3404 4262 vestri
3427 4246 3446 4269 ,
3484 4215 3574 4260 aut
3614 4204 3685 4260 ei

2145 4292 2282 4348 hanc
2311 4293 2611 4348 cautionem
2639 4292 2891 4367 dederitis
2928 4295 3263 4362 exigendam,
3294 4293 3687 4351 teneatis“
3788 4292 3789 4347 ἔ

2144 4381 2309 4437 xiutn.
2338 4381 2500 4438 Facta
2520 4382 2769 4457 cputione
2797 4382 2890 4447 ibi,
2919 4383 3017 4437 sub
3045 4382 3131 4439 die
3152 4381 3263 4447 illo,
3287 4396 3439 4437 anno
3461 4383 3571 4440 illo.

2694 4492 2918 4549 CAPUT
2967 4491 3152 4547 XXVI.

2761 4562 2893 4614 Item
2928 4562 3061 4615 ali.

2220 4650 2450 4705 Domino
2467 4664 2565 4703 suo
2592 4649 2667 4703 illi
2694 4651 2799 4705 ille.
2823 4650 3043 4705 Constat
3076 4666 3164 4707 me
3182 4667 3213 4706 a
3239 4654 3399 4710 vobis
3419 4651 3687 4725 accubo.
3780 4662 3781 4669 ‘

2149 4748 2203 4793 et
2232 4744 2474 4807 acuipere
2505 4738 2722 4805 debere,
2745 4749 2797 4792 et
2816 4739 3009 4804 debeo,
3049 4740 3151 4796 hoc
3176 4750 3259 4795 est
3278 4743 3490 4798 solidos
3517 4748 3687 4799 tam

2150 4843 2245 4896 pro
2271 4826 2464 4893 quibus
2494 4828 2686 4891 solidis
2729 4841 2865 4895 quos
2892 4836 3013 4895 post
3060 4842 3146 4881 me
3192 4828 3517 4892 retinuere,
3558 4828 3693 4883 mi

2151 4917 2384 4981 singulis.
2413 4932 2505 4982 per
2524 4918 2761 4984 singulos
2788 4917 2985 4972 solidus
3007 4957 3024 4980 ,
3072 4916 3310 4983 singulos
3366 4918 3695 4991 triens).-
3768 4974 3769 4979 η

2152 5005 2247 5059 tris
2282 5007 2521 5072 partibus
2548 5004 2665 5059 esse
2693 5006 3043 5060 redditurum.
3075 5004 3141 5059 Et
3166 5006 3212 5060 si
3238 5005 3347 5062 hoc
3375 5008 3691 5073 δαιτυ-
3766 5004 3773 5073 ἓ

2153 5170 2246 5223 g-s
2271 5158 2660 5221 transigebatur
2685 5171 2699 5219 ;
2722 5169 2828 5215 auo
2850 5169 2978 5210 casu
2999 5157 3305 5213 securitatis
3329 5160 3483 5216 calli

2155 5226 2357 5291 terponi
2388 5225 2465 5277 sol
2492 5234 2570 5276 ne.
2607 5223 2680 5276 In.
3062 5263 3065 5267 ν

2177 5327 2199 5348 .
2225 5291 2528 5361 ‘Cadivum
2549 5331 2563 5353 ,
2598 5292 2696 5345 hoc
2738 5299 2838 5352 es:,
2870 5291 3086 5357 malum,
3141 5292 3496 5361 Intprqbn-;

2158 5359 2386 5433 italicum
2436 5361 2695 5426 integrum
2720 5361 2913 5414 retinet
2963 5363 3166 5415 cauiro.
3201 5358 3357 5416 Unde

2152 5430 2321 5491 cIléiif.
2358 5430 2500 5479 IilGN.
3558 5430 3669 5491 ":1;

2224 5440 2277 5477 an
2311 5467 2321 5475 .
2358 5440 2500 5479 lilGN.
3598 5440 3643 5475 ⁵³

2224 5495 2245 5527 ¹ι
2284 5440 2557 5567 Ii‘autimii‘s
2581 5495 2902 5567 vocabulum
2938 5512 3036 5567 pro
3059 5472 3695 5567 repromissione

2226 5512 2245 5527 υ
2288 5512 2557 5545 tauuouls
2589 5512 2902 5550 vocabulum
2962 5512 3036 5557 pro
3059 5512 3695 5567 repromissione!!-

2154 5564 2391 5637 rogapbo
2424 5562 2700 5637 accipitur,
2732 5512 3028 5637 entitlan
3051 5565 3441 5637 utisdatimae.
3464 5566 3549 5623 ho.
3568 5632 3583 5637 _
3752 5582 3757 5637 ὲ

2226 5628 2245 5665 ἰ
2272 5632 2511 5707 Singulis
2539 5630 2722 5707 lialrn
2741 5637 2806 5707 tis
2832 5628 3135 5707 lkenebrem
3166 5633 3461 5700 pecua

2153 5700 2235 5753 loc
2256 5700 2414 5761 .banl,
2448 5715 2513 5751 un
2538 5704 2583 5753 δε
2612 5708 2665 5751 et
2684 5696 3078 5765 Kalcnnaﬂ'um.
3111 5696 3195 5755 In;
3390 5716 3391 5719 ‘
3508 5696 3683 5773 Ἱέῗηιῗε

3596 5222 3619 5231 ,-

3028 5841 3802 6372 Α
