3886 6226
105 382 233 434 Τόδ

1376 387 1734 443 ΡΟΙιΜῑιηΕ.
1778 418 1844 426 —
1886 387 2009 442 Lili.
2058 389 2112 440 ll.

3259 390 3289 443 7
3310 392 3361 442 tt“.

112 505 420 561 teinpsero,
447 502 536 546 aut
564 495 762 549 exinde
803 496 1076 564 negligens
1124 509 1444 563 apparuero,
1479 498 1544 551 ad
1599 495 1692 547 du-
1728 510 1766 558 Α
1801 493 1928 562 [.-tt.,
1963 504 2190 564 raptam,
2218 492 2426 549 scelere
2484 496 2533 548 in
2590 497 2893 564 conjugium
2933 495 3174 562 sociavit,
3207 506 3259 551 et
3298 499 3363 551 ob

109 584 272 648 plum
307 586 422 652 ipso
455 586 570 639 loco
595 587 756 640 Vobis
786 588 1008 642 reddere
1036 587 1291 655 spondeo.
1341 586 1402 639 Et
1431 587 1698 655 quomodo

109 671 194 724 de
227 688 346 725 mea
403 675 731 742 pmprietate
784 677 927 744 ipsos
970 676 1168 730 solidos
1217 685 1424 731 vestros
1474 675 1701 730 reddere

113 770 378 829 potuero,
411 764 544 818 hanc
565 766 872 818 cantionem
904 781 932 818 a
965 765 1112 819 vobis
1151 767 1420 835 recipiam.

675 855 902 909 CAPUT
944 856 1146 910 XXVII.

761 949 891 1003 Item
918 951 1045 1003 alia.

199 1041 431 1095 Domino
458 1041 602 1095 fratri
633 1041 731 1106 illi,
773 1042 880 1095 ille.
939 1042 1210 1107 Quatenus
1242 1041 1543 1098 necessitati
1569 1059 1701 1097 mea:

113 1132 446 1199 supplendo,
477 1131 677 1184 solidos
704 1141 915 1184 vestros
949 1147 1171 1186 numero
1222 1141 1446 1195 tantum,
1481 1133 1605 1186 tnilti
1635 1135 1701 1186 ad

113 1222 447 1276 beneficium
471 1223 782 1290 praestitisti.
811 1222 932 1276 Ideo
951 1222 1100 1289 juxta
1127 1223 1272 1290 quod
1303 1224 1428 1276 tnihi
1459 1225 1698 1292 aptitica-

112 1313 217 1372 vit,
252 1313 433 1363 taliter
463 1313 597 1366 inter
625 1327 722 1365 nos
751 1312 1022 1372 convenit,
1045 1320 1068 1346 ⁸
1101 1320 1157 1363 ttt
1184 1310 1308 1362 dum
1342 1311 1482 1378 ipsos
1502 1307 1700 1364 solidos

113 1403 188 1453 de
220 1417 344 1455 meo
367 1403 584 1470 proprio
609 1402 833 1455 reddere
860 1411 1106 1470 potuero,
1132 1402 1244 1456 dies
1275 1409 1456 1459 tantos
1485 1402 1537 1454 in
1568 1417 1700 1455 una-

114 1506 340 1557 qnaque
365 1492 699 1545 hebdomade
743 1493 957 1546 servitio
989 1504 1186 1557 vestro,
1211 1491 1368 1559 quale
1413 1492 1539 1545 mihi
1583 1509 1651 1546 vo
1666 1513 1698 1556 -',

115 1591 212 1631 aut
245 1591 470 1647 agentes
500 1581 662 1634 vestri
693 1581 1046 1648 injunxeritis,
1075 1581 1251 1635 facere
1281 1581 1523 1636 debeam.
1549 1581 1701 1646 Quod

109 1675 164 1721 si
195 1672 396 1724 exinde
427 1671 718 1740 negligens,
743 1681 835 1725 aut
863 1672 1044 1727 tardus
1073 1687 1392 1741 apparuere,
1432 1672 1701 1726 licentiam

119 1759 398 1819 habeatis,
432 1761 568 1812 sicut
602 1768 656 1811 et
699 1761 906 1814 ueteris
935 1761 1286 1814 servientibus
1316 1762 1502 1814 vestris
1541 1761 1699 1814 disci-

1802 583 1904 634 boc
1939 581 2053 634 vine
2079 583 2368 650 periculum
2394 583 2665 638 incurrere
2710 593 2974 653 potuerat.
3009 583 3113 638 Sed
3144 585 3364 640 venien-

1802 672 1941 724 tibus
1970 681 2022 724 et
2053 670 2410 726 tnediantihus
2461 673 2644 726 amicis
2675 714 2688 736 ,
2746 673 2828 727 vel
2868 674 3018 727 bonis
3063 674 3367 728 hominibus

1800 761 2048 813 convenit
2071 760 2207 812 inter
2236 776 2351 825 nos,
2387 770 2444 814 ut
2490 762 2532 816 si
2561 763 2734 829 aliqua
2782 765 3079 832 procreatio
3136 762 3366 817 ﬁliorum

1800 856 1917 900 orta
1955 847 2114 901 fuerit
2144 849 2281 901 inter
2323 866 2438 916 vos,
2463 851 2513 903 in
2540 852 2742 920 integra
2774 854 3099 922 ingenuitate
3148 869 3362 921 penna-

1801 946 1981 990 neant.
2011 937 2075 990 Et
2105 940 2148 990 si
2173 941 2455 991 voluntaria
2483 957 2678 994 servum
2706 944 2888 1010 accipit
2917 943 3042 996 d‘cis
3065 959 3082 996 :
3109 944 3276 996 Omtti'
3303 961 3366 997 Its

1802 1044 1908 1082 non
1939 1028 2161 1082 habetur
2184 1030 2530 1097 incognitum,
2560 1032 2788 1098 qualiter
2808 1047 3020 1086 Servum
3051 1050 3223 1089 meum
3272 1053 3368 1088 no-

1802 1117 1942 1169 mine
1972 1118 2119 1170 illunt
2149 1119 2447 1177 voluntaria
2495 1129 2675 1173 secuta
2707 1135 2785 1183 es,
2810 1130 2865 1174 et
2903 1124 3154 1192 accepisti
3215 1113 3371 1177 mari:

1803 1216 1932 1258 tum.
1959 1206 2060 1259 Sed
2087 1207 2210 1260 dum
2244 1217 2293 1261 te
2325 1209 2488 1276 ipsam
2505 1217 2572 1266 rt
2604 1219 2625 1245 ε
2656 1211 2994 1277 agnationem
3046 1220 3213 1277 tuam,
3249 1211 3266 1250 ί
3317 1215 3368 1266 in

1801 1309 1920 1347 meo
1953 1295 2206 1349 inclinare
2233 1306 2509 1364 potueram
2532 1300 2766 1351 servitio.
2801 1297 2903 1353 Sed
2931 1309 3151 1369 propter
3173 1317 3367 1356 nomen

1804 1383 2033 1445 Domini,
2066 1393 2120 1437 et
2144 1387 2511 1441 remissionem
2562 1398 2902 1456 peccatorum
2957 1405 3220 1456 meorum,
3242 1406 3370 1459 pro-

1802 1483 1979 1538 pterea
2006 1484 2316 1541 prtesentem
2348 1477 2626 1556 epistolam
2684 1479 2734 1531 in
2768 1488 2819 1532 te
2869 1479 2992 1531 mihi
3046 1480 3370 1548 complacuit

1803 1563 2265 1628 conscribendam,
2299 1574 2354 1617 ut
2376 1565 2419 1616 si
2447 1566 2623 1632 aliqua
2653 1570 2952 1636 procreatio
2981 1566 3228 1631 ﬁliorum,
3276 1579 3370 1622 aut

1807 1651 2032 1704 filiarum
2060 1653 2200 1706 inter
2231 1669 2323 1708 vos
2370 1663 2484 1708 orta
2516 1655 2689 1719 fuerit,
2724 1659 2934 1725 penitus
2961 1672 3057 1712 nec
3107 1673 3221 1720 nos,
3270 1673 3371 1712 nec

1810 1740 2050 1796 ha'rcdes
2080 1744 2266 1810 nostri,
2297 1759 2394 1798 nec
2425 1744 2695 1811 quislibet,
2729 1746 2834 1798 ullo
2865 1762 3095 1815 unquam
3133 1757 3372 1816 tempore

117 1850 325 1914 rimam
359 1849 698 1916 corporaiem
730 1851 1041 1920 imponere:
1077 1859 1126 1905 ει
1183 1851 1449 1920 quomodo
1499 1852 1698 1908 solidos
1732 1841 1782 1896 Β
1803 1832 1854 1884 in
1886 1834 2102 1887 servitio
2133 1833 2388 1888 inclinare
2417 1851 2518 1888 non
2562 1835 2869 1888 debeamus.
2905 1836 3008 1890 Sed
3040 1837 3257 1903 integra:
3285 1837 3368 1890 itt-

120 1948 357 1999 vestros,
393 1938 614 1992 reddere
643 1947 889 2007 potuero,
914 1955 1085 1994 meam
1112 1943 1416 2012 cautionem
1441 1941 1466 1976 ι’
1500 1943 1701 2012 absque

120 2027 230 2080 ullo
252 2028 543 2082 evacuario
575 2029 941 2084 intercedente
971 2031 1308 2098 recipiamus.
1357 2031 1362 2038 '

659 2118 886 2175 CAPUT
925 2121 1158 2175 XXVIII.

365 2212 388 2239 ε
415 2207 517 2272 Qui
544 2225 609 2280 se.
627 2210 897 2262 iuservitio
921 2211 1130 2262 alterius
1159 2195 1419 2264 obn'oxiat.

192 2298 426 2352 Domino
453 2300 579 2352 mihi
609 2301 823 2368 proprio
853 2299 947 2352 illi.
1004 2302 1132 2353 Dum
1180 2309 1233 2354 et
1280 2301 1568 2369 instigante
1609 2303 1702 2356 ad-

119 2391 390 2455 versario,
425 2389 766 2456 fragilitatem
824 2404 996 2443 meam
1048 2390 1406 2459 praevalente,
1455 2391 1506 2444 in
1549 2407 1704 2446 casus

120 2493 314 2546 graves
365 2480 560 2533 cecidit
589 2519 605 2544 ,
675 2479 815 2535 unde
857 2481 1044 2534 ntortis
1092 2479 1382 2549 periculum
1434 2481 1705 2534 incurrere

119 2581 480 2638 potueramus
531 2570 635 2626 Sed
667 2572 792 2626 dum
844 2580 1018 2627 vestra
1068 2573 1236 2641 pietas
1286 2585 1370 2626 me
1411 2571 1515 2639 jam
1549 2574 1703 2626 tnorti

115 2660 482 2726 adiudicatum
517 2702 531 2723 ,
576 2661 647 2712 de
703 2660 924 2726 pecunia
969 2669 1146 2714 vestra
1199 2660 1541 2722 redemistis,
1620 2661 1702 2713 uel

116 2765 218 2816 pio
278 2764 399 2800 meo
447 2748 651 2801 scelere
688 2763 772 2801 res
821 2758 1024 2802 vestras
1071 2749 1413 2817 quatnplures
1457 2748 1696 2802 dedistis.

122 2837 189 2888 Et
213 2852 318 2902 ego
346 2837 413 2888 de
442 2836 600 2890 rebus
629 2836 778 2899 meis,
826 2837 963 2890 unde
989 2849 1164 2890 vestra
1211 2835 1469 2892 beneficia
1515 2853 1699 2906 repen-

118 2927 249 2977 dere
283 2924 605 2988 debuissem,
641 2941 744 2979 non
797 2926 968 2979 habeo
998 2943 1012 2978 :
1045 2927 1163 2980 ideo
1220 2942 1314 2996 pro
1353 2928 1453 2980 hac
1500 2938 1696 2980 statum

119 3013 468 3079 ingenuitatis
492 3029 622 3066 mea:
646 3015 795 3069 vobis
827 3015 967 3069 visus
1013 3031 1128 3068 sum
1152 3016 1492 3070 obnoxiasse.
1526 3019 1600 3070 tta
1645 3028 1704 3070 ut

118 3103 184 3152 ab
218 3101 326 3154 hac
349 3101 434 3154 die
463 3100 530 3154 de
557 3110 737 3155 vestro
765 3103 981 3156 servitio
1025 3104 1235 3173 penitus
1279 3121 1384 3160 non
1405 3105 1698 3161 discedam.

1806 1924 2114 1989 genuitatis,
2147 1933 2396 1994 tanquam
2428 1926 2472 1979 si
2523 1928 2588 1979 ab
2619 1930 2853 1994 utrisque
2885 1926 3190 1994 parentibus
3225 1927 3372 1994 inge-

1807 2015 1924 2067 nuis
1953 2014 2182 2069 fuissent
2211 2017 2495 2084 procreati,
2525 2019 2666 2070 omni
2708 2020 2814 2070 vita
2858 2033 2952 2072 sua
3002 2027 3368 2087 permaneant.

1808 2105 2064 2160 Peculiari
2089 2122 2365 2170 concesso,
2408 2121 2728 2177 quocunque
2777 2110 2960 2166 labore
3003 2112 3290 2179 potuerint,
3320 2120 3373 2164 et

1805 2192 1902 2244 sub
1933 2192 2135 2260 integra
2161 2193 2507 2260 ingenuitate,
2539 2211 2699 2266 super
2750 2205 2945 2250 terram
2997 2208 3253 2265 nostram,
3282 2208 3371 2253 aut

1807 2283 2034 2334 filiorum
2057 2294 2381 2347 nostrorum,
2410 2286 2609 2352 absque
2640 2286 2748 2339 ullo
2797 2286 3103 2354 prtejudicio
3123 2288 3200 2354 ,de
3226 2298 3365 2341 statu

1806 2371 2145 2438 ingenuitatis
2181 2387 2363 2426 eorum
2414 2389 2755 2427 commauere
2787 2374 3053 2429 debeant:
3084 2386 3140 2430 et
3168 2378 3369 2431 reditus

1806 2469 1978 2524 terrae,
2013 2470 2070 2513 ut
2097 2477 2210 2514 mos
2236 2471 2337 2528 est,
2366 2478 2460 2532 pro
2489 2463 2817 2530 ingenuitate
2847 2465 3000 2519 annis
3031 2465 3251 2533 singulis
3277 2468 3369 2519 de-

1803 2549 2032 2613 stzlvant,
2073 2556 2126 2603 et
2153 2565 2366 2619 semper
2417 2550 2467 2603 in
2516 2552 2720 2620 integra
2783 2553 3367 2624 iugenuitateperma-

1806 2645 1983 2699 ncant,
2020 2643 2126 2689 tam
2160 2637 2257 2705 ipsi
2295 2654 2451 2704 quam
2475 2649 2525 2692 et
2559 2643 2846 2708 pOsterLtas
2901 2641 3134 2696 illorum.
3165 2641 3218 2695 Si
3253 2644 3374 2712 quis

1804 2742 1950 2794 vero,
1983 2729 2122 2796 quod
2155 2729 2388 2784 futurum
2417 2746 2536 2799 esse
2563 2749 2667 2786 non
2692 2735 2980 2798 credimus,
3002 2751 3098 2789 nos
3127 2737 3245 2804 ip<i,
3280 2749 3374 2790 aut

1803 2818 2079 2886 aliqttisde
2115 2818 2451 2880 Itmredibus,
2505 2821 2588 2874 vel
2629 2823 2932 2888 quicunque
2985 2833 3173 2876 contra
3234 2828 3369 2877 hanc

1803 2909 2096 2964 chartulam
2130 2911 2309 2966 venire
2339 2912 2643 2975 tetttaverit,
2680 2923 2772 2966 aut
2817 2928 2934 2967 eam
2966 2914 3248 2981 infringere
3275 2931 3369 2968 Vn-

1805 3003 1980 3064 luerit,
2015 3001 2204 3055 inferat
2236 3003 2364 3068 tibi,
2418 3013 2507 3056 aut
2549 3004 2846 3058 htcrzdilms
2892 3004 2991 3058 tuis
3015 3044 3030 3069 ,
3071 3005 3182 3057 auri
3211 3005 3372 3058 libras

1807 3098 2001 3157 tantas,
2031 3093 2237 3160 argenti
2261 3095 2436 3160 pondo
2456 3095 2607 3160 tanti,
2637 3106 2690 3150 et
2715 3097 2856 3164 qttod
2886 3095 3073 3166 repetit
3104 3095 3372 3149 vindicare

118 3192 230 3245 Sed
261 3191 515 3260 quidquid
547 3192 735 3260 reliqui
766 3191 982 3254 facium,
1011 3165 1110 3262 im,
1140 3205 1350 3267 “Sim,
1403 3204 1495 3248 aut
1541 3211 1692 3262 agon.
1729 3165 1774 3226 C
1805 3196 1908 3234 non
1939 3181 2138 3246 valeat;
2162 3182 2256 3236 sed
2287 3198 2516 3250 przesens
2533 3184 2770 3236 chartula
2797 3165 3372 3254 omnitemporelirma

121 3282 260 3333 tium
298 3289 593 3333 vestrorum
615 3281 837 3348 imperio
868 3281 1040 3336 facere
1069 3281 1324 3350 Spondeo.
1353 3282 1504 3348 Quod
1528 3286 1570 3336 si
1598 3299 1701 3337 non

122 3372 185 3423 fe:
209 3387 332 3432 ero,
363 3380 453 3423 aut
481 3386 567 3424 me
597 3386 692 3439 per
721 3371 996 3438 quodlibet
1048 3371 1315 3440 ingenium
1371 3372 1438 3426 de
1482 3374 1703 3428 servitio

123 3472 316 3515 vestro
342 3463 654 3516 abstrahere
681 3463 917 3528 voluero,
952 3463 1032 3516 vei
1062 3463 1354 3518 dominium
1377 3465 1596 3519 alterius
1611 3481 1704 3519 ex-

127 3565 341 3620 petere,
365 3563 455 3608 aut
487 3572 571 3610 res
599 3559 873 3625 suscipere
894 3557 1131 3620 voluero,
1163 3559 1432 3613 licentiam
1464 3561 1704 3614 habeatis

128 3662 156 3696 ει
185 3646 261 3697 ihi
296 3646 722 3712 qualemcunque
767 3646 1041 3701 volueritis
1087 3647 1421 3716 disciplinam
1467 3664 1700 3717 ponere,

126 3736 212 3788 vel
244 3735 577 3797 venundare,
609 3744 702 3788 aut
729 3736 870 3805 quod
900 3737 1049 3792 vobis
1100 3735 1358 3804 placuerit
1403 3736 1470 3793 de
1497 3753 1580 3793 me
1628 3737 1703 3792 fa-

126 3843 278 3881 cere.
315 3825 473 3879 Facta
502 3826 887 3881 obnoxiatione
912 3835 1054 3893 tunc,
1079 3827 1176 3882 sub
1205 3828 1291 3882 die
1320 3828 1430 3881 illo.

711 3938 935 3994 CAPUT
974 3938 1161 3993 XXIX.

181 4057 208 4089 α
244 4051 441 4105 Charm
481 4054 545 4105 de
589 4054 878 4120 agitatione,
907 4055 950 4105 si
975 4069 1144 4104 servus
1173 4054 1443 4121 ingenuam
1475 4054 1648 4105 Ira/tit.

194 4159 370 4225 Igitur
413 4177 514 4228 ego
546 4161 595 4215 in
637 4164 727 4216 Dei
768 4162 980 4215 nomine
1030 4162 1134 4225 ille,
1167 4162 1240 4215 illi
1296 4160 1522 4215 ientiuaa.
1574 4161 1704 4214 Illud

127 4266 236 4303 non
275 4251 501 4302 habetur
528 4254 872 4319 incognitum,
903 4252 1131 4320 qualiter
1179 4265 1366 4304 servus
1419 4265 1567 4308 meus
1611 4266 1707 4303 no-

126 4340 281 4391 mine
315 4338 422 4400 ille,
447 4347 496 4390 te
519 4338 718 4406 absque
739 4347 1014 4407 parentum
1034 4338 1114 4391 vel
1139 4349 1221 4392 tua
1245 4338 1533 4401 voluntate,
1558 4347 1707 4406 rapto

1805 3278 2130 3337 permaneat,
2160 3271 2504 3340 stipulatione
2532 3273 2774 3326 subnixa.
2804 3274 2992 3328 Actum
3024 3275 3134 3328 illo.

2365 3400 2590 3454 CAPUT
2631 3402 2797 3456 XXX.

2296 3524 2317 3557 ε
2355 3512 2433 3565 Lil
2448 3515 2576 3565 ellus
2604 3515 2820 3582 repudii.

1879 3623 1903 3660 ³³
1938 3624 2069 3677 Dum
2102 3636 2154 3677 et
2185 3625 2319 3677 inter
2343 3623 2488 3677 illutn
2517 3626 2866 3693 etconjugem
2899 3641 3048 3680 suam
3081 3628 3242 3693 illam,
3269 3646 3370 3683 tton

1805 3714 2034 3768 Charitas
2061 3716 2351 3768 secundum
2387 3714 2582 3779 Deum,
2613 3715 2705 3768 sed
2755 3716 3017 3770 discordia
3049 3729 3234 3787 regnat
3258 3761 3273 3785 ,
3321 3735 3377 3775 et

1720 3858 1727 3870 ,
1806 3807 1874 3859 ob
1914 3805 2014 3859 hoc
2045 3807 2242 3873 pariter
2270 3820 2585 3860 conversare
2628 3806 2844 3861 minime
2889 3819 3148 3875 possunt:
3181 3811 3376 3877 placuit

1809 3895 2077 3963 utriusque
2106 3895 2396 3958 voluntate,
2423 3906 2480 3947 ut
2500 3910 2557 3948 se
2579 3910 2607 3947 a
2637 3897 2909 3950 consortio
2939 3911 3187 3956 separare
3207 3900 3369 3954 dehe~

1808 3984 2105 4051 rent,quod
2133 3983 2202 4036 ita
2235 3991 2288 4037 et
2317 3983 2577 4038 fecerunt.
2625 3981 2921 4052 'Propterea
2978 3986 3072 4040 has
3121 3988 3376 4056 epistolas

1807 4073 1946 4126 inter
1973 4088 2030 4125 se
2058 4087 2163 4126 uno
2194 4081 2379 4127 tenore
2429 4073 2761 4141 conscriptas
2814 4074 2924 4127 tieri
2951 4116 2967 4141 ,
3016 4084 3070 4129 et
3111 4077 3378 4132 aftirtnare

1805 4160 2192 4215 decreverunt:
2225 4170 2280 4214 ut
2317 4162 2683 4230 unusquisque
2705 4177 2771 4216 ex
2823 4164 2971 4231 ipsis,
3001 4166 3113 4218 sive
3140 4167 3208 4217 ad
3260 4182 3376 4218 ser-

1811 4253 1991 4305 vitium
2027 4252 2117 4304 Dci
2170 4253 2222 4305 in
2263 4254 2586 4308 menasterio
2624 4251 2635 4288 ί
2670 4261 2762 4306 aut
2801 4256 3001 4322 copula:
3052 4255 3376 4308 matrimonii

1811 4346 2014 4398 sociare
2042 4359 2099 4398 se
2120 4343 2348 4396 voluerit
2375 4342 2638 4397 licentiam
2664 4343 2874 4408 habeat,
2895 4353 2948 4396 et
2973 4342 3168 4397 nullam
3197 4347 3375 4414 requi-

197 4504 226 4530 ει
261 4495 444 4547 Donec
469 4495 741 4562 pecuiniam
759 4492 967 4547 solvere
983 4494 1164 4556 possit,
1183 4493 1399 4546 servitio
1427 4494 1643 4547 credito:
1663 4496 1704 4546 is
1736 4492 1781 4549 D
1812 4505 1916 4548 tum
1944 4507 1996 4548 et
2021 4496 2120 4550 sub
2153 4495 2370 4548 tantiam
2421 4493 2714 4547 amittebat.
2763 4493 2813 4545 II
2841 4495 3008 4562 ipsu'n
3058 4495 3169 4561 lege
3199 4496 3266 4549 Sa
3295 4498 3371 4550 ira

127 4580 183 4619 se
217 4564 401 4627 ipsum
440 4565 658 4629 obligat.
687 4563 962 4629 Qbatratos
993 4564 1211 4614 Romani
1243 4563 1511 4616 dicebant.
1556 4562 1702 4618 BIGN.

198 4623 254 4671 δ’
283 4632 357 4684 De
373 4623 944 4698 apochzievacuaturia,
970 4631 1090 4684 vide
1116 4645 1230 4699 cap.

199 4715 224 4738 ε
281 4701 532 4754 P'ormula
555 4711 634 4752 est
665 4715 767 4766 qua
799 4701 862 4763 is,
890 4703 977 4766 qui
1008 4701 1266 4767 supplicio
1299 4701 1552 4752 liberatus
1591 4708 1669 4751 est
1691 4741 1704 4761 ,

129 4773 317 4823 soluta
347 4770 465 4837 ejus
490 4771 704 4822 nomine
743 4768 811 4819 ab
839 4770 1018 4837 aliquo
1059 4771 1313 4836 pecunia,
1336 4779 1520 4821 statum
1567 4771 1708 4836 iuge-

131 4840 359 4892 nm’tatis
381 4836 496 4891 sua:
532 4838 790 4901 o'mo.riat,
813 4836 860 4888 id
893 4846 994 4898 est,
1017 4839 1064 4889 ei
1095 4841 1181 4902 qui
1207 4839 1426 4890 redemit
1456 4853 1514 4890 se
1538 4840 1709 4906 ipsum

131 4910 380 4974 subjicit,
407 4909 604 4960 addicit
627 4914 684 4960 et
713 4907 760 4959 itt
791 4907 1098 4958 servitutem
1131 4907 1308 4958 tradit.
1353 4907 1426 4959 lo.

199 4979 229 5012 ιι
281 4975 396 5027 Ilac
427 4975 648 5028 formula
677 4975 924 5028 dominus
979 4975 1116 5026 servi
1157 4975 1245 5040 qui
1305 4976 1532 5041 puellam
1566 4977 1711 5040 inge-

135 5061 306 5098 nuam
341 5046 534 5110 rapuit,
565 5045 730 5112 sopita
753 5043 1136 5113 controversia.
1171 5052 1323 5113 cavet
1345 5054 1401 5096 ut
1427 5049 1516 5110 qui
1547 5060 1709 5113 agna-

134 5124 426 5168 sc-‘rentur
454 5128 515 5164 ex
549 5111 871 5176 ltis’nuptiis,
906 5112 1056 5166 liberi
1087 5120 1139 5164 et
1169 5111 1380 5177 ingenui
1432 5111 1711 5179 permane-

137 5195 284 5247 rent,
307 5198 410 5236 non
429 5181 585 5234 servi.
610 5183 670 5232 lit
698 5190 778 5233 est
807 5183 909 5233 alia
935 5188 1032 5235 sub
1051 5181 1236 5234 eodem
1264 5183 1439 5248 capite
1463 5181 1709 5236 formula.

137 5251 272 5303 Nam
307 5255 349 5305 si
375 5251 566 5303 mulier
586 5265 649 5318 sp
670 5257 775 5299 inte
815 5265 973 5302 servo
1019 5251 1192 5302 alieno
1217 5251 1496 5316 conjuncta
1526 5253 1615 5314 sit,
1649 5269 1713 5306 ex

137 5317 627 5374 senatusconsulto
657 5317 946 5370 Claudiano
989 5319 1281 5372 libertatem
1329 5318 1623 5382 amittebat,
1662 5331 1716 5374 ut

139 5395 306 5443 etiam
336 5390 455 5452 lege
480 5387 677 5441 Salita.
708 5387 799 5440 ttic
822 5387 1058 5452 vero'jus
1087 5387 1215 5441 illud
1245 5404 1275 5441 a
1311 5388 1528 5441 domino
1554 5391 1713 5440 resti-

141 5461 330 5514 tuitur.
359 5467 421 5508 ut
456 5457 544 5521 qui
572 5472 639 5509 ex
669 5459 749 5509 his
778 5465 1082 5520 nascentur,
1113 5456 1260 5510 liberi
1299 5457 1422 5520 sint,
1455 5472 1553 5511 nec
1603 5473 1716 5525 pos-

139 5531 204 5580 sit
225 5542 329 5580 eos
359 5533 419 5578 ut
448 5540 634 5576 servos
663 5526 949 5588 vindicare,
980 5532 1068 5576 aut
1098 5539 1309 5579 manuni
1343 5527 1482 5594 injic-
1505 5541 1582 5580 re.
1639 5527 1713 5580 In.

209 5606 237 5633 ο
278 5594 631 5666 Αθηαιὶοηειη
661 5603 815 5657 tuam,
848 5598 947 5647 hoc
975 5602 1090 5655 cst,
1147 5597 1286 5659 quod
1340 5611 1404 5648 ex
1445 5605 1497 5649 te
1538 5607 1715 5649 natum

141 5669 262 5720 erit.
315 5665 391 5717 lo.

213 5738 230 5770 ι
279 5734 498 5792 Mulier,
534 5744 653 5796 quae
682 5744 739 5781 se
770 5730 938 5784 alieno
986 5747 1138 5786 servo
1187 5733 1469 5800 jt_tn.\isst.~t,
1505 5733 1714 5788 liberta-

436 5849 712 5906 I'ATRUL
764 5843 1132 5922 txxxrtt.

1807 4575 2024 4618 cavetur
2053 4567 2132 4617 tit.
2164 4582 2269 4627 xw,
2305 4565 2405 4629 leg.
2451 4564 2497 4614 7.
2533 4563 2734 4628 Quibus
2779 4564 3098 4617 conveniunt
3123 4581 3374 4630 quarunt-

1807 4635 1925 4686 dam
1956 4633 2138 4687 Galliae
2182 4636 2572 4702 provinciarum
2597 4633 2770 4699 leges:
2808 4633 2884 4684 En
2933 4635 3014 4700 {or
3060 4636 3286 4702 mariage
3331 4647 3376 4688 te

1808 4705 1917 4770 pire
1937 4713 2164 4763 emporte
2188 4705 2234 4755 le
2264 4701 2380 4754 bon.
2418 4701 2490 4753 In.
3067 4733 3070 4736 -

1881 4782 1904 4819 ε
1944 4773 2255 4840 Exemplum
2282 4780 2361 4840 est
2377 4770 2605 4840 divortii.
2631 4784 2893 4822 consensu
2921 4769 3203 4838 conjugum
3227 4770 3374 4836 facti,

1809 4841 1953 4908 quod
1982 4841 2266 4908 aliquando
2297 4839 2443 4891 licuit
2476 4856 2494 4908 :7
2521 4847 2574 4890 et
2604 4840 2742 4908 quod
2773 4840 2872 4904 legi
2914 4855 3008 4892 eva
3052 4841 3235 4905 gt-licte
3283 4843 3378 4892 ad-

1813 4907 2041 4973 iersutu,
2073 4907 2419 4963 conciliorum
2469 4907 2693 4960 decretis
2743 4911 3078 4974 reprobatunt
3111 4919 3210 4971 est,
3245 4918 3296 4960 et
3347 4925 3374 4962 a

1809 4978 2107 5031 Justiniano
2135 4991 2345 5044 quoque
2373 4975 2500 5028 Nov.
2561 4976 2674 5028 H7.
2707 4973 2905 5030 Tamen
2937 4994 3084 5032 usum
3113 4979 3372 5042 ejusmodi

1811 5048 2023 5099 divortii
2053 5047 2209 5097 etiam
2263 5047 2400 5098 inter
2428 5046 2759 5100 christianos
2801 5048 3086 5101 invaluisse
3117 5047 3228 5099 hate
3277 5046 3379 5100 for-

1812 5119 1951 5167 mula
1989 5115 2237 5169 ostendit.
2272 5115 2343 5166 Io.

1887 5184 1909 5220 δ
1955 5184 2111 5236 lialuz
2167 5183 2328 5235 Certis
2377 5183 2519 5236 rebus
2550 5195 2596 5237 et
2649 5185 2872 5252 probatis
2901 5186 3063 5237 causis
3089 5185 3221 5237 inter
3259 5203 3373 5237 ma-

1814 5257 1965 5306 ritum
1987 5266 2034 5306 et
2061 5268 2271 5306 uxorem
2297 5257 2597 5321 repudiandi
2618 5257 2635 5308 ι
2671 5271 2757 5306 ειη
2778 5266 2934 5321 patet.
2960 5254 3157 5307 Idcirco
3179 5255 3298 5307 dum
3329 5266 3375 5306 et

1814 5327 1967 5375 inter.

1898 5394 1909 5428 ί
1958 5392 2033 5444 Ex
2057 5393 2157 5444 hoc
2189 5390 2308 5445 loco
2339 5400 2558 5460 apparet
2587 5400 2693 5446 tum
2734 5391 2784 5443 in
2843 5407 2937 5445 usu
2967 5391 3125 5446 fuisse
3155 5400 3211 5444 ut
3258 5400 3377 5456 po~t

1817 5463 2101 5516 divortium
2134 5463 2318 5514 mutuo
2349 5477 2612 5515 consensu
2669 5461 2991 5515 celebratum
3049 5464 3125 5513 vir
3153 5469 3208 5512 et
3241 5476 3375 5511 uxor

1818 5531 2210 5584 matrimonium
2249 5546 2367 5584 cum
2421 5532 2535 5582 aliis
2582 5531 2897 5583 contrahere
2947 5537 3200 5597 possent,
3255 5543 3370 5592 qua:

1818 5599 2480 5654 consuetudoChristiante
2505 5599 2603 5664 legi
2649 5600 2912 5652 contraria
2946 5598 3132 5650 merito
3191 5611 3373 5666 repro-

1819 5671 1942 5724 bata
1967 5677 2064 5724 est.
2095 5669 2242 5724 Bics.

2790 5835 2862 5889 Ξὶί
