3886 6226
534 333 637 386 ’147

1776 328 1822 383 Μ
1838 325 2127 383 ARCULFI
2169 324 2464 379 MONACIII

3619 345 3767 393 7IR'

531 448 773 501 sitionem
796 459 857 498 ex
877 444 976 499 hoc
1004 444 1070 497 de
1091 452 1240 514 parte
1269 442 1494 512 proximi
1524 440 1603 495 sui
1633 441 1827 494 habere
1849 455 1952 492 non
1976 438 2067 492 de-
2097 441 2141 498 Α
2169 449 2353 493 contra
2393 441 2527 493 hanc
2572 440 2950 506 ingenuitatem
2984 447 3125 492 tuam
3160 441 3362 503 venire,
3386 450 3476 494 aut
3499 456 3618 494 eam
3655 443 3735 495 in-

531 539 671 591 beat.
703 535 756 590 Si
778 535 892 603 quis
914 550 1055 597 vero,
1086 542 1176 587 aut
1202 533 1377 600 aliqua
1408 546 1528 600 pars
1552 546 1617 584 ex
1650 529 1774 599 ipsis
1791 529 1892 581 boc
1918 542 2069 581 emu-

532 636 641 685 tare
671 670 687 696 ,
741 639 829 684 aut
882 639 1067 685 contra
1114 642 1291 697 parem
1321 631 1759 697 suum'repetere
1798 620 2067 685 voluerit,

529 722 716 775 inferat
766 721 875 789 pari
914 734 1008 773 suo
1054 717 1166 771 auri
1195 726 1221 753 ι
1252 717 1341 769 lib.
1390 731 1423 779 t,
1448 724 1502 769 et
1536 722 1593 768 ut
1642 698 1991 767 decreverunt
2040 726 2071 764 a

530 810 738 877 proprio
768 808 1037 863 consortio
1067 804 1406 873 sequestrati,
1439 805 1490 857 in
1518 818 1578 857 ea
1621 817 1778 871 quam
1810 800 2073 867 elegerint

527 906 672 963 parte
699 904 1059 965 permaneant.
1094 893 1251 947 Facta
1277 891 1515 962 epistola,
1547 892 1645 945 sub
1668 890 1753 943 die
1784 890 1890 944 illo.
1920 890 2072 943 Anno

526 988 576 1039 ill
600 1006 633 1052 ν,
661 992 914 1054 regnante
945 984 1035 1037 illo
1066 997 1216 1049 rege.
1304 1028 1309 1037 χ

1076 1070 1297 1125 CAPUT
1334 1070 1525 1123 XXXI.

1138 1162 1464 1216 Mandatum.

597 1256 815 1311 Domino
840 1254 987 1309 fratri
1012 1254 1103 1318 illi,
1135 1253 1238 1306 ille.
1275 1239 1469 1304 Pree'or
1488 1256 1541 1301 et
1560 1248 1797 1317 supplico
1825 1244 2071 1301 domina-

524 1350 649 1402 tioni
681 1357 885 1410 vestra),
916 1346 1040 1398 dum
1068 1352 1122 1398 et
1147 1356 1360 1398 causam
1381 1354 1475 1409 pro
1490 1339 1658 1401 alode,
1678 1348 1769 1391 aut
1790 1337 2073 1405 qualicun-

520 1456 641 1509 que,
673 1454 793 1492 cum
821 1438 1035 1491 homine
1062 1433 1273 1487 nomine
1297 1431 1388 1484 illo
1418 1432 1467 1484 in
1499 1430 1693 1497 palatio
1718 1467 1732 1491 ,
1790 1436 1882 1481 aut
1913 1425 2069 1479 ubili-

519 1528 627 1588 bet,
659 1526 857 1579 habere
880 1523 1082 1584 videor.
1117 1529 1170 1575 et
1198 1520 1363 1589 ipsam
1411 1532 1622 1571 causam
1645 1517 1917 1585 suscipere
1976 1511 2073 1564 ad-

2176 529 2405 594 I'ringere
2427 529 2712 596 conaverit,
2746 537 2837 581 aut
2860 538 2909 580 te
2934 529 2983 580 in
3014 528 3233 581 servitio
3262 528 3511 582 inclinare
3538 529 3731 582 voluc-

2174 619 2261 683 rit,
2286 618 2459 671 divina
2488 617 2631 670 illum
2655 618 2782 670 ultio
2804 618 3175 685 subsequatur,
3200 626 3254 669 et
3276 632 3303 668 a
3336 616 3603 671 liminibus
3637 615 3741 669 Ec-

2175 706 2472 770 clesiarnm,
2504 705 2646 759 vela
2686 704 3059 759 communione
3112 713 3401 758 extraneus
3453 703 3735 757 efficiatur.

2174 795 2240 849 Et
2267 796 2482 863 insuper
2509 795 2699 874 inferat
2724 796 2814 849 tibi
2833 810 2949 848 cum
2998 804 3221 863 cogente
3259 795 3386 849 tisco
3414 796 3529 848 auri
3572 795 3741 848 libras

2175 899 2213 947 ι,
2243 891 2298 938 et
2324 884 2463 952 quod
2484 884 2677 951 repetit
2707 882 2975 937 vindicare
3027 900 3134 938 non
3163 884 3364 948 valeat,
3391 883 3481 938 sed
3505 896 3741 951 prtesens

2174 974 2498 1041 ingenuitate
2534 976 2678 1028 omni
2723 984 2960 1043 tempore
2991 977 3138 1029 firma
3162 984 3493 1045 permaneat,
3510 976 3743 1045 stipula-

2169 1066 2319 1119 tione
2346 1066 2588 1121 subnixa.

2694 1158 2919 1215 CAPUT
2969 1160 3198 1215 XXXIII.

2294 1259 2321 1296 tt
2354 1247 2479 1303 Item
2507 1251 2794 1319 ingenuitas
2822 1252 2925 1305 alio
2954 1253 3104 1305 modo
3148 1259 3263 1321 post
3297 1252 3599 1321 discessum.

2244 1338 2444 1392 Dilecto
2472 1318 2573 1393 suo
2599 1340 2669 1393 illi
2713 1350 2804 1395 aut
2832 1342 2926 1395 illi.
2958 1340 2983 1377 ι’
3038 1318 3158 1397 Ρτο⁷
3196 1318 3461 1413 respectu.
3497 1344 3616 1399 fidei
3674 1359 3738 1398 ac

2172 1431 2441 1485 servitutis
2463 1447 2619 1499 quam
2650 1434 2777 1487 mihi
2800 1434 3094 1503 famularis,
3124 1451 3221 1505 pro
3249 1438 3558 1492 remissione
3601 1452 3735 1505 pec-

2173 1528 2410 1573 catorum
2436 1536 2691 1583 meorum,
2721 1531 2773 1575 te
2798 1524 2864 1576 ab
2890 1525 3035 1578 omni
3079 1527 3292 1582 vinculo
3340 1528 3610 1581 Servitutis
3641 1528 3735 1579 ab-

519 1616 860 1679 mallandam,
882 1613 963 1666 vel
986 1610 1401 1681 prosequendam
1438 1610 1490 1662 in
1519 1610 1634 1661 vice
1654 1621 1769 1659 mea
1794 1604 2004 1661 debeas,
2023 1609 2077 1654 et
2134 1643 2139 1649 .
2174 1612 2342 1667 εοίινο,
2376 1610 2444 1665 Ea
2482 1620 2656 1667 tamen
2686 1613 3011 1680 conditione,
3040 1623 3097 1669 ιη
3125 1616 3249 1669 dum
3302 1617 3566 1682 Μήνῃ),
3602 1616 3737 1669 mihi

518 1721 637 1760 cum
666 1703 1026 1773 suprascripto
1050 1701 1139 1755 illo
1164 1715 1229 1754 ex
1263 1700 1363 1754 hoc
1392 1699 1674 1758 rationare,
1702 1694 1783 1747 vel
1818 1690 2073 1762 quidquid

2174 1700 2476 1755 deservias:
2509 1709 2630 1771 post
2655 1704 2859 1757 obitum
2893 1719 3021 1759 vero
3068 1718 3245 1759 meum
3276 1705 3321 1759 si
3370 1705 3494 1758 mibi
3545 1719 3738 1772 super-

519 1795 708 1849 cxiude
729 1810 846 1848 cum
865 1809 929 1847 eo
949 1792 1016 1846 de
1036 1794 1148 1859 ipsa
1170 1786 1326 1845 causa
1351 1786 1542 1855 egeris,
1567 1783 1880 1852 gesserisve,
1901 1788 2072 1833 ratum

2183 1800 2282 1846 stes
2309 1791 2489 1855 fueris,
2517 1793 2589 1847 sis
2615 1793 2896 1861 ingenuus,
2924 1802 3174 1865 tanquam
3200 1797 3243 1850 si
3275 1797 3341 1849 ab
3369 1796 3603 1863 ingenuis
3635 1810 3737 1863 pa-

518 1896 570 1942 et
595 1885 864 1939 deﬁnitum
893 1882 1027 1951 apud
1058 1895 1287 1935 me-esse
1314 1889 1625 1945 cognoscas.
1659 1871 1877 1927 Factum
1923 1883 2074 1922 man—

516 1976 695 2029 datum
724 1975 822 2027 sub
856 1973 941 2027 die
968 1970 1080 2025 illo.
1604 2022 1605 2025 η

1057 2057 1280 2113 CAPUT
1318 2056 1524 2113 XXXII.

612 2156 634 2190 "
666 2148 923 2208 INCIPIUNT
962 2164 1343 2204 INGENUITATES
1374 2160 1589 2201 DIVERSO
1620 2158 1759 2197 )IODO
1788 2156 2000 2196 ιιίιοτιε.

898 2239 1200 2310 lugenuitus
1240 2253 1270 2289 a
1308 2237 1390 2288 die
1427 2233 1688 2304 prreseuti.

584 2335 682 2401 Qui
713 2333 950 2387 debitum
975 2331 1073 2385 sibi
1104 2343 1298 2383 nexum
1324 2326 1532 2381 relaxat
1559 2322 2071 2387 servitium,merce-

486 2429 633 2480 ’dem
666 2427 715 2477 in
740 2422 969 2476 futurum
998 2420 1135 2489 apud
1162 2418 1439 2473 Dominum
1471 2415 1569 2478 sibi
1618 2412 1911 2465 retribuere
1941 2424 2070 2463 con-

516 2514 677 2565 fidat.
706 2511 869 2580 Igitur
889 2524 987 2577 ego
1020 2508 1069 2561 in
1094 2507 1184 2560 Dei
1211 2504 1423 2559 numine
1449 2503 1536 2556 ille
1559 2542 1574 2567 ,
1620 2510 1674 2555 et
1710 2499 1901 2567 conjux
1953 2512 2071 2551 mea

513 2607 622 2665 illa,
653 2620 747 2672 pro
773 2601 1009 2658 remedio
1058 2599 1245 2651 animae
1302 2604 1495 2650 nostra:
1525 2631 1541 2658 ,
1592 2591 1674 2645 vel
1724 2588 2073 2646 retributione

511 2706 728 2756 arterna,
758 2702 811 2747 te
838 2692 1004 2754 illum,
1030 2699 1121 2743 aut
1151 2688 1315 2751 illum,
1341 2682 1633 2761 exifamilia
1666 2689 1845 2735 nostra
1873 2719 1887 2743 ,
1941 2690 2075 2746 prae-

511 2793 662 2839 sente
691 2784 798 2848 die,
822 2782 887 2834 ab
918 2780 1059 2833 omni
1093 2772 1598 2832 vinculoservitutis
1624 2769 1964 2824 absolvimus.
1996 2766 2071 2819 lta

515 2884 569 2927 ut
597 2876 879 2939 deinceps,
925 2881 945 2908 ο
982 2879 1228 2937 tanquam
1265 2867 1306 2919 si
1356 2865 1421 2920 ab
1470 2861 1708 2930 ingenuis
1763 2849 2073 2928 parentibus

514 2966 701 3016 fttIS'SCS
722 2968 1047 3029 procreatus,
1072 2957 1233 3007 vitam
1261 2954 1422 3006 duras
1468 2950 1747 3016 ingenuam
1776 2988 1790 3012 ,
1844 2952 1899 2997 et
1946 2941 2073 2995 nulli

514 3054 779 3106 limredum
820 3064 882 3102 ac
911 3044 1277 3117 prob-.eredum
1309 3048 1633 3100 nostrorum,
1662 3036 1746 3089 vel
1775 3034 2072 3099 cuicunque

2171 1882 2408 1935 rentibus
2432 1882 2619 1937 fuisses
2645 1892 3047 1951 procreatus,et
3076 1886 3203 1939 nulli
3227 1886 3497 1940 haeredum
3516 1903 3575 1941 ac
3603 1903 3737 1955 pro-

2171 1971 2437 2026 hterednm
2467 1986 2730 2035 meorum,
2769 1971 2851 2024 vel
2897 1972 3195 2039 cuicunque
3215 1974 3490 2027 servitium
3520 1976 3735 2043 impen-

2171 2063 2284 2115 das.
2317 2060 2592 2115 Peculiare
2621 2076 2931 2118 concessum
2968 2061 3110 2130 quod
3143 2062 3325 2123 babes,
3340 2072 3431 2116 aut
3454 2064 3737 2119 elaborare

2170 2151 2427 2221 potueris,
2460 2158 2563 2205 etc.
2720 2211 2724 2215 g

2696 2246 2920 2300 CAPUT
2965 2247 3203 2303 XXXIV.

2557 2334 2687 2389 Item
2716 2337 2821 2389 alia
2846 2337 3010 2389 adhuc
3034 2338 3138 2391 alio
3173 2338 3347 2392 modo.

2239 2427 2293 2481 Si
2321 2428 2526 2495 aliquos
2555 2441 2619 2480 ex
2650 2426 3007 2498 servientibus
3028 2428 3220 2483 nostris
3250 2443 3278 2480 a
3305 2428 3431 2494 jugo
3455 2429 3731 2484 servitutis

2170 2519 2508 2581 absolvimus,
2543 2517 2845 2572 mercedem
2880 2518 2931 2571 in
2960 2518 3190 2572 futurum
3239 2519 3392 2573 nobis
3420 2520 3485 2572 ab
3513 2520 3617 2573 hoc
3648 2537 3733 2573 re-

2172 2614 2405 2668 tribuere
2433 2611 2767 2668 conIidimus.
2801 2611 2965 2678 Igitur
2992 2624 3091 2677 ego
3115 2610 3202 2664 ille
3226 2648 3240 2670 ,
3289 2622 3507 2677 propter
3533 2627 3733 2666 nomen

2171 2703 2398 2764 Domini,
2432 2710 2483 2755 et
2512 2701 2915 2754 retributionem
2937 2706 3190 2754 wternam
3213 2707 3266 2752 te
3300 2699 3446 2752 illum
3495 2702 3558 2753 ab
3586 2701 3732 2753 omni

2169 2796 2379 2849 vinculo
2401 2793 2669 2848 servitutis
2696 2789 3037 2845 absolvimus.
3066 2788 3140 2841 Ita
3168 2796 3224 2842 ut
3251 2790 3317 2841 ab
3333 2789 3433 2843 bac
3456 2790 3540 2843 die
3568 2792 3731 2842 vitam

2168 2885 2331 2937 ducas
2353 2884 2656 2949 ingenuam.
2691 2890 2940 2947 tanquam
2964 2880 3007 2932 si
3052 2880 3118 2932 ab
3149 2878 3393 2944 ingenuis
3420 2881 3733 2946 parentibus

2170 2972 2359 3025 fuisses
2386 2978 2709 3036 procreatus,
2738 2977 2791 3022 et
2812 2968 2937 3020 nulli
2972 2967 3239 3020 hteredum
3269 2981 3332 3020 ac
3362 2967 3731 3034 probaaredum

2172 3074 2431 3120 meorum,
2451 3057 2531 3113 vel
2550 3059 2850 3124 circumque
2868 3055 3139 3109 servitium
3160 3054 3435 3122 impendas
3465 3071 3477 3106 :
3512 3055 3614 3107 nisi
3636 3054 3735 3107 sub

512 3154 805 3204 servulum,
833 3141 857 3178 ιι
886 3153 985 3193 nec
1017 3132 1373 3190 libertinitaris
1394 3128 1705 3196 obsequium
1728 3124 1941 3186 debeas,
1968 3120 2068 3174 nisi
2098 3104 2138 3163 C
2172 3150 2371 3217 integra
2402 3104 2725 3217 i'ngenuilale
2752 3104 3735 3213 ademi

513 3235 609 3289 soli
644 3234 770 3293 Deo,
797 3228 879 3282 cui
907 3226 1082 3278 omnia
1122 3221 1358 3288 subjecta
1412 3226 1535 3272 sunt
1561 3235 1573 3269 :
1608 3225 1630 3253 ε
1660 3210 1911 3283 peculiari
1942 3224 2069 3263 con-

516 3336 685 3380 cesso,
710 3317 848 3385 quod
882 3317 1067 3378 habes,
1095 3321 1184 3365 aut
1205 3311 1455 3377 deinceps
1482 3308 1763 3362 elaborare
1814 3300 2068 3370 potueris.

515 3413 569 3464 Si
601 3410 694 3462 tibi
723 3404 1029 3466 necessitas,
1056 3401 1121 3453 ad
1164 3408 1303 3452 tuam
1352 3395 1731 3463 ingenuitatem
1784 3388 2032 3443 tuendam
2053 3424 2068 3451 ,

516 3499 816 3567 contigerit,
846 3496 1043 3561 absque
1076 3492 1179 3545 ullo
1236 3487 1539 3558 prtejudicio
1587 3480 1923 3553 ingenuitatis
1948 3488 2067 3541 tua),

520 3588 919 3643 fdefensionem
951 3580 1217 3643 Ecclesim,
1242 3585 1332 3629 aut
1383 3575 1741 3644 cujuscunque
1780 3579 1833 3624 te
1877 3568 2071 3636 eligere

517 3679 794 3751 placuerit,
827 3674 1091 3728 licentiam
1122 3672 1336 3733 habeas,
1356 3677 1410 3721 et
1437 3667 1598 3719 vitam
1616 3660 1836 3731 semper
1855 3662 1989 3713 bene
2019 3665 2072 3711 et

517 3776 720 3838 init:ng
756 3771 919 3823 ducas
948 3768 1245 3833 ingenuam.
1278 3760 1332 3813 Si
1357 3758 1473 3827 quis
1500 3771 1649 3817 vero,
1675 3752 1815 3821 quod
1842 3752 2069 3803 futurum

519 3876 634 3914 esse
663 3875 767 3911 non
799 3856 1080 3915 credimus,
1116 3866 1209 3903 nos
1253 3849 1371 3917 ipsi,
1398 3845 1536 3913 quod
1585 3843 1742 3909 absit,
1768 3847 1859 3892 aut
1884 3835 2075 3904 aliquis

520 3950 584 4002 de
611 3946 905 4001 liaeredibus
929 3941 1136 4002 nostris,
1156 3938 1235 3991 vel
1257 3936 1505 4003 qurelibet
1532 3929 1773 3999 opposita
1806 3937 2031 3995 persona
2056 3962 2072 3987 ,

589 4066 612 4094 α
654 4056 831 4109 Baluz.
866 4050 1071 4105 Libram
1108 4032 1283 4107 uuam,
1312 4054 1358 4097 et
1381 4059 1476 4094 sua
1513 4039 1740 4111 repetitio
1768 4037 1965 4091 nullum
1988 4032 2077 4117 ob-

520 4130 674 4182 tinent
712 4125 967 4192 effectum,
987 4120 1075 4192 sed
1104 4127 1155 4169 ut
1176 4118 1519 4192 decreveram.

590 4174 863 4248 é'iia'r'édiu
886 4174 1079 4245 eiei-nlo
1104 4183 1440 4239 manumissio
1460 4178 1647 4254 triplex
1668 4195 1679 4254 ς
1698 4174 2075 4254 perdenarium

521 4276 643 4319 ante
672 4277 873 4329 regem,
905 4262 955 4313 in
984 4257 1201 4312 ecclesia
1226 4291 1244 4317 ,
1289 4261 1343 4305 et
1369 4267 1463 4329 per
1490 4250 1781 4329 epistolam-
1797 4250 2074 4329 privatam.

524 4314 639 4387 iis};
660 4314 833 4397 capite
856 4314 1051 4397 chartae
1089 4314 1309 4377 suntet
1337 4314 1573 4387 epistolae
1622 4317 1853 4397 private,
1872 4314 2078 4395 .quibus

525 4385 823 4454 libertatem
852 4396 1098 4448 dominus
1122 4404 1278 4444 servo
1306 4385 1403 4440 suo
1446 4389 1706 4441 concedit.
1733 4386 1829 4449 Qui
1871 4385 1940 4437 ita
1964 4399 2077 4437 ma-

528 4447 943 4525 Elidis—tiaram,
971 4459 1281 4515 cltartularii
1303 4465 1358 4509 et
1390 4456 1635 4508 tabularii
1657 4447 1989 4520 dicebantur,
2017 4468 2075 4511 ut
2103 4447 2152 4508 D

528 4548 581 4591 et
602 4538 689 4604 qui
720 4537 773 4589 in
795 4533 1020 4604 ecclesia
1047 4530 1304 4584 servitute
1332 4525 1534 4604 liberati
1559 4532 1730 4604 erant.
1762 4525 1903 4604 Βιοβ.

604 4593 633 4643 ε’
669 4604 759 4656 llis
786 4603 958 4655 verbis
979 4615 1082 4653 non
1116 4606 1315 4650 tantum
1341 4594 1553 4646 libertas
1579 4593 1698 4665 data
1722 4633 1736 4665 ,
1768 4594 1857 4644 sed
1880 4607 1932 4649 et
1958 4601 2074 4665 jura

530 4673 863 4743 ingenuitatis
882 4684 1131 4743 concessa
1175 4665 1448 4743 videntur;
1484 4663 1624 4743 quod
1666 4662 1827 4715 miror
1848 4684 1862 4743 ξ
1897 4662 2013 4719 na'm
2047 4685 2075 4722 a

532 4733 937 4814 principgmoje
966 4739 1202 4814 Itomano
1231 4733 1556 4814 impetranda
1588 4741 1741 4784 erant
1762 4748 1791 4814 ἰ.
1808 4735 1906 4788 nisi
1931 4737 2078 4791 dixe-

532 4802 630 4877 iis,
686 4802 924 4865 barbaris
972 4807 1205 4877 undique
1243 4802 1441 4877 Gallias
1496 4803 1893 4877 occupantibus
1939 4807 2077 4858 hunc

534 4870 731 4936 morem
762 4880 828 4932 ab
858 4892 951 4929 usu
976 4870 1275 4927 recessisse.
1307 4870 1383 4923 Ex
1418 4887 1521 4935 quo
1549 4871 1740 4925 factum
1765 4883 1819 4925 ut
1848 4873 1897 4927 id
1920 4890 2078 4927 omne

535 4968 593 5005 ex
629 4950 957 5005 dominorum
1010 4943 1332 5010 arbitrioet
1380 4942 1635 4995 beneiieio
1682 4942 1954 5010 penderet.
2015 4943 2079 4995 Et

533 5020 653 5074 inde
684 5016 934 5086 paulatim
958 5009 1604 5086 manumissioiugennuitas
1631 5009 1791 5065 dieta.
1822 5011 1929 5067 Nec
1950 5028 2077 5065 vero

525 5090 600 5151 ad
624 5077 885 5138 novellam
910 5080 1187 5151 Iustiniani
1210 5078 1328 5151 quis
1357 5077 1569 5151 referat,
1605 5092 1696 5145 per
1724 5097 1880 5145 quam
1932 5082 2079 5147 inge-

542 5155 752 5210 nnitatis
789 5154 904 5217 jura
930 5150 1172 5202 omnibus
1220 5148 1615 5217 libertisdedit;
1648 5164 1764 5201 cum
1796 5151 1923 5204 sitis
1952 5166 2078 5204 con.

537 5234 641 5279 stet
664 5223 750 5287 jus
778 5214 1159 5271 Iustinianeum
1184 5227 1306 5269 tunc
1332 5214 1495 5287 Gallis
1526 5217 1757 5287 ignotum
1788 5220 1966 5273 fuisse.
1998 5219 2072 5273 In.

605 5293 630 5331 ἀ
648 5285 1359 5354 Libertinitatisobscquium,
1378 5285 1660 5348 hocestjus
1674 5290 2077 5352 patronamst

611 5372 632 5397 υ
667 5358 933 5413 I’eculiare
962 5372 1056 5422 pro
1086 5358 1286 5423 peculio
1312 5374 1321 5405 :
1350 5354 1488 5423 quod
1518 5354 1596 5405 his
1627 5356 1930 5409 nominatim
1953 5375 2078 5412 con—

539 5431 761 5491 ceditur,
796 5443 887 5481 seu
916 5426 1252 5479 dubitationis
1282 5424 1524 5477 tollenda:
1576 5437 1756 5494 causa,
1786 5427 1895 5479 sive
1937 5430 2077 5494 quod

545 5508 652 5550 tum
683 5516 785 5551 non
829 5498 980 5549 aliter
1028 5509 1179 5563 servo
1208 5494 1525 5545 manumisso
1558 5492 1818 5563 peculium
1863 5492 2076 5563 compe-

546 5576 701 5627 teret,
726 5582 882 5631 quam
912 5566 952 5619 si
976 5562 1271 5631 specialiter
1294 5563 1545 5613 donatum
1577 5561 1758 5613 luisset
1786 5580 1795 5611 :
1825 5565 1966 5629 quod
1987 5561 2075 5618 γε-

553 5633 695 5687 cilius
716 5630 1045 5687 crediderim.
1077 5630 1147 5683 In.

621 5703 634 5738 ι
670 5701 966 5757 ManuiuLssi
995 5705 1044 5756 in
1079 5699 1302 5757 ecclesia
1328 5700 1423 5752 sub
1450 5702 1684 5766 ejusdem
1712 5701 1945 5757 ecclesix
1974 5704 2069 5758 tui-

2171 3242 2466 3296 hzeredibus
2486 3238 2709 3306 elegeris
2738 3237 2935 3290 habere
2952 3236 3164 3298 debeas,
3194 3243 3246 3288 et
3275 3236 3452 3289 oblata
3482 3249 3601 3289 mea
3636 3236 3727 3288 ubi

2173 3345 2347 3387 meum
2370 3328 2660 3394 requiescit
2689 3325 3056 3393 corpusculum
3079 3363 3095 3387 ,
3153 3324 3233 3375 vel
3257 3324 3531 3376 luminaria
3580 3325 3734 3376 annis

2171 3421 2388 3490 singulis
2417 3412 2615 3473 debeas
2643 3430 2949 3486 procurare.
2987 3413 3243 3468 Peculiari
3267 3426 3523 3467 concesso
3544 3453 3559 3477 ,
3590 3414 3733 3478 quod

2171 3513 2355 3577 babes,
2376 3518 2466 3565 aut
2493 3509 2768 3565 elaborare
2798 3505 3051 3576 potueris,
3082 3511 3171 3556 aut
3200 3502 3245 3556 si
3272 3503 3524 3556 convenit
3543 3502 3733 3556 defen-

2170 3602 2373 3658 sionem
2405 3599 2656 3655 Ecclesia!
2678 3598 2835 3659 illius,
2869 3602 2924 3649 et
2954 3595 3118 3648 vitam
3145 3606 3357 3660 semper
3386 3590 3549 3646 ducas
3584 3590 3731 3658 inge-

2174 3706 2351 3746 nuam.
2383 3689 2439 3744 Si
2469 3688 2588 3756 quis
2613 3700 2760 3750 vero,
2790 3695 2898 3738 etc.

2715 3775 2938 3831 CAPUT
2975 3770 3155 3828 XXXI:
3172 3813 3187 3828 .

2740 3863 2752 3901 ί
2781 3863 3144 3917 Evacuatoria.

2246 3958 2468 4012 Domino
2494 3955 2644 4009 fratri
2674 3954 2767 4008 illi.
2796 3952 3051 4006 Omnibus
3081 3967 3185 4006 non
3214 3951 3443 4006 habetur
3494 3952 3731 4020 incogni~

2175 4068 2317 4122 tione
2343 4061 3005 4120 consistebant.‘Videatur
3032 4059 3265 4130 synodus
3300 4059 3467 4130 Paris.
3501 4076 3576 4120 ni,
3611 4075 3729 4112 can.

2175 4138 2226 4194 9.
2261 4135 2384 4203 Leg.
2416 4135 2653 4193 Ritiuar”
2689 4132 2769 4182 tit.
2796 4146 2880 4183 xu.
2913 4129 3213 4182 Denariales
3252 4129 3363 4203 qui‘
3396 4139 3519 4181 ante
3547 4142 3727 4203 regem

2180 4197 2387 4259 liberali
2417 4204 2644 4261 fuerant,
2672 4213 2849 4265 regem
2878 4209 3156 4267 patronum
3187 4206 3243 4250 et
3268 4197 3606 4267 defensorem
3637 4197 3732 4249 ha-

2177 4275 2389 4329 bebant.
2415 4270 2596 4339 Itaque
2619 4270 2662 4322 si
2716 4266 3282 4339 quiiseosoccidisset,
3319 4266 3548 4339 pretium
3587 4281 3732 4339 com-

2177 4344 2452 4413 positionis
2477 4334 2848 4413 ,chartularii
2899 4335 3107 4413 quidem
3139 4334 3381 4387 ecclesia:
3420 4334 3730 4413 solveudum

2176 4401 2312 4471 erat.
2342 4401 2623 4464 denarialis
2652 4418 2829 4461 autem
2857 4404 2996 4468 regi:
3032 4403 3317 4471 iisiluerex
3355 4401 3730 4471 autecclesia,

2176 4485 2217 4538 si
2246 4469 2445 4545 absque
2467 4478 2645 4532 liberis
2668 4474 3020 4545 decessissent
3037 4469 3506 4545 succedebant._At
3525 4469 3630 4545 qui
3641 4483 3732 4535 per

2177 4538 2452 4615 epistolam
2501 4548 2571 4599 ita
2608 4541 3166 4615 rmanumittebantur,
3204 4548 3271 4615 _ut
3322 4540 3522 4615 nullum
3558 4538 3732 4615 ,οὒκ-

2176 4606 2356 4688 quium
2387 4614 2737 4688 manumissos
2784 4611 3056 4688 retineret.
3088 4609 3330 4688 s_olebant
3366 4606 3729 4685 defensionem

2178 4675 2337 4755 regis,
2366 4693 2457 4738 aut
2480 4682 2734 4765 eqclesiué,
2766 4690 2857 4732 aut
2885 4679 3047 4765 eti‘alm
3074 4678 3294 4765 alterius
3308 4675 3542 4765 potentis
3568 4687 3729 4765 espe;

2179 4742 2392 4816 toi-ent
2438 4742 2578 4807 essdt
2604 4749 2691 4817 qui
2720 4762 2903 4801 eorum
2954 4748 3251 4817 libertatem
3280 4742 3533 4817 tueretur.
3569 4750 3644 4817 et
3667 4742 3732 4795 ab

2179 4804 2566 4888 bibiifiujiiria
2608 4804 2702 4871 eos
2742 4817 3057 4870 vindicaret.
3099 4804 3443 4888 Tandemqu‘e
3470 4813 3721 4888 constitu-

2181 4903 2289 4945 tum
2320 4880 2508 4957 est,'ut
2530 4889 2720 4956 quibus
2748 4887 2885 4939 alius
2906 4893 3176 4957 patronus
3205 4889 3259 4933 et
3288 4880 3552 4957 defensor

2178 4972 2279 5027 set,
2307 4948 2493 5014 horum
2526 4948 2821 5027 occisormn
2878 4948 3033 5027 pretia
3068 4950 3195 5027 regi
3218 4950 3538 5027 solveretur.
3603 4948 3731 5004 Vide

2178 5018 2417 5099 Capitula
2447 5027 2622 5082 Caroli
2652 5018 3095 5099 M._Leg.'Bajuv.
3130 5019 3329 5099 addita.
3372 5018 3445 5072 In.

2250 5088 2271 5143 ἑ
2304 5095 2415 5152 Alia
2444 5090 2870 5149 manumissionis
2899 5096 2980 5142 est
3006 5088 3251 5156 epistola,
3278 5102 3383 5154 qua
3416 5094 3535 5156 post
3584 5101 3729 5142 mor-

2180 5178 2283 5222 tern
2310 5168 2554 5221 dominus
2575 5175 2786 5215 servum
2818 5155 3059 5211 libertate
3076 5156 3254 5210 donat.
3284 5155 3357 5209 In.

2246 5236 2273 5274 λιι
2306 5238 2507 5289 Belua...
2538 5229 2728 5283 servitii
2758 5229 2849 5289 tui,
2884 5244 3057 5296 quam.
3087 5225 3265 5296 Lind,
3294 5223 3486 5277 servitii
3509 5225 3586 5279 tui
3612 5238 3730 5296 quo.

2258 5242 2273 5274 τι
2306 5238 2507 5289 Belua...
2538 5238 2728 5283 servitii
2758 5238 2849 5289 tut,
2884 5244 3057 5296 quam.
3087 5238 3265 5288 unm,
3294 5238 3485 5277 rerum
3509 5238 3586 5279 tu
3712 5261 3730 5279 .

2258 5308 2269 5342 ί
2306 5298 2648 5357 Evacualoria
2673 5306 2779 5349 turn
2807 5297 3081 5350 dicebatur
3109 5295 3333 5361 apocba,
3362 5307 3468 5360 qua
3496 5238 3731 5347 credqtzr

2180 5374 2527 5443 prnfitebatur
2553 5368 2650 5443 sibi
2673 5367 2898 5443 solutam
2936 5364 3109 5443 "fuisse
3143 5361 3461 5441 pecuniam:
3492 5363 3559 5443 ab

2179 5427 2383 5498 euanda
2412 5438 2749 5503 obligatione,
2780 5436 2936 5500 idque
2972 5427 3218 5484 cautione
3247 5432 3462 5503 amissa.
3493 5432 3634 5503 Nam
3649 5427 3731 5503 bit:

2179 5494 2401 5579 apparet
2446 5494 2688 5579 cautione
2723 5494 2937 5579 reddita
2981 5500 3378 5579 evacuatoriam
3419 5514 3527 5579 non
3556 5494 3729 5578 .dari,

2179 5564 2329 5647 quasi
2354 5576 2585 5647 redditio
2605 5569 2939 5641 chirographi
2965 5569 3095 5623 satis
3124 5576 3265 5623 esset
3316 5568 3383 5621 ad
3412 5564 3730 5622 solution»

2182 5636 2523 5718 probandam.
2559 5644 2703 5698 Βιςκ.
