3886 6226
184 380 263 435 ἷιθ
1373 383 1719 440 FORMULA‘J

176 486 495 557 umqualiter
517 498 640 543 ante
670 488 768 542 bos
814 504 1000 553 anno=,
1032 499 1273 549 nutante
1322 507 1538 559 annum,
1564 494 1683 548 soli-
1720 499 1765 556 Α

173 580 256 633 dos
278 587 489 643 nostros,
520 593 743 633 numero
772 588 949 635 tantos
980 580 1043 633 ad
1070 580 1385 637 beneficium
1417 585 1692 653 accepisti,

174 677 219 721 et
242 665 511 720 cautionem
532 668 688 721 nobis
716 684 814 737 pro
843 670 946 722 hoc
975 669 1215 732 emisisti,
1246 680 1303 725 ut
1324 672 1466 741 ipsos
1494 673 1695 727 solidos

176 768 286 812 tunc
298 756 435 810 nobis
454 757 675 812 reddere
694 758 935 824 deberes,
967 758 1112 828 quod
1162 768 1219 815 et
1248 762 1319 815 ita
1350 762 1543 818 fecisti.
1588 765 1693 821 Sed

173 851 277 901 dum
302 848 429 901 illam
470 849 798 913 cantionem,
823 866 980 918 quam
1010 852 1163 906 nobis
1191 854 1447 909 emiseras
1471 856 1536 909 ad
1562 872 1698 925 pra:-

174 956 278 993 sens
300 955 394 994 non
422 939 733 1005 invenimus,
765 942 885 995 ideo
917 942 1013 996 tibi
1064 944 1201 999 hanc
1252 945 1531 1015 epistulam
1564 962 1692 1001 eva—

176 1032 422 1083 cuatoriam
450 1030 668 1085 fecimus
699 1068 715 1094 ,
773 1038 831 1083 ut
858 1030 924 1085 de
953 1030 1081 1099 ipsis
1115 1034 1302 1088 solidis
1350 1036 1512 1089 tantis
1548 1036 1693 1089 omni

177 1134 379 1191 tempore
404 1121 588 1175 ductus
617 1130 671 1175 et
699 1120 976 1178 absolutus
997 1123 1244 1178 residias:
1278 1132 1333 1177 et
1352 1125 1394 1178 si
1426 1126 1539 1194 ipsa
1567 1140 1693 1179 cau-

178 1212 240 1264 tio
260 1210 555 1279 apparuerit,
589 1210 671 1264 vel
701 1225 732 1264 a
761 1212 932 1276 nobis,
962 1220 1055 1265 aut
1100 1212 1400 1267 haeredibus
1451 1214 1648 1269 nostris
1676 1252 1693 1279 ,

174 1312 357 1369 quoque
378 1307 608 1368 tempore
628 1308 839 1356 ostensa
870 1299 1068 1363 fuerit,»
1090 1301 1290 1354 nullum
1317 1302 1573 1357 sortiatur
1613 1302 1692 1357 ef-

176 1389 373 1451 fectum;
398 1387 487 1446 sed
513 1402 680 1443 vacua
699 1400 755 1445 et
773 1390 946 1447 inanis
982 1392 1308 1461 permaneat.

664 1499 891 1556 CAPUT
928 1502 1159 1557 XXXVI.

176 1584 268 1638 'Si
293 1586 455 1655 aliquis
480 1603 621 1641 servo
646 1605 739 1643 suo
791 1594 1006 1673 gasindo
1040 1609 1130 1647 suo
1172 1592 1369 1664 aliquid
1415 1598 1692 1649 concedere

789 1669 1022 1714 voluerit.

236 1745 545 1803 Uustissime
566 1750 761 1805 nostris
813 1752 1159 1807 sublevantur
1201 1752 1508 1807 muneribus
1531 1792 1545 1817 ,
1602 1752 1690 1821 qui

176 1837 311 1891 nobis
324 1837 526 1891 fideliter
545 1846 598 1891 et
615 1840 829 1894 instanti
856 1841 1176 1897 famulantur
1195 1844 1390 1899 oﬂicio.
1410 1844 1518 1913 Ego
1532 1847 1581 1898 iu
1599 1843 1690 1897 Dei

178 1927 377 1985 nomine,
393 1926 592 1981 nomine
608 1926 718 1991 illo,
735 1927 871 1983 fideli
896 1931 1182 1985 nostroilli.
1204 1932 1304 1987 Pro
1318 1940 1561 2002 respectu
1576 1932 1694 1986 lidei
1726 1972 1731 1979 .

174 2023 221 2065 ct
253 2014 493 2068 servitutis
517 2031 673 2082 quatn
702 2017 843 2078 circa
882 2033 983 2074 nos
1012 2018 1319 2087 impendere
1338 2035 1443 2075 non
1461 2020 1693 2088 desistis,

177 2102 521 2172 promptissima
542 2103 816 2160 voluntate
841 2107 1082 2162 cedimus
1114 2109 1208 2162 tibi
1238 2124 1270 2163 a
1300 2108 1387 2164 die
1434 2118 1694 2178 prasente

176 2190 385 2244 locellum
408 2204 790 2261 nuncupantem
809 2195 957 2249 illum
984 2239 999 2261 ,
1040 2208 1132 2252 aut
1158 2213 1402 2253 mansum
1429 2200 1576 2254 illum
1607 2200 1689 2253 in-

178 2284 238 2337 [η
264 2284 515 2340 terminum
542 2287 676 2342 vilhr
702 2298 897 2346 nostra:
917 2292 1059 2349 illius
1082 2309 1204 2349 cum
1231 2294 1378 2349 omni
1435 2295 1690 2363 adjacen-

178 2374 232 2425 tia
259 2374 314 2427 ad
338 2374 492 2443 ipsum
544 2377 811 2444 locellum,
843 2392 935 2435 aut
973 2383 1288 2438 mansellum
1319 2385 1686 2453 aspicientem,

176 2464 321 2525 terris,
347 2463 597 2529 domibus,
628 2468 941 2538 mancipiis,
973 2472 1142 2527 vineis
1162 2512 1178 2537 ,
1230 2474 1486 2543 pratellis,
1516 2475 1645 2529 silva
1671 2514 1687 2539 ,

174 2552 242 2602 vel
266 2552 457 2621 reliquis
481 2556 752 2610 beneﬁciis
774 2597 789 2621 ,
846 2557 1041 2613 ibidem
1096 2561 1495 2631 aspicientibus.
1529 2563 1602 2616 fta
1634 2572 1692 2616 ut

174 2642 229 2694 ab
252 2641 335 2695 hac
359 2643 438 2696 die
471 2643 586 2712 ipso
610 2644 731 2712 jure
768 2647 1122 2716 proprietario
1143 2688 1159 2713 ,
1206 2651 1251 2705 si
1280 2651 1352 2705 ita
1406 2655 1687 2719 convenit,
1713 2690 1732 2710 .

176 2743 193 2768 ε
213 2741 287 2783 aut
310 2733 491 2787 reditus
518 2742 675 2789 terra:
705 2736 759 2789 in
798 2746 942 2791 tuam
970 2754 1191 2795 revoces
1221 2749 1543 2811 potestatem
1571 2784 1587 2808 ,
1634 2753 1689 2799 et

173 2820 335 2873 nullam
357 2822 694 2891 functionem,
724 2835 817 2880 aut
853 2829 1053 2883 reditus
1106 2838 1279 2898 terrm,
1306 2830 1333 2870 ά
1360 2833 1439 2887 vel
1468 2848 1687 2903 pascua-

172 2907 295 2971 rium,
325 2919 345 2945 ε
370 2918 457 2964 aut
475 2914 767 2981 agrarium,
798 2925 891 2970 aut
937 2918 1297 2987 quodcunque
1338 2920 1453 2975 dici'
1488 2930 1683 2991 potest,

169 3000 323 3055 exinde
346 3002 553 3058 solvere
570 3020 672 3059 nec
697 3013 774 3069 tu,
808 3022 905 3061 nec
928 3015 1013 3061 tua
1045 3012 1351 3078 posteritas,
1380 3012 1555 3079 nobis,
1588 3029 1687 3068 nec

169 3087 418 3144 lmediius
446 3095 673 3157 nostris,
704 3110 803 3149 nec
855 3097 1153 3167 cuicunque
1194 3106 1316 3167 post
1369 3116 1467 3155 nos
1515 3102 1683 3171 ipsam

169 3176 311 3229 villam
337 3181 641 3247 possederit,
666 3198 774 3237 non
803 3184 1060 3251 debeatis,
1084 3186 1185 3241 nisi
1215 3197 1420 3243 tantum
1466 3189 1485 3228 ί
1519 3192 1565 3245 si
1609 3193 1683 3246 ita
1709 3190 1756 3254 Ο

169 3265 389 3335 vultriga.
418 3268 523 3324 Sed
576 3271 749 3341 ipsunt
788 3275 1033 3330 omnibus
1060 3276 1246 3333 diebus
1270 3279 1389 3333 vita:
1438 3290 1560 3345 tum,
1591 3290 1682 3335 aut

168 3358 349 3412 heredis
370 3360 438 3413 tui
461 3363 729 3418 emuniter
748 3362 985 3420 debeatis
1011 3367 1300 3436 possidere,
1322 3370 1405 3425 vel
1427 3372 1681 3441 quidquid

165 3449 320 3502 exinde
362 3450 533 3506 facere
557 3452 791 3510 volueris
820 3455 1039 3511 liberam
1069 3456 1307 3514 habeatis
1336 3469 1679 3529 potentem.

163 3536 208 3590 Si
230 3539 329 3606 quis
348 3555 487 3608 vero,
508 3543 652 3611 quod
680 3543 918 3600 futurum
966 3562 1087 3603 esse
1133 3564 1242 3603 non
1267 3550 1549 3613 credimus,
1579 3550 1681 3604 ali-

163 3630 260 3694 quis
279 3629 339 3684 de
354 3631 647 3686 hatredibus
669 3635 885 3701 nostris,
909 3628 990 3691 vel
1004 3637 1306 3707 quicunque
1329 3646 1514 3693 contra
1542 3640 1681 3695 hanc

162 3718 413 3772 cessionem
439 3729 672 3776 nostram
686 3736 864 3791 agere,
892 3736 984 3781 aut
1001 3726 1168 3796 ipsam
1194 3742 1307 3782 rem
1338 3729 1432 3783 tibi
1462 3729 1678 3785 auferre

163 3808 416 3871 cunarerit,
441 3809 635 3866 inferat
665 3814 758 3868 tibi
773 3829 894 3869 eum
916 3828 1139 3887 cogente
1164 3817 1291 3875 Iisco
1313 3821 1428 3874 auri
1460 3823 1681 3887 tanti,et

163 3893 474 3965 hacepistola
500 3902 651 3955 lirma
699 3914 1025 3971 permaneat.
1056 3908 1401 3977 stipulatione
1426 3909 1675 3965 subnixa.

625 4014 853 4073 CAPUT
898 4018 1159 4076 XXXVII.

164 4096 440 4171 Geuujuta
462 4109 875 4186 consuetudinem
915 4110 1256 4186 Romanorum
1274 4154 1290 4178 ,
1319 4116 1539 4186 qualiter
1576 4119 1671 4171 do-

402 4178 629 4229 nationes
658 4180 735 4230 vel
754 4187 1056 4234 testamenta
1084 4191 1109 4230 ε
1140 4178 1394 4252 legantur.

218 4261 349 4316 Auno
368 4261 474 4327 illo,
504 4265 531 4303 ιι
560 4276 814 4332 regnante
842 4283 965 4337 rege
986 4271 1078 4325 illo
1099 4312 1114 4335 ,
1168 4275 1266 4327 sub
1298 4275 1383 4330 die
1438 4276 1528 4331 illo
1549 4318 1564 4343 ,
1618 4279 1672 4333 in

160 4345 338 4404 civitate
360 4350 465 4417 illa,
489 4361 691 4408 astante
713 4360 827 4410 viro
853 4356 946 4412 illo
990 4358 1237 4416 laudabili
1289 4363 1587 4431 defensore,
1619 4380 1674 4424 et

163 4440 281 4489 omni
321 4442 457 4518 curia
482 4442 629 4500 illius
652 4445 898 4513 civitatis,
930 4450 1005 4523 vir
1038 4454 1348 4521 magniﬁcus
1372 4456 1459 4511 ille
1485 4473 1663 4527 prose-

160 4532 285 4578 cutor
296 4526 417 4580 dixit
438 4515 455 4579 ;~
476 4529 624 4597 Peto,
643 4537 845 4603 optime
869 4515 1358 4610 defensor,'vosque
1376 4515 1668 4602 laudabiles

160 4613 349 4669 curiales
366 4626 519 4686 atque
548 4624 860 4694 municipes,
891 4637 948 4681 ut
998 4630 1125 4685 mihi
1172 4633 1384 4688 codices
1428 4635 1669 4703 publicos

160 4712 305 4767 patere
325 4705 581 4774 iubeatis:
609 4713 852 4779 quandam
908 4719 1046 4774 enim
1093 4722 1147 4776 in
1193 4726 1435 4781 manibus
1464 4728 1664 4797 habeo,

160 4805 255 4853 qua:
270 4804 515 4857 gestorum
536 4801 693 4870 cupio
719 4801 1020 4870 alligatione
1047 4811 1309 4867 roborari.
1340 4815 1594 4871 Defensor
1612 4828 1667 4872 et

158 4882 344 4937 curiales
364 4886 603 4943 dixerunt
633 4908 647 4943 :
676 4889 1008 4962 Prosequere
1034 4912 1152 4965 qua:
1181 4911 1353 4968 optas,
1395 4905 1575 4961 dicere
1598 4923 1665 4962 ne

158 4971 355 5027 tuereris.
386 4974 473 5028 Vir
500 4979 807 5046 magniﬁcus
834 4994 1146 5053 prosecutor
1180 4986 1269 5041 ille
1292 4990 1421 5044 dixit
1446 5010 1459 5043 :
1492 4992 1659 5049 Vene-

211 5106 230 5131 '
258 5099 427 5183 Forma
448 5104 818 5186 .hicrtraditur
855 5115 1201 5186 donationis,
1263 5133 1364 5186 qua
1412 5122 1662 5178 dominus

156 5178 300 5234 servo,
323 5176 426 5257 qui.
442 5175 707 5257 iugiter-ei
740 5182 1092 5257 ministrabat,
1124 5175 1506 5256 aliquantulum
1548 5175 1659 5257 agri

157 5248 291 5315 fence
322 5240 359 5292 it
386 5240 457 5315 ab:
484 5240 727 5301 omnibus
754 5248 1037 5306 colonartis
1065 5240 1417 5312 functionibus
1442 5240 1660 5315 omnino

160 5302 419 5383 liberumet
447 5314 698 5371 immune.
723 5302 1139 5377 Gasindiia'utctwn
1171 5327 1383 5382 nomine
1415 5330 1458 5381 is
1476 5345 1660 5383 servus

158 5372 521 5441 signiﬁcabatur.
547 5386 637 5450 qui
658 5402 763 5460 non
794 5372 1155 5460 in_agris,vsed
1184 5396 1325 5449 domi
1377 5398 1655 5460 ministrat,

159 5454 503 5533 ΨῗηΪβιθτῗθ
525 5454 763 5518 limitum
793 5456 907 5510 alia!
945 5457 1182 5533 formula:
1210 5473 1261 5517 et
1284 5468 1513 5533 capitula
1556 5454 1656 5519 mi;

160 5514 424 5567 amerinum
444 5514 639 5573 detritus
664 5540 782 5575 CM
808 5537 1011 5580 vocant.
1047 5528 1117 5580 ID.

211 5580 231 5662 ξ’
256 5582 415 5662 Elidit.
447 5596 499 5639 ct
528 5586 832 5662 laudentur”
852 5596 1163 5662 justis~imis.

211 5657 227 5729 ξ
255 5648 441 5729 Italum
465 5654 553 5729 sub
583 5661 791 5710 reditm.
817 5648 1235 5729 Lindenbrnuub
1257 5671 1515 5727 reditibus.

208 5715 227 5752 ⁴έ
279 5715 603 5778 I‘ascuarium
660 5715 991 5798 vectigales
1039 5715 1343 5793 animalium
1387 5746 1649 5810 pastione.

1786 413 1847 421 —
1890 382 2017 439 LIB.
2066 386 2126 439 ll.
3268 400 3369 457 750

1796 490 1975 544 rabilis
2006 493 2084 545 vir
2109 506 2201 549 aut
2229 494 2432 567 illuster
2463 500 2539 553 vir
2575 500 2680 566 ille,
2716 515 2808 570 per
2851 504 3094 560 chartam
3124 510 3371 565 mandata

1795 598 1889 636 sua
1912 584 2161 653 injunxit,
2187 589 2403 645 utillam
2422 591 2766 651 donationem
2792 602 3117 669 testamenti,
3135 612 3224 658 aut
3252 620 3373 660 ces-

1794 674 2019 739 sionem,
2052 690 2209 745 quam
2241 679 2307 732 ad
2329 680 2602 738 basilicam
2631 685 2697 739 ad
2747 687 2921 741 locum
2949 700 3190 745 sanctum
3222 695 3374 750 illum

1795 772 1888 817 aut
1920 764 2112 819 illustri
2145 767 2258 821 viro
2280 769 2354 823 illi
2378 771 2445 824 ad
2475 788 2737 843 prmsens,
2796 788 2886 832 aut
2917 790 3037 847 post
3080 781 3374 842 discessum

1796 852 2081 921 delegavit,
2108 856 2160 920 iu
2191 858 2305 913 vice
2330 876 2448 925 sua,
2478 871 2534 915 ut
2560 880 2679 919 mos
2711 876 2794 920 est
2838 870 3002 935 gestis
3038 873 3377 942 municipali-

1794 943 1891 998 bus
1912 945 2083 1013 ipsam
2100 948 2447 1007 donationem
2471 954 2693 1010 debeam
2723 959 2944 1027 alligare
2970 979 2983 1017 :
3016 964 3094 1017 vir
3114 964 3373 1020 honestus

1793 1031 2042 1088 defensor
2068 1036 2201 1090 dixit
2225 1039 2299 1092 illi
2324 1058 2336 1093 :
2369 1040 2675 1099 Mandatum
2698 1048 2841 1115 quod
2869 1050 2919 1103 in
2939 1058 2991 1105 te
3012 1054 3370 1123 conscriptum

1794 1119 1993 1177 habere
2020 1123 2153 1180 dicis
2180 1129 2333 1184 nobis
2360 1133 2604 1197 ostende,
2622 1136 2703 1189 vel
2735 1137 2787 1191 in
2818 1142 3070 1207 praesenti
3092 1119 3369 1203 recitetur.

2308 1237 2544 1301 ,CAPUT
2588 1241 2874 1302 XXXVIII.

2341 1330 2529 1386 Textus
2566 1337 2815 1393 mandati.

1866 1412 2088 1467 Domino
2115 1417 2398 1484 magnifico
2425 1420 2572 1478 fratri
2602 1423 2696 1491 illi,
2740 1427 2849 1482 ille.
2884 1426 3017 1486 Peto
3046 1440 3101 1486 et
3127 1436 3373 1505 supplico

1794 1500 2041 1557 charitati
2073 1514 2198 1572 tum,
2232 1515 2289 1561 ut
2337 1510 2569 1568 invicem
2603 1532 2775 1572 meam
2806 1520 3087 1589 epistolam
3116 1500 3367 1579 donatio-

1792 1591 1873 1647 nis
1899 1603 1991 1647 aut
2011 1598 2339 1667 testamenti,
2363 1616 2457 1655 seu
2478 1606 2737 1661 cessionis
2760 1623 2917 1675 quam
2962 1611 3028 1665 de
3059 1614 3217 1669 rebus
3240 1616 3372 1671 meis

1792 1681 1913 1746 illis,
1944 1684 2009 1737 ad
2039 1685 2313 1742 basilicam
2363 1689 2507 1745 illam
2556 1709 2654 1763 pro
2685 1698 2877 1753 animm
2938 1717 3071 1757 mem
3112 1706 3370 1774 remedio,

1792 1787 1884 1831 aut
1903 1778 2093 1833 illustri
2115 1782 2230 1835 viro
2257 1783 2348 1850 illi,
2381 1786 2804 1854 postdiscessum
2824 1807 3024 1859 meum,
3048 1798 3210 1852 velati
3232 1815 3369 1867 pnn-

1728 1846 1766 1902 Β
1796 1882 1920 1922 sens
1949 1869 2209 1939 delegavi,
2238 1846 2533 1932 incivitate
2566 1879 2652 1932 illa
2696 1883 2905 1950 publice
2931 1846 3287 1956 proseqtie—r'e,
3318 1902 3369 1950 et

1796 1954 1961 2025 gestis
1984 1961 2412 2030 municipalibus,
2448 1978 2505 2020 ut
2544 1984 2660 2025 mos
2692 1981 2772 2026 est
2798 2014 2812 2040 ,
2862 1990 2979 2031 eam
3027 1954 3223 2034 debeas
3252 1954 3371 2037 alli-

1795 2062 1940 2117 gare.
1970 2040 2259 2120 Propterea
2308 2056 2400 2109 tibi
2447 2056 2549 2113 hoc
2575 2065 2883 2118 man-latum
2930 2070 3264 2139 conscripsi,
3314 2082 3370 2131 ut

1792 2135 1931 2189 sicut
1950 2139 2197 2206 superius
2218 2144 2542 2209 continetur,
2579 2149 2755 2203 taliter
2804 2135 3157 2224 prosequere-
3178 2135 3259 2213 et
3282 2160 3373 2217 lir-

1794 2242 1941 2303 mtn-e
1967 2228 2165 2285 debeas
2190 2248 2205 2296 ;
2236 2240 2292 2287 et
2318 2235 2571 2305 quidquid
2602 2240 2796 2297 exinde
2829 2247 3024 2313 egeris,
3048 2252 3367 2321 gesserisve,

1792 2302 1964 2370 ratum
1990 2328 2045 2373 et
2072 2302 2349 2378 definitum
2375 2302 2512 2395 apud
2544 2344 2642 2383 nos
2667 2345 2786 2387 esse
2806 2302 3121 2402 cognoscas.
3148 2302 3366 2397 Facturi;

1791 2410 2098 2465 mandatum
2131 2421 2291 2483 tunc,
2342 2416 2455 2483 ibi,
2506 2435 2648 2475 anno
2687 2424 2798 2479 illo.
2827 2426 2954 2481 Post
2998 2434 3366 2491 recitationem

1792 2499 2049 2567 mandati,
2070 2502 2150 2556 vir
2174 2504 2433 2564 honestus
2462 2510 2550 2566 ille
2577 2512 2830 2571 defensor
2856 2517 3027 2573 dixit:
3059 2521 3366 2582 Mandatum

1789 2588 2005 2656 quidem
2042 2593 2325 2650 recitatum
2372 2608 2501 2666 est,
2555 2604 2650 2657 sed
2695 2613 3057 2679 suprascripta
3113 2616 3366 2686 donatio,

1789 2685 2189 2751 testamentum,
2216 2692 2309 2739 aut
2328 2691 2500 2745 cessio
2528 2707 2690 2760 quam
2735 2713 2844 2767 pra:
2880 2703 3126 2758 manilius
3168 2709 3367 2766 habere

1787 2769 1937 2835 dicis,
1978 2772 2134 2827 nobis
2181 2780 2534 2844 praesentibus
2576 2786 2862 2851 recitetur,
2915 2799 2969 2845 et
3020 2803 3076 2847 ut
3126 2802 3365 2865 postulas

1785 2860 1951 2925 gestis
1974 2861 2199 2928 publicis
2233 2864 2493 2922 timetur.
2528 2872 2696 2936 Quam
2736 2891 2864 2931 vero
2886 2860 3227 2939 donationem
3276 2886 3365 2945 ille

1787 2948 2062 3015 professor
2090 2953 2358 3015 recitavit.
2385 2957 2514 3013 Post
2541 2964 2908 3021 recitationem
2959 2986 3104 3038 vero,
3138 2977 3216 3028 vir
3243 2976 3361 3032 lau-

1786 3037 1973 3092 debilis
2014 3038 2103 3096 ille
2148 3042 2396 3101 defensor
2423 3058 2478 3103 et
2530 3054 2758 3110 curiales
2803 3037 3099 3116 dixerunt:
3126 3063 3362 3133 Epistola

1785 3145 1903 3198 qua:
1929 3132 2147 3189 recitata
2184 3146 2285 3203 est,
2318 3143 2482 3209 gestis
2507 3146 2733 3212 publicis
2762 3149 3059 3219 inseratur,
3110 3132 3179 3210 et
3217 3160 3361 3226 quod

1788 3218 1875 3272 ille
1900 3230 2214 3288 prosecutor
2245 3228 2356 3280 vult
2378 3237 2432 3283 et
2458 3233 2614 3299 petit,
2640 3245 2791 3302 gesta
2816 3239 2868 3292 ei
2900 3218 3114 3307 publice
3128 3218 3353 3302 dentur:

1788 3308 1879 3364 ille
1906 3321 2220 3380 prosecutor
2246 3315 2399 3382 dixit,
2432 3322 2628 3378 sufficit
2668 3326 2819 3393 mihi,
2851 3330 2991 3385 bone
3012 3333 3279 3403 defensor,
3304 3346 3361 3395 et

1785 3399 2003 3455 donatio
2030 3418 2146 3470 qua:
2168 3405 2387 3463 recitata
2412 3420 2512 3475 est,
2536 3413 2581 3467 si
2616 3416 2744 3505 mihi
2765 3430 2911 3487 gesta
2930 3426 3140 3480 tradere
3167 3399 3354 3492 jubea-

1788 3491 1853 3547 tis
1878 3508 1891 3543 :
1921 3493 2009 3547 ille
2046 3495 2453 3555 defensordixit
2478 3520 2490 3553 :
2525 3502 2592 3559 Et
2620 3491 2744 3574 quia
2773 3511 2997 3578 epistola
3024 3491 3352 3585 donationis,

1783 3588 1874 3634 aut
1900 3584 2155 3641 cessionis
2181 3628 2195 3653 ,
2253 3604 2348 3645 seu
2380 3597 2704 3659 testamenti,
2742 3606 2797 3652 et
2846 3603 3157 3661 mandatum
3188 3610 3239 3664 in
3302 3623 3355 3668 te

1783 3676 2141 3745 conscriptum
2173 3694 2267 3748 per
2294 3682 2534 3739 ordinem
2564 3688 2796 3756 condita,
2815 3700 2871 3747 et
2894 3693 3156 3753 bonorum
3178 3701 3357 3758 homi-

1783 3779 1908 3819 num
1936 3768 2185 3824 manibus
2211 3773 2458 3829 roborata
2490 3814 2507 3843 ,
2556 3787 2721 3847 atque
2770 3784 2975 3852 signata
3008 3829 3024 3853 ,
3074 3793 3352 3850 manifesta

1781 3870 1899 3911 εδδθ
1920 3862 2285 3926 cognovimus,
2308 3865 2519 3932 dignum
2568 3879 2651 3924 est
2691 3880 2746 3924 ut
2773 3880 2922 3940 gesta
2950 3892 3016 3930 ex
3048 3882 3176 3935 [hoc
3217 3900 3350 3938 con-

1778 3948 1995 4016 scripta,
2022 3959 2184 4018 atque
2207 3954 2500 4024 subscripta
2526 3960 2618 4014 tibi
2645 3964 2941 4033 tradantur,
2979 3968 2989 4004 ί
3020 3979 3074 4024 et
3102 3981 3158 4025 ut
3182 3974 3233 4029 in
3261 3992 3349 4030 ar-

1779 4038 1987 4105 cipibus
2006 4042 2231 4110 publicis
2260 4051 2602 4106 memoranda
2640 4068 2961 4113 serventur:
2996 4062 3199 4120 Edatur
3252 4083 3346 4122 su-

1780 4141 1873 4194 per
1901 4130 2110 4197 ordine,
2135 4143 2190 4188 et
2227 4139 2534 4195 mandatum
2570 4157 2724 4199 suum
2754 4148 3036 4219 iuloco,et
3058 4162 3201 4211 totus
3232 4168 3347 4212 tex-

1779 4224 1883 4282 tus,
1906 4226 1961 4271 et
1992 4223 2390 4281 manutnissoris
2419 4229 2661 4295 epistolae
2696 4236 3002 4293 scribantur
3029 4257 3041 4291 :
3074 4249 3127 4295 et
3157 4252 3344 4310 postea

1778 4301 2044 4372 defensor,
2077 4318 2133 4363 et
2157 4313 2382 4368 curiales
2405 4317 2621 4383 civium,
2649 4329 2707 4375 et
2752 4324 2940 4394 reliqui
2968 4342 3085 4383 eam
3109 4332 3282 4391 subsc:
3298 4337 3343 4391 i-

1775 4393 1921 4458 bant,
1948 4405 2109 4464 atque
2136 4400 2365 4467 signent.

2296 4495 2521 4551 CAPUT
2573 4499 2806 4558 XXXIX.

1768 4572 2003 4641 Epislola
2027 4580 2069 4631 si
2096 4582 2251 4651 aliqui
2273 4585 2647 4667 remﬁrclrsinz
2671 4595 2903 4667 adurunt
2932 4599 3170 4667 habeant,
3198 4617 3246 4658 el
3274 4612 3337 4663 de

2105 4666 2197 4702 sua
2223 4656 2535 4721 pro;.riclate
2560 4662 2753 4727 aliquid
2782 4666 2988 4720 donent.

1842 4733 2065 4791 Domino
2093 4748 2276 4795 sancto
2303 4749 2358 4795 et
2382 4747 2705 4811 apostolico,
2734 4750 2949 4808 domino
2978 4766 3033 4811 et
3054 4758 3105 4813 in
3122 4761 3333 4819 Christo

1768 4824 1903 4890 patri
1927 4826 2000 4879 illi
2030 4829 2307 4898 episcopo,
2339 4831 2426 4885 ille
2453 4843 2508 4886 et
2553 4838 2749 4905 conjux
2780 4857 2895 4897 mea
2928 4846 3034 4900 illa.
3061 4842 3331 4916 Quatenus

1766 4914 1828 4963 ml
1862 4924 2099 4969 nostram
2132 4919 2442 4985 petitionem
2469 4935 2640 4979 vestra
2683 4928 2867 4985 habuit
2895 4936 3062 5003 pietas
3084 4914 3136 4990 ct
3162 4940 3319 4994 bene-

1764 5000 2013 5068 volentia,
2047 5012 2103 5057 ut
2132 5005 2377 5060 locellum
2405 5010 2635 5081 aliquem
2669 5000 2921 5075 Ecclesiae
2951 5036 3157 5093 vestrm,
3192 5047 3326 5086 nun-

1765 5130 2466 5225 ﬁt‘gra‘r-‘inlmmvectigial.agro
2499 5144 2823 5225 impositum,
2856 5155 2996 5218 quod
3030 5155 3081 5210 in
3106 5161 3321 5225 quibus-

1762 5200 1883 5298 :lfatn
1898 5200 2397 5298 Gall'im'pnrovinciisv
2409 5200 2600 5269 nomen
2631 5200 2826 5273 retinei
2848 5200 3036 5293 Jgrt‘er,
3058 5200 3319 5298 έεῖιτίίίξο

1762 5268 2042 5342 citantpnrt,
2071 5271 2160 5324 teri
2175 5290 2291 5342 age.
2315 5274 2460 5333 BIGN.

1835 5342 1855 5413 εξ
1888 5338 2065 5393 Baluz.
2098 5350 2153 5421 et
2179 5338 2490 5431 Linde-libr"
2521 5354 2813 5419 agrarium,
2858 5375 3148 5431 carroperu.
3202 5365 3314 5421 Hoc

1764 5403 2604 5495 ultimo'no‘minesignificantur
2644 5403 2820 5488 ορειώ
2857 5444 2959 5495 qua
3006 5403 3170 5489 carris
3222 5403 3315 5493 au:

1761 5474 2005 5539 plaustris
2050 5479 2157 5532 lieri
2190 5474 2401 5538 debént.

1786 5566 1789 5569 ι
1831 5544 1855 5629 ,ξ
1890 5545 2016 5629 llign
2050 5558 2130 5601 est
2154 5551 2331 5629 tributi
2364 5566 2416 5629 et
2447 5559 2713 5621 vectigalis
2739 5567 2962 5629 species.

1831 5613 1855 5697 ξ
1882 5612 2062 5697 Eii-Illi.
2099 5629 2150 5669 et
2182 5620 2487 5697 Lindenhr.,
2519 5612 2819 5697 aliegentu'r.

1831 5676 1853 5754 "3
1881 5682 2076 5769 fialuzl,
2107 5698 2347 5769 regnante
2372 5676 2556 5748 donino
2580 5676 2751 5754 uriser
2776 5718 2889 5769 rege
2916 5703 3025 5760 illo.

1838 5752 1847 5784 ‘
1885 5752 2180 5822 Arcipibus,
2215 5758 2265 5810 id
2296 5772 2397 5825 est,
2425 5768 2668 5833 arcltivis,
2694 5752 2919 5825 scriniis.
