3886 6226
543 375 635 428 ’ἴξῖί

1802 355 2149 416 MARCULFI
2193 350 2492 409 MUNACIII

3654 343 3746 397 τῆξ

537 496 823 557 cupantem
855 486 1021 550 illum,
1047 492 1068 519 ι
1091 480 1250 536 situm
1303 478 1394 543 ibi,
1424 488 1581 546 quem
1626 471 1711 525 ille
1762 485 1858 540 pro
1910 470 2097 521 animm
2129 472 2171 525 Α
2203 462 2327 514 dum
2354 458 2660 513 advixeritis
2684 497 2699 522 ,
2756 454 2953 523 absque
3007 452 3112 506 ullo
3166 449 3473 521 prmjudicio
3524 453 3750 525 liccin

541 593 651 631 sua:
686 576 921 630 remedio
952 574 1014 627 ad
1046 570 1335 625 Ecclesiam
1366 577 1594 619 vestram
1626 561 1785 620 illam,
1820 559 1870 610 in
1901 558 2101 609 honore

540 670 712 723 sancti
742 669 899 730 illius,
930 663 1235 730 delegavit,
1286 657 1441 711 nobis
1491 655 1554 708 ad
1608 650 1919 705 beneficium
1977 648 2101 701 dum

542 758 742 826 pariter
772 756 1087 816 advivimus,
1114 758 1205 803 aut
1241 748 1329 817 qui
1360 761 1427 800 ex
1474 743 1625 796 nobis
1655 740 1764 809 pari
1795 751 1893 792 suo
1921 752 2106 802 super-

542 858 650 902 stes
687 846 864 910 fuerit,
896 848 1019 895 dum
1065 839 1324 893 advixerit
1354 835 1602 890 excolere
1656 828 1989 899 permisistis.
2041 826 2105 880 Et

547 951 643 989 nos
675 937 892 1005 pariter,
914 933 1069 1000 juxta
1118 928 1256 997 quod
1290 925 1561 989 convenit,
1587 932 1691 975 tam
1722 934 1819 988 pro
1843 920 1957 988 ipso
1986 934 2102 981 usu,

546 1043 707 1094 quam
739 1041 835 1095 pro
865 1024 1055 1093 anima:
1097 1019 1351 1081 remedio,
1384 1016 1544 1069 alium
1601 1012 1846 1065 locellum
1901 1024 2105 1063 nuncu-

512 1162 517 1165 .
542 1128 761 1186 paritem
788 1117 883 1182 sic,
914 1116 1069 1168 situm
1099 1112 1187 1174 ibi,
1217 1117 1339 1178 post
1362 1114 1603 1160 nostrum
1620 1102 1878 1156 ambobus
1907 1101 2107 1155 disces-

549 1225 689 1273 sum,
720 1208 867 1261 vobis
887 1206 969 1258 vel
998 1201 1397 1260 successoribus
1427 1196 1637 1255 vestris,
1670 1193 1735 1246 ad
1760 1199 2106 1245 memoratam

550 1297 838 1352 Ecclesium
870 1296 964 1349 visi
988 1294 1179 1346 fuimus
1219 1289 1568 1344 condonasse.
1601 1282 1671 1335 Ea
1703 1290 1878 1335 tamen
1925 1279 2110 1335 condi-

552 1391 717 1455 tione,
737 1397 795 1442 ut
815 1388 939 1441 dum
965 1384 1279 1444 advivimus,
1302 1377 1644 1448 suprascripti
1679 1374 1822 1439 loci,
1876 1381 1981 1426 tam
2036 1372 2111 1425 illi

552 1495 688 1549 quos
721 1477 872 1533 nobis
899 1472 1239 1544 przestitislis,
1269 1484 1426 1538 quam
1454 1483 1565 1532 eos,
1591 1481 1727 1535 quos
1778 1479 1873 1531 pro
1923 1462 2111 1515 anim-.e

555 1582 746 1623 nostrze
790 1565 1027 1619 remedio
1068 1562 1132 1614 ad
1180 1561 1345 1627 ipsam
1374 1554 1664 1609 Ecclesiam
1714 1551 2108 1619 delegavimus,

554 1661 753 1727 absque
774 1655 882 1710 ullo
906 1651 1211 1725 praejudicio
1239 1646 1489 1701 Ecclesiae
1515 1654 1721 1707 vestra),
1754 1644 1867 1695 sine
1890 1640 1993 1693 ulla
2024 1638 2109 1727 di-

552 1726 864 1809 minutione,
896 1742 961 1795 de
982 1740 1217 1809 qualibet
1239 1753 1298 1791 re
1326 1732 1713 1789 usufru;tuario
1735 1730 1921 1784 ordine
1938 1726 2106 1797 possi-

550 1838 678 1891 dere
706 1835 945 1888 debeam.
974 1831 1039 1885 Et
1068 1840 1190 1898 post
1218 1837 1480 1885 nostrum,
1502 1832 1558 1875 ut
1574 1821 1828 1885 diximus,
1854 1816 2113 1871 ambobus

552 1930 864 1989 discessum,
894 1920 1141 1991 praefatos
1167 1920 1339 1983 locos,
1374 1916 1571 1982 absque
1595 1912 1698 1964 ulla
1726 1910 1828 1963 alia
1862 1915 2115 1962 renovata

561 2019 641 2080 (ut
670 2029 785 2067 mos
806 2022 887 2065 est
917 2011 967 2063 in
994 2006 1218 2076 caeteris)
1240 2004 1265 2041 δ
1297 2004 1533 2074 precaria
1565 2016 1658 2070 per
1676 2002 1811 2052 hanc
1838 1997 2115 2067 epistolam

554 2104 754 2170 absque
780 2100 939 2153 ullius
958 2094 1234 2151 .hzeredum
1265 2101 1588 2154 nostrorum,
1618 2097 1709 2142 aut
1753 2086 2117 2153 cujuscunque

557 2191 956 2253 contrarietate,
986 2187 1066 2239 vel
1120 2190 1428 2252 exspectata
1487 2179 1790 2241 traditione,
1820 2187 1841 2213 ο
1892 2190 1989 2229 vos
2034 2174 2117 2227 vel

555 2293 891 2334 SIICCCSSUFCS
919 2284 1010 2329 aut
1038 2281 1256 2342 agentes
1308 2270 1492 2336 vestri,
1525 2269 1577 2322 in
1631 2275 1860 2320 vestram
1915 2265 2118 2317 faciatis

560 2382 812 2424 revocare
831 2365 1244 2420 dominationem
1274 2358 1654 2429 perpetualiter
1696 2353 2073 2410 dominandum
2102 2368 2115 2404 :

555 2472 609 2513 et
638 2468 818 2513 nostra
849 2454 1112 2523 possessio
1165 2451 1310 2503 nullo
1359 2462 1591 2523 unquam
1632 2453 1871 2513 tempore
1918 2441 2118 2494 nullum

557 2534 920 2618 prtejudicium
950 2541 1099 2595 vobis
1128 2554 1194 2592 ex
1233 2539 1333 2590 hoc
1381 2546 1639 2602 generare
1668 2547 1769 2583 non
1800 2530 2010 2583 debeat.
2063 2527 2119 2580 Si

560 2640 680 2707 quis
707 2651 850 2699 vero,
874 2632 1014 2701 quod
1048 2631 1283 2683 futurum
1306 2641 1424 2680 esse
1448 2640 1551 2678 non
1582 2620 1865 2684 credimus,
1883 2634 1976 2674 nos
1998 2619 2118 2687 ipsi,

561 2722 865 2789 autaliquis
890 2718 957 2771 de
981 2716 1280 2772 hmredibus
1322 2712 1537 2777 nostris,
1570 2711 1652 2765 vel
1700 2710 1947 2779 quzelibet
1998 2723 2118 2775 per-

559 2828 712 2875 sona,
740 2817 927 2863 contra
958 2809 1095 2859 hanc
1117 2802 1397 2872 epistolam
1421 2802 1601 2855 venire
1625 2837 1639 2862 ,
1695 2809 1787 2852 aut
1831 2795 2028 2865 aliquid
2057 2795 2122 2849 de

562 2878 692 2969 ipsis
719 2898 918 2951 locellis
949 2895 1097 2948 vobis
1119 2894 1359 2945 minuere
1384 2900 1476 2942 aut
1503 2890 1713 2941 auferre
1735 2886 1980 2950 voluerit,
2003 2900 2123 2938 cum

566 2987 930 3054 suprascripto
958 2978 1182 3035 Domino
1209 2982 1316 3043 illo,
1351 2988 1476 3031 ante
1518 2976 1749 3029 tribunal
1791 2974 1987 3028 Christi
2032 2973 2124 3026 de-

536 3064 725 3135 ‘ducat
744 3079 981 3132 rationes
1008 3095 1019 3128 :
1050 3085 1105 3128 et
1133 3074 1346 3139 insuper
1392 3068 1581 3123 inferat
1612 3067 1845 3136 partibus
1874 3065 2123 3120 Ecclesia:

2204 548 2518 611 nostimnel
2547 546 2837 600 minutione
2866 545 3060 613 aliqua,
3089 542 3157 596 de
3180 543 3418 611 qualibet
3446 558 3523 609 re,
3554 544 3750 611 integri-

2207 649 2315 695 tate
2340 639 2526 691 ambos
2554 635 2773 690 locellos
2820 633 3068 688 excolere
3094 632 3354 686 debeatis.
3400 630 3468 683 Et
3513 641 3627 700 post
3673 649 3751 685 ve-

2204 738 2371 783 strum
2401 726 2660 780 ambobus
2689 724 2976 779 discessum
3003 763 3017 788 ,
3062 724 3195 776 sicut
3232 729 3287 775 et
3314 729 3488 775 vestra
3533 723 3753 775 cootinet

2206 820 2451 891 epistola,
2471 819 2591 872 loco
2619 817 2870 886 precaria:
2886 816 3043 881 facta,
3068 815 3270 882 absque
3294 812 3450 865 ullius
3471 823 3752 880 exspectata

2208 910 2512 974 traditione,
2545 922 2636 961 eas
2658 921 2777 971 nos,
2801 914 2892 959 aut
2918 917 3257 959 successores
3308 901 3475 953 nostri
3495 936 3509 960 ,
3558 899 3621 952 ad
3649 916 3753 967 μετα

2208 1011 2313 1056 tem
2346 998 2583 1053 CCCICSIiL‘
2609 1005 2805 1051 nostrae
2834 1009 3090 1049 revocare
3118 992 3151 1047 d
3186 993 3429 1046 beamus.
3457 988 3611 1043 Facta
3655 991 3754 1059 epi-

2209 1093 2366 1153 stola,
2399 1101 2502 1144 etc.

2795 1154 3023 1211 CAPUT
3062 1152 3193 1207 XLI.

2212 1254 2272 1307 Si
2301 1254 2482 1322 aliquis
2506 1268 2609 1304 rent
2637 1250 2848 1303 alterius
2886 1264 3038 1315 quam
3085 1245 3271 1299 excolit
3301 1246 3370 1296 ad
3419 1244 3757 1322 proprietatem

2282 1314 2463 1374 habere
2485 1322 2587 1375 vult
2604 1329 2655 1374 et
2673 1337 2775 1373 non
2796 1314 2977 1386 potest,
3006 1326 3052 1369 et
3077 1324 3252 1381 postea
3273 1330 3386 1367 eam
3413 1314 3691 1381 precarerit.

2285 1412 2507 1465 Domino
2535 1411 2724 1465 illustri
2755 1410 2849 1473 illi,
2882 1416 2938 1462 et
2982 1407 3110 1461 mihi
3149 1406 3368 1475 proprio
3413 1403 3625 1458 domino
3674 1403 3757 1455 iiii.

2218 1503 2345 1555 Dum
2376 1516 2470 1568 per
2499 1500 2757 1554 malorum
2787 1497 3061 1555 hominum
3102 1495 3383 1551 consilium
3414 1535 3429 1557 ,
3486 1493 3619 1563 quod
3667 1508 3759 1545 nou

2213 1594 2500 1646 tribueram
2529 1590 2595 1644 de
2625 1597 2765 1642 terra
2792 1584 2970 1642 vestra
2997 1586 3050 1640 in
3090 1587 3211 1640 loco
3252 1590 3590 1651 nuncupante
3642 1582 3724 1635 illo
3747 1622 3759 1644 ,

2221 1684 2233 1722 ¹
2272 1699 2426 1751 quam
2457 1682 2703 1737 excolere
2731 1679 2905 1742 video,
2936 1678 3128 1740 amavi,
3154 1686 3208 1730 et
3255 1677 3423 1745 ipsam
3480 1682 3664 1727 terram
3705 1674 3761 1724 all

2142 1795 2190 1854 Β
2216 1774 2593 1842 proprietatem
2622 1770 2816 1833 facere,
2845 1778 2901 1823 et
2951 1783 3057 1822 non
3088 1766 3235 1835 potui
3268 1785 3279 1817 :
3312 1764 3457 1833 quod
3502 1778 3595 1817 nec
3640 1764 3761 1816 ratio

2216 1864 2478 1933 prrzstilit,
2506 1870 2561 1916 et
2588 1876 2681 1916 vos
2710 1860 2794 1914 vel
2822 1868 3043 1929 agentes
3080 1856 3239 1911 vestri
3298 1870 3416 1909 eam
3470 1864 3522 1908 et
3575 1861 3763 1922 partem

2216 1966 2446 2006 venam
2493 1950 2791 2013 revocastis
2838 1949 2918 2002 vel
2956 1953 3074 2001 ‘nos
3134 1945 3327 2000 exinde
3384 1942 3614 2011 ejeeistis
3643 1961 3654 1993 :
3684 1942 3765 1995 sed

2216 2046 2402 2107 postca
2431 2036 2496 2088 ad
2524 2034 2831 2103 petTtionem
2860 2031 3125 2085 bonorum
3157 2028 3454 2091 hominum,
3485 2027 3632 2081 nobis
3658 2040 3763 2078 eam

2216 2128 2281 2181 ad
2310 2123 2654 2180 excolendam
2703 2120 3023 2176 reddidistis.
3074 2117 3367 2186 Pmpterea
3412 2116 3547 2169 hanc
3595 2129 3765 2183 preca-

2218 2218 2347 2272 riam
2379 2213 2724 2270 dominationi
2758 2220 2945 2267 vestra:
2990 2210 3323 2271 emittimus,
3374 2217 3433 2261 ut
3485 2221 3635 2273 quam
3686 2206 3764 2258 diu

2219 2305 2372 2357 vobis
2401 2302 2750 2371 placuerit,ut
2772 2316 2891 2355 eam
2910 2298 3443 2368 ‘teneamus,absque
3474 2298 3577 2350 ullo
3601 2305 3763 2350 vestro

2219 2392 2527 2462 prazjudicio
2556 2388 2811 2458 quidquid
2844 2388 3032 2457 reliqui
3056 2388 3291 2442 accolavi
3333 2387 3493 2441 vestri
3548 2386 3766 2447 faciunt,

2220 2496 2318 2536 nos
2346 2480 2571 2534 reddere
2593 2477 2923 2547 spondimus.
2982 2476 3134 2542 Quod
3177 2477 3222 2529 si
3252 2490 3356 2529 non
3407 2475 3695 2536 fecerimus,
3720 2484 3767 2526 et

2220 2572 2288 2625 ob
2317 2571 2415 2624 hoc
2438 2568 2767 2637 negligentes
2795 2566 2928 2621 tardi
2982 2574 3075 2620 aut
3095 2574 3441 2621 contumaces
3496 2564 3733 2618 fuerimus
3753 2601 3766 2623 .

2222 2661 2429 2731 publice
2459 2674 2553 2727 per
2574 2660 2708 2712 hanc
2737 2657 3029 2726 precariam
3059 2671 3122 2711 ac
3167 2657 3212 2711 si
3245 2670 3459 2724 semper
3509 2669 3603 2723 per
3628 2653 3767 2721 quiu-

2220 2750 2508 2819 quennium
2530 2758 2784 2803 renovata
2814 2747 3022 2814 fuisset,
3047 2746 3415 2811 condemnari,
3446 2755 3501 2800 ut
3548 2748 3626 2799 les.
3656 2759 3767 2812 prm-

2222 2850 2325 2894 stat
2355 2839 2518 2893 tardis
2541 2851 2633 2891 aut
2653 2838 3061 2905 negligentibus,
3087 2844 3141 2891 et
3169 2836 3235 2890 de
3263 2836 3376 2903 ipsa
3412 2844 3549 2889 terra
3576 2832 3769 2904 pontili-

2224 2930 2361 2984 cium
2387 2930 2624 2981 habeatis
2652 2927 2915 2993 ejiciendi.
2939 2927 3097 2980 Facta
3126 2924 3366 2994 precaria
3414 2925 3483 2978 ibi
3508 2964 3524 2991 ,
3551 2925 3644 2978 sub
3690 2923 3763 2975 die
3850 2956 3851 2969 χ

2228 3018 2340 3079 illo,
2368 3033 2508 3072 anno
2536 3018 2649 3081 illo,
2679 3004 2772 3070 illo
2803 3030 2947 3083 rege.

2780 3104 3007 3159 CAPUT
3048 3105 3202 3159 XLII.

572 3177 997 3228 νοθῑτωίθθῑυων
1025 3175 1077 3219 et
1102 3164 1241 3233 Ψ¹⁰¹¹
1267 3169 1458 3231 repem
1488 3159 1755 3211 vnd'care
1783 3172 1886 3251 "9"
1911 3156 2084 3251 *ίθιίξλι
2108 3173 2120 3221 ἶ
2156 3156 2199 3192 ‘3
2240 3196 2263 3233 Β
2295 3184 2558 3238 [ridiculus
2581 3185 2821 3251 episwpi,
2847 3156 3027 3251 quiia—tl
3050 3156 3276 3237 in
3301 3184 3662 3251 resurrectione
3692 3182 3771 3236 Do-

570 3261 661 3313 sed
691 3273 920 3328 praesens
947 3255 1173 3325 epistola
1224 3252 1370 3306 firma
1401 3256 1746 3320 permaneat,
1789 3245 2128 3315 stipulatione

571 3350 818 3405 subnixa.
852 3349 1037 3399 Actum
1062 3345 1169 3396 illo.

1162 3427 1386 3483 CAPUT
1427 3425 1533 3478 XL.

683 3523 710 3563 ά
745 3525 1023 3579 Prwstaria
1051 3522 1114 3575 de
1141 3538 1193 3573 re
1221 3519 1446 3572 ecclesia:
1473 3516 1534 3571 ab
1566 3517 1812 3585 episcopis
1866 3519 2024 3584 facta.

645 3615 701 3668 In
728 3614 937 3668 Christo
965 3620 1159 3665 sanctzc
1179 3609 1434 3664 Ecclesiae
1455 3608 1697 3674 filiis,a:tt
1726 3609 1768 3659 si
1791 3608 1917 3659 tales
1941 3607 2130 3675 fuerint

578 3704 869 3758 illustribus
891 3701 1014 3754 viris
1044 3700 1145 3752 illis
1170 3699 1259 3752 ille
1284 3698 1447 3765 gratia
1475 3697 1563 3749 Dei
1587 3697 1883 3763 episcopus.
1908 3694 2039 3745 Dum
2070 3694 2133 3746 ad

576 3794 887 3862 petitionem
940 3798 1167 3844 vestram
1221 3787 1384 3840 alium
1427 3784 1675 3840 locellum
1746 3792 2134 3851 nuncupantem

574 3885 673 3947 sic,
699 3892 721 3919 ο
748 3883 904 3935 situm
934 3880 1023 3943 ibi,
1054 3878 1119 3933 de
1146 3877 1475 3947 proprietate
1521 3882 1716 3937 vestra,
1744 3880 1848 3926 tam
1873 3888 1969 3941 pro
2019 3872 2135 3940 ipso

580 3987 680 4024 usu
704 3986 859 4036 quam
884 3983 980 4036 pro
1002 3968 1192 4019 anima:
1217 3974 1407 4018 vestra:
1434 3961 1687 4022 remedio,
1720 3969 1839 4029 post
1858 3962 2134 4015 amborum

577 4060 868 4114 discessum
896 4056 959 4109 ad
984 4055 1150 4123 ipsam
1195 4052 1471 4106 ecclesiam
1501 4050 1669 4102 sancti
1718 4049 1874 4112 illius,
1911 4064 2003 4116 per
2046 4064 2137 4103 ve-

576 4159 743 4203 stram
771 4140 1045 4216 epistolam
1062 4139 1343 4207 delegastis
1372 4158 1382 4191 :
1413 4137 1529 4191 ideo
1547 4137 1718 4203 nobis,
1736 4150 1857 4188 cum
1874 4150 2135 4190 consensu

583 4239 805 4290 fratrum
838 4244 1163 4296 nostrorum,
1195 4228 1461 4291 convenit,
1494 4228 1629 4280 hanc
1671 4225 1947 4294 epistolam
2005 4239 2137 4291 pra:-

580 4326 797 4378 stariam
822 4324 874 4375 in
897 4323 1047 4377 vobis
1072 4319 1271 4389 pariter
1298 4317 1654 4378 conscribere,
1686 4322 1743 4367 ut
1793 4314 1917 4367 dum
1946 4314 2142 4381 pariter

2703 3255 2825 3306 mini
2853 3256 2949 3306 eul:
2970 3256 3080 3322 gius
3110 3255 3311 3322 dirigit.

2305 3344 2530 3397 Domino
2559 3353 2765 3405 sancto,
2812 3344 3104 3410 apostolica
3148 3344 3491 3398 veneratione
3538 3344 3771 3401 colendo,
3850 3362 3851 3371 ι

2231 3433 2431 3488 domno
2452 3433 2576 3487 etin
2606 3433 2816 3486 Christo
2848 3431 3019 3496 fratri,
3050 3431 3125 3483 illi
3146 3430 3402 3499 episcopo
3427 3472 3441 3494 ,
3502 3432 3589 3485 ille
3628 3442 3771 3499 grata

2234 3524 2349 3589 Dei,
2381 3539 2443 3580 ac
2464 3524 2506 3577 si
2537 3528 2789 3591 peccator
2814 3521 3112 3590 episc0pus.
3162 3519 3450 3575 Dominica:
3496 3494 3775 3573 festivitatis
3850 3494 3851 3511 ‘

2232 3614 2744 3680 resurrectionisque
2766 3612 3052 3682 mysteriis,
3086 3611 3138 3664 in
3168 3626 3271 3681 qua
3318 3612 3457 3665 idem
3488 3610 3623 3663 Deus
3644 3608 3774 3662 Cbri-
3850 3652 3851 3661 χ

2235 3713 2347 3757 stus
2378 3713 2635 3756 tartarum
2659 3717 2753 3770 per
2791 3703 3133 3771 semetipsum
3185 3702 3427 3756 decrevit
3480 3702 3771 3759 absolvere.
3850 3736 3851 3769 ἡ

2238 3794 2406 3846 nudus
2451 3794 2727 3860 victorque
2768 3792 2834 3847 de
2882 3801 3201 3861 exsuperato
3246 3792 3405 3847 hoste
3465 3793 3772 3861 triumphans

2236 3883 2637 3953 captivitatem,
2686 3883 2832 3938 dedit
2855 3884 2994 3937 dna
3028 3883 3329 3938 hominibus
3380 3891 3656 3952 propterea
3705 3896 3774 3935 re-
3850 3878 3851 3945 Ι

2237 3975 2433 4028 meavit
2460 3973 2526 4026 ad
2552 3972 2735 4036 cmlos,
2764 3972 2888 4026 anui
2919 3972 3118 4027 circulo
3172 3972 3501 4034 revolvente,
3533 3984 3645 4038 quae
3673 3969 3773 4023 feli-

2238 4063 2388 4124 citas,
2408 4062 2488 4115 vel
2511 4062 2833 4130 prosperitas
2854 4069 3082 4115 vestram
3106 4060 3345 4115 constitit
3374 4062 3673 4115 industriam
3701 4072 3775 4111 aut

2238 4151 2571 4205 sanctitatem
2616 4150 2909 4217 excepisse,
2939 4150 3160 4216 ipsoque
3208 4148 3317 4204 Deo
3368 4149 3589 4218 prmsule
3639 4165 3772 4218 pereo
3850 4180 3851 4189 η

2239 4240 2397 4304 gisse,
2426 4253 2544 4292 cum
2573 4238 2795 4306 eulogiis
2835 4237 3116 4307 peculiaris
3145 4239 3311 4306 patris
3341 4239 3498 4293 vestri
3544 4240 3702 4293 sancti
3726 4237 3771 4287 il-
3850 4278 3851 4289 χ

2240 4327 2363 4393 lius,
2385 4334 2439 4378 et
2464 4327 2798 4381 salutationis
2816 4318 3000 4381 ’oflicia
3022 4327 3365 4381 veneratione
3386 4330 3642 4396 praecipua
3671 4328 3769 4378 mit-

584 4410 912 4473 advixeritis,
945 4417 1036 4461 aut
1064 4409 1154 4475 qui
1183 4422 1248 4460 ex
1271 4406 1420 4459 vobis
1452 4406 1562 4471 pari
1600 4419 1699 4458 suo
1724 4412 1993 4472 superstes
2030 4401 2124 4455 fee

2247 4427 2439 4484 tentes,
2468 4433 2772 4487 quaesumus
2825 4426 2884 4473 ut
2932 4429 3167 4472 nostram
3207 4419 3597 4472 extremitatem
3637 4417 3772 4470 all'atu

586 4502 669 4565 rit,
702 4510 756 4553 et
784 4498 1061 4562 advixerit,
1092 4511 1191 4549 nec
1217 4510 1313 4548 nos
1340 4508 1438 4547 nec
1484 4508 1819 4547 successores
1841 4493 2028 4559 nostri,
2047 4507 2142 4547 nec

582 4590 827 4656 quislibet
852 4589 918 4641 de
946 4596 1094 4655 parte
1122 4582 1362 4639 ecclesia:
1394 4589 1585 4635 nostra:
1630 4582 1849 4635 locellos
1878 4581 1943 4634 de
1968 4590 2142 4635 vestra

588 4688 849 4747 potestate
876 4677 1200 4746 pontilicium
1230 4673 1499 4728 auferendi
1535 4688 1639 4726 non
1670 4674 1958 4726 habeamus
1983 4714 1998 4739 ,
2053 4673 2146 4727 sed

516 4837 524 4841 _
586 4784 679 4837 per
707 4777 943 4822 nostrum
975 4766 1289 4821 beneficium
1320 4772 1410 4816 aut
1438 4777 1805 4818 successorum
1830 4770 2131 4815 nostrorum

657 4889 680 4914 τι
714 4878 915 4938 8aluz.,
938 4877 1155 4928 situmin
1181 4891 1311 4943 pago
1335 4875 1445 4926 illo.

657 4954 680 4990 b
714 4946 958 4999 Precaca
1000 4940 1210 5011 proprie
1251 4940 1529 4995 dicebatur
1573 4940 1821 5001 libellus,
1872 4955 1978 5008 quo
2026 4943 2147 5009 quis

588 5030 674 5068 res
717 5014 953 5068 ecclesiae
984 5014 1202 5064 utendas
1234 5012 1331 5063 sibi
1364 5013 1475 5063 dari
1516 5012 1731 5077 rogabat
1788 5011 1932 5064 BIGN.

662 5098 679 5119 υ
714 5086 913 5144 [talum
944 5097 1259 5133 successores
1290 5082 1437 5131 vestri
1468 5093 1552 5131 aut
1581 5092 1787 5147 agentes
1811 5082 2051 5134 εει-ἰθείας.

658 5150 681 5185 δ
720 5151 991 5203 [δι-ωπιίιτὶει
1023 5151 1309 5202 vocabatur
1330 5149 1550 5218 epistola
1580 5188 1592 5209 ,
1624 5166 1723 5207 qua
1756 5152 2038 5218 episcopus
2064 5151 2147 5202 vel

590 5222 757 5272 abbas
794 5234 901 5269 rem
934 5219 1169 5270 ecclesia:
1199 5217 1538 5269 concedebal.
1583 5221 1722 5270 “IGN.

663 5298 683 5323 ε
724 5287 897 5338 llaluz.
935 5303 946 5335 :
990 5288 1153 5337 hilum
1188 5288 1274 5350 ibi,
1322 5285 1455 5337 vobis
1502 5286 1693 5349 patiar
1740 5287 1805 5337 ad
1850 5289 2146 5351 bene/icium

594 5359 709 5408 ilum
740 5356 1065 5413 adrireritis,
1098 5358 1295 5407 era-lere
1338 5355 1688 5421 permisimus,
1735 5366 1781 5406 et
1806 5374 1896 5423 per
1926 5358 2018 5409 hoc
2045 5360 2147 5411 alio

595 5428 770 5477 locello
794 5431 1115 5489 imitmpanle
1136 5424 1227 5481 sic,
1255 5426 1401 5475 situm
1432 5425 1518 5483 ibi,
1551 5424 1629 5483 de,
1662 5432 1761 5475 etc.

682 5495 695 5529 ί
736 5494 996 5553 llaluziu~,
1049 5494 1281 5562 revellere
1324 5494 1507 5553 amari,
1546 5503 1591 5542 et
1618 5494 1775 5562 ipsum
1804 5503 1988 5545 terram
2031 5512 2147 5562 pro-

598 5565 859 5627 prietatem
880 5566 1060 5612 sacire.
1090 5558 1139 5609 In
1164 5560 1418 5612 Formnhs
1445 5569 1497 5611 et
1522 5561 1657 5627 apud
1684 5558 2146 5629 Lindeulu'ogi'um,

598 5634 781 5705 iter_ad
812 5631 1067 5705 proprium
1098 5630 1278 5679 surire.
1324 5631 1567 5705 Sargetae,
1611 5630 1775 5695 inquit
1830 5632 2145 5696 Salinasius,

600 5700 665 5750 ad
698 5694 978 5750 Historiam
1024 5700 1314 5760 Augustam
1342 5739 1354 5757 ,
1388 5699 1629 5751 dicebant
1685 5708 1890 5753 veteres
1942 5703 1995 5753 τὸ
2025 5694 2145 5754 σακὲ

2245 4508 2497 4576 dignabili
2522 4507 2754 4576 jubeatis
2781 4505 3096 4574 specialibus
3123 4505 3429 4559 informare.

2802 4596 3024 4651 CAPUT
3067 4597 3241 4651 XLIII.

2665 4687 2945 4754 Rescriptio
2966 4688 3035 4740 ad
3068 4689 3379 4758 episcopum.

2320 4778 2541 4832 Domino
2562 4786 2769 4842 sancto,
2801 4777 3005 4832 meritis
3036 4778 3351 4848 apostolico,
3386 4780 3437 4831 in
3466 4777 3667 4833 Christo
3690 4778 3774 4831 de-
3850 4780 3851 4843 1

2248 4889 2740 4967 stigmanosnsaisir,
2774 4899 2828 4942 et
2873 4878 3315 4967 inllma'latinilas
3347 4891 3542 4945 saisire.
3587 4892 3773 4945 Videant

2250 4957 2407 5021 igitur
2435 4957 2622 5009 eruditi
2662 4974 2727 5011 an
2774 4960 2942 5012 saeire
2973 4960 3201 5028 positum
3251 4958 3408 5012 fuerit
3436 4978 3529 5028 pro
3576 4963 3773 5019 sociere:

2251 5039 2326 5102 an_
2352 5040 2479 5102 vero
2510 5041 2537 5077 a
2568 5029 2759 5102 saccire
2790 5028 3109 5102 deducatur;
3159 5027 3389 5102 denique
3419 5027 3485 5083 an
3533 5032 3650 5085 inde
3693 5045 3771 5083 rut

2250 5094 2432 5145 saisire
2461 5104 2634 5165 ortum
2666 5096 2844 5147 ducat.
2874 5096 2978 5147 Ista
3008 5094 3239 5165 Cangius
3268 5098 3316 5149 iu
3340 5096 3626 5153 Glossario.

2277 5165 2345 5241 ..Β
2386 5163 2639 5241 Solebant
2683 5165 3069 5241 olimepiscopi
3198 5168 3775 5241 prmcipuissoiemnita-

2252 5231 2413 5295 tibus,
2438 5241 2495 5283 ut
2525 5234 2574 5283 in
2605 5230 2859 5283 Paschate
2886 5242 2976 5284 aut
3000 5230 3164 5287 Natali
3198 5230 3403 5287 Domini
3423 5276 3440 5300 ,
3486 5236 3667 5291 litteris
3699 5252 3771 5288 co-

2249 5302 2551 5371 episcopos,
2568 5313 2717 5371 reges
2733 5308 2786 5351 et
2795 5302 2995 5371 amicos
3014 5303 3245 5367 visitare,
3262 5304 3563 5371 eteulogias
3578 5307 3772 5367 mittere,

2248 5384 2354 5443 quo
2389 5370 2619 5443 pertinet
2646 5370 2748 5443 hoc
2792 5369 3026 5443 Murculli
3056 5382 3215 5443 caput
3246 5386 3364 5423 cum
3393 5369 3559 5429 tribus
3580 5386 3771 5443 sequen‘

2250 5432 2409 5489 illius.
2458 5432 2689 5501 Eulogia
2746 5453 2868 5510 vero
2915 5432 3215 5510 benedictio
3272 5451 3382 5500 est.
3441 5454 3601 5510 atque
3648 5432 3772 5496 ctiam

2249 5521 2332 5582 res
2354 5520 2717 5582 quacunque,
2751 5508 2860 5582 sive
2902 5509 3049 5582 panis
3073 5544 3088 5568 ,
3111 5522 3203 5559 seu
3233 5509 3333 5573 sal,
3374 5526 3467 5564 seu
3497 5508 3677 5566 vinum.
3707 5520 3771 5561 Ill’

2248 5576 2386 5694 alliutll
2434 5574 2689 5693 equiiiotli
2737 5578 2820 5629 cui
2850 5575 3155 5630 benedictio
3203 5577 3288 5631 illa
3331 5583 3578 5643 accessit,
3605 5579 3771 5646 eulogia

2251 5659 2352 5694 (lCl
2385 5658 2463 5694 ur.
2524 5660 2642 5694 rlCN.

2251 5646 2463 5695 tlicitur.
2503 5646 2642 5695 Ilion.
