1943 3113
90 183 130 209 ἾἾΞ

89 236 210 265 ςῑάειιεώἱιὶ,
227 235 334 262 domino
354 239 381 262 et
407 235 480 262 fratri
503 235 539 262 illi
559 242 642 270 papat.
660 236 704 264 ille
723 243 846 271 peccator
862 239 883 266 A

90 283 222 316 episcopus:
233 285 334 307 vestras
343 284 356 297 υ
368 288 457 307 sacras
470 280 594 306 almitatis
607 286 701 308 vestra:
714 281 849 308 deferente

90 326 213 353 venerabili
230 320 284 351 lilio
305 326 438 352 communi
453 326 507 357 illo,
521 331 550 352 ut
573 326 677 353 cmlitus
700 327 826 354 donatum
840 348 847 359 ,

89 380 127 399 nos
139 371 263 405 accepisse
273 371 430 405 przcnoscite
443 376 470 399 et
482 371 635 406 comperite.
649 372 686 399 De
699 372 787 399 edulio
800 373 847 399 de-

89 416 142 450 pasti
155 415 316 449 recreatique
340 420 432 443 sancto
453 416 504 443 hoc
515 415 548 443 de
561 424 671 444 munere
693 422 779 445 vestro
795 424 849 445 tre-

88 462 216 496 pucliantes,
227 461 324 495 gratius
339 461 395 488 mul
406 469 435 489 as
448 462 561 496 agimus,
576 467 631 490 etc.

342 517 456 545 CAPUT
480 518 570 546 XLIV.

89 573 200 611 Quomodo
211 581 341 611 emtcoptts
360 574 388 600 in
402 572 543 611 Natiuitate
565 575 668 602 Domini
683 576 717 602 ad
741 586 825 609 regem
838 597 845 609 ,

116 608 279 642 reginam,'vet
291 608 325 634 ad
337 611 498 643 episcovum,
515 610 667 637 uisitationis
681 608 848 639 diriait'scrﬁ

115 649 183 675 ptum.
611 668 618 673 ,
673 650 676 655 ”

113 686 222 713 Glorioso
236 690 316 721 atque
337 688 473 722 pmcclso,
486 692 513 715 et
533 688 689 716 universalis
702 688 847 716 Catholica:

86 736 168 758 sancite
180 731 297 758 Ecclesiae
305 732 358 759 IIIIo
369 732 406 759 illi
420 733 488 767 regi,
499 733 543 760 ille
550 733 691 767 episcopus
703 744 708 759 :
725 735 847 767 gloriosas

88 782 153 811 atque
165 776 298 810 pmcelsze,
315 781 343 803 et
357 777 513 804 universalis
526 777 670 805 Catholicae
684 782 782 806 sancta:
793 778 845 805 Ec-

88 821 168 853 ctesize,
182 820 237 847 filia:
250 820 286 847 illi
297 822 394 855 regium
402 821 448 849 ille
457 822 644 849 misericordii
650 822 694 850 Dei
706 824 845 858 episcopus

88 865 177 892 demitto
190 865 331 899 inclitoque
344 866 450 899 cultori,
464 871 543 901 atque
563 868 721 902 apostolico,
737 869 846 896 domino

89 915 109 936 et
121 910 143 936 in
156 909 252 937 Christo
264 910 338 937 fratri
361 910 398 937 illi
412 911 539 946 episcopo
551 931 558 943 ,
574 912 618 939 ille
643 917 769 947 peccator
790 914 847 948 epi-
865 905 885 933 Β

88 963 182 989 scopas:
201 955 258 981 dum
270 955 430 988 generaliter
441 956 580 984 dominicrc
591 958 737 984 nativitatis
757 958 847 985 exsul-

90 1005 158 1026 lamus
168 999 316 1033 adventum,
330 1007 441 1028 censum
455 1001 552 1028 dehitzn
570 1002 744 1036 subjectionis
757 1003 847 1030 desol-

89 1044 157 1071 vereb
170 1052 356 1079 perun-gemas:
372 1051 453 1081 atque
467 1047 528 1074 ideo
549 1047 738 1076 salutationum
758 1049 847 1076 mnnia

86 1097 135 1116 cum
146 1089 247 1123 enlogiis
261 1090 406 1124 peculiaris
420 1092 527 1126 patroni
542 1092 624 1119 vestri
638 1093 723 1119 sancti
735 1093 815 1126 illius,
826 1095 848 1121 si

86 1135 113 1160 ad
124 1143 206 1169 regem,
219 1135 367 1162 clementia:
381 1140 485 1169 vestr-ae,
501 1136 523 1163 ri
536 1137 570 1163 ad
580 1137 737 1171 episcopum,
749 1137 848 1164 sancti-

87 1180 125 1205 tati
137 1185 219 1207 vesti-.2
236 1180 390 1213 direximus,
407 1189 468 1219 cum
483 1182 556 1209 omni
571 1182 727 1211 humilitatis
751 1189 850 1217 genere

86 1226 269 1253 clementissime
276 1225 469 1260 dependentes,
482 1227 662 1262 suggerimus,
689 1231 718 1254 ut
730 1227 785 1262 jugi
801 1235 850 1255 nos

87 1272 264 1303 pramunientes
271 1272 392 1300 oratione
402 1273 535 1307 de‘vestrre
550 1273 685 1307 sospitatis
699 1273 850 1305 integritate

87 1316 226 1350 trcpuditare
236 1316 349 1348 faciatis.
365 1317 492 1351 dignabili
516 1318 638 1352 protinus
654 1318 795 1353 rescripto.

346 1361 459 1390 CAPUT
481 1362 559 1389 XLV.

221 1405 285 1433 Item
300 1407 355 1433 alia
368 1407 400 1433 de
413 1406 556 1434 Natim'tate
573 1407 689 1436 Domini.

113 1449 271 1478 iucunditatis
285 1456 383 1479 mutuae
395 1452 507 1486 gratiatn
522 1459 685 1487 cognoscere
694 1454 844 1489 cupientes,

84 1494 192 1522 divinitus
214 1497 387 1525 universitate
410 1497 516 1531 collata,
532 1506 584 1525 non
608 1499 768 1527 desistemus
790 1501 847 1535 cpi-

83 1541 156 1571 stolis,
167 1541 352 1575 pneferendam
367 1547 483 1570 vestram
503 1544 649 1578 praevenire
658 1544 826 1572 clementiam
840 1567 848 1578 ,

83 1591 119 1612 aut
129 1588 299 1621 sanctitatem,
313 1595 375 1615 cum
389 1589 503 1622 eulogiis
519 1589 659 1622 peculiaris
674 1591 780 1624 patroni
802 1598 849 1617 ve¢

82 1632 121 1658 stri
134 1632 206 1665 illius,
220 1632 369 1660 honorabili
392 1641 423 1661 ac
436 1634 532 1661 devoto
554 1634 626 1662 cultu
642 1640 800 1669 poscentes,
820 1640 849 1663 ut

82 1687 124 1713 qua
136 1680 265 1708 alacritate
277 1681 373 1708 festiva
385 1681 535 1709 Nativitatis
551 1682 694 1710 Dominicaa
709 1683 849 1717 percgistis

82 1724 187 1758 insignia,
201 1733 250 1752 nos
275 1725 394 1753 doceant
416 1730 511 1753 vestrm
539 1727 689 1754 sanctitatis
714 1727 847 1762 exempla.

82 1769 152 1796 Erunt
162 1770 228 1797 enim
242 1770 321 1798 nobis
333 1775 508 1804 provectnum
522 1775 616 1798 vestra:
628 1771 792 1799 incrementa
805 1779 849 1799 sa-

81 1815 140 1847 lutis,
155 1815 297 1850 locupletes
310 1815 429 1842 thesauri
447 1816 590 1843 facultatis.

342 1860 455 1889 CAPUT
476 1860 565 1888 XLVI.

138 1906 351 1934 Commendatitia:
366 1907 457 1934 littera
467 1908 501 1934 aJ
512 1908 657 1942 episcopum
667 1912 763 1935 notam.

109 1952 211 1979 Domino
237 1954 462 1981 reve-endissimo
476 1953 514 1980 illi
536 1961 620 1988 paptc,
651 1954 705 1981 ille.
732 1954 849 1982 Remitti-

80 2001 169 2024 scentes
179 2002 290 2025 vestram
307 1998 481 2026 atl‘ectuosam
507 1999 678 2026 beatitudinis
691 1999 848 2027 charitatem

81 2048 88 2061 ε
98 2050 143 2076 qua
157 2048 215 2070 tunc
229 2044 264 2070 ob
279 2044 485 2071 retributionem
499 2048 637 2077 aeternam,
653 2048 749 2079 nostra:
760 2048 846 2071 extre-

80 2088 166 2114 mitatis
178 2089 390 2122 personalem,in
402 2089 501 2116 intimis
515 2089 671 2122 visceribus,
687 2097 719 2117 ac
732 2090 754 2117 si
766 2090 849 2117 unicae

80 2134 212 2161 dilectionis
229 2134 336 2162 vinculo
361 2134 593 2170 amplectabatnini
606 2135 717 2168 sedule;
744 2143 796 2170 qua
819 2135 849 2161 Ii-

80 2179 146 2206 dncia
160 2184 329 2214 provocatus,
342 2180 391 2208 hos
402 2180 492 2214 apices
505 2180 627 2207 utilitatis
639 2185 748 2214 DOSll‘tB,
764 2181 848 2208 tiden-

81 2228 113 2251 ter
125 2224 154 2251 ad
163 2224 343 2259 dignationem
359 2229 487 2258 vestram,
501 2233 548 2259 per
562 2224 657 2252 fratres
671 2229 778 2252 nostros
789 2245 796 2257 ,
823 2226 850 2250 Il—
866 2244 886 2270 υ

80 2269 121 2296 lios
134 2274 243 2302 vestros,
258 2270 366 2304 gerulos
377 2274 521 2304 pncsentts
534 2270 844 2304 destinare-pt'msutnpsi,

80 2323 120 2348 per
128 2323 190 2350 quos
203 2320 298 2343 vestra:
311 2316 435 2348 almitati,
453 2316 474 2343 si
488 2316 659 2351 pnesumptio
683 2324 736 2343 non
764 2317 848 2343 offen-

81 2361 120 2392 dit,
132 2362 317 2388 salutationum
330 2361 430 2393 munia,
445 2365 472 2387 ut
486 2361 580 2394 decet,
601 2370 654 2389 non
668 2366 824 2396 arroganter
839 2381 847 2394 ,

81 2405 119 2432 sed
131 2406 258 2434 humiliter
270 2407 408 2437 destinare
422 2414 564 2440 pRL‘stlltIO,
578 2414 645 2440 quos
660 2411 688 2434 ut
711 2415 799 2434 comm
810 2416 848 2434 ιιι-

82 2452 164 2480 dentur
176 2453 201 2480 in
216 2453 340 2480 omnibus
357 2453 478 2487 recipere
499 2452 625 2486 dignetis,
639 2461 789 2487 qumsumus
802 2462 849 2488 op—

82 2502 189 2532 portune.
201 2499 306 2526 Etenim
322 2499 349 2526 in
365 2503 418 2525 tam
432 2498 580 2533 longinquis
595 2498 745 2533 regionibus
757 2520 764 2532 ,
791 2508 851 2533 pro-

110 2568 120 2581 ι
134 2564 246 2592 Balazius
269 2565 319 2596 sic,
336 2564 469 2591 barbare:
489 2564 592 2592 Vestras
617 2572 705 2591 sacris
731 2573 848 2592 common

82 2599 191 2626 almitattu’
202 2601 276 2627 uestri
294 2600 417 2634 deferenti
431 2599 565 2625 uenerabili
580 2600 634 2633 ﬁlio
648 2609 670 2624 .1
678 2608 779 2626 mmnne
792 2602 847 2633 illo,

83 2638 104 2658 ιι
111 2635 201 2661 cclitao
214 2634 334 2661 donabile
348 2656 353 2665 ,
370 2643 414 2659 nos
429 2634 556 2668 (ιρι-ειμὶςδε
572 2636 723 2667 pra'miscite
741 2640 765 2660 et
779 2643 850 2662 com-

83 2669 158 2701 Μίδα.
171 2668 207 2696 De
219 2670 349 2701 edulium,
366 2670 446 2703 inquit
458 2690 464 2699 ,
482 2674 504 2694 et
515 2670 544 2694 du
560 2671 625 2702 pasti
641 2670 748 2696 recreati
759 2674 849 2697 sancto

84 2703 122 2729 hoc
132 2703 161 2730 de
173 2712 274 2731 munere
285 2711 366 2731 uestro
383 2705 565 2737 treptttliantes,
578 2706 685 2730 multum
697 2705 728 2730 de
740 2713 789 2738 qua
803 2713 849 2738 pa.

83 2738 133 2771 gina
148 2739 221 2773 fuerit
236 2748 243 2765 :
258 2740 326 2774 quod
341 2740 471 2765 t-nlitantcs
484 2740 550 2765 vobis
566 2741 713 2772 prwsrimus
724 2748 778 2765 esse
792 2748 849 2765 cum

84 2774 158 2809 ᾳαιήι
178 2779 201 2801 et
224 2775 333 2809 quinta/1'
355 2775 440 2800 habuit
461 2778 542 2799 vestra
564 2775 678 2808 dignatio
698 2775 801 2808 instigio
822 2779 848 2801 ut

85 2806 106 2844 ἐμ
116 2806 271 2836 tirendotirio
289 2810 374 2844 fuistis
384 2810 486 2843 dignati
496 2829 503 2840 ,
519 2806 607 2842 iit/imo
624 2810 723 2844 gratias
738 2806 848 2844 agimus.

88 2842 113 2868 ltt
130 2844 165 2870 his
181 2849 204 2870 ηε
217 2842 294 2879 plura
305 2842 427 2871 sz-lventei
439 2866 446 2875 ,
466 2844 609 2876 plusculum
624 2842 697 2879 quod
712 2842 794 2871 valrat
809 2846 848 2871 in-

88 2882 170 2907 tentam
197 2880 348 2915 congigttere
373 2888 484 2914 campus,
509 2880 546 2906 vel
572 2879 701 2907 verborum
731 2882 847 2906 carmina

684 181 868 224 FUIIIIIULJS.
889 196 921 200 -—
942 182 1004 208 LIB.
1025 182 1051 208 II.

1629 183 1680 210 754

899 242 957 271 pter
968 237 1139 264 necessitates
1153 237 1261 263 fratrum
1273 237 1466 271 comparandas
1472 242 1575 269 euntes,
1586 240 1680 266 vestris

901 282 1005 309 Christo
1019 282 1129 316 praesule
1144 281 1311 308 adminiculis
1337 282 1480 308 fulciantur
1491 302 1497 314 ,
1523 290 1571 316 pro
1585 283 1680 316 quibus

899 327 1034 354 beneﬂciis
1044 327 1222 361 centuplicato
1238 326 1348 358 frenare,
1361 334 1375 353 a
1390 327 1501 353 Domino
1517 327 1679 353 retributore

898 372 1029 399 bonorum
1048 372 1166 398 omnium
1190 371 1312 398 refertam
1326 371 1455 398 mercedis
1477 371 1635 397 summulam
1650 371 1675 397 in

898 423 958 442 cum
979 415 1110 450 recipiatis
1134 415 1323 449 dignissimam.
1347 415 1472 442 Dominus
1495 414 1564 441 Dens
1587 420 1680 441 noster

898 459 968 494 piam
976 467 1103 487 coronam
1113 464 1231 488 vestram,
1239 467 1384 487 memorem
1400 460 1460 492 mei,
1472 460 1679 493 ctpratsentibns

897 504 998 538 repleat
1012 504 1095 536 bonis,
1110 509 1138 531 et
1147 504 1252 538 dignam
1260 504 1350 531 reddat
1359 503 1475 531 aeternis.
1490 503 1599 530 Domine
1611 511 1680 531 sem-

899 558 946 584 per
961 557 1045 577 meus.

1178 595 1290 623 CAPUT
1310 595 1413 623 XLVII.

951 652 1016 679 Item
1027 652 1238 679 contmendatitite
1252 652 1344 679 litterte
1356 652 1390 678 ad
1400 650 1515 678 abbatem
1526 655 1626 678 notam.

931 706 1044 734 Domino
1061 707 1226 739 beatissimo,
1239 711 1267 733 et
1287 705 1387 733 meritis
1413 705 1583 735 venerando.
1610 706 1680 739 patri

897 752 932 779 illi
948 742 1048 785 abbati,
1063 752 1107 778 ille
1122 752 1146 777 in
1160 751 1272 778 Domino
1287 755 1441 786 perpetuam
1456 750 1537 777 mittit
1551 750 1674 777 salutem.

895 796 1051 824 Multimoda
1063 796 1150 828 nobis,
1163 795 1292 823 benevolo
1314 801 1413 826 vestro,
1428 802 1555 828 generare
1570 801 1678 828 compe~

896 842 946 869 rite
956 841 1060 876 gaudia.
1074 841 1179 875 quoties
1194 840 1282 867 aditus
1290 840 1399 867 dederit
1412 844 1588 873 opportunos,
1605 843 1633 866 ut
1646 839 1678 865 ad

898 887 1072 922 indagandam
1100 887 1255 921 sospitatem
1283 890 1413 919 vestram,
1437 890 1543 913 nostras
1567 886 1680 920 dirigere

898 933 1043 960 debeamus
1058 931 1207 959 litterulas:
1223 931 1321 959 idcirco
1342 939 1402 958 cum
1423 931 1612 958 salutationem
1625 930 1680 958 olli-

897 978 955 1010 ciis,
972 977 1064 1004 humili
1076 984 1154 1011 prece
1167 977 1279 1003 almitati
1295 981 1388 1003 vestra:
1401 983 1562 1010 quzcsutnus,
1579 979 1609 1002 ut
1630 983 1681 1009 pro

897 1023 975 1050 nobis
988 1022 1231 1049 misericordiarum
1248 1022 1398 1054 Dominum,
1414 1021 1457 1048 ubi
1481 1020 1573 1055 dignas
1600 1020 1680 1047 sedu-

897 1068 990 1102 lasque
1004 1066 1112 1093 funditis
1124 1074 1226 1101 preces,
1238 1073 1351 1093 exorare
1361 1074 1413 1093 non
1421 1064 1606 1100 dedignemini,
1615 1072 1679 1098 qua-

899 1116 976 1139 tenus
987 1112 1084 1139 vestris
1112 1110 1171 1138 fulti
1203 1110 1343 1146 precibus,
1373 1110 1436 1137 olim
1464 1114 1582 1144 optatam
1608 1109 1681 1136 adire

899 1165 1049 1186 mereamur
1063 1157 1195 1192 patriam;
1223 1155 1377 1191 pariterque
1389 1156 1488 1183 latores
1515 1159 1660 1191 praesentes
1672 1174 1679 1186 ,

900 1203 1011 1230 famulos
1026 1207 1136 1235 vestros,
1148 1202 1244 1231 fratres
1256 1202 1281 1229 in
1295 1202 1403 1230 Christo
1415 1207 1520 1242 nostros
1534 1223 1542 1234 ,
1563 1209 1631 1236 quos
1646 1201 1681 1227 ob

899 1250 1049 1278 necessaria
1065 1249 1218 1277 monasterii
1233 1249 1315 1277 nostri
1328 1269 1336 1282 ,
1352 1249 1414 1276 illuc
1427 1255 1511 1283 usque
1535 1247 1682 1275 destinavi-

899 1302 969 1326 mus,
984 1299 1079 1322 vestrm
1094 1287 1249 1321 beatitudini
1261 1294 1401 1329 plurimum
1416 1293 1605 1321 commendare
1618 1300 1683 1327 pra:-

898 1339 1037 1371 snmimus,
1054 1343 1083 1365 ut
1094 1339 1134 1365 eis
1148 1339 1219 1373 quod
1234 1339 1412 1367 necessarium
1423 1338 1546 1366 duxerint
1556 1337 1681 1365 solatium

899 1384 1027 1418 pro-bere.
1042 1390 1090 1417 pro
1103 1382 1192 1410 divino
1204 1383 1300 1409 intuitu
1315 1390 1364 1410 nos
1381 1383 1539 1418 dedignetis.
1553 1382 1618 1409 Vale
1633 1389 1682 1416 pro

900 1428 977 1455 nobis
991 1435 1083 1460 orans,
1096 1427 1194 1454 domne
1208 1431 1235 1454 et
1249 1431 1350 1459 sancte,
1366 1435 1398 1453 ac
1411 1427 1565 1454 beatissime
1579 1431 1664 1461 pater.

1168 1491 1281 1520 CAPUT
1301 1492 1413 1520 XLVIII.

901 1538 913 1556 ¹¹
931 1538 1122 1573 Suppliraturio
1137 1546 1183 1573 pro
1207 1546 1236 1578 eo
1254 1539 1294 1578 qui
1319 1538 1345 1564 in
1361 1539 1516 1565 monasterio
1536 1546 1684 1565 concertare

1210 1573 1348 1600 desiderat.

936 1627 1049 1655 Domino
1060 1630 1162 1659 sancto,
1179 1626 1279 1660 Deique
1289 1627 1396 1658 cultori,
1408 1632 1436 1653 et
1456 1627 1520 1653 mihi
1534 1627 1559 1653 in
1575 1626 1682 1653 Christo

900 1673 1049 1700 honorabili
1062 1672 1147 1706 fratri,
1161 1672 1198 1699 illi
1210 1672 1311 1705 abbati,
1324 1672 1368 1699 ille
1375 1672 1488 1699 salutem
1503 1676 1601 1707 optans
1613 1672 1681 1698 mitti

900 1719 926 1746 in
943 1719 1057 1746 Christo.
1075 1718 1192 1745 Primum
1217 1718 1280 1745 illud
1297 1722 1423 1752 tanquam
1443 1725 1561 1752 pra-sene
1580 1717 1681 1744 sanctis

898 1764 994 1791 vestris
1006 1770 1119 1798 suggero
1131 1763 1287 1798 provolutus
1303 1763 1422 1797 pedibus,
1439 1767 1468 1789 ut
1482 1769 1546 1789 metu
1556 1762 1683 1788 extremi-

898 1809 961 1836 tatis
974 1808 1113 1841 litterultc,
1130 1814 1201 1835 'cum
1213 1807 1309 1834 vestris
1334 1807 1432 1835 fuerint
1452 1807 1536 1834 sacris
1562 1806 1683 1833 manibus

898 1854 1012 1884 traditte.
1028 1860 1078 1887 pro
1093 1860 1134 1879 me
1148 1853 1278 1886 meisque,
1293 1859 1360 1886 quos
1384 1852 1447 1878 mihi
1471 1852 1495 1878 in
1511 1851 1617 1878 Christo
1632 1859 1679 1878 co-

899 1899 999 1926 haerere
1013 1898 1074 1926 fecit
1085 1905 1169 1931 amor,
1185 1897 1317 1930 fratribus,
1333 1898 1456 1931 precibus
1478 1897 1589 1923 Domino
1603 1904 1680 1924 com-

899 1944 1039 1971 mendetis.
1054 1943 1154 1971 Deinde
1165 1943 1299 1977 subjectus
1324 1943 1406 1970 vestri
1428 1942 1510 1969 frater
1533 1942 1559 1968 in
1574 1941 1681 1968 Christo

900 1996 990 2018 noster
1005 1991 1060 2025 ille,
1076 1998 1192 2025 superno
1216 1990 1497 2024 inspiratus’munere,
1508 1993 1604 2018 vestnc
1621 1996 1684 2016 san-

898 2036 1154 2064 ctitatiobedientizc
1179 2037 1278 2064 nostris
1304 2044 1333 2064 se
1354 2037 1431 2071 petiit
1456 2036 1551 2064 litteris
1573 2036 1684 2062 almitati

899 2087 993 2109 vestrm
1004 2082 1194 2112 commendari,
1204 2089 1252 2115 per
1262 2089 1328 2116 quas
1336 2081 1494 2115 suppliciter
1508 2081 1684 2115 postulamus,

899 2131 929 2154 ut
943 2128 1000 2154 ovis
1015 2127 1089 2154 fauce
1102 2126 1167 2160 lupi,
1179 2126 1240 2153 boni
1256 2126 1370 2160 pastoris
1380 2126 1477 2153 Christi
1492 2133 1570 2152 manu
1581 2128 1683 2158 erepta,

900 2174 932 2200 ad
947 2174 1038 2200 caulas
1052 2173 1150 2200 Christi
1165 2172 1263 2207 gregis,
1281 2176 1325 2198 tua
1346 2172 1380 2198 sit
1393 2170 1530 2204 diligentia
1554 2169 1662 2196 reducta
1676 2178 1685 2200 ί

901 2228 932 2247 ac
943 2220 1000 2247 vice
1014 2219 1096 2253 patris
1112 2226 1143 2245 ac
1153 2218 1250 2245 medici
1264 2218 1305 2252 pia
1319 2218 1389 2245 circa
1403 2217 1473 2244 hunc
1487 2218 1522 2244 sit
1547 2215 1683 2250 vigilantia

899 2264 1006 2299 aigrnni.
1021 2265 1104 2297 Quem
1120 2265 1141 2291 si
1167 2264 1285 2298 prititina:
1299 2263 1431 2291 redditum
1454 2263 1561 2289 sanitati
1586 2261 1684 2296 pastori

898 2312 1016 2338 omnium
1041 2319 1101 2339 cuut
1121 2311 1225 2338 czcteris
1249 2303 1453 2344 prmsentaveris
1468 2303 1578 2335 illaesum
1593 2328 1601 2340 ,
1626 2315 1685 2341 quia:

898 2362 1023 2391 sequatur
1035 2357 1071 2383 lui
1087 2364 1189 2383 merces
1203 2356 1302 2382 laboris
1316 2356 1418 2389 optimc
1433 2354 1529 2380 divinis
1549 2353 1633 2380 nostri
1647 2353 1684 2380 in-

898 2407 1013 2429 structus
1035 2402 1160 2428 oraculis.
1189 2400 1252 2428 Vale
1275 2407 1375 2428 memor
1402 2400 1466 2432 mei,
1483 2398 1642 2426 venerabilis
1656 2398 1682 2424 in

898 2449 944 2474 (,‘ln
954 2448 1004 2475 isto
1019 2448 1111 2474 frater.

899 2565 1029 2595 pandant.
1052 2564 1161 2590 orarula'
1174 2564 1258 2589 dictna
1276 2564 1392 2590 dicimus.
1413 2563 1444 2588 Et
1465 2563 1527 2588 illiut
1548 2562 1615 2593 quod
1635 2570 1680 2587 nos

899 2600 1017 2634 ﬂagitare
1031 2604 1138 2632 oportet,
1155 2604 1181 2625 ut
1192 2600 1217 2625 in
1233 2599 1320 2625 vestris
1331 2599 1424 2631 awpius
1441 2598 1513 2624 nobis
1536 2597 1682 2623 reminiscat

900 2635 991 2661 oratio.
1467 2660 1468 2663 η

935 2669 946 2687 ιλ
963 2669 1045 2701 litem,
1063 2677 1226 2703 pernrgemus
1242 2677 1272 2695 ex
1284 2672 1340 2694 voto
1356 2677 1364 2699 ;
1377 2673 1460 2702 atque.

937 2711 946 2723 ε
970 2704 1099 2734 Iiaquius,
1112 2706 1143 2729 ab
1158 2703 1259 2729 obtentu
1275 2703 1446 2729 retributionis
1459 2706 1571 2727 wternat.

935 2740 947 2758 τι
968 2738 1065 2765 Preces
1085 2743 1161 2769 sunt,
1176 2746 1222 2765 seu
1239 2742 1326 2771 potius
1345 2737 1569 2764 commcndatitiax
1583 2736 1678 2771 litteue

899 2774 986 2800 abbati
998 2774 1091 2805 factae,
1109 2778 1137 2800 nt
1148 2774 1172 2799 in
1190 2770 1310 2800 cauiobio
1323 2773 1437 2807 aliquem
1450 2791 1457 2803 ,
1474 2771 1519 2806 qui
1536 2770 1681 2796 monachus

900 2809 954 2835 IIl‘I‘I
971 2810 1043 2843 cupit
1055 2828 1062 2840 ,
1085 2809 1195 2842 recipiat
1212 2817 1216 2833 :
1232 2815 1383 2833 conversam
1409 2815 1478 2843 ennn
1500 2810 1554 2843 tum
1571 2812 1679 2836 usurpa-

899 2845 976 2870 batnr
995 2840 1042 2877 pro
1059 2840 1209 2870 monaéhnm
1230 2843 1299 2874 ’ieri;
1314 2842 1387 2877 quasi
1410 2842 1493 2875 dicas,
1512 2840 1539 2864 in
1552 2844 1681 2866 monaste-

900 2881 937 2906 rio
953 2880 1051 2914 (It'gCI'C.
1069 2879 1140 2906 “NN.
