3886 6226
501 328 608 388 755

1049 444 1271 499 CAPUT
1313 444 1491 498 XLIX.

711 546 733 573 ⁸
755 535 1013 589 [ridiculus
1042 535 1289 605 generalis
1312 534 1379 585 ad
1400 550 1573 587 omnes
1596 534 1841 587 homines.

573 626 792 689 Domino
819 635 1017 691 nostro,
1050 625 1350 679 ortliodoxo
1378 624 1626 678 Romana:
1655 625 1796 678 sedis
1848 629 2061 691 aposto-

500 717 630 779 lica},
655 733 682 771 a
716 718 823 771 Deo
859 718 1122 783 instituto,
1150 718 1219 770 illi
1251 732 1399 786 papae
1425 734 1437 770 :
1467 716 1548 770 vel
1579 716 1824 771 omnibus
1846 724 2060 785 aposto~

498 803 612 860 licis
637 806 865 873 domuis,
894 814 950 860 et
976 804 1233 874 patribus,
1266 819 1360 859 seu
1388 804 1699 858 abbatibus:
1735 804 1815 857 vel
1840 803 1949 857 Deo
1980 803 2055 856 di-

495 898 629 950 catis
659 897 709 950 in
735 896 992 951 coenobiis
1019 894 1333 961 degentibus
1364 912 1375 946 :
1409 909 1508 948 nec
1545 909 1649 947 non
1670 902 1741 947 σοι
1770 893 2058 947 illustribus

494 988 924 1057 viris,’patriciis,
950 988 1188 1051 ducibus,
1208 985 1606 1048 comitibus,vel
1634 985 1877 1039 omnibus
1902 983 2058 1037 Chriv

494 1081 653 1133 stiani
684 1080 855 1133 cultus
882 1079 1112 1131 divinam
1140 1078 1445 1147 religionem
1484 1077 1810 1132 sectantibus
1830 1117 1848 1141 ,
1893 1073 1919 1111 ι’
1970 1076 2057 1130 ille

494 1180 745 1239 peccator
792 1170 1071 1223 vilissimus
1121 1169 1365 1223 omnibus
1420 1168 1471 1221 in
1519 1168 1743 1221 Domino
1792 1181 2057 1236 prmsumo

495 1259 707 1312 mittere
729 1258 972 1314 salutem.
1004 1261 1274 1326 Quatenus
1304 1274 1535 1329 prmseus
1573 1258 1801 1326 portitor
1828 1257 1936 1321 ille,
1967 1272 2055 1309 ra-

494 1348 583 1402 dio
606 1349 964 1403 inﬁammante
990 1348 1187 1411 divino,
1216 1363 1321 1401 non
1379 1348 1461 1415 (ut
1498 1346 1763 1416 plerisque
1792 1360 1907 1399 mos
1949 1350 2055 1413 est)

492 1439 713 1494 vacandi
745 1432 924 1505 causa,
955 1440 1047 1495 sed
1090 1450 1307 1507 propter
1335 1452 1527 1493 nomen
1558 1436 1764 1491 Domini
1795 1477 1809 1501 ,
1864 1437 2052 1491 itinera

490 1531 650 1582 ard-ua
675 1538 730 1583 et
756 1530 1018 1583 laboriosa
1043 1525 1450 1597 parvipendens,
1484 1527 1552 1581 ob
1593 1527 1897 1581 lucrandam
1930 1543 2049 1581 ora-

492 1619 707 1681 tionem,
740 1619 921 1671 limina
950 1627 1250 1673 sanctorum
1275 1618 1635 1685 apostolorum
1670 1617 1872 1670 Domini
1910 1615 2051 1693 Petri

488 1718 540 1761 et
566 1707 732 1775 Pauli,
761 1710 907 1763 adire
933 1709 1166 1777 cupiens,
1203 1725 1332 1763 mea:
1363 1710 1638 1779 parvitatis
1667 1725 1726 1764 se
1757 1711 1906 1777 petiit
1950 1726 2043 1764 ve-

487 1810 611 1854 stra:
630 1801 988 1855 commendari
1010 1800 1229 1854 almitati
1254 1816 1318 1854 ac
1347 1800 1619 1853 industria:
1655 1800 1921 1853 litterulis.
1947 1798 2048 1853 Per

487 1906 618 1958 quas
647 1891 928 1948 vilissimus
954 1893 1210 1953 omnium,
1236 1901 1487 1959 tanquam
1514 1894 1704 1947 vestris
1741 1892 2049 1962 provolutus

487 1981 717 2051 vestigiis
768 1982 1117 2050 singulorum,
1147 1982 1449 2051 supplicare
1488 1992 1788 2051 praesumo,
1843 1989 1899 2036 ut
1950 1996 2047 2051 pro

484 2071 702 2125 minimo
731 2072 941 2126 exorari
980 2070 1227 2139 iubeatis,
1259 2078 1313 2124 et
1340 2070 1587 2124 eumdem
1612 2078 1825 2124 euntem
1854 2070 1935 2123 vel
1964 2085 2049 2124 re-

481 2162 751 2227 deuntem,
799 2178 841 2216 ει
893 2162 1148 2216 Dominus
1196 2161 1535 2233 permiserit,
1588 2171 1806 2231 propter
1853 2176 2046 2215 nomen

483 2252 711 2318 Domini,
742 2253 907 2308 solida
930 2254 1124 2324 pietate
1159 2251 1589 2309 commendatum
1636 2252 1903 2321 recipiatis
1926 2292 1941 2317 ,
1995 2260 2050 2303 et

480 2344 621 2411 quod
652 2359 869 2399 necesse
898 2344 1432 2409 habueritimpertirc
1450 2342 1579 2397 tanti
1607 2342 1879 2407 habeatis;
1910 2355 2046 2409 qua-

481 2444 638 2489 tenus
664 2435 729 2489 ab
759 2436 872 2505 ipso
903 2435 1212 2489 mereamini
1245 2440 1265 2467 ε
1299 2433 1601 2488 mercedem
1641 2433 1880 2502 recipere
1900 2446 2048 2486 com-

479 2525 711 2590 rnodam,
741 2527 830 2593 qui
856 2526 954 2581 sibi
985 2527 1117 2580 dixit
1157 2526 1387 2594 impleri,
1411 2533 1668 2601 quantum
1694 2524 1812 2593 Quis
1840 2524 1891 2579 in
1940 2525 2049 2579 suis

478 2617 798 2687 pauperibus
829 2616 971 2671 visus
998 2615 1158 2670 fuerit
1183 2631 1428 2686 erogare.

1092 2706 1316 2762 CAPUT
1356 2706 1417 2760 L.

549 2798 813 2853 Indicnlus
836 2800 1275 2853 commendatitius
1299 2800 1368 2852 ad
1389 2801 1520 2854 viros
1548 2800 1771 2853 illustres
1794 2802 1974 2854 laicos.

547 2888 769 2943 Domino
801 2888 955 2943 illust‘
974 2890 1009 2953 i,
1045 2898 1099 2944 et
1120 2905 1225 2958 pra:
1252 2890 1461 2945 cunctis
1489 2889 2011 2958 magniﬁcentissimo
2031 2932 2047 2956 ,

474 2994 537 3031 ac
568 2979 843 3033 nobilitate
878 2980 1135 3048 prosapia:
1173 2979 1455 3043 decorato,
1508 2986 1669 3047 atque
1725 2978 2045 3042 sublimato,

472 3072 567 3139 illi,
599 3072 685 3126 ille
715 3080 961 3141 peccator
1014 3072 1065 3125 in
1094 3071 1321 3126 Domino
1354 3072 1626 3140 praesumit
1656 3072 1869 3127 mittere
1898 3070 2043 3126 salu-

471 3172 598 3216 tem.
634 3161 946 3229 Quanquam
972 3169 1162 3216 vestrac
1184 3162 1515 3216 excellentiae
1546 3178 1661 3216 mea
1679 3164 1913 3232 parvitas
1944 3164 2042 3216 mi-

474 3254 617 3308 nime
653 3254 723 3307 sit
752 3252 983 3320 cognita,
1027 3262 1200 3307 tamen
1254 3253 1541 3307 multorum
1572 3254 1834 3308 relatione
1890 3252 2051 3307 diJici

472 3353 701 3399 vestram
744 3345 794 3398 in
830 3344 1053 3399 Domino
1082 3344 1368 3398 maximam
1399 3344 1759 3405 devotionem,
1787 3343 1916 3397 etin
1938 3359 2049 3397 ser-

468 3448 565 3491 vos
590 3438 701 3501 Dei,
719 3437 800 3491 vel
836 3452 1098 3507 pauperes
1114 3436 1246 3503 ejus,
1275 3436 1344 3489 ob
1372 3445 1625 3489 aeternam
1644 3435 2048 3490 retributionem

471 3527 883 3583 sollicitudinem
914 3542 1017 3580 non
1052 3526 1273 3594 pigram.
1305 3526 1417 3590 Qua
1476 3524 1661 3578 fiducia
1698 3533 2040 3594 provocatus,

472 3619 568 3672 bos
590 3620 769 3684 apices
794 3618 1008 3671 vilitatis
1038 3630 1169 3669 mea:
1198 3632 1291 3685 per
1323 3617 1519 3671 latores
1538 3628 1843 3685 praesentes,
1874 3615 2045 3668 famu-

473 3710 551 3761 los
575 3715 803 3771 vestros,
836 3707 1028 3760 fratres
1050 3707 1100 3761 in
1130 3707 1343 3761 Curisto
1375 3716 1605 3772 nostros,
1637 3707 1702 3759 ad
1732 3706 2045 3760 dominatio-

469 3814 587 3852 nem
636 3806 863 3853 vestram
905 3798 1233 3853 direximus:
1268 3812 1363 3866 per
1414 3812 1549 3865 quos
1602 3806 1829 3853 vestram
1888 3796 2041 3850 indu-

466 3892 669 3954 striam,
698 3891 752 3944 ‘si
773 3890 1115 3959 praesumptio
1146 3904 1250 3943 non
1280 3887 1521 3948 oﬁ‘endit,
1562 3887 1845 3956 plurimum
1892 3886 2036 3940 salu-

466 3993 583 4036 tare
607 3997 867 4050 prmsumo
894 3998 905 4031 :
939 3989 993 4034 et
1018 3989 1143 4049 peto
1170 3989 1229 4033 ut
1257 3980 1335 4033 eis
1373 3978 1623 4032 euntibus
1654 3976 1737 4031 vel
1765 3976 2035 4031 redeunti-

465 4073 583 4135 bus,
616 4073 666 4125 in
692 4086 801 4140 quo
848 4070 1205 4126 necessarium
1254 4069 1537 4133 duxerint,
1584 4075 1803 4137 propter
1842 4081 2036 4122 nomen

466 4163 674 4218 Domini
704 4162 862 4217 solita
901 4161 1103 4231 pietate
1125 4160 1393 4215 consolari
1418 4159 1671 4229 jubeatis.

1079 4250 1302 4306 CAPUT
1343 4250 1423 4304 LI.

466 4343 727 4398 [ridiculus
757 4344 825 4396 ad
854 4343 1084 4397 homines
1131 4342 1686 4464 potentesbpalatinos.
1718 4342 1941 4394 maxime
1965 4340 2033 4393 ad

1050 4423 1278 4464 coomtos
1324 4430 1367 4464 si
1401 4430 1437 4464 ι.

1050 4423 1278 4483 cognitos
1324 4423 1437 4465 ubi.

535 4503 755 4557 Domino
788 4503 998 4571 illustri,
1029 4512 1083 4557 et
1109 4482 1218 4572 pra:
1242 4503 1453 4557 cunctis
1508 4500 2032 4571 magniﬁcentissimo
2066 4482 2112 4541 υ

535 4647 555 4672 ⁸
587 4637 855 4691 lndicuins
876 4651 973 4705 pro
1020 4650 1163 4688 omni
1194 4634 1417 4705 epistola
1449 4643 1503 4689 et
1532 4635 1710 4687 libello
1742 4634 2023 4704 accipitur.

458 4705 555 4760 llic
585 4717 762 4762 autem
785 4708 872 4771 qui
896 4705 1159 4773 generalis
1178 4706 1387 4769 dicitur,
1415 4707 1639 4774 epistola
1659 4715 2025 4760 estconunen-

458 4779 643 4829 «latitia
672 4779 942 4845 episcopi,
976 4785 1032 4829 ut
1068 4776 1352 4830 verisimile
1395 4776 1469 4839 Iit,
1513 4790 1615 4843 qua
1649 4776 1688 4827 is
1709 4778 1795 4842 qui
1846 4776 2024 4827 limina

455 4847 821 4913 apostolorum
872 4846 1313 4914 peregrinationis
1365 4862 1522 4899 causa
1574 4847 1723 4912 petit,
1780 4845 2027 4898 omnibus

457 4918 724 4986 episcopis
765 4932 794 4969 c
820 4921 1168 4967 nrnnendatur
1197 4925 1258 4986 et
1283 4916 1638 4984 [IrlIICIpzbllS,
1675 4930 1769 4983 per
1795 4929 2022 4979 quorum

455 4984 689 5040 (titiones
721 4988 819 5039 iter
852 4986 1085 5038 facturus
1116 4993 1214 5036 est.
1245 4984 1388 5038 BIGN.

528 5080 551 5117 ι)
589 5082 789 5146 Ilaluz.,
823 5091 1056 5149 peccator
1093 5082 1357 5149 episc0pus
1388 5081 1699 5133 villissimus.

457 5242 473 5291 ι
530 5182 547 5205 ⁴τ
590 5172 730 5227 Ideni
756 5212 768 5235 ,
801 5174 1079 5227 mercedem
1116 5171 1261 5243 [ιρις.
1306 5171 1571 5241 mercedis]
1611 5172 1829 5238 recipere
1849 5187 2022 5222 cunm-

476 5257 584 5291 iam.

476 5257 504 5294 lt
514 5259 560 5292 m
573 5280 584 5292 .

1417 329 1757 385 MAItCULFI
1799 330 2096 386 MUNACIII
2141 326 2505 383 FOIlML’L/E.
2536 360 2600 371 -—
2628 327 2751 382 LIB.
2794 328 2857 383 11.

3628 123 3850 291 ’Ἴ

3628 123 3850 291 ’Ἴ

3632 332 3727 386 Ἱῗιῦ

2091 449 2134 505 Α
2166 444 2280 496 viro
2305 442 2401 505 illi,
2425 442 2514 497 ille
2542 451 2791 509 peccator
2815 456 3103 510 perennem
3133 444 3187 499 in
3209 443 3433 500 Domino
3455 446 3621 501 mittit
3649 462 3729 501 sa-

2164 532 2344 585 lutem.
2383 530 2605 586 Uberem
2634 532 2967 587 strenuitatis
2989 539 3178 589 vestra:
3224 548 3445 603 agapem
3478 550 3606 604 erga
3633 552 3732 591 nos

2162 624 2438 691 potissimo
2484 624 2605 691 jure
2660 621 2971 690 ﬂagrantem
3009 664 3024 685 ,
3079 624 3377 680 litterarum
3433 630 3570 682 serie
3623 642 3731 680 non

2160 713 2454 766 omittimus
2480 712 2737 775 excitare,
2759 726 2885 780 quo,
2905 713 3041 767 avidi
3071 711 3342 769 facilitatis
3370 725 3555 771 vestra:
3581 731 3729 784 quae-

2157 810 2273 856 stus
2302 801 2688 870 praestolantes,
2723 802 2913 857 uberes
2940 803 2992 857 in
3038 803 3264 860 Domino
3293 820 3321 859 a
3350 808 3495 861 vobis
3524 808 3729 861 fructus

2157 907 2369 959 semper
2394 892 2864 961 suscipiamus:et
2892 893 3017 947 dum
3067 897 3312 964 praesenti
3372 897 3423 951 in
3474 899 3580 952 vita
3635 899 3727 951 tibi

2158 995 2333 1033 rerum
2364 982 2565 1034 arbiter
2596 981 2768 1035 locum
2787 982 2955 1050 dedit,
2981 998 3088 1051 quo
3134 992 3190 1038 et
3219 984 3577 1041 Ecclesiarum
3598 1028 3613 1051 ,
3675 996 3727 1039 et

2158 1071 2451 1125 amicorum
2479 1070 2618 1125 feras
2646 1070 3035 1140 suﬁragia,non
3058 1075 3236 1142 pigeat
3255 1075 3376 1129 subi
3404 1092 3435 1131 e
3464 1077 3725 1138 laborem,

2157 1161 2242 1229 qui
2270 1163 2321 1216 in
2344 1170 2615 1230 posterum
2646 1162 2904 1217 mercedis
2954 1164 3195 1219 conferat
3238 1166 3381 1220 lucra
3414 1207 3428 1231 ,
3480 1176 3532 1221 et
3586 1184 3730 1221 nunc

2157 1249 2469 1318 multiplicia
2499 1266 2566 1304 ex
2595 1265 2817 1304 numero
2844 1251 3140 1306 amicorum
3188 1252 3363 1307 ferant
3392 1252 3639 1324 suﬁ‘ragia
3673 1264 3726 1307 et

2157 1340 2296 1394 unde
2320 1340 2413 1394 tibi
2438 1348 2775 1408 prtesenttum
2806 1342 3114 1411 portitores,
3146 1342 3359 1398 sodales
3398 1345 3515 1405 mei.
3540 1345 3727 1398 famuli

2156 1430 2316 1483 vestri
2344 1431 2702 1497 suggesserim
2730 1472 2744 1495 ,
2795 1431 2883 1501 pie
2910 1431 2978 1485 ob
3007 1432 3284 1489 audientes
3311 1432 3518 1489 eﬂectui
3572 1449 3729 1487 man-

2153 1521 2359 1588 cipetis.
2393 1521 2417 1558 ά
2443 1520 2569 1574 Vale
2587 1521 2737 1589 vigor
2761 1530 2923 1590 atque
2951 1530 3161 1576 tuorum
3202 1523 3367 1579 decus
3394 1526 3725 1589 amicarum;

2154 1613 2491 1680 omnipotens
2516 1611 2769 1667 Dominus
2790 1613 3003 1681 pietatis
3025 1654 3040 1677 ,
3094 1614 3159 1667 ad
3204 1613 3563 1671 Ecclesiarum
3598 1632 3726 1685 pro-

2154 1702 2349 1756 fectum
2382 1717 2478 1771 per
2502 1705 2667 1757 multa
2686 1705 2858 1772 spatia
2889 1712 3186 1773 temporum
3212 1743 3228 1770 ,
3281 1720 3376 1761 vos
3401 1720 3725 1761 conservare

2081 1780 2121 1836 Β
2152 1803 2205 1847 et
2225 1790 2493 1849 custOdire
2516 1794 2783 1865 dignetur.

2745 1942 2971 1998 CAPUT
3012 1943 3119 2000 LII.

2151 2108 2174 2134 υ
2208 2098 2438 2163 Qualiter
2457 2116 2517 2152 er
2532 2100 2853 2154 ordinatione
2876 2101 3029 2172 regis,
3064 2119 3157 2172 pro
3184 2104 3451 2158 nativitate
3475 2107 3572 2172 ﬁlii
3598 2106 3685 2161 sui
3708 2148 3725 2171 ,

2218 2170 2517 2223 domesticus
2556 2172 2619 2224 tle
2656 2172 2779 2224 villa
2813 2187 2949 2224 reas
3003 2188 3092 2224 per
3134 2189 3281 2224 suam
3326 2177 3595 2224 epistolam
3647 2193 3724 2224 τι.

2218 2177 2517 2223 domesticus
2556 2177 2619 2224 de
2656 2177 2779 2224 villa
2813 2187 2949 2241 regs
3001 2188 3092 2241 per
3134 2189 3281 2227 suam
3326 2177 3595 2243 epistolam
3647 2193 3724 2229 re-

2218 2236 2363 2297 laxat
2386 2241 2650 2310 ingenuos.
2680 2280 2687 2281 κ

2222 2372 2334 2441 Ego
2362 2372 2413 2426 in
2439 2371 2528 2426 Dei
2561 2372 2776 2427 nomine
2799 2372 2888 2427 ille
2917 2372 3265 2442 domesticus,
3296 2390 3358 2431 ac
3379 2376 3422 2430 si
3463 2364 3719 2447 indignus

2147 2464 2511 2534 gloriosissimi
2541 2464 2740 2518 domini
2785 2465 2926 2520 illius
2963 2466 3107 2533 regis
3152 2482 3317 2535 super
3345 2468 3498 2523 villas
3551 2470 3722 2539 ipsius

2148 2556 2261 2609 illas
2293 2555 2366 2609 illi
2387 2569 2451 2609 ex
2481 2554 2676 2609 familia
2706 2552 2972 2609 dominica
2994 2555 3060 2623 de
3080 2556 3204 2611 villa
3241 2557 3350 2611 illa.
3402 2558 3535 2612 Dum
3559 2573 3723 2628 gene-

2147 2648 2331 2700 raliter
2351 2648 2413 2699 a-J
2439 2660 2624 2701 omnes
2640 2646 2967 2701 domesticos
2997 2647 3135 2714 regis
3155 2647 3417 2702 ordinatio
3441 2651 3726 2719 processit.

2149 2752 2246 2805 pro
2277 2735 2557 2789 nativitate
2581 2734 2885 2789 domuicelli
2934 2735 3100 2789 nostri
3149 2736 3289 2790 illius
3313 2778 3327 2800 ,
3362 2746 3418 2790 ut
3447 2754 3475 2790 a
3504 2740 3727 2793 domino

2151 2826 2341 2879 melius
2362 2834 2725 2879 conservetur.
2779 2823 2846 2879 de
2893 2839 3213 2892 unaquaque
3245 2825 3364 2879 villa
3392 2826 3559 2880 ﬁscali
3611 2838 3722 2883 tres

2150 2918 2391 2971 homines
2417 2933 2482 2971 ex
2512 2914 2886 2977 servientibus.
2913 2932 2979 2969 ex
3004 2926 3227 2984 utroque
3254 2932 3405 2980 sexu,
3436 2933 3464 2969 a
3499 2920 3723 2975 servitio

2150 3007 2491 3071 laxarentur,
2530 3016 2584 3061 et
2624 3022 2723 3061 nos
2755 3007 2827 3060 ita
2870 3006 3169 3060 faciendum
3194 3008 3262 3061 ub
3290 3008 3394 3063 huc
3422 3009 3724 3065 ordinatio.

2153 3114 2273 3153 nem
2320 3098 2624 3167 recipimus.
2669 3098 2955 3167 Propterea
3012 3107 3061 3151 te
3090 3113 3187 3167 per
3232 3100 3369 3154 hanc
3414 3101 3723 3169 epistolam,

2155 3192 2292 3246 sicut
2334 3190 2461 3244 mibi
2485 3190 2689 3259 jussum
2741 3197 2856 3255 est,
2897 3190 2963 3243 ab
3005 3192 3149 3245 omni
3195 3192 3405 3246 vinculo
3450 3194 3732 3247 servitutis

2154 3283 2394 3346 absolvo,
2429 3284 2500 3335 ita
2531 3292 2589 3335 ut
2618 3281 2869 3350 deinceps
2899 3291 3148 3349 tanquam
3184 3284 3228 3337 si
3258 3285 3326 3341 ab
3363 3284 3610 3352 ingenuis
3636 3300 3727 3354 pa-

2152 3374 2391 3427 rentibus
2421 3372 2612 3427 fuisses
2642 3384 2953 3442 procreatus
2991 3374 3151 3427 vitam
3193 3375 3356 3429 ducas
3386 3376 3682 3442 ingenuam
3712 3393 3724 3430 :

2150 3472 2205 3518 et
2230 3465 2282 3517 in
2311 3464 2458 3517 nullo
2484 3463 2721 3528 servitio,
2745 3478 2844 3517 nec
2870 3478 2900 3517 a
2923 3464 3095 3529 nobis,
3131 3480 3229 3518 nec
3261 3480 3290 3518 a
3318 3467 3723 3521 successoribus

2147 3554 2453 3610 domesticis
2478 3596 2494 3621 ,
2538 3569 2635 3610 nec
2665 3569 2694 3607 a
2724 3568 3047 3623 quocunque
3076 3555 3141 3609 de
3171 3563 3322 3624 parte
3351 3554 3459 3610 ﬁsci
3506 3556 3723 3625 penitus

2148 3645 2199 3699 in
2230 3646 2445 3699 servitio
2478 3645 2722 3700 inclinari
2752 3660 2857 3698 non
2902 3644 3109 3713 possis;
3165 3646 3260 3700 sed
3308 3660 3405 3715 per
3442 3646 3585 3700 hanc
3615 3646 3721 3715 epi-

2143 3736 2333 3792 stolam
2362 3737 2724 3804 ingenuitatis,
2744 3736 2883 3790 sicut
2905 3735 3056 3789 nobis
3077 3734 3281 3803 jussum
3312 3746 3393 3792 est
3420 3733 3556 3802 ﬁeri,
3585 3736 3722 3791 bene

2142 3836 2195 3883 et
2222 3827 2423 3894 integre
2465 3827 2722 3893 ingenuus
2750 3825 2958 3881 cunctis
2999 3825 3188 3879 diebus
3215 3828 3337 3881 vitae
3365 3835 3468 3880 tua!
3514 3828 3720 3881 debeas

2142 3929 2473 3985 permanere.
2506 3912 2563 3967 Si
2592 3916 2712 3981 quis
2740 3929 2868 3969 vero
2900 3923 2952 3969 te
2976 3915 3043 3968 de
3068 3922 3211 3969 statu
3237 3915 3589 3985 ingenuitatis
3616 3923 3720 3969 tua:

2140 4005 2426 4073 ini-pulsare
2477 4002 2728 4066 voluerit,
2783 4002 2975 4057 inferat
3029 4003 3122 4058 tibi
3172 4018 3291 4059 cum
3334 4015 3565 4070 cogente
3592 4006 3720 4059 ﬁsco

2140 4098 2255 4151 auri
2289 4097 2476 4150 libram
2509 4112 2545 4159 ι,
2578 4103 2634 4149 et
2672 4096 2814 4165 quod
2845 4096 3040 4167 repetit
3081 4095 3354 4151 vindicare
3383 4110 3486 4150 non
3519 4095 3719 4164 valeat,

2137 4189 2231 4245 sed
2258 4186 2491 4257 praesens
2521 4188 2747 4257 epistola
2780 4187 2930 4243 ﬁrma
2960 4196 3272 4258 permaneat
3298 4206 3314 4255 ;
3371 4188 3721 4257 stipulatione

2134 4280 2377 4334 subnixa.
2408 4264 2599 4332 Actum
2629 4278 2720 4343 ibi,
2751 4276 2849 4332 sub
2875 4277 3096 4343 dieillo,
3124 4290 3268 4331 anno
3309 4276 3419 4341 illo,
3452 4288 3581 4345 rege
3603 4275 3716 4342 illo,

2132 4371 2493 4442 suprascripto
2515 4370 2606 4425 illo
2626 4371 2825 4425 domno
2846 4376 3027 4423 nostro
3058 4381 3203 4436 rege.
3536 4380 3544 4389 °

2214 4640 2243 4680 d
2272 4635 2448 4689 Baluz.
2506 4632 2631 4687 Vale
2669 4634 2747 4686 vir
2788 4633 3041 4704 vigoris...
3096 4630 3458 4701 omnipotentis
3498 4629 3711 4686 Domini

2169 4708 2313 4759 ictas.

2133 4724 2541 4844 mcgas‘uperiore
2564 4773 2700 4829 libro
2724 4772 2946 4844 formula
2972 4781 3055 4827 est
3082 4769 3314 4844 mandati
3344 4769 3476 4844 regii
3507 4770 3582 4822 ad
3612 4769 3708 4825 do-

2131 4840 2377 4900 mesticos
2428 4853 2481 4897 et
2525 4846 2748 4898 comites
2794 4842 2943 4908 dati,
2989 4857 3097 4910 quo
3141 4842 3290 4907 jubet
3355 4840 3608 4910 princeps
3656 4851 3713 4895 ut

2132 4924 2351 4983 propter
2401 4913 2490 4967 ﬁlii
2522 4915 2853 4967 nativitatem
2909 4908 3309 4983 inunaquaque
3363 4908 3705 4983 ﬁscaligvilla

2131 4979 2396 5038 ires’servi
2442 4987 2899 5037 manumittantur.
2952 4980 3065 5037 Hoc
3111 4979 3291 5035 autem
3322 4979 3499 5047 capite
3532 4980 3705 5034 forma

2173 5060 2463 5122 ropontlur,
2494 5068 2595 5121 qua
2620 5053 2946 5106 domesticus
2966 5090 2979 5113 ,
3006 5059 3063 5104 ut
3093 5053 3240 5122 regio
3268 5050 3521 5122 mandato
3543 5050 3704 5103 satis-

2156 5118 2309 5187 aciat,
2360 5118 2541 5177 servos
2574 5122 2778 5175 ﬁscales
2807 5118 3319 5175 manumittitfllinc
3374 5118 3592 5185 planum
3623 5128 3704 5173 est

2135 5193 2450 5247 domesticos
2478 5193 2615 5245 villis
2645 5193 2910 5247 Iiscalibus
2938 5200 2991 5243 et
3021 5192 3194 5245 fundis
3236 5188 3518 5244 dominicis
3564 5204 3701 5259 pr.»-

2137 5262 2312 5324 fuisse,
2338 5274 2389 5316 et
2418 5278 2605 5315 omnes
2640 5265 2838 5320 reditus
2869 5276 3103 5319 curasse.
3136 5260 3283 5313 Βιωι.
