  <div class='ocr_page' id='page_1' title='image "/cluster/home/n/w/nwhite01/storage/ocr_20150623/87-88/uva.x000827073/386.png"; bbox 0 0 3886 6226; ppageno 0'>
   <div class='ocr_carea' id='block_1_1' title="bbox 174 453 2804 517">
    <p class='ocr_par' dir='ltr' id='par_1_1' title="bbox 174 453 2804 517">
     <span class='ocr_line' id='line_1_1' title="bbox 174 453 2804 517; baseline 0.003 -12"><span class='ocrx_word' id='word_1_1' title='bbox 174 457 260 506; x_wconf 72' lang='grc' dir='ltr'><strong>75ἷ</strong></span> <span class='ocrx_word' id='word_1_2' title='bbox 679 453 770 506; x_wconf 75' lang='grc' dir='ltr'><strong>ΑΙ)</strong></span> <span class='ocrx_word' id='word_1_3' title='bbox 809 453 1147 509; x_wconf 76' lang='lat' dir='ltr'><strong>MARCULFI</strong></span> <span class='ocrx_word' id='word_1_4' title='bbox 1189 453 1547 511; x_wconf 79' lang='lat' dir='ltr'><strong>FORMULAS</strong></span> <span class='ocrx_word' id='word_1_5' title='bbox 1586 455 1952 511; x_wconf 71' lang='lat' dir='ltr'><strong>Al’PENDlX.</strong></span> <span class='ocrx_word' id='word_1_6' title='bbox 1987 488 2050 498; x_wconf 93' lang='lat'><strong>——</strong></span> <span class='ocrx_word' id='word_1_7' title='bbox 2085 459 2428 516; x_wconf 65' lang='lat' dir='ltr'><strong>FORMULA‘J</strong></span> <span class='ocrx_word' id='word_1_8' title='bbox 2472 462 2804 517; x_wconf 70' lang='lat' dir='ltr'><strong>VETERES.</strong></span> 
     </span>
    </p>
   </div>
   <div class='ocr_carea' id='block_1_2' title="bbox 3262 464 3364 517">
    <p class='ocr_par' dir='ltr' id='par_1_2' title="bbox 3262 464 3364 517">
     <span class='ocr_line' id='line_1_2' title="bbox 3262 464 3364 517; baseline 0.029 -3"><span class='ocrx_word' id='word_1_9' title='bbox 3262 464 3364 517; x_wconf 69' lang='lat'><strong>758</strong></span> 
     </span>
    </p>
   </div>
   <div class='ocr_carea' id='block_1_3' title="bbox 1456 716 2051 844">
    <p class='ocr_par' dir='ltr' id='par_1_3' title="bbox 1456 716 2051 844">
     <span class='ocr_line' id='line_1_3' title="bbox 1456 716 2051 844; baseline 0.002 -3"><span class='ocrx_word' id='word_1_10' title='bbox 1456 716 2051 844; x_wconf 74' lang='lat' dir='ltr'><strong>APPENDIX</strong></span> 
     </span>
    </p>
   </div>
   <div class='ocr_carea' id='block_1_4' title="bbox 829 961 2550 1126">
    <p class='ocr_par' dir='ltr' id='par_1_4' title="bbox 829 961 2550 1126">
     <span class='ocr_line' id='line_1_4' title="bbox 829 961 2550 1126; baseline -0.001 -1"><span class='ocrx_word' id='word_1_11' title='bbox 829 1116 840 1125; x_wconf 89' lang='lat'><strong>.</strong></span> <span class='ocrx_word' id='word_1_12' title='bbox 971 971 1126 1120; x_wconf 82' lang='grc' dir='ltr'><strong>ΑΙ)</strong></span> <span class='ocrx_word' id='word_1_13' title='bbox 1229 966 1825 1122; x_wconf 75' lang='lat' dir='ltr'><strong>FORMULAS</strong></span> <span class='ocrx_word' id='word_1_14' title='bbox 1931 961 2550 1126; x_wconf 72' lang='lat' dir='ltr'><strong>MARGULl-‘l.</strong></span> 
     </span>
    </p>
   </div>
   <div class='ocr_carea' id='block_1_5' title="bbox 1402 1225 1838 1236">
    <p class='ocr_par' dir='ltr' id='par_1_5' title="bbox 1402 1225 1838 1236">
     <span class='ocr_line' id='line_1_5' title="bbox 1402 1225 1838 1236; baseline 0.002 -2"><span class='ocrx_word' id='word_1_15' title='bbox 1402 1225 1838 1236; x_wconf 74' lang='lat'><strong>—-————_—</strong></span> 
     </span>
    </p>
   </div>
   <div class='ocr_carea' id='block_1_6' title="bbox 487 1345 1470 1507">
    <p class='ocr_par' dir='ltr' id='par_1_6' title="bbox 487 1345 1470 1507">
     <span class='ocr_line' id='line_1_6' title="bbox 487 1345 1470 1507; baseline -0.002 -5"><span class='ocrx_word' id='word_1_16' title='bbox 487 1345 1470 1507; x_wconf 77' lang='lat' dir='ltr'><strong>FORMUL</strong></span> 
     </span>
    </p>
   </div>
   <div class='ocr_carea' id='block_1_7' title="bbox 1793 1348 3008 1510">
    <p class='ocr_par' dir='ltr' id='par_1_7' title="bbox 1793 1348 3008 1510">
     <span class='ocr_line' id='line_1_7' title="bbox 1793 1348 3008 1510; baseline 0.003 -4"><span class='ocrx_word' id='word_1_17' title='bbox 1793 1357 1819 1396; x_wconf 79' lang='grc'><strong>³</strong></span> <span class='ocrx_word' id='word_1_18' title='bbox 1893 1348 3008 1510; x_wconf 79' lang='lat' dir='ltr'><strong>VETERES</strong></span> 
     </span>
    </p>
   </div>
   <div class='ocr_carea' id='block_1_8' title="bbox 1247 1595 2252 1684">
    <p class='ocr_par' dir='ltr' id='par_1_8' title="bbox 1247 1595 2252 1684">
     <span class='ocr_line' id='line_1_8' title="bbox 1247 1595 2252 1684; baseline 0.004 -8"><span class='ocrx_word' id='word_1_19' title='bbox 1247 1600 1666 1681; x_wconf 78' lang='lat' dir='ltr'><strong>INCERTI</strong></span> <span class='ocrx_word' id='word_1_20' title='bbox 1725 1595 2252 1684; x_wconf 80' lang='lat' dir='ltr'><strong>AUCTORIS.</strong></span> 
     </span>
    </p>
   </div>
   <div class='ocr_carea' id='block_1_9' title="bbox 1551 1766 1914 1780">
    <p class='ocr_par' dir='ltr' id='par_1_9' title="bbox 1551 1766 1914 1780">
     <span class='ocr_line' id='line_1_9' title="bbox 1551 1766 1914 1780; baseline 0.008 -3"><span class='ocrx_word' id='word_1_21' title='bbox 1551 1766 1914 1780; x_wconf 52' lang='lat'><strong>~—</strong></span> 
     </span>
    </p>
   </div>
   <div class='ocr_carea' id='block_1_10' title="bbox 441 1842 1372 1898">
    <p class='ocr_par' dir='ltr' id='par_1_10' title="bbox 441 1842 1372 1898">
     <span class='ocr_line' id='line_1_10' title="bbox 441 1842 1372 1898; baseline -0.002 0"><span class='ocrx_word' id='word_1_22' title='bbox 441 1845 481 1898; x_wconf 88' lang='lat' dir='ltr'><strong>l.</strong></span> <span class='ocrx_word' id='word_1_23' title='bbox 520 1845 544 1882; x_wconf 69' lang='grc' dir='ltr'>δ</span> <span class='ocrx_word' id='word_1_24' title='bbox 569 1842 770 1898; x_wconf 79' lang='grc' dir='ltr'><strong>Νοιὶιὶα</strong></span> <span class='ocrx_word' id='word_1_25' title='bbox 793 1845 854 1897; x_wconf 78' lang='lat' dir='ltr'><strong>de</strong></span> <span class='ocrx_word' id='word_1_26' title='bbox 875 1843 1053 1897; x_wconf 78' lang='lat' dir='ltr'><strong>colono</strong></span> <span class='ocrx_word' id='word_1_27' title='bbox 1074 1843 1372 1898; x_wconf 81' lang='lat' dir='ltr'><strong>evindicato.</strong></span> 
     </span>
    </p>
   </div>
   <div class='ocr_carea' id='block_1_11' title="bbox 221 1936 1691 2006">
    <p class='ocr_par' dir='ltr' id='par_1_11' title="bbox 221 1936 1691 2006">
     <span class='ocr_line' id='line_1_11' title="bbox 221 1936 1691 2006; baseline -0.001 -13"><span class='ocrx_word' id='word_1_28' title='bbox 221 1939 395 1993; x_wconf 74' lang='lat' dir='ltr'><strong>Notitia</strong></span> <span class='ocrx_word' id='word_1_29' title='bbox 430 1938 652 2006; x_wconf 74' lang='lat' dir='ltr'><strong>qualiter</strong></span> <span class='ocrx_word' id='word_1_30' title='bbox 706 1936 789 2006; x_wconf 82' lang='lat' dir='ltr'><strong>vel</strong></span> <span class='ocrx_word' id='word_1_31' title='bbox 833 1936 1027 2006; x_wconf 83' lang='lat' dir='ltr'><strong>quibus</strong></span> <span class='ocrx_word' id='word_1_32' title='bbox 1058 1936 1426 2006; x_wconf 76' lang='lat' dir='ltr'><strong>_pr:esentibus</strong></span> <span class='ocrx_word' id='word_1_33' title='bbox 1472 1937 1691 2006; x_wconf 87' lang='lat' dir='ltr'><strong>veniens</strong></span> 
     </span>
    </p>
   </div>
   <div class='ocr_carea' id='block_1_12' title="bbox 166 2004 1689 2079">
    <p class='ocr_par' dir='ltr' id='par_1_12' title="bbox 166 2004 1689 2079">
     <span class='ocr_line' id='line_1_12' title="bbox 166 2004 1689 2079; baseline 0.001 -21"><span class='ocrx_word' id='word_1_34' title='bbox 166 2010 306 2061; x_wconf 89' lang='lat' dir='ltr'><strong>homo</strong></span> <span class='ocrx_word' id='word_1_35' title='bbox 328 2004 541 2079; x_wconf 80' lang='lat' dir='ltr'><strong>aliquis,</strong></span> <span class='ocrx_word' id='word_1_36' title='bbox 587 2005 972 2079; x_wconf 73' lang='lat' dir='ltr'><strong>nomitte__i_lle,_</strong></span> <span class='ocrx_word' id='word_1_37' title='bbox 997 2004 1491 2079; x_wconf 81' lang='lat' dir='ltr'><strong>_advoc_atus_s_ancti</strong></span> <span class='ocrx_word' id='word_1_38' title='bbox 1520 2005 1689 2079; x_wconf 31' lang='lat' dir='ltr'><strong>“illius</strong></span> 
     </span>
    </p>
   </div>
   <div class='ocr_carea' id='block_1_13' title="bbox 163 2073 1687 2137">
    <p class='ocr_par' dir='ltr' id='par_1_13' title="bbox 163 2073 1687 2137">
     <span class='ocr_line' id='line_1_13' title="bbox 163 2073 1687 2137; baseline 0 -9"><span class='ocrx_word' id='word_1_39' title='bbox 163 2082 216 2129; x_wconf 72' lang='lat' dir='ltr'><strong>tle</strong></span> <span class='ocrx_word' id='word_1_40' title='bbox 243 2073 534 2130; x_wconf 83' lang='lat' dir='ltr'><strong>mnnasierio</strong></span> <span class='ocrx_word' id='word_1_41' title='bbox 587 2075 680 2126; x_wconf 82' lang='lat' dir='ltr'><strong>illo</strong></span> <span class='ocrx_word' id='word_1_42' title='bbox 709 2083 762 2127; x_wconf 84' lang='lat' dir='ltr'><strong>et</strong></span> <span class='ocrx_word' id='word_1_43' title='bbox 809 2073 898 2126; x_wconf 92' lang='lat' dir='ltr'><strong>illo</strong></span> <span class='ocrx_word' id='word_1_44' title='bbox 925 2074 1137 2137; x_wconf 90' lang='lat' dir='ltr'><strong>abbate,</strong></span> <span class='ocrx_word' id='word_1_45' title='bbox 1167 2074 1218 2127; x_wconf 92' lang='lat' dir='ltr'><strong>in</strong></span> <span class='ocrx_word' id='word_1_46' title='bbox 1262 2074 1477 2128; x_wconf 83' lang='lat' dir='ltr'><strong>civitate</strong></span> <span class='ocrx_word' id='word_1_47' title='bbox 1519 2074 1602 2128; x_wconf 86' lang='lat' dir='ltr'><strong>illa</strong></span> <span class='ocrx_word' id='word_1_48' title='bbox 1636 2077 1687 2128; x_wconf 86' lang='lat' dir='ltr'><strong>in</strong></span> 
     </span>
    </p>
   </div>
   <div class='ocr_carea' id='block_1_14' title="bbox 167 2143 1688 2212">
    <p class='ocr_par' dir='ltr' id='par_1_14' title="bbox 167 2143 1688 2212">
     <span class='ocr_line' id='line_1_14' title="bbox 167 2143 1688 2212; baseline -0.001 -14"><span class='ocrx_word' id='word_1_49' title='bbox 167 2149 303 2199; x_wconf 82' lang='lat' dir='ltr'><strong>mallo</strong></span> <span class='ocrx_word' id='word_1_50' title='bbox 329 2146 524 2212; x_wconf 79' lang='lat' dir='ltr'><strong>publico</strong></span> <span class='ocrx_word' id='word_1_51' title='bbox 566 2154 692 2196; x_wconf 87' lang='lat' dir='ltr'><strong>ante</strong></span> <span class='ocrx_word' id='word_1_52' title='bbox 729 2144 921 2196; x_wconf 90' lang='lat' dir='ltr'><strong>illustri</strong></span> <span class='ocrx_word' id='word_1_53' title='bbox 938 2144 1065 2196; x_wconf 84' lang='lat' dir='ltr'><strong>‘viro</strong></span> <span class='ocrx_word' id='word_1_54' title='bbox 1095 2143 1185 2196; x_wconf 78' lang='lat' dir='ltr'><strong>illo</strong></span> <span class='ocrx_word' id='word_1_55' title='bbox 1215 2145 1411 2197; x_wconf 87' lang='lat' dir='ltr'><strong>comite</strong></span> <span class='ocrx_word' id='word_1_56' title='bbox 1457 2143 1541 2197; x_wconf 88' lang='lat' dir='ltr'><strong>vel</strong></span> <span class='ocrx_word' id='word_1_57' title='bbox 1572 2144 1688 2197; x_wconf 84' lang='lat' dir='ltr'><strong>aliis</strong></span> 
     </span>
    </p>
   </div>
   <div class='ocr_carea' id='block_1_15' title="bbox 164 2213 1684 2283">
    <p class='ocr_par' dir='ltr' id='par_1_15' title="bbox 164 2213 1684 2283">
     <span class='ocr_line' id='line_1_15' title="bbox 164 2213 1684 2283; baseline -0.003 -14"><span class='ocrx_word' id='word_1_58' title='bbox 164 2217 516 2283; x_wconf 80' lang='lat' dir='ltr'><strong>quampluribus</strong></span> <span class='ocrx_word' id='word_1_59' title='bbox 564 2214 808 2281; x_wconf 80' lang='lat' dir='ltr'><strong>personis</strong></span> <span class='ocrx_word' id='word_1_60' title='bbox 839 2214 1033 2266; x_wconf 86' lang='lat' dir='ltr'><strong>ibidem</strong></span> <span class='ocrx_word' id='word_1_61' title='bbox 1081 2213 1470 2276; x_wconf 77' lang='lat' dir='ltr'><strong>residentibus,</strong></span> <span class='ocrx_word' id='word_1_62' title='bbox 1519 2215 1684 2267; x_wconf 84' lang='lat' dir='ltr'><strong>inter-</strong></span> 
     </span>
    </p>
   </div>
   <div class='ocr_carea' id='block_1_16' title="bbox 167 2283 1685 2352">
    <p class='ocr_par' dir='ltr' id='par_1_16' title="bbox 167 2283 1685 2352">
     <span class='ocr_line' id='line_1_16' title="bbox 167 2283 1685 2352; baseline -0.003 -13"><span class='ocrx_word' id='word_1_63' title='bbox 167 2290 362 2352; x_wconf 79' lang='lat' dir='ltr'><strong>pel&#39;abat</strong></span> <span class='ocrx_word' id='word_1_64' title='bbox 403 2283 610 2337; x_wconf 81' lang='lat' dir='ltr'><strong>homine</strong></span> <span class='ocrx_word' id='word_1_65' title='bbox 638 2283 814 2352; x_wconf 82' lang='lat' dir='ltr'><strong>aliquo</strong></span> <span class='ocrx_word' id='word_1_66' title='bbox 844 2283 1058 2352; x_wconf 82' lang='lat' dir='ltr'><strong>nomine</strong></span> <span class='ocrx_word' id='word_1_67' title='bbox 1116 2283 1254 2346; x_wconf 77' lang='lat' dir='ltr'><strong>illo,</strong></span> <span class='ocrx_word' id='word_1_68' title='bbox 1288 2285 1558 2350; x_wconf 84' lang='lat' dir='ltr'><strong>repetebat</strong></span> <span class='ocrx_word' id='word_1_69' title='bbox 1613 2284 1685 2348; x_wconf 86' lang='lat' dir='ltr'><strong>ei,</strong></span> 
     </span>
    </p>
   </div>
   <div class='ocr_carea' id='block_1_17' title="bbox 163 2351 1681 2420">
    <p class='ocr_par' dir='ltr' id='par_1_17' title="bbox 163 2351 1681 2420">
     <span class='ocr_line' id='line_1_17' title="bbox 163 2351 1681 2420; baseline -0.002 -13"><span class='ocrx_word' id='word_1_70' title='bbox 163 2351 268 2410; x_wconf 87' lang='lat' dir='ltr'><strong>dum</strong></span> <span class='ocrx_word' id='word_1_71' title='bbox 289 2357 469 2410; x_wconf 88' lang='lat' dir='ltr'><strong>diceret</strong></span> <span class='ocrx_word' id='word_1_72' title='bbox 488 2368 552 2406; x_wconf 87' lang='lat' dir='ltr'><strong>eo</strong></span> <span class='ocrx_word' id='word_1_73' title='bbox 575 2351 718 2418; x_wconf 79' lang='lat' dir='ltr'><strong>quod</strong></span> <span class='ocrx_word' id='word_1_74' title='bbox 755 2361 880 2404; x_wconf 91' lang='lat' dir='ltr'><strong>ante</strong></span> <span class='ocrx_word' id='word_1_75' title='bbox 911 2351 1007 2405; x_wconf 88' lang='lat' dir='ltr'><strong>hos</strong></span> <span class='ocrx_word' id='word_1_76' title='bbox 1036 2352 1149 2405; x_wconf 88' lang='lat' dir='ltr'><strong>dies</strong></span> <span class='ocrx_word' id='word_1_77' title='bbox 1176 2353 1287 2420; x_wconf 90' lang='lat' dir='ltr'><strong>ipse</strong></span> <span class='ocrx_word' id='word_1_78' title='bbox 1317 2353 1477 2406; x_wconf 87' lang='lat' dir='ltr'><strong>homo</strong></span> <span class='ocrx_word' id='word_1_79' title='bbox 1500 2367 1681 2406; x_wconf 89' lang='lat' dir='ltr'><strong>sacra-</strong></span> 
     </span>
    </p>
   </div>
   <div class='ocr_carea' id='block_1_18' title="bbox 165 2421 1682 2489">
    <p class='ocr_par' dir='ltr' id='par_1_18' title="bbox 165 2421 1682 2489">
     <span class='ocr_line' id='line_1_18' title="bbox 165 2421 1682 2489; baseline -0.001 -13"><span class='ocrx_word' id='word_1_80' title='bbox 165 2438 359 2478; x_wconf 76' lang='lat' dir='ltr'><strong>mentum</strong></span> <span class='ocrx_word' id='word_1_81' title='bbox 387 2432 563 2477; x_wconf 88' lang='lat' dir='ltr'><strong>contra</strong></span> <span class='ocrx_word' id='word_1_82' title='bbox 613 2422 783 2488; x_wconf 90' lang='lat' dir='ltr'><strong>ipsam</strong></span> <span class='ocrx_word' id='word_1_83' title='bbox 813 2436 992 2476; x_wconf 82' lang='lat' dir='ltr'><strong>casam</strong></span> <span class='ocrx_word' id='word_1_84' title='bbox 1025 2421 1116 2474; x_wconf 87' lang='lat' dir='ltr'><strong>Dei</strong></span> <span class='ocrx_word' id='word_1_85' title='bbox 1161 2422 1242 2475; x_wconf 87' lang='lat' dir='ltr'><strong>vel</strong></span> <span class='ocrx_word' id='word_1_86' title='bbox 1285 2423 1447 2489; x_wconf 85' lang='lat' dir='ltr'><strong>ipsius</strong></span> <span class='ocrx_word' id='word_1_87' title='bbox 1476 2422 1682 2475; x_wconf 83' lang='lat' dir='ltr'><strong>abbatis</strong></span> 
     </span>
    </p>
   </div>
   <div class='ocr_carea' id='block_1_19' title="bbox 164 2491 1686 2561">
    <p class='ocr_par' dir='ltr' id='par_1_19' title="bbox 164 2491 1686 2561">
     <span class='ocr_line' id='line_1_19' title="bbox 164 2491 1686 2561; baseline -0.001 -15"><span class='ocrx_word' id='word_1_88' title='bbox 164 2495 395 2548; x_wconf 76' lang='lat' dir='ltr'><strong>habuisset</strong></span> <span class='ocrx_word' id='word_1_89' title='bbox 433 2493 787 2561; x_wconf 84' lang='lat' dir='ltr'><strong>adhramitum</strong></span> <span class='ocrx_word' id='word_1_90' title='bbox 818 2491 881 2561; x_wconf 85' lang='lat' dir='ltr'><strong>ad</strong></span> <span class='ocrx_word' id='word_1_91' title='bbox 903 2507 1054 2546; x_wconf 87' lang='lat' dir='ltr'><strong>suam</strong></span> <span class='ocrx_word' id='word_1_92' title='bbox 1099 2492 1477 2561; x_wconf 76' lang='lat' dir='ltr'><strong>ingenuitatem</strong></span> <span class='ocrx_word' id='word_1_93' title='bbox 1504 2491 1686 2546; x_wconf 86' lang='lat' dir='ltr'><strong>defen-</strong></span> 
     </span>
    </p>
   </div>
   <div class='ocr_carea' id='block_1_20' title="bbox 163 2560 1682 2684">
    <p class='ocr_par' dir='ltr' id='par_1_20' title="bbox 163 2560 1682 2684">
     <span class='ocr_line' id='line_1_20' title="bbox 163 2560 1682 2684; baseline -0.001 -66"><span class='ocrx_word' id='word_1_94' title='bbox 163 2567 344 2618; x_wconf 82' lang='lat' dir='ltr'><strong>sande</strong></span> <span class='ocrx_word' id='word_1_95' title='bbox 367 2563 486 2684; x_wconf 62' lang='grc' dir='ltr'><strong>[ΙΑι.,</strong></span> <span class='ocrx_word' id='word_1_96' title='bbox 539 2560 879 2632; x_wconf 87' lang='lat' dir='ltr'><strong>tensendum]</strong></span> <span class='ocrx_word' id='word_1_97' title='bbox 925 2563 975 2614; x_wconf 85' lang='lat' dir='ltr'><strong>in</strong></span> <span class='ocrx_word' id='word_1_98' title='bbox 1009 2562 1124 2629; x_wconf 88' lang='lat' dir='ltr'><strong>ipso</strong></span> <span class='ocrx_word' id='word_1_99' title='bbox 1167 2560 1330 2616; x_wconf 89' lang='lat' dir='ltr'><strong>mallo</strong></span> <span class='ocrx_word' id='word_1_100' title='bbox 1382 2562 1433 2615; x_wconf 93' lang='lat' dir='ltr'><strong>in</strong></span> <span class='ocrx_word' id='word_1_101' title='bbox 1467 2561 1682 2617; x_wconf 90' lang='lat' dir='ltr'><strong>basilica</strong></span> 
     </span>
     <span class='ocr_line' id='line_1_21' title="bbox 163 2631 1682 2684; baseline 0.001 -2"><span class='ocrx_word' id='word_1_102' title='bbox 163 2636 298 2684; x_wconf 65' lang='lat' dir='ltr'><strong>sancti</strong></span> <span class='ocrx_word' id='word_1_103' title='bbox 337 2634 368 2684; x_wconf 90' lang='lat' dir='ltr'><strong>il</strong></span> <span class='ocrx_word' id='word_1_104' title='bbox 393 2636 469 2684; x_wconf 87' lang='lat' dir='ltr'><strong>ius</strong></span> <span class='ocrx_word' id='word_1_105' title='bbox 495 2632 564 2684; x_wconf 87' lang='lat' dir='ltr'><strong>ob</strong></span> <span class='ocrx_word' id='word_1_106' title='bbox 595 2632 698 2684; x_wconf 90' lang='lat' dir='ltr'><strong>hoc</strong></span> <span class='ocrx_word' id='word_1_107' title='bbox 725 2631 900 2684; x_wconf 82' lang='lat' dir='ltr'><strong>iurare</strong></span> <span class='ocrx_word' id='word_1_108' title='bbox 929 2631 1234 2684; x_wconf 89' lang='lat' dir='ltr'><strong>debuisset.</strong></span> <span class='ocrx_word' id='word_1_109' title='bbox 1283 2639 1336 2684; x_wconf 90' lang='lat' dir='ltr'><strong>et</strong></span> <span class='ocrx_word' id='word_1_110' title='bbox 1381 2631 1493 2684; x_wconf 88' lang='lat' dir='ltr'><strong>inse</strong></span> <span class='ocrx_word' id='word_1_111' title='bbox 1523 2631 1682 2684; x_wconf 91' lang='lat' dir='ltr'><strong>homo</strong></span> 
     </span>
    </p>
   </div>
   <div class='ocr_carea' id='block_1_21' title="bbox 161 2631 1764 2708">
    <p class='ocr_par' dir='ltr' id='par_1_21' title="bbox 161 2631 1764 2708">
     <span class='ocr_line' id='line_1_22' title="bbox 161 2631 1764 2708; baseline 0.001 -24"><span class='ocrx_word' id='word_1_112' title='bbox 161 2636 298 2708; x_wconf 57' lang='lat' dir='ltr'><strong>sancti</strong></span> <span class='ocrx_word' id='word_1_113' title='bbox 337 2631 469 2688; x_wconf 88' lang='lat' dir='ltr'><strong>illius</strong></span> <span class='ocrx_word' id='word_1_114' title='bbox 495 2632 564 2684; x_wconf 86' lang='lat' dir='ltr'><strong>ob</strong></span> <span class='ocrx_word' id='word_1_115' title='bbox 595 2632 698 2684; x_wconf 90' lang='lat' dir='ltr'><strong>hoc</strong></span> <span class='ocrx_word' id='word_1_116' title='bbox 719 2631 900 2708; x_wconf 79' lang='lat' dir='ltr'><strong>jurare</strong></span> <span class='ocrx_word' id='word_1_117' title='bbox 923 2631 1198 2708; x_wconf 77' lang='lat' dir='ltr'><strong>debuisset</strong></span> <span class='ocrx_word' id='word_1_118' title='bbox 1218 2671 1234 2693; x_wconf 97' lang='lat'><strong>,</strong></span> <span class='ocrx_word' id='word_1_119' title='bbox 1283 2639 1336 2684; x_wconf 90' lang='lat' dir='ltr'><strong>et</strong></span> <span class='ocrx_word' id='word_1_120' title='bbox 1381 2631 1493 2708; x_wconf 80' lang='lat' dir='ltr'><strong>ipse</strong></span> <span class='ocrx_word' id='word_1_121' title='bbox 1521 2631 1683 2708; x_wconf 79' lang='lat' dir='ltr'><strong>homo</strong></span> <span class='ocrx_word' id='word_1_122' title='bbox 1747 2640 1764 2659; x_wconf 67' lang='grc' dir='ltr'><strong><em>θ</em></strong></span> 
     </span>
    </p>
   </div>
   <div class='ocr_carea' id='block_1_22' title="bbox 161 2700 1680 2771">
    <p class='ocr_par' dir='ltr' id='par_1_22' title="bbox 161 2700 1680 2771">
     <span class='ocr_line' id='line_1_23' title="bbox 161 2700 1680 2771; baseline 0.002 -22"><span class='ocrx_word' id='word_1_123' title='bbox 161 2703 215 2756; x_wconf 79' lang='grc' dir='ltr'><strong>οΙε</strong></span> <span class='ocrx_word' id='word_1_124' title='bbox 237 2704 333 2771; x_wconf 85' lang='lat' dir='ltr'><strong>ipso</strong></span> <span class='ocrx_word' id='word_1_125' title='bbox 358 2709 691 2771; x_wconf 85' lang='lat' dir='ltr'><strong>sacramento</strong></span> <span class='ocrx_word' id='word_1_126' title='bbox 715 2700 942 2771; x_wconf 82' lang='lat' dir='ltr'><strong>jectivus</strong></span> <span class='ocrx_word' id='word_1_127' title='bbox 969 2700 1264 2767; x_wconf 88' lang='lat' dir='ltr'><strong>remansit,</strong></span> <span class='ocrx_word' id='word_1_128' title='bbox 1304 2708 1358 2753; x_wconf 89' lang='lat' dir='ltr'><strong>et</strong></span> <span class='ocrx_word' id='word_1_129' title='bbox 1384 2701 1495 2771; x_wconf 85' lang='lat' dir='ltr'><strong>ipse</strong></span> <span class='ocrx_word' id='word_1_130' title='bbox 1520 2701 1680 2754; x_wconf 88' lang='lat' dir='ltr'><strong>homo</strong></span> 
     </span>
    </p>
   </div>
   <div class='ocr_carea' id='block_1_23' title="bbox 162 2768 1680 2838">
    <p class='ocr_par' dir='ltr' id='par_1_23' title="bbox 162 2768 1680 2838">
     <span class='ocr_line' id='line_1_24' title="bbox 162 2768 1680 2838; baseline 0 -15"><span class='ocrx_word' id='word_1_131' title='bbox 162 2768 418 2824; x_wconf 74' lang='lat' dir='ltr'><strong>nullatenus</strong></span> <span class='ocrx_word' id='word_1_132' title='bbox 445 2768 680 2822; x_wconf 82' lang='lat' dir='ltr'><strong>rationes</strong></span> <span class='ocrx_word' id='word_1_133' title='bbox 704 2769 876 2833; x_wconf 89' lang='lat' dir='ltr'><strong>potuit</strong></span> <span class='ocrx_word' id='word_1_134' title='bbox 905 2773 1115 2824; x_wconf 84' lang='lat' dir='ltr'><strong>tradere</strong></span> <span class='ocrx_word' id='word_1_135' title='bbox 1140 2785 1233 2838; x_wconf 90' lang='lat' dir='ltr'><strong>per</strong></span> <span class='ocrx_word' id='word_1_136' title='bbox 1259 2770 1399 2837; x_wconf 88' lang='lat' dir='ltr'><strong>quod</strong></span> <span class='ocrx_word' id='word_1_137' title='bbox 1425 2770 1680 2837; x_wconf 83' lang='lat' dir='ltr'><strong>ingenuus</strong></span> 
     </span>
    </p>
   </div>
   <div class='ocr_carea' id='block_1_24' title="bbox 159 2837 1674 2906">
    <p class='ocr_par' dir='ltr' id='par_1_24' title="bbox 159 2837 1674 2906">
     <span class='ocr_line' id='line_1_25' title="bbox 159 2837 1674 2906; baseline 0 -13"><span class='ocrx_word' id='word_1_138' title='bbox 159 2856 253 2893; x_wconf 63' lang='lat' dir='ltr'><strong>esse</strong></span> <span class='ocrx_word' id='word_1_139' title='bbox 275 2842 474 2894; x_wconf 87' lang='lat' dir='ltr'><strong>deberet</strong></span> <span class='ocrx_word' id='word_1_140' title='bbox 501 2877 516 2901; x_wconf 86' lang='lat'><strong>,</strong></span> <span class='ocrx_word' id='word_1_141' title='bbox 562 2839 645 2892; x_wconf 82' lang='lat' dir='ltr'><strong>vel</strong></span> <span class='ocrx_word' id='word_1_142' title='bbox 677 2837 793 2904; x_wconf 86' lang='lat' dir='ltr'><strong>ipso</strong></span> <span class='ocrx_word' id='word_1_143' title='bbox 815 2837 1150 2894; x_wconf 89' lang='lat' dir='ltr'><strong>sacramento</strong></span> <span class='ocrx_word' id='word_1_144' title='bbox 1172 2839 1354 2906; x_wconf 89' lang='lat' dir='ltr'><strong>jurare</strong></span> <span class='ocrx_word' id='word_1_145' title='bbox 1393 2840 1674 2906; x_wconf 88' lang='lat' dir='ltr'><strong>potuisset.</strong></span> 
     </span>
    </p>
   </div>
   <div class='ocr_carea' id='block_1_25' title="bbox 159 2908 1680 2977">
    <p class='ocr_par' dir='ltr' id='par_1_25' title="bbox 159 2908 1680 2977">
     <span class='ocr_line' id='line_1_26' title="bbox 159 2908 1680 2977; baseline 0.001 -17"><span class='ocrx_word' id='word_1_146' title='bbox 159 2908 213 2963; x_wconf 72' lang='lat' dir='ltr'><strong>Et</strong></span> <span class='ocrx_word' id='word_1_147' title='bbox 234 2912 340 2964; x_wconf 88' lang='lat' dir='ltr'><strong>dum</strong></span> <span class='ocrx_word' id='word_1_148' title='bbox 366 2910 472 2962; x_wconf 73' lang='lat' dir='ltr'><strong>lucc</strong></span> <span class='ocrx_word' id='word_1_149' title='bbox 497 2923 657 2962; x_wconf 89' lang='lat' dir='ltr'><strong>causa</strong></span> <span class='ocrx_word' id='word_1_150' title='bbox 684 2909 822 2972; x_wconf 84' lang='lat' dir='ltr'><strong>apud</strong></span> <span class='ocrx_word' id='word_1_151' title='bbox 849 2909 962 2977; x_wconf 90' lang='lat' dir='ltr'><strong>ipso</strong></span> <span class='ocrx_word' id='word_1_152' title='bbox 991 2910 1188 2963; x_wconf 87' lang='lat' dir='ltr'><strong>comite</strong></span> <span class='ocrx_word' id='word_1_153' title='bbox 1224 2909 1304 2962; x_wconf 85' lang='lat' dir='ltr'><strong>vel</strong></span> <span class='ocrx_word' id='word_1_154' title='bbox 1328 2910 1454 2975; x_wconf 90' lang='lat' dir='ltr'><strong>lpsis</strong></span> <span class='ocrx_word' id='word_1_155' title='bbox 1497 2911 1680 2962; x_wconf 84' lang='lat' dir='ltr'><strong>racim-</strong></span> 
     </span>
    </p>
   </div>
   <div class='ocr_carea' id='block_1_26' title="bbox 163 2977 1676 3047">
    <p class='ocr_par' dir='ltr' id='par_1_26' title="bbox 163 2977 1676 3047">
     <span class='ocr_line' id='line_1_27' title="bbox 163 2977 1676 3047; baseline 0.001 -17"><span class='ocrx_word' id='word_1_156' title='bbox 163 2979 324 3043; x_wconf 69' lang='lat' dir='ltr'><strong>httrgiis</strong></span> <span class='ocrx_word' id='word_1_157' title='bbox 359 2979 640 3047; x_wconf 42' lang='lat' dir='ltr'><strong>diligenter</strong></span> <span class='ocrx_word' id='word_1_158' title='bbox 659 2977 757 3030; x_wconf 88' lang='lat' dir='ltr'><strong>fttit</strong></span> <span class='ocrx_word' id='word_1_159' title='bbox 799 2978 1008 3032; x_wconf 90' lang='lat' dir='ltr'><strong>inventa</strong></span> <span class='ocrx_word' id='word_1_160' title='bbox 1040 2979 1124 3031; x_wconf 89' lang='lat' dir='ltr'><strong>vel</strong></span> <span class='ocrx_word' id='word_1_161' title='bbox 1152 2979 1422 3046; x_wconf 87' lang='lat' dir='ltr'><strong>inquisita,</strong></span> <span class='ocrx_word' id='word_1_162' title='bbox 1461 2987 1515 3032; x_wconf 90' lang='lat' dir='ltr'><strong>et</strong></span> <span class='ocrx_word' id='word_1_163' title='bbox 1545 2981 1676 3046; x_wconf 70' lang='lat' dir='ltr'><strong>legi-</strong></span> 
     </span>
    </p>
   </div>
   <div class='ocr_carea' id='block_1_27' title="bbox 161 3048 1677 3128">
    <p class='ocr_par' dir='ltr' id='par_1_27' title="bbox 161 3048 1677 3128">
     <span class='ocr_line' id='line_1_28' title="bbox 161 3048 1677 3128; baseline 0.001 -29"><span class='ocrx_word' id='word_1_164' title='bbox 161 3049 585 3128; x_wconf 74' lang='lat' dir='ltr'><strong>liusfnitdelinita,</strong></span> <span class='ocrx_word' id='word_1_165' title='bbox 617 3056 671 3101; x_wconf 92' lang='lat' dir='ltr'><strong>et</strong></span> <span class='ocrx_word' id='word_1_166' title='bbox 703 3048 998 3128; x_wconf 61' lang='lat' dir='ltr'><strong>ipseliomo</strong></span> <span class='ocrx_word' id='word_1_167' title='bbox 1029 3049 1078 3128; x_wconf 81' lang='lat' dir='ltr'><strong>in</strong></span> <span class='ocrx_word' id='word_1_168' title='bbox 1119 3057 1506 3128; x_wconf 53' lang='lat' dir='ltr'><strong>praesentepro</strong></span> <span class='ocrx_word' id='word_1_169' title='bbox 1539 3059 1558 3084; x_wconf 72' lang='grc' dir='ltr'>ε</span> <span class='ocrx_word' id='word_1_170' title='bbox 1585 3064 1677 3128; x_wconf 59' lang='lat' dir='ltr'><strong>eo:</strong></span> 
     </span>
    </p>
   </div>
   <div class='ocr_carea' id='block_1_28' title="bbox 159 3117 1674 3186">
    <p class='ocr_par' dir='ltr' id='par_1_28' title="bbox 159 3117 1674 3186">
     <span class='ocr_line' id='line_1_29' title="bbox 159 3117 1674 3186; baseline 0.001 -18"><span class='ocrx_word' id='word_1_171' title='bbox 159 3123 259 3171; x_wconf 83' lang='lat' dir='ltr'><strong>tono</strong></span> <span class='ocrx_word' id='word_1_172' title='bbox 283 3119 341 3172; x_wconf 87' lang='lat' dir='ltr'><strong>ad</strong></span> <span class='ocrx_word' id='word_1_173' title='bbox 371 3135 540 3172; x_wconf 80' lang='lat' dir='ltr'><strong>rasam</strong></span> <span class='ocrx_word' id='word_1_174' title='bbox 588 3117 762 3171; x_wconf 77' lang='lat' dir='ltr'><strong>sancti</strong></span> <span class='ocrx_word' id='word_1_175' title='bbox 805 3119 940 3172; x_wconf 73' lang='lat' dir='ltr'><strong>iliius</strong></span> <span class='ocrx_word' id='word_1_176' title='bbox 985 3119 1069 3172; x_wconf 89' lang='lat' dir='ltr'><strong>vel</strong></span> <span class='ocrx_word' id='word_1_177' title='bbox 1116 3117 1282 3186; x_wconf 81' lang='lat' dir='ltr'><strong>ipsius</strong></span> <span class='ocrx_word' id='word_1_178' title='bbox 1325 3118 1533 3172; x_wconf 86' lang='lat' dir='ltr'><strong>abbatis</strong></span> <span class='ocrx_word' id='word_1_179' title='bbox 1575 3119 1674 3171; x_wconf 85' lang='lat' dir='ltr'><strong>sibi</strong></span> 
     </span>
    </p>
   </div>
   <div class='ocr_carea' id='block_1_29' title="bbox 157 3187 1761 3258">
    <p class='ocr_par' dir='ltr' id='par_1_29' title="bbox 157 3187 1761 3258">
     <span class='ocr_line' id='line_1_30' title="bbox 157 3187 1761 3258; baseline 0.002 -21"><span class='ocrx_word' id='word_1_180' title='bbox 157 3190 419 3256; x_wconf 63' lang='lat' dir='ltr'><strong>rt-cognovit</strong></span> <span class='ocrx_word' id='word_1_181' title='bbox 456 3188 537 3242; x_wconf 85' lang='lat' dir='ltr'><strong>vel</strong></span> <span class='ocrx_word' id='word_1_182' title='bbox 560 3191 588 3230; x_wconf 77' lang='grc' dir='ltr'><strong>«ι</strong></span> <span class='ocrx_word' id='word_1_183' title='bbox 618 3187 909 3258; x_wconf 77' lang='lat' dir='ltr'><strong>recredidit</strong></span> <span class='ocrx_word' id='word_1_184' title='bbox 929 3228 944 3251; x_wconf 86' lang='lat'><strong>,</strong></span> <span class='ocrx_word' id='word_1_185' title='bbox 987 3197 1042 3241; x_wconf 89' lang='lat' dir='ltr'><strong>et</strong></span> <span class='ocrx_word' id='word_1_186' title='bbox 1067 3188 1177 3258; x_wconf 89' lang='lat' dir='ltr'><strong>ipse</strong></span> <span class='ocrx_word' id='word_1_187' title='bbox 1206 3187 1432 3242; x_wconf 83' lang='lat' dir='ltr'><strong>vicarius</strong></span> <span class='ocrx_word' id='word_1_188' title='bbox 1460 3203 1555 3258; x_wconf 89' lang='lat' dir='ltr'><strong>per</strong></span> <span class='ocrx_word' id='word_1_189' title='bbox 1581 3189 1685 3256; x_wconf 70' lang='lat' dir='ltr'><strong>jus-</strong></span> <span class='ocrx_word' id='word_1_190' title='bbox 1718 3191 1761 3250; x_wconf 82' lang='grc' dir='ltr'><strong>Β</strong></span> 
     </span>
    </p>
   </div>
   <div class='ocr_carea' id='block_1_30' title="bbox 139 3257 1678 3324">
    <p class='ocr_par' dir='ltr' id='par_1_30' title="bbox 139 3257 1678 3324">
     <span class='ocr_line' id='line_1_31' title="bbox 139 3257 1678 3324; baseline -0.001 -12"><span class='ocrx_word' id='word_1_191' title='bbox 139 3258 322 3312; x_wconf 67' lang='grc' dir='ltr'><strong>’ςίυηειη</strong></span> <span class='ocrx_word' id='word_1_192' title='bbox 362 3259 517 3324; x_wconf 78' lang='lat' dir='ltr'><strong>ipsius</strong></span> <span class='ocrx_word' id='word_1_193' title='bbox 545 3257 759 3310; x_wconf 83' lang='lat' dir='ltr'><strong>comitis</strong></span> <span class='ocrx_word' id='word_1_194' title='bbox 807 3257 977 3322; x_wconf 88' lang='lat' dir='ltr'><strong>ipsttm</strong></span> <span class='ocrx_word' id='word_1_195' title='bbox 1008 3257 1274 3311; x_wconf 85' lang='lat' dir='ltr'><strong>hominem</strong></span> <span class='ocrx_word' id='word_1_196' title='bbox 1326 3271 1421 3324; x_wconf 89' lang='lat' dir='ltr'><strong>per</strong></span> <span class='ocrx_word' id='word_1_197' title='bbox 1464 3257 1678 3319; x_wconf 84' lang='lat' dir='ltr'><strong>manus,</strong></span> 
     </span>
    </p>
   </div>
   <div class='ocr_carea' id='block_1_31' title="bbox 155 3325 1681 3392">
    <p class='ocr_par' dir='ltr' id='par_1_31' title="bbox 155 3325 1681 3392">
     <span class='ocr_line' id='line_1_32' title="bbox 155 3325 1681 3392; baseline 0.003 -16"><span class='ocrx_word' id='word_1_198' title='bbox 155 3341 230 3392; x_wconf 87' lang='lat' dir='ltr'><strong>pro</strong></span> <span class='ocrx_word' id='word_1_199' title='bbox 252 3327 426 3379; x_wconf 79' lang='lat' dir='ltr'><strong>colono</strong></span> <span class='ocrx_word' id='word_1_200' title='bbox 480 3326 666 3392; x_wconf 83' lang='lat' dir='ltr'><strong>ipsius,</strong></span> <span class='ocrx_word' id='word_1_201' title='bbox 717 3325 976 3380; x_wconf 87' lang='lat' dir='ltr'><strong>advocato</strong></span> <span class='ocrx_word' id='word_1_202' title='bbox 1002 3326 1140 3379; x_wconf 86' lang='lat' dir='ltr'><strong>illius</strong></span> <span class='ocrx_word' id='word_1_203' title='bbox 1182 3326 1388 3380; x_wconf 87' lang='lat' dir='ltr'><strong>abbatis</strong></span> <span class='ocrx_word' id='word_1_204' title='bbox 1427 3327 1568 3379; x_wconf 80' lang='lat' dir='ltr'><strong>visus</strong></span> <span class='ocrx_word' id='word_1_205' title='bbox 1598 3337 1681 3380; x_wconf 88' lang='lat' dir='ltr'><strong>cst</strong></span> 
     </span>
    </p>
   </div>
   <div class='ocr_carea' id='block_1_32' title="bbox 155 3394 1680 3464">
    <p class='ocr_par' dir='ltr' id='par_1_32' title="bbox 155 3394 1680 3464">
     <span class='ocr_line' id='line_1_33' title="bbox 155 3394 1680 3464; baseline 0.004 -20"><span class='ocrx_word' id='word_1_206' title='bbox 155 3394 426 3455; x_wconf 67' lang='lat' dir='ltr'><strong>reddidisse,</strong></span> <span class='ocrx_word' id='word_1_207' title='bbox 453 3403 740 3464; x_wconf 83' lang='lat' dir='ltr'><strong>propterea</strong></span> <span class='ocrx_word' id='word_1_208' title='bbox 771 3395 947 3448; x_wconf 88' lang='lat' dir='ltr'><strong>taliter</strong></span> <span class='ocrx_word' id='word_1_209' title='bbox 974 3396 1022 3449; x_wconf 93' lang='lat' dir='ltr'><strong>ei</strong></span> <span class='ocrx_word' id='word_1_210' title='bbox 1053 3395 1152 3448; x_wconf 87' lang='lat' dir='ltr'><strong>fttit</strong></span> <span class='ocrx_word' id='word_1_211' title='bbox 1190 3395 1484 3463; x_wconf 86' lang='lat' dir='ltr'><strong>judicatum</strong></span> <span class='ocrx_word' id='word_1_212' title='bbox 1519 3403 1575 3448; x_wconf 90' lang='lat' dir='ltr'><strong>ut</strong></span> <span class='ocrx_word' id='word_1_213' title='bbox 1611 3395 1680 3450; x_wconf 89' lang='lat' dir='ltr'><strong>de</strong></span> 
     </span>
    </p>
   </div>
   <div class='ocr_carea' id='block_1_33' title="bbox 155 3465 1676 3520">
    <p class='ocr_par' dir='ltr' id='par_1_33' title="bbox 155 3465 1676 3520">
     <span class='ocr_line' id='line_1_34' title="bbox 155 3465 1676 3520; baseline 0.003 -6"><span class='ocrx_word' id='word_1_214' title='bbox 155 3465 230 3517; x_wconf 70' lang='lat' dir='ltr'><strong>hac</strong></span> <span class='ocrx_word' id='word_1_215' title='bbox 253 3480 396 3519; x_wconf 82' lang='lat' dir='ltr'><strong>causa</strong></span> <span class='ocrx_word' id='word_1_216' title='bbox 426 3465 667 3518; x_wconf 87' lang='lat' dir='ltr'><strong>notitiam</strong></span> <span class='ocrx_word' id='word_1_217' title='bbox 700 3466 960 3520; x_wconf 89' lang='lat' dir='ltr'><strong>bonorum</strong></span> <span class='ocrx_word' id='word_1_218' title='bbox 991 3466 1263 3519; x_wconf 87' lang='lat' dir='ltr'><strong>hominum</strong></span> <span class='ocrx_word' id='word_1_219' title='bbox 1306 3466 1546 3519; x_wconf 87' lang='lat' dir='ltr'><strong>manibus</strong></span> <span class='ocrx_word' id='word_1_220' title='bbox 1586 3481 1676 3519; x_wconf 88' lang='lat' dir='ltr'><strong>ro-</strong></span> 
     </span>
    </p>
   </div>
   <div class='ocr_carea' id='block_1_34' title="bbox 154 3533 1681 3603">
    <p class='ocr_par' dir='ltr' id='par_1_34' title="bbox 154 3533 1681 3603">
     <span class='ocr_line' id='line_1_35' title="bbox 154 3533 1681 3603; baseline 0.003 -19"><span class='ocrx_word' id='word_1_221' title='bbox 154 3535 351 3587; x_wconf 85' lang='lat' dir='ltr'><strong>boratam</strong></span> <span class='ocrx_word' id='word_1_222' title='bbox 379 3551 496 3588; x_wconf 90' lang='lat' dir='ltr'><strong>eum</strong></span> <span class='ocrx_word' id='word_1_223' title='bbox 528 3534 777 3602; x_wconf 87' lang='lat' dir='ltr'><strong>accipere</strong></span> <span class='ocrx_word' id='word_1_224' title='bbox 804 3533 1047 3600; x_wconf 87' lang='lat' dir='ltr'><strong>deberet,</strong></span> <span class='ocrx_word' id='word_1_225' title='bbox 1071 3536 1212 3601; x_wconf 86' lang='lat' dir='ltr'><strong>quod</strong></span> <span class='ocrx_word' id='word_1_226' title='bbox 1252 3534 1328 3588; x_wconf 87' lang='lat' dir='ltr'><strong>ita</strong></span> <span class='ocrx_word' id='word_1_227' title='bbox 1349 3544 1415 3598; x_wconf 75' lang='grc' dir='ltr'><strong>,ει</strong></span> <span class='ocrx_word' id='word_1_228' title='bbox 1443 3536 1590 3603; x_wconf 90' lang='lat' dir='ltr'><strong>fecit,</strong></span> <span class='ocrx_word' id='word_1_229' title='bbox 1621 3545 1681 3589; x_wconf 87' lang='lat' dir='ltr'><strong>ut</strong></span> 
     </span>
    </p>
   </div>
   <div class='ocr_carea' id='block_1_35' title="bbox 152 3604 1680 3673">
    <p class='ocr_par' dir='ltr' id='par_1_35' title="bbox 152 3604 1680 3673">
     <span class='ocr_line' id='line_1_36' title="bbox 152 3604 1680 3673; baseline 0.004 -20"><span class='ocrx_word' id='word_1_230' title='bbox 152 3607 288 3672; x_wconf 75' lang='lat' dir='ltr'><strong>ipsum</strong></span> <span class='ocrx_word' id='word_1_231' title='bbox 325 3605 586 3659; x_wconf 87' lang='lat' dir='ltr'><strong>hominem</strong></span> <span class='ocrx_word' id='word_1_232' title='bbox 620 3605 731 3673; x_wconf 85' lang='lat' dir='ltr'><strong>ipsa</strong></span> <span class='ocrx_word' id='word_1_233' title='bbox 761 3619 885 3673; x_wconf 83' lang='lat' dir='ltr'><strong>casa</strong></span> <span class='ocrx_word' id='word_1_234' title='bbox 911 3604 1001 3658; x_wconf 87' lang='lat' dir='ltr'><strong>Dei</strong></span> <span class='ocrx_word' id='word_1_235' title='bbox 1032 3605 1116 3658; x_wconf 88' lang='lat' dir='ltr'><strong>vel</strong></span> <span class='ocrx_word' id='word_1_236' title='bbox 1144 3606 1255 3673; x_wconf 90' lang='lat' dir='ltr'><strong>ipse</strong></span> <span class='ocrx_word' id='word_1_237' title='bbox 1277 3604 1410 3658; x_wconf 83' lang='lat' dir='ltr'><strong>abba</strong></span> <span class='ocrx_word' id='word_1_238' title='bbox 1436 3621 1530 3660; x_wconf 90' lang='lat' dir='ltr'><strong>seu</strong></span> <span class='ocrx_word' id='word_1_239' title='bbox 1561 3621 1680 3659; x_wconf 89' lang='lat' dir='ltr'><strong>rec-</strong></span> 
     </span>
    </p>
   </div>
   <div class='ocr_carea' id='block_1_36' title="bbox 152 3672 1678 3742">
    <p class='ocr_par' dir='ltr' id='par_1_36' title="bbox 152 3672 1678 3742">
     <span class='ocr_line' id='line_1_37' title="bbox 152 3672 1678 3742; baseline 0.005 -20"><span class='ocrx_word' id='word_1_240' title='bbox 152 3683 263 3727; x_wconf 79' lang='lat' dir='ltr'><strong>tures</strong></span> <span class='ocrx_word' id='word_1_241' title='bbox 289 3691 462 3728; x_wconf 88' lang='lat' dir='ltr'><strong>eorum</strong></span> <span class='ocrx_word' id='word_1_242' title='bbox 497 3689 596 3742; x_wconf 91' lang='lat' dir='ltr'><strong>pro</strong></span> <span class='ocrx_word' id='word_1_243' title='bbox 621 3672 818 3726; x_wconf 87' lang='lat' dir='ltr'><strong>colono</strong></span> <span class='ocrx_word' id='word_1_244' title='bbox 849 3672 1080 3727; x_wconf 89' lang='lat' dir='ltr'><strong>habeant</strong></span> <span class='ocrx_word' id='word_1_245' title='bbox 1121 3672 1498 3740; x_wconf 74' lang='lat' dir='ltr'><strong>evindicatum,</strong></span> <span class='ocrx_word' id='word_1_246' title='bbox 1523 3686 1576 3727; x_wconf 89' lang='lat' dir='ltr'><strong>et</strong></span> <span class='ocrx_word' id='word_1_247' title='bbox 1607 3677 1678 3729; x_wconf 88' lang='lat' dir='ltr'><strong>sit</strong></span> 
     </span>
    </p>
   </div>
   <div class='ocr_carea' id='block_1_37' title="bbox 150 3742 1674 3813">
    <p class='ocr_par' dir='ltr' id='par_1_37' title="bbox 150 3742 1674 3813">
     <span class='ocr_line' id='line_1_38' title="bbox 150 3742 1674 3813; baseline 0.003 -21"><span class='ocrx_word' id='word_1_248' title='bbox 150 3744 257 3813; x_wconf 75' lang='lat' dir='ltr'><strong>inter</strong></span> <span class='ocrx_word' id='word_1_249' title='bbox 281 3746 412 3813; x_wconf 58' lang='lat' dir='ltr'><strong>ipsos</strong></span> <span class='ocrx_word' id='word_1_250' title='bbox 447 3744 787 3813; x_wconf 71' lang='lat' dir='ltr'><strong>postmodum</strong></span> <span class='ocrx_word' id='word_1_251' title='bbox 818 3757 882 3796; x_wconf 81' lang='lat' dir='ltr'><strong>ex</strong></span> <span class='ocrx_word' id='word_1_252' title='bbox 919 3742 1018 3797; x_wconf 88' lang='lat' dir='ltr'><strong>hac</strong></span> <span class='ocrx_word' id='word_1_253' title='bbox 1049 3758 1107 3807; x_wconf 90' lang='lat' dir='ltr'><strong>re</strong></span> <span class='ocrx_word' id='word_1_254' title='bbox 1137 3755 1160 3780; x_wconf 72' lang='grc' dir='ltr'><strong>θ</strong></span> <span class='ocrx_word' id='word_1_255' title='bbox 1186 3743 1392 3797; x_wconf 72' lang='lat' dir='ltr'><strong>sublata</strong></span> <span class='ocrx_word' id='word_1_256' title='bbox 1413 3745 1674 3800; x_wconf 85' lang='lat' dir='ltr'><strong>causatio.</strong></span> 
     </span>
    </p>
   </div>
   <div class='ocr_carea' id='block_1_38' title="bbox 149 3811 1290 3882">
    <p class='ocr_par' dir='ltr' id='par_1_38' title="bbox 149 3811 1290 3882">
     <span class='ocr_line' id='line_1_39' title="bbox 149 3811 1290 3882; baseline 0.003 -20"><span class='ocrx_word' id='word_1_257' title='bbox 149 3811 220 3868; x_wconf 85' lang='lat' dir='ltr'><strong>llis</strong></span> <span class='ocrx_word' id='word_1_258' title='bbox 237 3811 560 3882; x_wconf 73' lang='lat' dir='ltr'><strong>pncswtibus</strong></span> <span class='ocrx_word' id='word_1_259' title='bbox 587 3811 678 3880; x_wconf 81' lang='lat' dir='ltr'><strong>qui</strong></span> <span class='ocrx_word' id='word_1_260' title='bbox 705 3812 892 3866; x_wconf 87' lang='lat' dir='ltr'><strong>subter</strong></span> <span class='ocrx_word' id='word_1_261' title='bbox 922 3814 1290 3866; x_wconf 87' lang='lat' dir='ltr'><strong>firmaverunt.</strong></span> 
     </span>
    </p>
   </div>
   <div class='ocr_carea' id='block_1_39' title="bbox 485 3901 1280 3958">
    <p class='ocr_par' dir='ltr' id='par_1_39' title="bbox 485 3901 1280 3958">
     <span class='ocr_line' id='line_1_40' title="bbox 485 3901 1280 3958; baseline 0.003 -2"><span class='ocrx_word' id='word_1_262' title='bbox 485 3902 549 3956; x_wconf 92' lang='lat' dir='ltr'><strong>ll.</strong></span> <span class='ocrx_word' id='word_1_263' title='bbox 591 3901 830 3957; x_wconf 71' lang='lat' dir='ltr'><strong>fCharm</strong></span> <span class='ocrx_word' id='word_1_264' title='bbox 870 3904 1280 3958; x_wconf 78' lang='lat' dir='ltr'><strong>sacramentalis.</strong></span> 
     </span>
    </p>
   </div>
   <div class='ocr_carea' id='block_1_40' title="bbox 200 3990 1672 4061">
    <p class='ocr_par' dir='ltr' id='par_1_40' title="bbox 200 3990 1672 4061">
     <span class='ocr_line' id='line_1_41' title="bbox 200 3990 1672 4061; baseline 0.005 -17"><span class='ocrx_word' id='word_1_265' title='bbox 200 3990 400 4046; x_wconf 81' lang='lat' dir='ltr'><strong>Veniens</strong></span> <span class='ocrx_word' id='word_1_266' title='bbox 419 3992 716 4047; x_wconf 82' lang='lat' dir='ltr'><strong>advocatus</strong></span> <span class='ocrx_word' id='word_1_267' title='bbox 740 3994 908 4047; x_wconf 86' lang='lat' dir='ltr'><strong>sancti</strong></span> <span class='ocrx_word' id='word_1_268' title='bbox 940 3993 1080 4048; x_wconf 89' lang='lat' dir='ltr'><strong>illius</strong></span> <span class='ocrx_word' id='word_1_269' title='bbox 1105 3993 1529 4050; x_wconf 88' lang='lat' dir='ltr'><strong>de-monasterio</strong></span> <span class='ocrx_word' id='word_1_270' title='bbox 1560 3996 1672 4061; x_wconf 89' lang='lat' dir='ltr'><strong>illo,</strong></span> 
     </span>
    </p>
   </div>
   <div class='ocr_carea' id='block_1_41' title="bbox 147 4062 1670 4130">
    <p class='ocr_par' dir='ltr' id='par_1_41' title="bbox 147 4062 1670 4130">
     <span class='ocr_line' id='line_1_42' title="bbox 147 4062 1670 4130; baseline 0.003 -17"><span class='ocrx_word' id='word_1_271' title='bbox 147 4077 215 4114; x_wconf 72' lang='lat' dir='ltr'><strong>s~u</strong></span> <span class='ocrx_word' id='word_1_272' title='bbox 255 4072 304 4115; x_wconf 90' lang='lat' dir='ltr'><strong>et</strong></span> <span class='ocrx_word' id='word_1_273' title='bbox 347 4064 481 4118; x_wconf 86' lang='lat' dir='ltr'><strong>illius</strong></span> <span class='ocrx_word' id='word_1_274' title='bbox 509 4064 721 4117; x_wconf 75' lang='lat' dir='ltr'><strong>abbatis</strong></span> <span class='ocrx_word' id='word_1_275' title='bbox 764 4062 834 4115; x_wconf 90' lang='lat' dir='ltr'><strong>de</strong></span> <span class='ocrx_word' id='word_1_276' title='bbox 879 4063 1128 4130; x_wconf 71' lang='lat' dir='ltr'><strong>prmdicto</strong></span> <span class='ocrx_word' id='word_1_277' title='bbox 1181 4065 1510 4118; x_wconf 89' lang='lat' dir='ltr'><strong>monasterio</strong></span> <span class='ocrx_word' id='word_1_278' title='bbox 1543 4066 1670 4129; x_wconf 89' lang='lat' dir='ltr'><strong>illo,</strong></span> 
     </span>
    </p>
   </div>
   <div class='ocr_carea' id='block_1_42' title="bbox 145 4131 1672 4199">
    <p class='ocr_par' dir='ltr' id='par_1_42' title="bbox 145 4131 1672 4199">
     <span class='ocr_line' id='line_1_43' title="bbox 145 4131 1672 4199; baseline 0.005 -17"><span class='ocrx_word' id='word_1_279' title='bbox 145 4131 406 4193; x_wconf 76' lang='lat' dir='ltr'><strong>castroillo,</strong></span> <span class='ocrx_word' id='word_1_280' title='bbox 439 4135 487 4186; x_wconf 91' lang='lat' dir='ltr'><strong>in</strong></span> <span class='ocrx_word' id='word_1_281' title='bbox 539 4133 701 4184; x_wconf 88' lang='lat' dir='ltr'><strong>mallo</strong></span> <span class='ocrx_word' id='word_1_282' title='bbox 730 4131 972 4199; x_wconf 85' lang='lat' dir='ltr'><strong>publico,</strong></span> <span class='ocrx_word' id='word_1_283' title='bbox 1025 4142 1150 4186; x_wconf 91' lang='lat' dir='ltr'><strong>ante</strong></span> <span class='ocrx_word' id='word_1_284' title='bbox 1174 4133 1379 4188; x_wconf 88' lang='lat' dir='ltr'><strong>illustre</strong></span> <span class='ocrx_word' id='word_1_285' title='bbox 1417 4135 1533 4188; x_wconf 90' lang='lat' dir='ltr'><strong>viro</strong></span> <span class='ocrx_word' id='word_1_286' title='bbox 1581 4136 1672 4189; x_wconf 87' lang='lat' dir='ltr'><strong>illo</strong></span> 
     </span>
    </p>
   </div>
   <div class='ocr_carea' id='block_1_43' title="bbox 145 4201 1673 4274">
    <p class='ocr_par' dir='ltr' id='par_1_43' title="bbox 145 4201 1673 4274">
     <span class='ocr_line' id='line_1_44' title="bbox 145 4201 1673 4274; baseline 0.003 -21"><span class='ocrx_word' id='word_1_287' title='bbox 145 4203 303 4274; x_wconf 80' lang='lat' dir='ltr'><strong>comite</strong></span> <span class='ocrx_word' id='word_1_288' title='bbox 327 4203 404 4274; x_wconf 77' lang='lat' dir='ltr'><strong>vel</strong></span> <span class='ocrx_word' id='word_1_289' title='bbox 434 4203 550 4274; x_wconf 86' lang='lat' dir='ltr'><strong>aliis</strong></span> <span class='ocrx_word' id='word_1_290' title='bbox 578 4201 911 4274; x_wconf 82' lang='lat' dir='ltr'><strong>quampluris</strong></span> <span class='ocrx_word' id='word_1_291' title='bbox 940 4202 1032 4269; x_wconf 91' lang='lat' dir='ltr'><strong>qui</strong></span> <span class='ocrx_word' id='word_1_292' title='bbox 1064 4202 1257 4274; x_wconf 82' lang='lat' dir='ltr'><strong>ibidem</strong></span> <span class='ocrx_word' id='word_1_293' title='bbox 1298 4203 1518 4274; x_wconf 88' lang='lat' dir='ltr'><strong>aderant</strong></span> <span class='ocrx_word' id='word_1_294' title='bbox 1545 4246 1558 4269; x_wconf 88' lang='lat'><strong>,</strong></span> <span class='ocrx_word' id='word_1_295' title='bbox 1591 4205 1673 4258; x_wconf 90' lang='lat' dir='ltr'><strong>in-</strong></span> 
     </span>
    </p>
   </div>
   <div class='ocr_carea' id='block_1_44' title="bbox 144 4271 1669 4343">
    <p class='ocr_par' dir='ltr' id='par_1_44' title="bbox 144 4271 1669 4343">
     <span class='ocr_line' id='line_1_45' title="bbox 144 4271 1669 4343; baseline 0.007 -25"><span class='ocrx_word' id='word_1_296' title='bbox 144 4271 414 4343; x_wconf 67' lang='lat' dir='ltr'><strong>lerpeilabal.</strong></span> <span class='ocrx_word' id='word_1_297' title='bbox 461 4271 676 4324; x_wconf 86' lang='lat' dir='ltr'><strong>homine</strong></span> <span class='ocrx_word' id='word_1_298' title='bbox 716 4271 897 4343; x_wconf 80' lang='lat' dir='ltr'><strong>aliquo</strong></span> <span class='ocrx_word' id='word_1_299' title='bbox 927 4287 1122 4326; x_wconf 90' lang='lat' dir='ltr'><strong>nomen</strong></span> <span class='ocrx_word' id='word_1_300' title='bbox 1151 4273 1242 4326; x_wconf 92' lang='lat' dir='ltr'><strong>illo</strong></span> <span class='ocrx_word' id='word_1_301' title='bbox 1266 4314 1282 4338; x_wconf 94' lang='lat'><strong>,</strong></span> <span class='ocrx_word' id='word_1_302' title='bbox 1312 4271 1590 4343; x_wconf 83' lang='lat' dir='ltr'><strong>repetebat</strong></span> <span class='ocrx_word' id='word_1_303' title='bbox 1617 4277 1669 4328; x_wconf 91' lang='lat' dir='ltr'><strong>ei</strong></span> 
     </span>
    </p>
   </div>
   <div class='ocr_carea' id='block_1_45' title="bbox 143 4339 1670 4408">
    <p class='ocr_par' dir='ltr' id='par_1_45' title="bbox 143 4339 1670 4408">
     <span class='ocr_line' id='line_1_46' title="bbox 143 4339 1670 4408; baseline 0.008 -21"><span class='ocrx_word' id='word_1_304' title='bbox 143 4345 238 4391; x_wconf 77' lang='lat' dir='ltr'><strong>[illm</strong></span> <span class='ocrx_word' id='word_1_305' title='bbox 262 4340 444 4394; x_wconf 75' lang='lat' dir='ltr'><strong>diceret</strong></span> <span class='ocrx_word' id='word_1_306' title='bbox 473 4357 538 4394; x_wconf 91' lang='lat' dir='ltr'><strong>eo</strong></span> <span class='ocrx_word' id='word_1_307' title='bbox 584 4339 730 4408; x_wconf 91' lang='lat' dir='ltr'><strong>quod</strong></span> <span class='ocrx_word' id='word_1_308' title='bbox 763 4339 972 4406; x_wconf 79' lang='lat' dir='ltr'><strong>genitor</strong></span> <span class='ocrx_word' id='word_1_309' title='bbox 990 4355 1118 4396; x_wconf 89' lang='lat' dir='ltr'><strong>suus</strong></span> <span class='ocrx_word' id='word_1_310' title='bbox 1146 4339 1480 4399; x_wconf 23' lang='lat' dir='ltr'><strong>nomineiille</strong></span> <span class='ocrx_word' id='word_1_311' title='bbox 1526 4345 1670 4399; x_wconf 87' lang='lat' dir='ltr'><strong>colo—</strong></span> 
     </span>
    </p>
   </div>
   <div class='ocr_carea' id='block_1_46' title="bbox 143 4409 1664 4482">
    <p class='ocr_par' dir='ltr' id='par_1_46' title="bbox 143 4409 1664 4482">
     <span class='ocr_line' id='line_1_47' title="bbox 143 4409 1664 4482; baseline 0.009 -26"><span class='ocrx_word' id='word_1_312' title='bbox 143 4412 394 4482; x_wconf 68' lang='lat' dir='ltr'><strong>nussancti</strong></span> <span class='ocrx_word' id='word_1_313' title='bbox 425 4411 564 4482; x_wconf 85' lang='lat' dir='ltr'><strong>illius</strong></span> <span class='ocrx_word' id='word_1_314' title='bbox 610 4411 676 4466; x_wconf 88' lang='lat' dir='ltr'><strong>de</strong></span> <span class='ocrx_word' id='word_1_315' title='bbox 705 4409 827 4482; x_wconf 87' lang='lat' dir='ltr'><strong>villa</strong></span> <span class='ocrx_word' id='word_1_316' title='bbox 859 4409 948 4463; x_wconf 89' lang='lat' dir='ltr'><strong>illa</strong></span> <span class='ocrx_word' id='word_1_317' title='bbox 980 4410 1201 4482; x_wconf 87' lang='lat' dir='ltr'><strong>fuisset_,</strong></span> <span class='ocrx_word' id='word_1_318' title='bbox 1233 4422 1286 4465; x_wconf 90' lang='lat' dir='ltr'><strong>et</strong></span> <span class='ocrx_word' id='word_1_319' title='bbox 1313 4412 1428 4482; x_wconf 89' lang='lat' dir='ltr'><strong>ipso</strong></span> <span class='ocrx_word' id='word_1_320' title='bbox 1459 4415 1664 4468; x_wconf 91' lang='lat' dir='ltr'><strong>coloni-</strong></span> 
     </span>
    </p>
   </div>
   <div class='ocr_carea' id='block_1_47' title="bbox 142 4479 1716 4549">
    <p class='ocr_par' dir='ltr' id='par_1_47' title="bbox 142 4479 1716 4549">
     <span class='ocr_line' id='line_1_48' title="bbox 142 4479 1716 4549; baseline 0.006 -21"><span class='ocrx_word' id='word_1_321' title='bbox 142 4480 198 4528; x_wconf 80' lang='lat' dir='ltr'><strong>lin</strong></span> <span class='ocrx_word' id='word_1_322' title='bbox 221 4479 278 4532; x_wconf 90' lang='lat' dir='ltr'><strong>de</strong></span> <span class='ocrx_word' id='word_1_323' title='bbox 321 4480 482 4549; x_wconf 81' lang='lat' dir='ltr'><strong>capud</strong></span> <span class='ocrx_word' id='word_1_324' title='bbox 523 4496 679 4534; x_wconf 87' lang='lat' dir='ltr'><strong>suum</strong></span> <span class='ocrx_word' id='word_1_325' title='bbox 713 4481 779 4532; x_wconf 88' lang='lat' dir='ltr'><strong>ad</strong></span> <span class='ocrx_word' id='word_1_326' title='bbox 829 4482 939 4549; x_wconf 89' lang='lat' dir='ltr'><strong>ipsa</strong></span> <span class='ocrx_word' id='word_1_327' title='bbox 986 4496 1111 4535; x_wconf 87' lang='lat' dir='ltr'><strong>casa</strong></span> <span class='ocrx_word' id='word_1_328' title='bbox 1167 4480 1259 4535; x_wconf 89' lang='lat' dir='ltr'><strong>Dei</strong></span> <span class='ocrx_word' id='word_1_329' title='bbox 1290 4479 1564 4547; x_wconf 83' lang='lat' dir='ltr'><strong>redebeat.</strong></span> <span class='ocrx_word' id='word_1_330' title='bbox 1617 4492 1669 4537; x_wconf 93' lang='lat' dir='ltr'><strong>et</strong></span> <span class='ocrx_word' id='word_1_331' title='bbox 1702 4515 1716 4549; x_wconf 60' lang='lat'><strong>,-</strong></span> 
     </span>
    </p>
   </div>
   <div class='ocr_carea' id='block_1_48' title="bbox 141 4536 1741 4621">
    <p class='ocr_par' dir='ltr' id='par_1_48' title="bbox 141 4536 1741 4621">
     <span class='ocr_line' id='line_1_49' title="bbox 141 4536 1741 4621; baseline 0.007 -22"><span class='ocrx_word' id='word_1_332' title='bbox 141 4551 297 4621; x_wconf 64' lang='lat' dir='ltr'><strong>tjrinde</strong></span> <span class='ocrx_word' id='word_1_333' title='bbox 323 4536 598 4621; x_wconf 59' lang='lat' dir='ltr'><strong>neglegens</strong></span> <span class='ocrx_word' id='word_1_334' title='bbox 646 4536 866 4621; x_wconf 58' lang='lat' dir='ltr'><strong>aderati</strong></span> <span class='ocrx_word' id='word_1_335' title='bbox 909 4559 964 4604; x_wconf 90' lang='lat' dir='ltr'><strong>et</strong></span> <span class='ocrx_word' id='word_1_336' title='bbox 1015 4553 1132 4618; x_wconf 88' lang='lat' dir='ltr'><strong>ipse</strong></span> <span class='ocrx_word' id='word_1_337' title='bbox 1160 4551 1213 4607; x_wconf 94' lang='lat' dir='ltr'><strong>in</strong></span> <span class='ocrx_word' id='word_1_338' title='bbox 1260 4536 1668 4621; x_wconf 12' lang='lat' dir='ltr'><strong>praesentei&#39;lnic</strong></span> <span class='ocrx_word' id='word_1_339' title='bbox 1696 4536 1741 4596; x_wconf 64' lang='grc' dir='ltr'><strong>(ἶ</strong></span> 
     </span>
    </p>
   </div>
   <div class='ocr_carea' id='block_1_49' title="bbox 141 4619 1668 4692">
    <p class='ocr_par' dir='ltr' id='par_1_49' title="bbox 141 4619 1668 4692">
     <span class='ocr_line' id='line_1_50' title="bbox 141 4619 1668 4692; baseline 0.006 -26"><span class='ocrx_word' id='word_1_340' title='bbox 141 4619 313 4692; x_wconf 78' lang='lat' dir='ltr'><strong>l-rtiter</strong></span> <span class='ocrx_word' id='word_1_341' title='bbox 358 4619 671 4692; x_wconf 70' lang='lat' dir='ltr'><strong>denegabat,</strong></span> <span class='ocrx_word' id='word_1_342' title='bbox 697 4620 956 4692; x_wconf 29' lang='lat' dir='ltr'><strong>etAtaliter</strong></span> <span class='ocrx_word' id='word_1_343' title='bbox 984 4621 1129 4674; x_wconf 89' lang='lat' dir='ltr'><strong>dedit</strong></span> <span class='ocrx_word' id='word_1_344' title='bbox 1159 4621 1209 4675; x_wconf 94' lang='lat' dir='ltr'><strong>in</strong></span> <span class='ocrx_word' id='word_1_345' title='bbox 1258 4619 1356 4676; x_wconf 82' lang='lat' dir='ltr'><strong>suo</strong></span> <span class='ocrx_word' id='word_1_346' title='bbox 1405 4638 1668 4692; x_wconf 89' lang='lat' dir='ltr'><strong>responso</strong></span> 
     </span>
    </p>
   </div>
   <div class='ocr_carea' id='block_1_50' title="bbox 138 4688 1669 4757">
    <p class='ocr_par' dir='ltr' id='par_1_50' title="bbox 138 4688 1669 4757">
     <span class='ocr_line' id='line_1_51' title="bbox 138 4688 1669 4757; baseline 0.005 -18"><span class='ocrx_word' id='word_1_347' title='bbox 138 4689 251 4746; x_wconf 73' lang='lat' dir='ltr'><strong>quod</strong></span> <span class='ocrx_word' id='word_1_348' title='bbox 276 4688 336 4740; x_wconf 87' lang='lat' dir='ltr'><strong>de</strong></span> <span class='ocrx_word' id='word_1_349' title='bbox 364 4699 507 4755; x_wconf 82' lang='lat' dir='ltr'><strong>patre</strong></span> <span class='ocrx_word' id='word_1_350' title='bbox 535 4690 721 4742; x_wconf 63' lang='lat' dir='ltr'><strong>franvo</strong></span> <span class='ocrx_word' id='word_1_351' title='bbox 749 4689 935 4742; x_wconf 83' lang='lat' dir='ltr'><strong>fuisset</strong></span> <span class='ocrx_word' id='word_1_352' title='bbox 963 4700 1249 4757; x_wconf 81' lang='lat' dir='ltr'><strong>generatus</strong></span> <span class='ocrx_word' id='word_1_353' title='bbox 1274 4732 1288 4755; x_wconf 94' lang='lat'><strong>,</strong></span> <span class='ocrx_word' id='word_1_354' title='bbox 1318 4702 1373 4745; x_wconf 91' lang='lat' dir='ltr'><strong>et</strong></span> <span class='ocrx_word' id='word_1_355' title='bbox 1400 4693 1466 4746; x_wconf 89' lang='lat' dir='ltr'><strong>de</strong></span> <span class='ocrx_word' id='word_1_356' title='bbox 1496 4688 1669 4747; x_wconf 84' lang='lat' dir='ltr'><strong>inatrc</strong></span> 
     </span>
    </p>
   </div>
   <div class='ocr_carea' id='block_1_51' title="bbox 143 4757 1662 4833">
    <p class='ocr_par' dir='ltr' id='par_1_51' title="bbox 143 4757 1662 4833">
     <span class='ocr_line' id='line_1_52' title="bbox 143 4757 1662 4833; baseline 0.007 -28"><span class='ocrx_word' id='word_1_357' title='bbox 143 4758 290 4811; x_wconf 82' lang='lat' dir='ltr'><strong>t&#39;rauca</strong></span> <span class='ocrx_word' id='word_1_358' title='bbox 307 4759 479 4813; x_wconf 78' lang='lat' dir='ltr'><strong>fuisset</strong></span> <span class='ocrx_word' id='word_1_359' title='bbox 501 4767 680 4812; x_wconf 74' lang='lat' dir='ltr'><strong>nutus.</strong></span> <span class='ocrx_word' id='word_1_360' title='bbox 714 4757 866 4814; x_wconf 85' lang='lat' dir='ltr'><strong>Unde</strong></span> <span class='ocrx_word' id='word_1_361' title='bbox 893 4759 998 4814; x_wconf 86' lang='lat' dir='ltr'><strong>tale</strong></span> <span class='ocrx_word' id='word_1_362' title='bbox 1027 4771 1365 4816; x_wconf 88' lang='lat' dir='ltr'><strong>sacramento</strong></span> <span class='ocrx_word' id='word_1_363' title='bbox 1395 4777 1490 4833; x_wconf 90' lang='lat' dir='ltr'><strong>per</strong></span> <span class='ocrx_word' id='word_1_364' title='bbox 1512 4777 1662 4816; x_wconf 88' lang='lat' dir='ltr'><strong>suam</strong></span> 
     </span>
    </p>
   </div>
   <div class='ocr_carea' id='block_1_52' title="bbox 197 4890 1652 4960">
    <p class='ocr_par' dir='ltr' id='par_1_52' title="bbox 197 4890 1652 4960">
     <span class='ocr_line' id='line_1_53' title="bbox 197 4890 1652 4960; baseline 0.004 -16"><span class='ocrx_word' id='word_1_365' title='bbox 197 4893 216 4918; x_wconf 80' lang='grc'>⁸</span> <span class='ocrx_word' id='word_1_366' title='bbox 247 4892 336 4945; x_wconf 85' lang='lat' dir='ltr'><strong>llas</strong></span> <span class='ocrx_word' id='word_1_367' title='bbox 361 4892 604 4949; x_wconf 80' lang='lat' dir='ltr'><strong>formulas</strong></span> <span class='ocrx_word' id='word_1_368' title='bbox 629 4890 980 4960; x_wconf 85' lang='lat' dir='ltr'><strong>appendicem</strong></span> <span class='ocrx_word' id='word_1_369' title='bbox 1007 4891 1375 4948; x_wconf 82' lang='lat' dir='ltr'><strong>Formularum</strong></span> <span class='ocrx_word' id='word_1_370' title='bbox 1415 4894 1652 4951; x_wconf 82' lang='lat' dir='ltr'><strong>Marculti</strong></span> 
     </span>
    </p>
   </div>
   <div class='ocr_carea' id='block_1_53' title="bbox 141 4961 1655 5031">
    <p class='ocr_par' dir='ltr' id='par_1_53' title="bbox 141 4961 1655 5031">
     <span class='ocr_line' id='line_1_54' title="bbox 141 4961 1655 5031; baseline 0.009 -24"><span class='ocrx_word' id='word_1_371' title='bbox 141 4971 266 5016; x_wconf 62' lang='lat' dir='ltr'><strong>vacat</strong></span> <span class='ocrx_word' id='word_1_372' title='bbox 294 4964 557 5023; x_wconf 80' lang='lat' dir='ltr'><strong>Daluzius.</strong></span> <span class='ocrx_word' id='word_1_373' title='bbox 602 4964 725 5031; x_wconf 82' lang='lat' dir='ltr'><strong>quia</strong></span> <span class='ocrx_word' id='word_1_374' title='bbox 771 4962 822 5015; x_wconf 90' lang='lat' dir='ltr'><strong>in</strong></span> <span class='ocrx_word' id='word_1_375' title='bbox 848 4961 1044 5017; x_wconf 85' lang='lat' dir='ltr'><strong>Codice</strong></span> <span class='ocrx_word' id='word_1_376' title='bbox 1092 4967 1240 5030; x_wconf 77' lang='lat' dir='ltr'><strong>regio</strong></span> <span class='ocrx_word' id='word_1_377' title='bbox 1261 4979 1486 5020; x_wconf 79' lang='lat' dir='ltr'><strong>annexa:</strong></span> <span class='ocrx_word' id='word_1_378' title='bbox 1528 4975 1655 5021; x_wconf 89' lang='lat' dir='ltr'><strong>sunt</strong></span> 
     </span>
    </p>
   </div>
   <div class='ocr_carea' id='block_1_54' title="bbox 140 5031 1653 5090">
    <p class='ocr_par' dir='ltr' id='par_1_54' title="bbox 140 5031 1653 5090">
     <span class='ocr_line' id='line_1_55' title="bbox 140 5031 1653 5090; baseline 0.009 -13"><span class='ocrx_word' id='word_1_379' title='bbox 140 5031 250 5084; x_wconf 77' lang='lat' dir='ltr'><strong>libro</strong></span> <span class='ocrx_word' id='word_1_380' title='bbox 273 5035 486 5087; x_wconf 84' lang='lat' dir='ltr'><strong>secundo</strong></span> <span class='ocrx_word' id='word_1_381' title='bbox 514 5032 772 5087; x_wconf 77' lang='lat' dir='ltr'><strong>Marcelli.</strong></span> <span class='ocrx_word' id='word_1_382' title='bbox 825 5031 880 5086; x_wconf 89' lang='lat' dir='ltr'><strong>In</strong></span> <span class='ocrx_word' id='word_1_383' title='bbox 930 5031 1033 5087; x_wconf 90' lang='lat' dir='ltr'><strong>illis</strong></span> <span class='ocrx_word' id='word_1_384' title='bbox 1072 5034 1418 5090; x_wconf 86' lang='lat' dir='ltr'><strong>emendandis</strong></span> <span class='ocrx_word' id='word_1_385' title='bbox 1465 5037 1653 5090; x_wconf 90' lang='lat' dir='ltr'><strong>eodem</strong></span> 
     </span>
    </p>
   </div>
   <div class='ocr_carea' id='block_1_55' title="bbox 139 5097 1655 5174">
    <p class='ocr_par' dir='ltr' id='par_1_55' title="bbox 139 5097 1655 5174">
     <span class='ocr_line' id='line_1_56' title="bbox 139 5097 1655 5174; baseline 0.007 -25"><span class='ocrx_word' id='word_1_386' title='bbox 139 5097 300 5154; x_wconf 77' lang='lat' dir='ltr'><strong>Codice</strong></span> <span class='ocrx_word' id='word_1_387' title='bbox 321 5119 437 5155; x_wconf 86' lang='lat' dir='ltr'><strong>usus</strong></span> <span class='ocrx_word' id='word_1_388' title='bbox 460 5114 541 5156; x_wconf 81' lang='lat' dir='ltr'><strong>est</strong></span> <span class='ocrx_word' id='word_1_389' title='bbox 586 5105 724 5172; x_wconf 84' lang='lat' dir='ltr'><strong>idem</strong></span> <span class='ocrx_word' id='word_1_390' title='bbox 769 5101 1034 5174; x_wconf 83' lang='lat' dir='ltr'><strong>Baluzius.</strong></span> <span class='ocrx_word' id='word_1_391' title='bbox 1067 5101 1205 5156; x_wconf 90' lang='lat' dir='ltr'><strong>Inter</strong></span> <span class='ocrx_word' id='word_1_392' title='bbox 1235 5103 1350 5158; x_wconf 84' lang='lat' dir='ltr'><strong>illas</strong></span> <span class='ocrx_word' id='word_1_393' title='bbox 1389 5108 1655 5174; x_wconf 86' lang='lat' dir='ltr'><strong>reperiun-</strong></span> 
     </span>
    </p>
   </div>
   <div class='ocr_carea' id='block_1_56' title="bbox 141 5172 1654 5244">
    <p class='ocr_par' dir='ltr' id='par_1_56' title="bbox 141 5172 1654 5244">
     <span class='ocr_line' id='line_1_57' title="bbox 141 5172 1654 5244; baseline 0.007 -25"><span class='ocrx_word' id='word_1_394' title='bbox 141 5179 208 5219; x_wconf 81' lang='lat' dir='ltr'><strong>tur</strong></span> <span class='ocrx_word' id='word_1_395' title='bbox 225 5182 446 5239; x_wconf 85' lang='lat' dir='ltr'><strong>quatuor,</strong></span> <span class='ocrx_word' id='word_1_396' title='bbox 476 5187 594 5241; x_wconf 63' lang='lat' dir='ltr'><strong>quae</strong></span> <span class='ocrx_word' id='word_1_397' title='bbox 632 5181 784 5244; x_wconf 83' lang='lat' dir='ltr'><strong>certo</strong></span> <span class='ocrx_word' id='word_1_398' title='bbox 811 5172 876 5244; x_wconf 83' lang='lat' dir='ltr'><strong>ad</strong></span> <span class='ocrx_word' id='word_1_399' title='bbox 906 5175 1192 5244; x_wconf 76' lang='lat' dir='ltr'><strong>secundam</strong></span> <span class='ocrx_word' id='word_1_400' title='bbox 1241 5172 1463 5242; x_wconf 71' lang='lat' dir='ltr'><strong>stirpeni</strong></span> <span class='ocrx_word' id='word_1_401' title='bbox 1493 5178 1654 5244; x_wconf 39' lang='lat' dir='ltr'><strong>pet-ti,-</strong></span> 
     </span>
    </p>
   </div>
   <div class='ocr_carea' id='block_1_57' title="bbox 141 5241 1650 5305">
    <p class='ocr_par' dir='ltr' id='par_1_57' title="bbox 141 5241 1650 5305">
     <span class='ocr_line' id='line_1_58' title="bbox 141 5241 1650 5305; baseline 0.007 -14"><span class='ocrx_word' id='word_1_402' title='bbox 141 5252 271 5305; x_wconf 71' lang='lat' dir='ltr'><strong>tuent;</strong></span> <span class='ocrx_word' id='word_1_403' title='bbox 293 5257 375 5298; x_wconf 85' lang='lat' dir='ltr'><strong>cas</strong></span> <span class='ocrx_word' id='word_1_404' title='bbox 400 5244 552 5296; x_wconf 80' lang='lat' dir='ltr'><strong>omisi</strong></span> <span class='ocrx_word' id='word_1_405' title='bbox 592 5241 704 5296; x_wconf 90' lang='lat' dir='ltr'><strong>suis</strong></span> <span class='ocrx_word' id='word_1_406' title='bbox 731 5241 862 5295; x_wconf 85' lang='lat' dir='ltr'><strong>lucis</strong></span> <span class='ocrx_word' id='word_1_407' title='bbox 897 5241 1204 5298; x_wconf 87' lang='lat' dir='ltr'><strong>referendas</strong></span> <span class='ocrx_word' id='word_1_408' title='bbox 1233 5263 1244 5296; x_wconf 89' lang='lat'><strong>:</strong></span> <span class='ocrx_word' id='word_1_409' title='bbox 1281 5241 1444 5298; x_wconf 85' lang='lat' dir='ltr'><strong>nolim</strong></span> <span class='ocrx_word' id='word_1_410' title='bbox 1479 5241 1650 5302; x_wconf 79' lang='lat' dir='ltr'><strong>tamen</strong></span> 
     </span>
    </p>
   </div>
   <div class='ocr_carea' id='block_1_58' title="bbox 140 5313 1321 5382">
    <p class='ocr_par' dir='ltr' id='par_1_58' title="bbox 140 5313 1321 5382">
     <span class='ocr_line' id='line_1_59' title="bbox 140 5313 1321 5382; baseline 0.007 -22"><span class='ocrx_word' id='word_1_411' title='bbox 140 5313 360 5382; x_wconf 73' lang='lat' dir='ltr'><strong>allirmare</strong></span> <span class='ocrx_word' id='word_1_412' title='bbox 379 5325 593 5367; x_wconf 58' lang='lat' dir='ltr'><strong>caeteras</strong></span> <span class='ocrx_word' id='word_1_413' title='bbox 613 5313 743 5366; x_wconf 89' lang='lat' dir='ltr'><strong>alias</strong></span> <span class='ocrx_word' id='word_1_414' title='bbox 765 5326 884 5365; x_wconf 53' lang='lat' dir='ltr'><strong>esse</strong></span> <span class='ocrx_word' id='word_1_415' title='bbox 914 5315 1095 5380; x_wconf 79' lang='lat' dir='ltr'><strong>prima:</strong></span> <span class='ocrx_word' id='word_1_416' title='bbox 1120 5315 1321 5382; x_wconf 89' lang='lat' dir='ltr'><strong>stirpis.</strong></span> 
     </span>
    </p>
   </div>
   <div class='ocr_carea' id='block_1_59' title="bbox 197 5379 1650 5450">
    <p class='ocr_par' dir='ltr' id='par_1_59' title="bbox 197 5379 1650 5450">
     <span class='ocr_line' id='line_1_60' title="bbox 197 5379 1650 5450; baseline 0.007 -19"><span class='ocrx_word' id='word_1_417' title='bbox 197 5379 528 5450; x_wconf 55' lang='lat' dir='ltr'><strong>{&#39;Exetnplum</strong></span> <span class='ocrx_word' id='word_1_418' title='bbox 572 5391 657 5437; x_wconf 86' lang='lat' dir='ltr'><strong>est</strong></span> <span class='ocrx_word' id='word_1_419' title='bbox 690 5379 970 5436; x_wconf 69' lang='lat' dir='ltr'><strong>sententia:</strong></span> <span class='ocrx_word' id='word_1_420' title='bbox 1001 5383 1138 5438; x_wconf 87' lang='lat' dir='ltr'><strong>inter</strong></span> <span class='ocrx_word' id='word_1_421' title='bbox 1191 5379 1505 5439; x_wconf 82' lang='lat' dir='ltr'><strong>advocatum</strong></span> <span class='ocrx_word' id='word_1_422' title='bbox 1554 5401 1650 5441; x_wconf 90' lang='lat' dir='ltr'><strong>seu</strong></span> 
     </span>
    </p>
   </div>
   <div class='ocr_carea' id='block_1_60' title="bbox 139 5447 1646 5523">
    <p class='ocr_par' dir='ltr' id='par_1_60' title="bbox 139 5447 1646 5523">
     <span class='ocr_line' id='line_1_61' title="bbox 139 5447 1646 5523; baseline 0.007 -25"><span class='ocrx_word' id='word_1_423' title='bbox 139 5447 421 5523; x_wconf 75' lang='lat' dir='ltr'><strong>defensorem</strong></span> <span class='ocrx_word' id='word_1_424' title='bbox 451 5452 717 5523; x_wconf 61' lang='lat' dir='ltr'><strong>Ecclesiae,</strong></span> <span class='ocrx_word' id='word_1_425' title='bbox 746 5453 859 5523; x_wconf 67' lang='lat' dir='ltr'><strong>qui</strong></span> <span class='ocrx_word' id='word_1_426' title='bbox 891 5453 1129 5523; x_wconf 77' lang='lat' dir='ltr'><strong>vindicat</strong></span> <span class='ocrx_word' id='word_1_427' title='bbox 1158 5454 1387 5522; x_wconf 70' lang='lat' dir='ltr'><strong>aliquem</strong></span> <span class='ocrx_word' id='word_1_428' title='bbox 1418 5454 1470 5507; x_wconf 90' lang='lat' dir='ltr'><strong>in</strong></span> <span class='ocrx_word' id='word_1_429' title='bbox 1503 5458 1646 5510; x_wconf 83' lang='lat' dir='ltr'><strong>colo-</strong></span> 
     </span>
    </p>
   </div>
   <div class='ocr_carea' id='block_1_61' title="bbox 141 5521 1647 5592">
    <p class='ocr_par' dir='ltr' id='par_1_61' title="bbox 141 5521 1647 5592">
     <span class='ocr_line' id='line_1_62' title="bbox 141 5521 1647 5592; baseline 0.008 -23"><span class='ocrx_word' id='word_1_430' title='bbox 141 5521 383 5592; x_wconf 71' lang='lat' dir='ltr'><strong>nuntiandi</strong></span> <span class='ocrx_word' id='word_1_431' title='bbox 410 5521 776 5592; x_wconf 74' lang='lat' dir='ltr'><strong>ecclesiastici,</strong></span> <span class='ocrx_word' id='word_1_432' title='bbox 808 5529 865 5591; x_wconf 81' lang='lat' dir='ltr'><strong>et</strong></span> <span class='ocrx_word' id='word_1_433' title='bbox 894 5523 1061 5592; x_wconf 76' lang='lat' dir='ltr'><strong>ipsum</strong></span> <span class='ocrx_word' id='word_1_434' title='bbox 1091 5521 1361 5590; x_wconf 83' lang='lat' dir='ltr'><strong>colonum,</strong></span> <span class='ocrx_word' id='word_1_435' title='bbox 1389 5525 1478 5592; x_wconf 90' lang='lat' dir='ltr'><strong>qui</strong></span> <span class='ocrx_word' id='word_1_436' title='bbox 1501 5540 1647 5581; x_wconf 82' lang='lat' dir='ltr'><strong>asse-</strong></span> 
     </span>
    </p>
   </div>
   <div class='ocr_carea' id='block_1_62' title="bbox 139 5590 1644 5663">
    <p class='ocr_par' dir='ltr' id='par_1_62' title="bbox 139 5590 1644 5663">
     <span class='ocr_line' id='line_1_63' title="bbox 139 5590 1644 5663; baseline 0.007 -24"><span class='ocrx_word' id='word_1_437' title='bbox 139 5590 258 5663; x_wconf 79' lang='lat' dir='ltr'><strong>rebat</strong></span> <span class='ocrx_word' id='word_1_438' title='bbox 278 5607 330 5663; x_wconf 79' lang='lat' dir='ltr'><strong>se</strong></span> <span class='ocrx_word' id='word_1_439' title='bbox 357 5590 602 5648; x_wconf 87' lang='lat' dir='ltr'><strong>liberum._</strong></span> <span class='ocrx_word' id='word_1_440' title='bbox 623 5591 728 5645; x_wconf 89' lang='lat' dir='ltr'><strong>Sed</strong></span> <span class='ocrx_word' id='word_1_441' title='bbox 759 5590 879 5643; x_wconf 85' lang='lat' dir='ltr'><strong>cum</strong></span> <span class='ocrx_word' id='word_1_442' title='bbox 901 5591 954 5646; x_wconf 90' lang='lat' dir='ltr'><strong>id</strong></span> <span class='ocrx_word' id='word_1_443' title='bbox 977 5595 1202 5663; x_wconf 88' lang='lat' dir='ltr'><strong>probare</strong></span> <span class='ocrx_word' id='word_1_444' title='bbox 1227 5610 1332 5648; x_wconf 91' lang='lat' dir='ltr'><strong>non</strong></span> <span class='ocrx_word' id='word_1_445' title='bbox 1365 5590 1644 5663; x_wconf 56' lang='lat' dir='ltr'><strong>potuiSset,</strong></span> 
     </span>
    </p>
   </div>
   <div class='ocr_carea' id='block_1_63' title="bbox 139 5661 1646 5733">
    <p class='ocr_par' dir='ltr' id='par_1_63' title="bbox 139 5661 1646 5733">
     <span class='ocr_line' id='line_1_64' title="bbox 139 5661 1646 5733; baseline 0.007 -24"><span class='ocrx_word' id='word_1_446' title='bbox 139 5676 190 5733; x_wconf 67' lang='lat' dir='ltr'><strong>ne</strong></span> <span class='ocrx_word' id='word_1_447' title='bbox 209 5661 280 5714; x_wconf 83' lang='lat' dir='ltr'><strong>die</strong></span> <span class='ocrx_word' id='word_1_448' title='bbox 302 5661 429 5715; x_wconf 86' lang='lat' dir='ltr'><strong>dicta</strong></span> <span class='ocrx_word' id='word_1_449' title='bbox 474 5664 546 5733; x_wconf 86' lang='lat' dir='ltr'><strong>ad</strong></span> <span class='ocrx_word' id='word_1_450' title='bbox 576 5661 1118 5733; x_wconf 63' lang='lat' dir='ltr'><strong>sacratnentutn&#39;cum</strong></span> <span class='ocrx_word' id='word_1_451' title='bbox 1147 5664 1263 5718; x_wconf 88' lang='lat' dir='ltr'><strong>aliis</strong></span> <span class='ocrx_word' id='word_1_452' title='bbox 1294 5661 1646 5733; x_wconf 73' lang='lat' dir='ltr'><strong>praestandum</strong></span> 
     </span>
    </p>
   </div>
   <div class='ocr_carea' id='block_1_64' title="bbox 140 5727 1646 5804">
    <p class='ocr_par' dir='ltr' id='par_1_64' title="bbox 140 5727 1646 5804">
     <span class='ocr_line' id='line_1_65' title="bbox 140 5727 1646 5804; baseline 0.01 -30"><span class='ocrx_word' id='word_1_453' title='bbox 140 5727 367 5804; x_wconf 68' lang='lat' dir='ltr'><strong>idinissct,</strong></span> <span class='ocrx_word' id='word_1_454' title='bbox 397 5732 676 5804; x_wconf 81' lang='lat' dir='ltr'><strong>convictus</strong></span> <span class='ocrx_word' id='word_1_455' title='bbox 703 5731 813 5804; x_wconf 81' lang='lat' dir='ltr'><strong>ipse</strong></span> <span class='ocrx_word' id='word_1_456' title='bbox 833 5727 1044 5798; x_wconf 85' lang='lat' dir='ltr'><strong>agnovit</strong></span> <span class='ocrx_word' id='word_1_457' title='bbox 1071 5727 1430 5804; x_wconf 49' lang='lat' dir='ltr'><strong>SQCOIOl-IUIII.</strong></span> <span class='ocrx_word' id='word_1_458' title='bbox 1462 5733 1646 5804; x_wconf 82' lang='lat' dir='ltr'><strong>Itaque</strong></span> 
     </span>
    </p>
   </div>
   <div class='ocr_carea' id='block_1_65' title="bbox 140 5801 1648 5870">
    <p class='ocr_par' dir='ltr' id='par_1_65' title="bbox 140 5801 1648 5870">
     <span class='ocr_line' id='line_1_66' title="bbox 140 5801 1648 5870; baseline 0.007 -20"><span class='ocrx_word' id='word_1_459' title='bbox 140 5801 454 5861; x_wconf 65' lang='lat' dir='ltr'><strong>perticarium</strong></span> <span class='ocrx_word' id='word_1_460' title='bbox 482 5801 698 5855; x_wconf 85' lang='lat' dir='ltr'><strong>comitis</strong></span> <span class='ocrx_word' id='word_1_461' title='bbox 741 5801 1002 5857; x_wconf 86' lang='lat' dir='ltr'><strong>advocato</strong></span> <span class='ocrx_word' id='word_1_462' title='bbox 1029 5803 1261 5858; x_wconf 85' lang='lat' dir='ltr'><strong>redditus</strong></span> <span class='ocrx_word' id='word_1_463' title='bbox 1306 5814 1408 5858; x_wconf 76' lang='lat' dir='ltr'><strong>est.</strong></span> <span class='ocrx_word' id='word_1_464' title='bbox 1439 5801 1648 5870; x_wconf 34' lang='lat' dir='ltr'><strong>Qua—dc</strong></span> 
     </span>
    </p>
   </div>
   <div class='ocr_carea' id='block_1_66' title="bbox 144 5871 1654 5939">
    <p class='ocr_par' dir='ltr' id='par_1_66' title="bbox 144 5871 1654 5939">
     <span class='ocr_line' id='line_1_67' title="bbox 144 5871 1654 5939; baseline 0.005 -16"><span class='ocrx_word' id='word_1_465' title='bbox 144 5881 185 5918; x_wconf 80' lang='lat' dir='ltr'><strong>Ic</strong></span> <span class='ocrx_word' id='word_1_466' title='bbox 225 5871 476 5928; x_wconf 79' lang='lat' dir='ltr'><strong>conficitur</strong></span> <span class='ocrx_word' id='word_1_467' title='bbox 507 5873 918 5927; x_wconf 60' lang='lat' dir='ltr'><strong>instrumentum</strong></span> <span class='ocrx_word' id='word_1_468' title='bbox 943 5911 957 5939; x_wconf 93' lang='lat'><strong>,</strong></span> <span class='ocrx_word' id='word_1_469' title='bbox 1007 5884 1064 5930; x_wconf 90' lang='lat' dir='ltr'><strong>ut</strong></span> <span class='ocrx_word' id='word_1_470' title='bbox 1091 5874 1337 5932; x_wconf 85' lang='lat' dir='ltr'><strong>omnibus</strong></span> <span class='ocrx_word' id='word_1_471' title='bbox 1366 5875 1416 5930; x_wconf 93' lang='lat' dir='ltr'><strong>id</strong></span> <span class='ocrx_word' id='word_1_472' title='bbox 1470 5886 1654 5931; x_wconf 85' lang='lat' dir='ltr'><strong>notum</strong></span> 
     </span>
    </p>
   </div>
   <div class='ocr_carea' id='block_1_67' title="bbox 1724 1843 3357 1926">
    <p class='ocr_par' dir='ltr' id='par_1_67' title="bbox 1724 1843 3357 1926">
     <span class='ocr_line' id='line_1_68' title="bbox 1724 1843 3357 1926; baseline 0.013 -32"><span class='ocrx_word' id='word_1_473' title='bbox 1724 1845 1766 1902; x_wconf 78' lang='grc' dir='ltr'><strong>Α</strong></span> <span class='ocrx_word' id='word_1_474' title='bbox 1797 1843 2038 1926; x_wconf 60' lang='lat' dir='ltr'><strong>fistulam</strong></span> <span class='ocrx_word' id='word_1_475' title='bbox 2069 1845 2211 1926; x_wconf 77' lang='lat' dir='ltr'><strong>visus</strong></span> <span class='ocrx_word' id='word_1_476' title='bbox 2241 1846 2339 1900; x_wconf 90' lang='lat' dir='ltr'><strong>fuit</strong></span> <span class='ocrx_word' id='word_1_477' title='bbox 2367 1847 2972 1926; x_wconf 33' lang='lat' dir='ltr'><strong>adrhamire,.et_taliter</strong></span> <span class='ocrx_word' id='word_1_478' title='bbox 2999 1855 3049 1908; x_wconf 91' lang='lat' dir='ltr'><strong>ei</strong></span> <span class='ocrx_word' id='word_1_479' title='bbox 3088 1856 3184 1910; x_wconf 89' lang='lat' dir='ltr'><strong>fuit</strong></span> <span class='ocrx_word' id='word_1_480' title='bbox 3215 1860 3357 1926; x_wconf 77' lang='lat' dir='ltr'><strong>judi~</strong></span> 
     </span>
    </p>
   </div>
   <div class='ocr_carea' id='block_1_68' title="bbox 1794 1916 3356 1994">
    <p class='ocr_par' dir='ltr' id='par_1_68' title="bbox 1794 1916 3356 1994">
     <span class='ocr_line' id='line_1_69' title="bbox 1794 1916 3356 1994; baseline 0.012 -28"><span class='ocrx_word' id='word_1_481' title='bbox 1794 1923 1996 1994; x_wconf 80' lang='lat' dir='ltr'><strong>catum.</strong></span> <span class='ocrx_word' id='word_1_482' title='bbox 2026 1930 2076 1968; x_wconf 87' lang='lat' dir='ltr'><strong>ut</strong></span> <span class='ocrx_word' id='word_1_483' title='bbox 2103 1916 2203 1969; x_wconf 88' lang='lat' dir='ltr'><strong>hac</strong></span> <span class='ocrx_word' id='word_1_484' title='bbox 2219 1931 2376 1994; x_wconf 72' lang='lat' dir='ltr'><strong>causa</strong></span> <span class='ocrx_word' id='word_1_485' title='bbox 2408 1918 2544 1986; x_wconf 88' lang='lat' dir='ltr'><strong>apud</strong></span> <span class='ocrx_word' id='word_1_486' title='bbox 2569 1918 2920 1987; x_wconf 80' lang='lat' dir='ltr'><strong>proximiores</strong></span> <span class='ocrx_word' id='word_1_487' title='bbox 2940 1937 3184 1991; x_wconf 88' lang='lat' dir='ltr'><strong>parentes</strong></span> <span class='ocrx_word' id='word_1_488' title='bbox 3212 1916 3356 1994; x_wconf 73' lang='lat' dir='ltr'><strong>suos,</strong></span> 
     </span>
    </p>
   </div>
   <div class='ocr_carea' id='block_1_69' title="bbox 1793 1984 3354 2066">
    <p class='ocr_par' dir='ltr' id='par_1_69' title="bbox 1793 1984 3354 2066">
     <span class='ocr_line' id='line_1_70' title="bbox 1793 1984 3354 2066; baseline 0.012 -31"><span class='ocrx_word' id='word_1_489' title='bbox 1793 1984 2001 2062; x_wconf 77' lang='lat' dir='ltr'><strong>octode</strong></span> <span class='ocrx_word' id='word_1_490' title='bbox 2031 1995 2185 2052; x_wconf 88' lang='lat' dir='ltr'><strong>parte</strong></span> <span class='ocrx_word' id='word_1_491' title='bbox 2213 1984 2455 2066; x_wconf 66' lang='lat' dir='ltr'><strong>genitore</strong></span> <span class='ocrx_word' id='word_1_492' title='bbox 2495 1984 2623 2066; x_wconf 74' lang='lat' dir='ltr'><strong>suo,</strong></span> <span class='ocrx_word' id='word_1_493' title='bbox 2663 1998 2718 2041; x_wconf 87' lang='lat' dir='ltr'><strong>et</strong></span> <span class='ocrx_word' id='word_1_494' title='bbox 2746 1984 2975 2057; x_wconf 70' lang='lat' dir='ltr'><strong>qttatuor</strong></span> <span class='ocrx_word' id='word_1_495' title='bbox 2995 1995 3062 2066; x_wconf 81' lang='lat' dir='ltr'><strong>de</strong></span> <span class='ocrx_word' id='word_1_496' title='bbox 3092 2007 3238 2063; x_wconf 90' lang='lat' dir='ltr'><strong>parte</strong></span> <span class='ocrx_word' id='word_1_497' title='bbox 3265 1984 3354 2066; x_wconf 44' lang='lat' dir='ltr'><strong>ge:</strong></span> 
     </span>
    </p>
   </div>
   <div class='ocr_carea' id='block_1_70' title="bbox 1795 2057 3358 2130">
    <p class='ocr_par' dir='ltr' id='par_1_70' title="bbox 1795 2057 3358 2130">
     <span class='ocr_line' id='line_1_71' title="bbox 1795 2057 3358 2130; baseline 0.013 -28"><span class='ocrx_word' id='word_1_498' title='bbox 1795 2057 2010 2107; x_wconf 64' lang='lat' dir='ltr'><strong>netricaa</strong></span> <span class='ocrx_word' id='word_1_499' title='bbox 2032 2070 2138 2130; x_wconf 65' lang='lat' dir='ltr'><strong>sua;</strong></span> <span class='ocrx_word' id='word_1_500' title='bbox 2156 2093 2169 2116; x_wconf 96' lang='lat'><strong>,</strong></span> <span class='ocrx_word' id='word_1_501' title='bbox 2188 2057 2241 2130; x_wconf 34' lang='lat' dir='ltr'><strong>‘si</strong></span> <span class='ocrx_word' id='word_1_502' title='bbox 2272 2059 2570 2130; x_wconf 70' lang='lat' dir='ltr'><strong>prmtttortui</strong></span> <span class='ocrx_word' id='word_1_503' title='bbox 2603 2074 2707 2110; x_wconf 92' lang='lat' dir='ltr'><strong>non</strong></span> <span class='ocrx_word' id='word_1_504' title='bbox 2734 2069 2875 2130; x_wconf 83' lang='lat' dir='ltr'><strong>sunt,</strong></span> <span class='ocrx_word' id='word_1_505' title='bbox 2903 2071 2956 2114; x_wconf 88' lang='lat' dir='ltr'><strong>et</strong></span> <span class='ocrx_word' id='word_1_506' title='bbox 2981 2064 3024 2113; x_wconf 87' lang='lat' dir='ltr'><strong>si</strong></span> <span class='ocrx_word' id='word_1_507' title='bbox 3054 2057 3358 2130; x_wconf 61' lang='lat' dir='ltr'><strong>prarntorini</strong></span> 
     </span>
    </p>
   </div>
   <div class='ocr_carea' id='block_1_71' title="bbox 1790 2125 3358 2199">
    <p class='ocr_par' dir='ltr' id='par_1_71' title="bbox 1790 2125 3358 2199">
     <span class='ocr_line' id='line_1_72' title="bbox 1790 2125 3358 2199; baseline 0.014 -29"><span class='ocrx_word' id='word_1_508' title='bbox 1790 2131 1934 2199; x_wconf 77' lang='lat' dir='ltr'><strong>sunt,</strong></span> <span class='ocrx_word' id='word_1_509' title='bbox 1964 2126 2126 2199; x_wconf 53' lang='lat' dir='ltr'><strong>apud</strong></span> <span class='ocrx_word' id='word_1_510' title='bbox 2169 2125 2445 2199; x_wconf 75' lang='lat' dir='ltr'><strong>duodecim</strong></span> <span class='ocrx_word' id='word_1_511' title='bbox 2473 2125 2704 2199; x_wconf 76' lang='lat' dir='ltr'><strong>francns,</strong></span> <span class='ocrx_word' id='word_1_512' title='bbox 2747 2129 2880 2184; x_wconf 87' lang='lat' dir='ltr'><strong>tales</strong></span> <span class='ocrx_word' id='word_1_513' title='bbox 2922 2125 3131 2199; x_wconf 83' lang='lat' dir='ltr'><strong>qualem</strong></span> <span class='ocrx_word' id='word_1_514' title='bbox 3157 2152 3213 2187; x_wconf 74' lang='lat' dir='ltr'><strong>se</strong></span> <span class='ocrx_word' id='word_1_515' title='bbox 3242 2152 3358 2192; x_wconf 83' lang='lat' dir='ltr'><strong>esse</strong></span> 
     </span>
    </p>
   </div>
   <div class='ocr_carea' id='block_1_72' title="bbox 1788 2187 3355 2267">
    <p class='ocr_par' dir='ltr' id='par_1_72' title="bbox 1788 2187 3355 2267">
     <span class='ocr_line' id='line_1_73' title="bbox 1788 2187 3355 2267; baseline 0.013 -26"><span class='ocrx_word' id='word_1_516' title='bbox 1788 2187 1937 2254; x_wconf 58' lang='lat' dir='ltr'><strong>derit,</strong></span> <span class='ocrx_word' id='word_1_517' title='bbox 1963 2187 2131 2245; x_wconf 53' lang='lat' dir='ltr'><strong>in&#39;illo</strong></span> <span class='ocrx_word' id='word_1_518' title='bbox 2173 2204 2370 2259; x_wconf 83' lang='lat' dir='ltr'><strong>castro,</strong></span> <span class='ocrx_word' id='word_1_519' title='bbox 2406 2198 2456 2248; x_wconf 92' lang='lat' dir='ltr'><strong>in</strong></span> <span class='ocrx_word' id='word_1_520' title='bbox 2498 2187 2710 2251; x_wconf 83' lang='lat' dir='ltr'><strong>basilica</strong></span> <span class='ocrx_word' id='word_1_521' title='bbox 2741 2187 3074 2267; x_wconf 53' lang='lat' dir='ltr'><strong>sancto&#39;illo,</strong></span> <span class='ocrx_word' id='word_1_522' title='bbox 3110 2207 3194 2257; x_wconf 86' lang='lat' dir='ltr'><strong>ubi</strong></span> <span class='ocrx_word' id='word_1_523' title='bbox 3227 2187 3355 2260; x_wconf 54' lang='lat' dir='ltr'><strong>reli;</strong></span> 
     </span>
    </p>
   </div>
   <div class='ocr_carea' id='block_1_73' title="bbox 1787 2269 3348 2337">
    <p class='ocr_par' dir='ltr' id='par_1_73' title="bbox 1787 2269 3348 2337">
     <span class='ocr_line' id='line_1_74' title="bbox 1787 2269 3348 2337; baseline 0.012 -27"><span class='ocrx_word' id='word_1_524' title='bbox 1787 2271 1892 2336; x_wconf 70' lang='lat' dir='ltr'><strong>qua</strong></span> <span class='ocrx_word' id='word_1_525' title='bbox 1923 2272 2610 2337; x_wconf 78' lang='lat' dir='ltr'><strong>sacramentapercurrunt,</strong></span> <span class='ocrx_word' id='word_1_526' title='bbox 2644 2269 2695 2320; x_wconf 89' lang='lat' dir='ltr'><strong>in</strong></span> <span class='ocrx_word' id='word_1_527' title='bbox 2727 2277 2749 2313; x_wconf 73' lang='lat' dir='ltr'><strong>t5</strong></span> <span class='ocrx_word' id='word_1_528' title='bbox 2780 2272 3125 2337; x_wconf 78' lang='lat' dir='ltr'><strong>quadraginta</strong></span> <span class='ocrx_word' id='word_1_529' title='bbox 3164 2287 3348 2329; x_wconf 82' lang='lat' dir='ltr'><strong>noctes</strong></span> 
     </span>
    </p>
   </div>
   <div class='ocr_carea' id='block_1_74' title="bbox 1790 2333 3356 2408">
    <p class='ocr_par' dir='ltr' id='par_1_74' title="bbox 1790 2333 3356 2408">
     <span class='ocr_line' id='line_1_75' title="bbox 1790 2333 3356 2408; baseline 0.014 -30"><span class='ocrx_word' id='word_1_530' title='bbox 1790 2333 1841 2379; x_wconf 89' lang='lat' dir='ltr'><strong>in</strong></span> <span class='ocrx_word' id='word_1_531' title='bbox 1876 2334 2120 2408; x_wconf 79' lang='lat' dir='ltr'><strong>proximo</strong></span> <span class='ocrx_word' id='word_1_532' title='bbox 2158 2333 2319 2387; x_wconf 83' lang='lat' dir='ltr'><strong>mallo</strong></span> <span class='ocrx_word' id='word_1_533' title='bbox 2351 2344 2471 2403; x_wconf 81' lang='lat' dir='ltr'><strong>post</strong></span> <span class='ocrx_word' id='word_1_534' title='bbox 2499 2336 2730 2390; x_wconf 87' lang='lat' dir='ltr'><strong>bannutn</strong></span> <span class='ocrx_word' id='word_1_535' title='bbox 2776 2333 3009 2394; x_wconf 68' lang='lat' dir='ltr'><strong>resisuni</strong></span> <span class='ocrx_word' id='word_1_536' title='bbox 3035 2342 3135 2396; x_wconf 87' lang='lat' dir='ltr'><strong>hoc</strong></span> <span class='ocrx_word' id='word_1_537' title='bbox 3164 2344 3356 2400; x_wconf 80' lang='lat' dir='ltr'><strong>debeat</strong></span> 
     </span>
    </p>
   </div>
   <div class='ocr_carea' id='block_1_75' title="bbox 1790 2412 2098 2467">
    <p class='ocr_par' dir='ltr' id='par_1_75' title="bbox 1790 2412 2098 2467">
     <span class='ocr_line' id='line_1_76' title="bbox 1790 2412 2098 2467; baseline 0.006 -16"><span class='ocrx_word' id='word_1_538' title='bbox 1790 2412 2098 2467; x_wconf 77' lang='lat' dir='ltr'><strong>conjurare.</strong></span> 
     </span>
    </p>
   </div>
   <div class='ocr_carea' id='block_1_76' title="bbox 2285 2491 2881 2548">
    <p class='ocr_par' dir='ltr' id='par_1_76' title="bbox 2285 2491 2881 2548">
     <span class='ocr_line' id='line_1_77' title="bbox 2285 2491 2881 2548; baseline 0.003 -2"><span class='ocrx_word' id='word_1_539' title='bbox 2285 2491 2366 2546; x_wconf 86' lang='lat' dir='ltr'><strong>Ill.</strong></span> <span class='ocrx_word' id='word_1_540' title='bbox 2402 2491 2602 2547; x_wconf 78' lang='lat' dir='ltr'><strong>Notitia</strong></span> <span class='ocrx_word' id='word_1_541' title='bbox 2631 2494 2691 2547; x_wconf 80' lang='lat' dir='ltr'><strong>de</strong></span> <span class='ocrx_word' id='word_1_542' title='bbox 2719 2511 2881 2548; x_wconf 75' lang='lat' dir='ltr'><strong>servo.</strong></span> 
     </span>
    </p>
   </div>
   <div class='ocr_carea' id='block_1_77' title="bbox 1858 2599 3353 2674">
    <p class='ocr_par' dir='ltr' id='par_1_77' title="bbox 1858 2599 3353 2674">
     <span class='ocr_line' id='line_1_78' title="bbox 1858 2599 3353 2674; baseline 0.011 -21"><span class='ocrx_word' id='word_1_543' title='bbox 1858 2599 2054 2674; x_wconf 80' lang='lat' dir='ltr'><strong>Notitia</strong></span> <span class='ocrx_word' id='word_1_544' title='bbox 2102 2603 2333 2670; x_wconf 83' lang='lat' dir='ltr'><strong>qualiter</strong></span> <span class='ocrx_word' id='word_1_545' title='bbox 2378 2606 2460 2659; x_wconf 87' lang='lat' dir='ltr'><strong>vel</strong></span> <span class='ocrx_word' id='word_1_546' title='bbox 2491 2607 2681 2674; x_wconf 89' lang='lat' dir='ltr'><strong>quibus</strong></span> <span class='ocrx_word' id='word_1_547' title='bbox 2737 2610 3086 2674; x_wconf 70' lang='lat' dir='ltr'><strong>przcsentihus</strong></span> <span class='ocrx_word' id='word_1_548' title='bbox 3133 2616 3353 2670; x_wconf 88' lang='lat' dir='ltr'><strong>veniens</strong></span> 
     </span>
    </p>
   </div>
   <div class='ocr_carea' id='block_1_78' title="bbox 1785 2670 3346 2739">
    <p class='ocr_par' dir='ltr' id='par_1_78' title="bbox 1785 2670 3346 2739">
     <span class='ocr_line' id='line_1_79' title="bbox 1785 2670 3346 2739; baseline 0.009 -15"><span class='ocrx_word' id='word_1_549' title='bbox 1785 2670 1875 2724; x_wconf 90' lang='lat' dir='ltr'><strong>ille</strong></span> <span class='ocrx_word' id='word_1_550' title='bbox 1905 2671 1954 2723; x_wconf 93' lang='lat' dir='ltr'><strong>in</strong></span> <span class='ocrx_word' id='word_1_551' title='bbox 2009 2688 2165 2727; x_wconf 87' lang='lat' dir='ltr'><strong>causa</strong></span> <span class='ocrx_word' id='word_1_552' title='bbox 2213 2670 2522 2728; x_wconf 80' lang='lat' dir='ltr'><strong>monasterii</strong></span> <span class='ocrx_word' id='word_1_553' title='bbox 2548 2678 2712 2730; x_wconf 78' lang='lat' dir='ltr'><strong>sancti</strong></span> <span class='ocrx_word' id='word_1_554' title='bbox 2738 2670 2915 2739; x_wconf 55' lang='lat' dir='ltr'><strong>&#39;illius,</strong></span> <span class='ocrx_word' id='word_1_555' title='bbox 2948 2681 3180 2734; x_wconf 85' lang='lat' dir='ltr'><strong>civitatis</strong></span> <span class='ocrx_word' id='word_1_556' title='bbox 3209 2684 3346 2738; x_wconf 90' lang='lat' dir='ltr'><strong>illius</strong></span> 
     </span>
    </p>
   </div>
   <div class='ocr_carea' id='block_1_79' title="bbox 1785 2741 3353 2807">
    <p class='ocr_par' dir='ltr' id='par_1_79' title="bbox 1785 2741 3353 2807">
     <span class='ocr_line' id='line_1_80' title="bbox 1785 2741 3353 2807; baseline 0.013 -21"><span class='ocrx_word' id='word_1_557' title='bbox 1785 2741 2058 2806; x_wconf 74' lang='lat' dir='ltr'><strong>pontifici,</strong></span> <span class='ocrx_word' id='word_1_558' title='bbox 2110 2743 2174 2795; x_wconf 89' lang='lat' dir='ltr'><strong>ad</strong></span> <span class='ocrx_word' id='word_1_559' title='bbox 2221 2745 2389 2797; x_wconf 87' lang='lat' dir='ltr'><strong>vicem</strong></span> <span class='ocrx_word' id='word_1_560' title='bbox 2421 2746 2724 2801; x_wconf 87' lang='lat' dir='ltr'><strong>venerabile</strong></span> <span class='ocrx_word' id='word_1_561' title='bbox 2767 2749 2879 2800; x_wconf 90' lang='lat' dir='ltr'><strong>viro</strong></span> <span class='ocrx_word' id='word_1_562' title='bbox 2931 2750 3020 2802; x_wconf 92' lang='lat' dir='ltr'><strong>illo</strong></span> <span class='ocrx_word' id='word_1_563' title='bbox 3048 2751 3238 2805; x_wconf 85' lang='lat' dir='ltr'><strong>abbate</strong></span> <span class='ocrx_word' id='word_1_564' title='bbox 3285 2755 3353 2807; x_wconf 90' lang='lat' dir='ltr'><strong>de</strong></span> 
     </span>
    </p>
   </div>
   <div class='ocr_carea' id='block_1_80' title="bbox 1783 2809 3351 2881">
    <p class='ocr_par' dir='ltr' id='par_1_80' title="bbox 1783 2809 3351 2881">
     <span class='ocr_line' id='line_1_81' title="bbox 1783 2809 3351 2881; baseline 0.01 -23"><span class='ocrx_word' id='word_1_565' title='bbox 1783 2809 2032 2881; x_wconf 66' lang='lat' dir='ltr'><strong>praedicto</strong></span> <span class='ocrx_word' id='word_1_566' title='bbox 2065 2814 2391 2867; x_wconf 84' lang='lat' dir='ltr'><strong>monasterio</strong></span> <span class='ocrx_word' id='word_1_567' title='bbox 2411 2856 2426 2875; x_wconf 82' lang='lat'><strong>,</strong></span> <span class='ocrx_word' id='word_1_568' title='bbox 2455 2816 2538 2868; x_wconf 88' lang='lat' dir='ltr'><strong>die</strong></span> <span class='ocrx_word' id='word_1_569' title='bbox 2569 2816 2678 2878; x_wconf 87' lang='lat' dir='ltr'><strong>illo,</strong></span> <span class='ocrx_word' id='word_1_570' title='bbox 2725 2817 2810 2869; x_wconf 91' lang='lat' dir='ltr'><strong>illa</strong></span> <span class='ocrx_word' id='word_1_571' title='bbox 2840 2819 3075 2881; x_wconf 77' lang='lat' dir='ltr'><strong>civitate,</strong></span> <span class='ocrx_word' id='word_1_572' title='bbox 3108 2821 3157 2873; x_wconf 90' lang='lat' dir='ltr'><strong>in</strong></span> <span class='ocrx_word' id='word_1_573' title='bbox 3190 2823 3351 2875; x_wconf 88' lang='lat' dir='ltr'><strong>tnallo</strong></span> 
     </span>
    </p>
   </div>
   <div class='ocr_carea' id='block_1_81' title="bbox 1783 2877 3351 2950">
    <p class='ocr_par' dir='ltr' id='par_1_81' title="bbox 1783 2877 3351 2950">
     <span class='ocr_line' id='line_1_82' title="bbox 1783 2877 3351 2950; baseline 0.011 -23"><span class='ocrx_word' id='word_1_574' title='bbox 1783 2877 2020 2950; x_wconf 85' lang='lat' dir='ltr'><strong>publico,</strong></span> <span class='ocrx_word' id='word_1_575' title='bbox 2053 2890 2177 2934; x_wconf 90' lang='lat' dir='ltr'><strong>ante</strong></span> <span class='ocrx_word' id='word_1_576' title='bbox 2224 2882 2446 2936; x_wconf 86' lang='lat' dir='ltr'><strong>inlustre</strong></span> <span class='ocrx_word' id='word_1_577' title='bbox 2494 2889 2606 2938; x_wconf 91' lang='lat' dir='ltr'><strong>viro</strong></span> <span class='ocrx_word' id='word_1_578' title='bbox 2639 2877 2728 2940; x_wconf 87' lang='lat' dir='ltr'><strong>illo</strong></span> <span class='ocrx_word' id='word_1_579' title='bbox 2758 2889 2970 2950; x_wconf 85' lang='lat' dir='ltr'><strong>comite,</strong></span> <span class='ocrx_word' id='word_1_580' title='bbox 3011 2877 3072 2942; x_wconf 80' lang='lat' dir='ltr'><strong>et</strong></span> <span class='ocrx_word' id='word_1_581' title='bbox 3112 2900 3233 2943; x_wconf 90' lang='lat' dir='ltr'><strong>ante</strong></span> <span class='ocrx_word' id='word_1_582' title='bbox 3263 2893 3351 2945; x_wconf 89' lang='lat' dir='ltr'><strong>illo</strong></span> 
     </span>
    </p>
   </div>
   <div class='ocr_carea' id='block_1_82' title="bbox 1782 2948 3350 3028">
    <p class='ocr_par' dir='ltr' id='par_1_82' title="bbox 1782 2948 3350 3028">
     <span class='ocr_line' id='line_1_83' title="bbox 1782 2948 3350 3028; baseline 0.01 -28"><span class='ocrx_word' id='word_1_583' title='bbox 1782 2948 2060 3028; x_wconf 72' lang='lat' dir='ltr'><strong>episeopo,</strong></span> <span class='ocrx_word' id='word_1_584' title='bbox 2084 2950 2166 3028; x_wconf 70' lang='lat' dir='ltr'><strong>vel</strong></span> <span class='ocrx_word' id='word_1_585' title='bbox 2199 2950 2315 3028; x_wconf 78' lang='lat' dir='ltr'><strong>aliis</strong></span> <span class='ocrx_word' id='word_1_586' title='bbox 2344 2953 2523 3028; x_wconf 79' lang='lat' dir='ltr'><strong>plures</strong></span> <span class='ocrx_word' id='word_1_587' title='bbox 2554 2955 2849 3028; x_wconf 70' lang='lat' dir='ltr'><strong>magnificis</strong></span> <span class='ocrx_word' id='word_1_588' title='bbox 2875 2948 2998 3011; x_wconf 88' lang='lat' dir='ltr'><strong>viris</strong></span> <span class='ocrx_word' id='word_1_589' title='bbox 3035 2976 3120 3028; x_wconf 82' lang='lat' dir='ltr'><strong>qut</strong></span> <span class='ocrx_word' id='word_1_590' title='bbox 3157 2960 3350 3014; x_wconf 89' lang='lat' dir='ltr'><strong>ibidem</strong></span> 
     </span>
    </p>
   </div>
   <div class='ocr_carea' id='block_1_83' title="bbox 1782 3015 3353 3091">
    <p class='ocr_par' dir='ltr' id='par_1_83' title="bbox 1782 3015 3353 3091">
     <span class='ocr_line' id='line_1_84' title="bbox 1782 3015 3353 3091; baseline 0.007 -20"><span class='ocrx_word' id='word_1_591' title='bbox 1782 3015 2122 3091; x_wconf 73' lang='lat' dir='ltr'><strong>resedebant,</strong></span> <span class='ocrx_word' id='word_1_592' title='bbox 2147 3015 2362 3075; x_wconf 80' lang='lat' dir='ltr'><strong>homine</strong></span> <span class='ocrx_word' id='word_1_593' title='bbox 2409 3023 2587 3091; x_wconf 86' lang='lat' dir='ltr'><strong>aliquo</strong></span> <span class='ocrx_word' id='word_1_594' title='bbox 2621 3015 2811 3078; x_wconf 59' lang='lat' dir='ltr'><strong>tremen</strong></span> <span class='ocrx_word' id='word_1_595' title='bbox 2840 3025 2928 3080; x_wconf 88' lang='lat' dir='ltr'><strong>illo</strong></span> <span class='ocrx_word' id='word_1_596' title='bbox 2957 3015 3148 3082; x_wconf 77' lang='lat' dir='ltr'><strong>ibidem</strong></span> <span class='ocrx_word' id='word_1_597' title='bbox 3193 3031 3353 3084; x_wconf 88' lang='lat' dir='ltr'><strong>inter-</strong></span> 
     </span>
    </p>
   </div>
   <div class='ocr_carea' id='block_1_84' title="bbox 1782 3087 3351 3158">
    <p class='ocr_par' dir='ltr' id='par_1_84' title="bbox 1782 3087 3351 3158">
     <span class='ocr_line' id='line_1_85' title="bbox 1782 3087 3351 3158; baseline 0.01 -20"><span class='ocrx_word' id='word_1_598' title='bbox 1782 3087 2013 3155; x_wconf 85' lang='lat' dir='ltr'><strong>pellabat</strong></span> <span class='ocrx_word' id='word_1_599' title='bbox 2058 3089 2238 3144; x_wconf 90' lang='lat' dir='ltr'><strong>dicens</strong></span> <span class='ocrx_word' id='word_1_600' title='bbox 2287 3106 2352 3144; x_wconf 90' lang='lat' dir='ltr'><strong>eo</strong></span> <span class='ocrx_word' id='word_1_601' title='bbox 2400 3087 2542 3158; x_wconf 76' lang='lat' dir='ltr'><strong>quod</strong></span> <span class='ocrx_word' id='word_1_602' title='bbox 2599 3110 2784 3147; x_wconf 71' lang='lat' dir='ltr'><strong>servus</strong></span> <span class='ocrx_word' id='word_1_603' title='bbox 2832 3101 3137 3152; x_wconf 85' lang='lat' dir='ltr'><strong>monasterii</strong></span> <span class='ocrx_word' id='word_1_604' title='bbox 3183 3103 3351 3154; x_wconf 83' lang='lat' dir='ltr'><strong>sancti</strong></span> 
     </span>
    </p>
   </div>
   <div class='ocr_carea' id='block_1_85' title="bbox 1789 3158 3351 3232">
    <p class='ocr_par' dir='ltr' id='par_1_85' title="bbox 1789 3158 3351 3232">
     <span class='ocr_line' id='line_1_86' title="bbox 1789 3158 3351 3232; baseline 0.01 -24"><span class='ocrx_word' id='word_1_605' title='bbox 1789 3158 1931 3232; x_wconf 81' lang='lat' dir='ltr'><strong>illius</strong></span> <span class='ocrx_word' id='word_1_606' title='bbox 1957 3159 2225 3232; x_wconf 79' lang='lat' dir='ltr'><strong>decapud</strong></span> <span class='ocrx_word' id='word_1_607' title='bbox 2253 3177 2404 3215; x_wconf 91' lang='lat' dir='ltr'><strong>suum</strong></span> <span class='ocrx_word' id='word_1_608' title='bbox 2423 3163 2627 3225; x_wconf 88' lang='lat' dir='ltr'><strong>aderat,</strong></span> <span class='ocrx_word' id='word_1_609' title='bbox 2659 3173 2713 3215; x_wconf 89' lang='lat' dir='ltr'><strong>et</strong></span> <span class='ocrx_word' id='word_1_610' title='bbox 2740 3163 2961 3218; x_wconf 87' lang='lat' dir='ltr'><strong>colonus</strong></span> <span class='ocrx_word' id='word_1_611' title='bbox 2993 3168 3154 3232; x_wconf 69' lang='lat' dir='ltr'><strong>ipsius</strong></span> <span class='ocrx_word' id='word_1_612' title='bbox 3182 3173 3351 3224; x_wconf 88' lang='lat' dir='ltr'><strong>sancti</strong></span> 
     </span>
    </p>
   </div>
   <div class='ocr_carea' id='block_1_86' title="bbox 1789 3228 3352 3303">
    <p class='ocr_par' dir='ltr' id='par_1_86' title="bbox 1789 3228 3352 3303">
     <span class='ocr_line' id='line_1_87' title="bbox 1789 3228 3352 3303; baseline 0.008 -24"><span class='ocrx_word' id='word_1_613' title='bbox 1789 3228 2118 3303; x_wconf 85' lang='lat' dir='ltr'><strong>ille_nom_ine</strong></span> <span class='ocrx_word' id='word_1_614' title='bbox 2145 3231 2293 3303; x_wconf 83' lang='lat' dir='ltr'><strong>illum</strong></span> <span class='ocrx_word' id='word_1_615' title='bbox 2319 3234 2384 3285; x_wconf 84' lang='lat' dir='ltr'><strong>de</strong></span> <span class='ocrx_word' id='word_1_616' title='bbox 2431 3235 2614 3287; x_wconf 83' lang='lat' dir='ltr'><strong>iranco</strong></span> <span class='ocrx_word' id='word_1_617' title='bbox 2646 3233 2860 3288; x_wconf 85' lang='lat' dir='ltr'><strong>homine</strong></span> <span class='ocrx_word' id='word_1_618' title='bbox 2886 3228 3266 3303; x_wconf 84' lang='lat' dir='ltr'><strong>comparasset,</strong></span> <span class='ocrx_word' id='word_1_619' title='bbox 3299 3249 3352 3292; x_wconf 89' lang='lat' dir='ltr'><strong>et</strong></span> 
     </span>
    </p>
   </div>
   <div class='ocr_carea' id='block_1_87' title="bbox 1784 3296 3347 3371">
    <p class='ocr_par' dir='ltr' id='par_1_87' title="bbox 1784 3296 3347 3371">
     <span class='ocr_line' id='line_1_88' title="bbox 1784 3296 3347 3371; baseline 0.009 -24"><span class='ocrx_word' id='word_1_620' title='bbox 1784 3296 1928 3371; x_wconf 68' lang='lat' dir='ltr'><strong>trtalo</strong></span> <span class='ocrx_word' id='word_1_621' title='bbox 1949 3297 2134 3371; x_wconf 70' lang='lat' dir='ltr'><strong>ordine</strong></span> <span class='ocrx_word' id='word_1_622' title='bbox 2175 3301 2296 3371; x_wconf 80' lang='lat' dir='ltr'><strong>ipso</strong></span> <span class='ocrx_word' id='word_1_623' title='bbox 2322 3303 2542 3371; x_wconf 80' lang='lat' dir='ltr'><strong>servitio</strong></span> <span class='ocrx_word' id='word_1_624' title='bbox 2572 3303 2811 3371; x_wconf 79' lang='lat' dir='ltr'><strong>partibus</strong></span> <span class='ocrx_word' id='word_1_625' title='bbox 2840 3296 3146 3360; x_wconf 76' lang='lat' dir='ltr'><strong>monasterti</strong></span> <span class='ocrx_word' id='word_1_626' title='bbox 3177 3296 3347 3362; x_wconf 86' lang='lat' dir='ltr'><strong>sancti</strong></span> 
     </span>
    </p>
   </div>
   <div class='ocr_carea' id='block_1_88' title="bbox 1788 3366 3352 3445">
    <p class='ocr_par' dir='ltr' id='par_1_88' title="bbox 1788 3366 3352 3445">
     <span class='ocr_line' id='line_1_89' title="bbox 1788 3366 3352 3445; baseline 0.008 -28"><span class='ocrx_word' id='word_1_627' title='bbox 1788 3366 1930 3445; x_wconf 77' lang='lat' dir='ltr'><strong>illius</strong></span> <span class='ocrx_word' id='word_1_628' title='bbox 1979 3366 2265 3445; x_wconf 73' lang='lat' dir='ltr'><strong>effugiebat</strong></span> <span class='ocrx_word' id='word_1_629' title='bbox 2305 3370 2387 3422; x_wconf 82' lang='lat' dir='ltr'><strong>vel</strong></span> <span class='ocrx_word' id='word_1_630' title='bbox 2432 3366 2757 3424; x_wconf 77' lang='lat' dir='ltr'><strong>intendebat.</strong></span> <span class='ocrx_word' id='word_1_631' title='bbox 2813 3374 3197 3445; x_wconf 80' lang='lat' dir='ltr'><strong>lnterrogatum</strong></span> <span class='ocrx_word' id='word_1_632' title='bbox 3254 3377 3352 3431; x_wconf 88' lang='lat' dir='ltr'><strong>fuit</strong></span> 
     </span>
    </p>
   </div>
   <div class='ocr_carea' id='block_1_89' title="bbox 1783 3433 3349 3517">
    <p class='ocr_par' dir='ltr' id='par_1_89' title="bbox 1783 3433 3349 3517">
     <span class='ocr_line' id='line_1_90' title="bbox 1783 3433 3349 3517; baseline 0.01 -31"><span class='ocrx_word' id='word_1_633' title='bbox 1783 3433 1882 3502; x_wconf 85' lang='lat' dir='ltr'><strong>ipsi</strong></span> <span class='ocrx_word' id='word_1_634' title='bbox 1917 3450 2072 3517; x_wconf 78' lang='lat' dir='ltr'><strong>servo</strong></span> <span class='ocrx_word' id='word_1_635' title='bbox 2093 3433 2136 3491; x_wconf 75' lang='lat' dir='ltr'><strong>Si</strong></span> <span class='ocrx_word' id='word_1_636' title='bbox 2172 3439 2282 3517; x_wconf 78' lang='lat' dir='ltr'><strong>ipsa</strong></span> <span class='ocrx_word' id='word_1_637' title='bbox 2311 3453 2471 3517; x_wconf 80' lang='lat' dir='ltr'><strong>causa</strong></span> <span class='ocrx_word' id='word_1_638' title='bbox 2502 3455 2624 3517; x_wconf 77' lang='lat' dir='ltr'><strong>vera</strong></span> <span class='ocrx_word' id='word_1_639' title='bbox 2657 3452 2770 3517; x_wconf 82' lang='lat' dir='ltr'><strong>erat</strong></span> <span class='ocrx_word' id='word_1_640' title='bbox 2802 3454 2892 3517; x_wconf 82' lang='lat' dir='ltr'><strong>aut</strong></span> <span class='ocrx_word' id='word_1_641' title='bbox 2921 3433 3069 3517; x_wconf 45' lang='lat' dir='ltr'><strong>non”.</strong></span> <span class='ocrx_word' id='word_1_642' title='bbox 3101 3446 3204 3500; x_wconf 86' lang='lat' dir='ltr'><strong>Sed</strong></span> <span class='ocrx_word' id='word_1_643' title='bbox 3237 3447 3349 3517; x_wconf 87' lang='lat' dir='ltr'><strong>ipse</strong></span> 
     </span>
    </p>
   </div>
   <div class='ocr_carea' id='block_1_90' title="bbox 1783 3508 3349 3583">
    <p class='ocr_par' dir='ltr' id='par_1_90' title="bbox 1783 3508 3349 3583">
     <span class='ocr_line' id='line_1_91' title="bbox 1783 3508 3349 3583; baseline 0.01 -27"><span class='ocrx_word' id='word_1_644' title='bbox 1783 3519 1970 3583; x_wconf 77' lang='lat' dir='ltr'><strong>servus</strong></span> <span class='ocrx_word' id='word_1_645' title='bbox 2014 3508 2072 3583; x_wconf 75' lang='lat' dir='ltr'><strong>in</strong></span> <span class='ocrx_word' id='word_1_646' title='bbox 2104 3509 2350 3583; x_wconf 78' lang='lat' dir='ltr'><strong>omnibus</strong></span> <span class='ocrx_word' id='word_1_647' title='bbox 2422 3512 2521 3564; x_wconf 87' lang='lat' dir='ltr'><strong>hoc</strong></span> <span class='ocrx_word' id='word_1_648' title='bbox 2570 3510 2778 3564; x_wconf 88' lang='lat' dir='ltr'><strong>fortiter</strong></span> <span class='ocrx_word' id='word_1_649' title='bbox 2820 3512 3120 3583; x_wconf 60' lang='lat' dir='ltr'><strong>denegavit,</strong></span> <span class='ocrx_word' id='word_1_650' title='bbox 3152 3527 3206 3569; x_wconf 91' lang='lat' dir='ltr'><strong>et</strong></span> <span class='ocrx_word' id='word_1_651' title='bbox 3237 3508 3349 3583; x_wconf 74' lang='lat' dir='ltr'><strong>ipse</strong></span> 
     </span>
    </p>
   </div>
   <div class='ocr_carea' id='block_1_91' title="bbox 1783 3574 3347 3649">
    <p class='ocr_par' dir='ltr' id='par_1_91' title="bbox 1783 3574 3347 3649">
     <span class='ocr_line' id='line_1_92' title="bbox 1783 3574 3347 3649; baseline 0.008 -23"><span class='ocrx_word' id='word_1_652' title='bbox 1783 3574 1918 3649; x_wconf 82' lang='lat' dir='ltr'><strong>abba</strong></span> <span class='ocrx_word' id='word_1_653' title='bbox 1946 3577 2028 3649; x_wconf 81' lang='lat' dir='ltr'><strong>vel</strong></span> <span class='ocrx_word' id='word_1_654' title='bbox 2075 3593 2202 3632; x_wconf 88' lang='lat' dir='ltr'><strong>suus</strong></span> <span class='ocrx_word' id='word_1_655' title='bbox 2247 3580 2534 3634; x_wconf 82' lang='lat' dir='ltr'><strong>advocatus</strong></span> <span class='ocrx_word' id='word_1_656' title='bbox 2561 3590 2742 3633; x_wconf 87' lang='lat' dir='ltr'><strong>contra</strong></span> <span class='ocrx_word' id='word_1_657' title='bbox 2786 3574 3036 3649; x_wconf 69' lang='lat' dir='ltr'><strong>prretlicto</strong></span> <span class='ocrx_word' id='word_1_658' title='bbox 3082 3574 3236 3639; x_wconf 82' lang='lat' dir='ltr'><strong>servo</strong></span> <span class='ocrx_word' id='word_1_659' title='bbox 3257 3574 3347 3639; x_wconf 57' lang='lat' dir='ltr'><strong>&#39;in-</strong></span> 
     </span>
    </p>
   </div>
   <div class='ocr_carea' id='block_1_92' title="bbox 1782 3645 3350 3718">
    <p class='ocr_par' dir='ltr' id='par_1_92' title="bbox 1782 3645 3350 3718">
     <span class='ocr_line' id='line_1_93' title="bbox 1782 3645 3350 3718; baseline 0.01 -24"><span class='ocrx_word' id='word_1_660' title='bbox 1782 3645 2068 3718; x_wconf 75' lang='lat' dir='ltr'><strong>tendebant</strong></span> <span class='ocrx_word' id='word_1_661' title='bbox 2093 3688 2106 3710; x_wconf 97' lang='lat'><strong>,</strong></span> <span class='ocrx_word' id='word_1_662' title='bbox 2147 3657 2201 3700; x_wconf 91' lang='lat' dir='ltr'><strong>et</strong></span> <span class='ocrx_word' id='word_1_663' title='bbox 2231 3650 2406 3701; x_wconf 85' lang='lat' dir='ltr'><strong>taliter</strong></span> <span class='ocrx_word' id='word_1_664' title='bbox 2434 3651 2700 3712; x_wconf 84' lang='lat' dir='ltr'><strong>dixerunt,</strong></span> <span class='ocrx_word' id='word_1_665' title='bbox 2731 3645 2870 3718; x_wconf 83' lang='lat' dir='ltr'><strong>quod</strong></span> <span class='ocrx_word' id='word_1_666' title='bbox 2904 3654 3203 3708; x_wconf 87' lang='lat' dir='ltr'><strong>testimonia</strong></span> <span class='ocrx_word' id='word_1_667' title='bbox 3255 3656 3350 3709; x_wconf 80' lang='lat' dir='ltr'><strong>lio-</strong></span> 
     </span>
    </p>
   </div>
   <div class='ocr_carea' id='block_1_93' title="bbox 1783 3714 3344 3789">
    <p class='ocr_par' dir='ltr' id='par_1_93' title="bbox 1783 3714 3344 3789">
     <span class='ocr_line' id='line_1_94' title="bbox 1783 3714 3344 3789; baseline 0.008 -24"><span class='ocrx_word' id='word_1_668' title='bbox 1783 3714 1954 3789; x_wconf 77' lang='lat' dir='ltr'><strong>mines</strong></span> <span class='ocrx_word' id='word_1_669' title='bbox 2001 3716 2213 3789; x_wconf 79' lang='lat' dir='ltr'><strong>francos</strong></span> <span class='ocrx_word' id='word_1_670' title='bbox 2261 3728 2583 3783; x_wconf 63' lang='lat' dir='ltr'><strong>praesentare</strong></span> <span class='ocrx_word' id='word_1_671' title='bbox 2610 3714 3006 3789; x_wconf 73' lang='lat' dir='ltr'><strong>poteliant,qui</strong></span> <span class='ocrx_word' id='word_1_672' title='bbox 3050 3724 3134 3776; x_wconf 87' lang='lat' dir='ltr'><strong>hic</strong></span> <span class='ocrx_word' id='word_1_673' title='bbox 3162 3725 3344 3778; x_wconf 84' lang='lat' dir='ltr'><strong>adsta-</strong></span> 
     </span>
    </p>
   </div>
   <div class='ocr_carea' id='block_1_94' title="bbox 1781 3783 3340 3858">
    <p class='ocr_par' dir='ltr' id='par_1_94' title="bbox 1781 3783 3340 3858">
     <span class='ocr_line' id='line_1_95' title="bbox 1781 3783 3340 3858; baseline 0.008 -23"><span class='ocrx_word' id='word_1_674' title='bbox 1781 3783 1925 3849; x_wconf 87' lang='lat' dir='ltr'><strong>bant,</strong></span> <span class='ocrx_word' id='word_1_675' title='bbox 1985 3786 2137 3858; x_wconf 84' lang='lat' dir='ltr'><strong>quod</strong></span> <span class='ocrx_word' id='word_1_676' title='bbox 2166 3785 2286 3853; x_wconf 88' lang='lat' dir='ltr'><strong>ipse</strong></span> <span class='ocrx_word' id='word_1_677' title='bbox 2314 3790 2534 3842; x_wconf 86' lang='lat' dir='ltr'><strong>colonus</strong></span> <span class='ocrx_word' id='word_1_678' title='bbox 2590 3783 2704 3854; x_wconf 87' lang='lat' dir='ltr'><strong>ipso</strong></span> <span class='ocrx_word' id='word_1_679' title='bbox 2755 3783 3177 3858; x_wconf 75' lang='lat' dir='ltr'><strong>comparaverat,</strong></span> <span class='ocrx_word' id='word_1_680' title='bbox 3208 3803 3262 3848; x_wconf 90' lang='lat' dir='ltr'><strong>et</strong></span> <span class='ocrx_word' id='word_1_681' title='bbox 3291 3811 3340 3847; x_wconf 87' lang='lat' dir='ltr'><strong>tn</strong></span> 
     </span>
    </p>
   </div>
   <div class='ocr_carea' id='block_1_95' title="bbox 1778 3857 3345 3932">
    <p class='ocr_par' dir='ltr' id='par_1_95' title="bbox 1778 3857 3345 3932">
     <span class='ocr_line' id='line_1_96' title="bbox 1778 3857 3345 3932; baseline 0.009 -27"><span class='ocrx_word' id='word_1_682' title='bbox 1778 3866 1930 3906; x_wconf 77' lang='lat' dir='ltr'><strong>suum</strong></span> <span class='ocrx_word' id='word_1_683' title='bbox 1961 3857 2248 3932; x_wconf 32' lang='lat' dir='ltr'><strong>servitium.</strong></span> <span class='ocrx_word' id='word_1_684' title='bbox 2263 3871 2382 3909; x_wconf 91' lang='lat' dir='ltr'><strong>eum</strong></span> <span class='ocrx_word' id='word_1_685' title='bbox 2429 3857 2983 3932; x_wconf 64' lang='lat' dir='ltr'><strong>viderant_deservire,</strong></span> <span class='ocrx_word' id='word_1_686' title='bbox 3015 3872 3069 3916; x_wconf 89' lang='lat' dir='ltr'><strong>et</strong></span> <span class='ocrx_word' id='word_1_687' title='bbox 3110 3879 3203 3929; x_wconf 88' lang='lat' dir='ltr'><strong>per</strong></span> <span class='ocrx_word' id='word_1_688' title='bbox 3229 3869 3345 3932; x_wconf 72' lang='lat' dir='ltr'><strong>lege</strong></span> 
     </span>
    </p>
   </div>
   <div class='ocr_carea' id='block_1_96' title="bbox 1778 3925 3341 4006">
    <p class='ocr_par' dir='ltr' id='par_1_96' title="bbox 1778 3925 3341 4006">
     <span class='ocr_line' id='line_1_97' title="bbox 1778 3925 3341 4006; baseline 0.009 -32"><span class='ocrx_word' id='word_1_689' title='bbox 1778 3937 1963 4006; x_wconf 39' lang='lat' dir='ltr'><strong>serv-us</strong></span> <span class='ocrx_word' id='word_1_690' title='bbox 1993 3927 2160 4006; x_wconf 80' lang='lat' dir='ltr'><strong>sancti</strong></span> <span class='ocrx_word' id='word_1_691' title='bbox 2196 3925 2286 4006; x_wconf 86' lang='lat' dir='ltr'><strong>illo</strong></span> <span class='ocrx_word' id='word_1_692' title='bbox 2313 3941 2428 3980; x_wconf 89' lang='lat' dir='ltr'><strong>esse</strong></span> <span class='ocrx_word' id='word_1_693' title='bbox 2457 3928 2634 4006; x_wconf 62' lang='lat' dir='ltr'><strong>debet.</strong></span> <span class='ocrx_word' id='word_1_694' title='bbox 2661 3926 2727 3982; x_wconf 86' lang='lat' dir='ltr'><strong>Et</strong></span> <span class='ocrx_word' id='word_1_695' title='bbox 2755 3929 2864 4006; x_wconf 82' lang='lat' dir='ltr'><strong>ipsa</strong></span> <span class='ocrx_word' id='word_1_696' title='bbox 2890 3925 3015 4006; x_wconf 75' lang='lat' dir='ltr'><strong>liora</strong></span> <span class='ocrx_word' id='word_1_697' title='bbox 3042 3925 3154 3998; x_wconf 79' lang='lat' dir='ltr'><strong>ipse</strong></span> <span class='ocrx_word' id='word_1_698' title='bbox 3183 3925 3341 3996; x_wconf 68' lang='lat' dir='ltr'><strong>abba,</strong></span> 
     </span>
    </p>
   </div>
   <div class='ocr_carea' id='block_1_97' title="bbox 1779 3993 3334 4070">
    <p class='ocr_par' dir='ltr' id='par_1_97' title="bbox 1779 3993 3334 4070">
     <span class='ocr_line' id='line_1_98' title="bbox 1779 3993 3334 4070; baseline 0.007 -26"><span class='ocrx_word' id='word_1_699' title='bbox 1779 3993 1861 4070; x_wconf 75' lang='lat' dir='ltr'><strong>vel</strong></span> <span class='ocrx_word' id='word_1_700' title='bbox 1891 3993 2001 4062; x_wconf 86' lang='lat' dir='ltr'><strong>ipse</strong></span> <span class='ocrx_word' id='word_1_701' title='bbox 2022 3995 2350 4070; x_wconf 75' lang='lat' dir='ltr'><strong>advocatus,</strong></span> <span class='ocrx_word' id='word_1_702' title='bbox 2378 3993 2812 4070; x_wconf 25' lang='lat' dir='ltr'><strong>ettautestimonia</strong></span> <span class='ocrx_word' id='word_1_703' title='bbox 2842 3993 3081 4054; x_wconf 82' lang='lat' dir='ltr'><strong>homines</strong></span> <span class='ocrx_word' id='word_1_704' title='bbox 3111 3993 3334 4070; x_wconf 80' lang='lat' dir='ltr'><strong>septem,</strong></span> 
     </span>
    </p>
   </div>
   <div class='ocr_carea' id='block_1_98' title="bbox 1779 4060 3338 4131">
    <p class='ocr_par' dir='ltr' id='par_1_98' title="bbox 1779 4060 3338 4131">
     <span class='ocr_line' id='line_1_99' title="bbox 1779 4060 3338 4131; baseline 0.007 -18"><span class='ocrx_word' id='word_1_705' title='bbox 1779 4060 1860 4115; x_wconf 85' lang='lat' dir='ltr'><strong>llis</strong></span> <span class='ocrx_word' id='word_1_706' title='bbox 1891 4060 2192 4126; x_wconf 83' lang='lat' dir='ltr'><strong>nominibus</strong></span> <span class='ocrx_word' id='word_1_707' title='bbox 2238 4065 2326 4119; x_wconf 90' lang='lat' dir='ltr'><strong>illo</strong></span> <span class='ocrx_word' id='word_1_708' title='bbox 2373 4076 2427 4120; x_wconf 89' lang='lat' dir='ltr'><strong>et</strong></span> <span class='ocrx_word' id='word_1_709' title='bbox 2456 4067 2564 4131; x_wconf 86' lang='lat' dir='ltr'><strong>illo,</strong></span> <span class='ocrx_word' id='word_1_710' title='bbox 2594 4067 2910 4122; x_wconf 82' lang='lat' dir='ltr'><strong>adrllamivit</strong></span> <span class='ocrx_word' id='word_1_711' title='bbox 2966 4081 3024 4123; x_wconf 88' lang='lat' dir='ltr'><strong>ut</strong></span> <span class='ocrx_word' id='word_1_712' title='bbox 3074 4071 3124 4123; x_wconf 90' lang='lat' dir='ltr'><strong>in</strong></span> <span class='ocrx_word' id='word_1_713' title='bbox 3154 4060 3338 4124; x_wconf 56' lang='lat' dir='ltr'><strong>crasti;</strong></span> 
     </span>
    </p>
   </div>
   <div class='ocr_carea' id='block_1_99' title="bbox 1779 4133 3335 4205">
    <p class='ocr_par' dir='ltr' id='par_1_99' title="bbox 1779 4133 3335 4205">
     <span class='ocr_line' id='line_1_100' title="bbox 1779 4133 3335 4205; baseline 0.007 -22"><span class='ocrx_word' id='word_1_714' title='bbox 1779 4148 1902 4205; x_wconf 83' lang='lat' dir='ltr'><strong>num</strong></span> <span class='ocrx_word' id='word_1_715' title='bbox 1945 4133 2030 4186; x_wconf 90' lang='lat' dir='ltr'><strong>die</strong></span> <span class='ocrx_word' id='word_1_716' title='bbox 2075 4134 2384 4205; x_wconf 70' lang='lat' dir='ltr'><strong>illojbidem</strong></span> <span class='ocrx_word' id='word_1_717' title='bbox 2412 4149 2735 4205; x_wconf 69' lang='lat' dir='ltr'><strong>prmsentare</strong></span> <span class='ocrx_word' id='word_1_718' title='bbox 2777 4141 3050 4194; x_wconf 83' lang='lat' dir='ltr'><strong>deberent.</strong></span> <span class='ocrx_word' id='word_1_719' title='bbox 3083 4141 3236 4205; x_wconf 76' lang='lat' dir='ltr'><strong>Quod</strong></span> <span class='ocrx_word' id='word_1_720' title='bbox 3269 4144 3335 4195; x_wconf 88' lang='lat' dir='ltr'><strong>ita</strong></span> 
     </span>
    </p>
   </div>
   <div class='ocr_carea' id='block_1_100' title="bbox 1775 4203 3339 4278">
    <p class='ocr_par' dir='ltr' id='par_1_100' title="bbox 1775 4203 3339 4278">
     <span class='ocr_line' id='line_1_101' title="bbox 1775 4203 3339 4278; baseline 0.007 -24"><span class='ocrx_word' id='word_1_721' title='bbox 1775 4210 1830 4254; x_wconf 89' lang='lat' dir='ltr'><strong>ct</strong></span> <span class='ocrx_word' id='word_1_722' title='bbox 1861 4204 2122 4278; x_wconf 68' lang='lat' dir='ltr'><strong>feceruvt.</strong></span> <span class='ocrx_word' id='word_1_723' title='bbox 2174 4203 2235 4256; x_wconf 87' lang='lat' dir='ltr'><strong>Et</strong></span> <span class='ocrx_word' id='word_1_724' title='bbox 2267 4206 2362 4273; x_wconf 83' lang='lat' dir='ltr'><strong>ipsi</strong></span> <span class='ocrx_word' id='word_1_725' title='bbox 2407 4203 2648 4261; x_wconf 77' lang='lat' dir='ltr'><strong>homines</strong></span> <span class='ocrx_word' id='word_1_726' title='bbox 2669 4277 2678 4278; x_wconf 16' lang='grc' dir='ltr'>ί</span> <span class='ocrx_word' id='word_1_727' title='bbox 2699 4208 2777 4263; x_wconf 87' lang='lat' dir='ltr'><strong>sic</strong></span> <span class='ocrx_word' id='word_1_728' title='bbox 2809 4203 3304 4265; x_wconf 41' lang='lat' dir='ltr'><strong>teslitnonia&#39;verunt</strong></span> <span class='ocrx_word' id='word_1_729' title='bbox 3325 4255 3339 4278; x_wconf 87' lang='lat'><strong>,</strong></span> 
     </span>
    </p>
   </div>
   <div class='ocr_carea' id='block_1_101' title="bbox 1775 4273 3341 4343">
    <p class='ocr_par' dir='ltr' id='par_1_101' title="bbox 1775 4273 3341 4343">
     <span class='ocr_line' id='line_1_102' title="bbox 1775 4273 3341 4343; baseline 0.008 -20"><span class='ocrx_word' id='word_1_730' title='bbox 1775 4275 1915 4339; x_wconf 91' lang='lat' dir='ltr'><strong>quod</strong></span> <span class='ocrx_word' id='word_1_731' title='bbox 1948 4288 2043 4341; x_wconf 91' lang='lat' dir='ltr'><strong>per</strong></span> <span class='ocrx_word' id='word_1_732' title='bbox 2071 4273 2187 4341; x_wconf 79' lang='lat' dir='ltr'><strong>lege</strong></span> <span class='ocrx_word' id='word_1_733' title='bbox 2215 4289 2400 4328; x_wconf 86' lang='lat' dir='ltr'><strong>servus</strong></span> <span class='ocrx_word' id='word_1_734' title='bbox 2430 4278 2600 4330; x_wconf 77' lang='lat' dir='ltr'><strong>sancti</strong></span> <span class='ocrx_word' id='word_1_735' title='bbox 2628 4277 2769 4334; x_wconf 89' lang='lat' dir='ltr'><strong>illius</strong></span> <span class='ocrx_word' id='word_1_736' title='bbox 2797 4279 2981 4332; x_wconf 88' lang='lat' dir='ltr'><strong>aderat</strong></span> <span class='ocrx_word' id='word_1_737' title='bbox 3027 4280 3253 4343; x_wconf 81' lang='lat' dir='ltr'><strong>debitus,</strong></span> <span class='ocrx_word' id='word_1_738' title='bbox 3286 4273 3341 4335; x_wconf 81' lang='lat' dir='ltr'><strong>et</strong></span> 
     </span>
    </p>
   </div>
   <div class='ocr_carea' id='block_1_102' title="bbox 1774 4344 3341 4416">
    <p class='ocr_par' dir='ltr' id='par_1_102' title="bbox 1774 4344 3341 4416">
     <span class='ocr_line' id='line_1_103' title="bbox 1774 4344 3341 4416; baseline 0.007 -24"><span class='ocrx_word' id='word_1_739' title='bbox 1774 4344 2047 4416; x_wconf 77' lang='lat' dir='ltr'><strong>quomodo</strong></span> <span class='ocrx_word' id='word_1_740' title='bbox 2064 4344 2177 4416; x_wconf 62' lang='lat' dir='ltr'><strong>hoc</strong></span> <span class='ocrx_word' id='word_1_741' title='bbox 2194 4347 2758 4416; x_wconf 84' lang='lat' dir='ltr'><strong>testimoniaverunt...</strong></span> <span class='ocrx_word' id='word_1_742' title='bbox 2781 4364 2940 4416; x_wconf 88' lang='lat' dir='ltr'><strong>super</strong></span> <span class='ocrx_word' id='word_1_743' title='bbox 2965 4350 3156 4403; x_wconf 90' lang='lat' dir='ltr'><strong>altario</strong></span> <span class='ocrx_word' id='word_1_744' title='bbox 3170 4353 3341 4405; x_wconf 84' lang='lat' dir='ltr'><strong>sancti</strong></span> 
     </span>
    </p>
   </div>
   <div class='ocr_carea' id='block_1_103' title="bbox 1773 4411 3337 4482">
    <p class='ocr_par' dir='ltr' id='par_1_103' title="bbox 1773 4411 3337 4482">
     <span class='ocr_line' id='line_1_104' title="bbox 1773 4411 3337 4482; baseline 0.007 -21"><span class='ocrx_word' id='word_1_745' title='bbox 1773 4411 1932 4478; x_wconf 87' lang='lat' dir='ltr'><strong>illius,</strong></span> <span class='ocrx_word' id='word_1_746' title='bbox 1982 4412 2032 4464; x_wconf 90' lang='lat' dir='ltr'><strong>in</strong></span> <span class='ocrx_word' id='word_1_747' title='bbox 2063 4412 2146 4464; x_wconf 84' lang='lat' dir='ltr'><strong>illa</strong></span> <span class='ocrx_word' id='word_1_748' title='bbox 2188 4415 2415 4481; x_wconf 88' lang='lat' dir='ltr'><strong>capella,</strong></span> <span class='ocrx_word' id='word_1_749' title='bbox 2467 4431 2625 4482; x_wconf 88' lang='lat' dir='ltr'><strong>quam</strong></span> <span class='ocrx_word' id='word_1_750' title='bbox 2660 4417 2710 4469; x_wconf 91' lang='lat' dir='ltr'><strong>in</strong></span> <span class='ocrx_word' id='word_1_751' title='bbox 2750 4411 2899 4470; x_wconf 76' lang='lat' dir='ltr'><strong>cntte</strong></span> <span class='ocrx_word' id='word_1_752' title='bbox 2931 4417 3059 4482; x_wconf 80' lang='lat' dir='ltr'><strong>fisci,</strong></span> <span class='ocrx_word' id='word_1_753' title='bbox 3096 4422 3180 4471; x_wconf 90' lang='lat' dir='ltr'><strong>ubi</strong></span> <span class='ocrx_word' id='word_1_754' title='bbox 3213 4422 3337 4473; x_wconf 87' lang='lat' dir='ltr'><strong>reli-</strong></span> 
     </span>
    </p>
   </div>
   <div class='ocr_carea' id='block_1_104' title="bbox 1772 4485 3335 4552">
    <p class='ocr_par' dir='ltr' id='par_1_104' title="bbox 1772 4485 3335 4552">
     <span class='ocr_line' id='line_1_105' title="bbox 1772 4485 3335 4552; baseline 0.008 -21"><span class='ocrx_word' id='word_1_755' title='bbox 1772 4497 1874 4549; x_wconf 81' lang='lat' dir='ltr'><strong>qua</strong></span> <span class='ocrx_word' id='word_1_756' title='bbox 1907 4492 2240 4536; x_wconf 85' lang='lat' dir='ltr'><strong>sacramenta</strong></span> <span class='ocrx_word' id='word_1_757' title='bbox 2270 4485 2441 4536; x_wconf 87' lang='lat' dir='ltr'><strong>soluta</strong></span> <span class='ocrx_word' id='word_1_758' title='bbox 2475 4497 2618 4544; x_wconf 85' lang='lat' dir='ltr'><strong>sunt.</strong></span> <span class='ocrx_word' id='word_1_759' title='bbox 2656 4486 2812 4552; x_wconf 89' lang='lat' dir='ltr'><strong>jurati</strong></span> <span class='ocrx_word' id='word_1_760' title='bbox 2849 4486 3117 4541; x_wconf 82' lang='lat' dir='ltr'><strong>dixerunt.</strong></span> <span class='ocrx_word' id='word_1_761' title='bbox 3153 4490 3335 4543; x_wconf 88' lang='lat' dir='ltr'><strong>Deuuo</strong></span> 
     </span>
    </p>
   </div>
   <div class='ocr_carea' id='block_1_105' title="bbox 1778 4552 3338 4623">
    <p class='ocr_par' dir='ltr' id='par_1_105' title="bbox 1778 4552 3338 4623">
     <span class='ocr_line' id='line_1_106' title="bbox 1778 4552 3338 4623; baseline 0.008 -21"><span class='ocrx_word' id='word_1_762' title='bbox 1778 4552 1940 4618; x_wconf 87' lang='lat' dir='ltr'><strong>ipsius</strong></span> <span class='ocrx_word' id='word_1_763' title='bbox 1987 4569 2141 4604; x_wconf 85' lang='lat' dir='ltr'><strong>servo</strong></span> <span class='ocrx_word' id='word_1_764' title='bbox 2191 4553 2286 4606; x_wconf 83' lang='lat' dir='ltr'><strong>fuit</strong></span> <span class='ocrx_word' id='word_1_765' title='bbox 2335 4555 2711 4622; x_wconf 83' lang='lat' dir='ltr'><strong>interrogatum</strong></span> <span class='ocrx_word' id='word_1_766' title='bbox 2741 4557 2786 4610; x_wconf 89' lang='lat' dir='ltr'><strong>si</strong></span> <span class='ocrx_word' id='word_1_767' title='bbox 2837 4557 2947 4623; x_wconf 83' lang='lat' dir='ltr'><strong>ipsa</strong></span> <span class='ocrx_word' id='word_1_768' title='bbox 2986 4573 3146 4612; x_wconf 87' lang='lat' dir='ltr'><strong>causa</strong></span> <span class='ocrx_word' id='word_1_769' title='bbox 3187 4577 3338 4614; x_wconf 78' lang='lat' dir='ltr'><strong>reco-</strong></span> 
     </span>
    </p>
   </div>
   <div class='ocr_carea' id='block_1_106' title="bbox 1775 4623 3338 4697">
    <p class='ocr_par' dir='ltr' id='par_1_106' title="bbox 1775 4623 3338 4697">
     <span class='ocr_line' id='line_1_107' title="bbox 1775 4623 3338 4697; baseline 0.008 -26"><span class='ocrx_word' id='word_1_770' title='bbox 1775 4624 2100 4697; x_wconf 67' lang='lat' dir='ltr'><strong>gnoscebat,</strong></span> <span class='ocrx_word' id='word_1_771' title='bbox 2143 4623 2194 4676; x_wconf 85' lang='lat' dir='ltr'><strong>&#39;si</strong></span> <span class='ocrx_word' id='word_1_772' title='bbox 2239 4626 2314 4678; x_wconf 90' lang='lat' dir='ltr'><strong>sic</strong></span> <span class='ocrx_word' id='word_1_773' title='bbox 2370 4633 2486 4678; x_wconf 85' lang='lat' dir='ltr'><strong>erat</strong></span> <span class='ocrx_word' id='word_1_774' title='bbox 2515 4627 2728 4679; x_wconf 87' lang='lat' dir='ltr'><strong>veritas.</strong></span> <span class='ocrx_word' id='word_1_775' title='bbox 2767 4627 2883 4680; x_wconf 83' lang='lat' dir='ltr'><strong>.Sed</strong></span> <span class='ocrx_word' id='word_1_776' title='bbox 2937 4628 3048 4697; x_wconf 87' lang='lat' dir='ltr'><strong>ipse</strong></span> <span class='ocrx_word' id='word_1_777' title='bbox 3075 4646 3259 4682; x_wconf 85' lang='lat' dir='ltr'><strong>servus</strong></span> <span class='ocrx_word' id='word_1_778' title='bbox 3286 4631 3338 4685; x_wconf 92' lang='lat' dir='ltr'><strong>in</strong></span> 
     </span>
    </p>
   </div>
   <div class='ocr_carea' id='block_1_107' title="bbox 1774 4692 3335 4764">
    <p class='ocr_par' dir='ltr' id='par_1_107' title="bbox 1774 4692 3335 4764">
     <span class='ocr_line' id='line_1_108' title="bbox 1774 4692 3335 4764; baseline 0.006 -21"><span class='ocrx_word' id='word_1_779' title='bbox 1774 4692 2018 4764; x_wconf 76' lang='lat' dir='ltr'><strong>omnibus</strong></span> <span class='ocrx_word' id='word_1_780' title='bbox 2067 4692 2202 4764; x_wconf 81' lang='lat' dir='ltr'><strong>hanc</strong></span> <span class='ocrx_word' id='word_1_781' title='bbox 2229 4709 2442 4748; x_wconf 87' lang='lat' dir='ltr'><strong>causam</strong></span> <span class='ocrx_word' id='word_1_782' title='bbox 2488 4697 2817 4764; x_wconf 78' lang='lat' dir='ltr'><strong>recognovit,</strong></span> <span class='ocrx_word' id='word_1_783' title='bbox 2859 4705 2915 4750; x_wconf 88' lang='lat' dir='ltr'><strong>et</strong></span> <span class='ocrx_word' id='word_1_784' title='bbox 2943 4692 3009 4751; x_wconf 80' lang='lat' dir='ltr'><strong>ad</strong></span> <span class='ocrx_word' id='word_1_785' title='bbox 3061 4701 3335 4753; x_wconf 83' lang='lat' dir='ltr'><strong>servitium</strong></span> 
     </span>
    </p>
   </div>
   <div class='ocr_carea' id='block_1_108' title="bbox 1769 4762 3336 4839">
    <p class='ocr_par' dir='ltr' id='par_1_108' title="bbox 1769 4762 3336 4839">
     <span class='ocr_line' id='line_1_109' title="bbox 1769 4762 3336 4839; baseline 0.008 -27"><span class='ocrx_word' id='word_1_786' title='bbox 1769 4762 1868 4815; x_wconf 84' lang='lat' dir='ltr'><strong>sibi</strong></span> <span class='ocrx_word' id='word_1_787' title='bbox 1899 4777 2143 4817; x_wconf 71' lang='lat' dir='ltr'><strong>rev.rsus</strong></span> <span class='ocrx_word' id='word_1_788' title='bbox 2166 4763 2300 4829; x_wconf 83' lang='lat' dir='ltr'><strong>fuit;</strong></span> <span class='ocrx_word' id='word_1_789' title='bbox 2331 4775 2383 4819; x_wconf 92' lang='lat' dir='ltr'><strong>et</strong></span> <span class='ocrx_word' id='word_1_790' title='bbox 2408 4767 2521 4834; x_wconf 87' lang='lat' dir='ltr'><strong>ipse</strong></span> <span class='ocrx_word' id='word_1_791' title='bbox 2546 4762 2683 4820; x_wconf 84' lang='lat' dir='ltr'><strong>abba</strong></span> <span class='ocrx_word' id='word_1_792' title='bbox 2705 4782 2800 4834; x_wconf 90' lang='lat' dir='ltr'><strong>per</strong></span> <span class='ocrx_word' id='word_1_793' title='bbox 2821 4768 3077 4834; x_wconf 80' lang='lat' dir='ltr'><strong>judicium</strong></span> <span class='ocrx_word' id='word_1_794' title='bbox 3101 4770 3166 4822; x_wconf 88' lang='lat' dir='ltr'><strong>ad</strong></span> <span class='ocrx_word' id='word_1_795' title='bbox 3195 4769 3336 4839; x_wconf 74' lang='lat' dir='ltr'><strong>ipsas</strong></span> 
     </span>
    </p>
   </div>
   <div class='ocr_carea' id='block_1_109' title="bbox 1769 4894 2890 4966">
    <p class='ocr_par' dir='ltr' id='par_1_109' title="bbox 1769 4894 2890 4966">
     <span class='ocr_line' id='line_1_110' title="bbox 1769 4894 2890 4966; baseline 0.002 -18"><span class='ocrx_word' id='word_1_796' title='bbox 1769 4896 1877 4949; x_wconf 89' lang='lat' dir='ltr'><strong>fiat.</strong></span> <span class='ocrx_word' id='word_1_797' title='bbox 1907 4894 2054 4949; x_wconf 83' lang='lat' dir='ltr'><strong>Unde</strong></span> <span class='ocrx_word' id='word_1_798' title='bbox 2083 4906 2137 4951; x_wconf 90' lang='lat' dir='ltr'><strong>et</strong></span> <span class='ocrx_word' id='word_1_799' title='bbox 2175 4897 2363 4950; x_wconf 88' lang='lat' dir='ltr'><strong>notitia</strong></span> <span class='ocrx_word' id='word_1_800' title='bbox 2395 4898 2708 4966; x_wconf 87' lang='lat' dir='ltr'><strong>appellatur.</strong></span> <span class='ocrx_word' id='word_1_801' title='bbox 2743 4895 2890 4950; x_wconf 66' lang='lat' dir='ltr'><strong>Btcs.</strong></span> 
     </span>
    </p>
   </div>
   <div class='ocr_carea' id='block_1_110' title="bbox 1837 4966 3327 5040">
    <p class='ocr_par' dir='ltr' id='par_1_110' title="bbox 1837 4966 3327 5040">
     <span class='ocr_line' id='line_1_111' title="bbox 1837 4966 3327 5040; baseline 0.001 -20"><span class='ocrx_word' id='word_1_802' title='bbox 1837 4980 1856 5005; x_wconf 79' lang='grc' dir='ltr'><strong><em>ε</em></strong></span> <span class='ocrx_word' id='word_1_803' title='bbox 1889 4967 2091 5040; x_wconf 79' lang='lat' dir='ltr'><strong>Gloss-.e</strong></span> <span class='ocrx_word' id='word_1_804' title='bbox 2139 4976 2348 5021; x_wconf 78' lang='lat' dir='ltr'><strong>vetetes</strong></span> <span class='ocrx_word' id='word_1_805' title='bbox 2396 4969 2618 5040; x_wconf 74' lang='lat' dir='ltr'><strong>colonus</strong></span> <span class='ocrx_word' id='word_1_806' title='bbox 2673 4966 2923 5040; x_wconf 83' lang='grc' dir='ltr'><strong>δουλοπὰρ</strong></span> <span class='ocrx_word' id='word_1_807' title='bbox 2958 4992 3078 5029; x_wconf 74' lang='grc' dir='ltr'><strong>ικος.</strong></span> <span class='ocrx_word' id='word_1_808' title='bbox 3140 4969 3327 5025; x_wconf 82' lang='lat' dir='ltr'><strong>Coloni</strong></span> 
     </span>
    </p>
   </div>
   <div class='ocr_carea' id='block_1_111' title="bbox 1762 5035 3325 5113">
    <p class='ocr_par' dir='ltr' id='par_1_111' title="bbox 1762 5035 3325 5113">
     <span class='ocr_line' id='line_1_112' title="bbox 1762 5035 3325 5113; baseline 0.004 -26"><span class='ocrx_word' id='word_1_809' title='bbox 1762 5035 1912 5113; x_wconf 83' lang='lat' dir='ltr'><strong>liberi</strong></span> <span class='ocrx_word' id='word_1_810' title='bbox 1952 5039 2186 5113; x_wconf 81' lang='lat' dir='ltr'><strong>quidem,</strong></span> <span class='ocrx_word' id='word_1_811' title='bbox 2213 5039 2480 5113; x_wconf 70' lang='lat' dir='ltr'><strong>non__servi</strong></span> <span class='ocrx_word' id='word_1_812' title='bbox 2513 5047 2666 5092; x_wconf 88' lang='lat' dir='ltr'><strong>erant</strong></span> <span class='ocrx_word' id='word_1_813' title='bbox 2690 5079 2704 5103; x_wconf 89' lang='lat'><strong>,</strong></span> <span class='ocrx_word' id='word_1_814' title='bbox 2738 5035 2980 5094; x_wconf 69' lang='lat' dir='ltr'><strong>ubnoitiae</strong></span> <span class='ocrx_word' id='word_1_815' title='bbox 3012 5051 3185 5094; x_wconf 89' lang='lat' dir='ltr'><strong>tamen</strong></span> <span class='ocrx_word' id='word_1_816' title='bbox 3207 5057 3325 5113; x_wconf 80' lang='lat' dir='ltr'><strong>sor-</strong></span> 
     </span>
    </p>
   </div>
   <div class='ocr_carea' id='block_1_112' title="bbox 1764 5107 2744 5161">
    <p class='ocr_par' dir='ltr' id='par_1_112' title="bbox 1764 5107 2744 5161">
     <span class='ocr_line' id='line_1_113' title="bbox 1764 5107 2744 5161; baseline 0.005 -4"><span class='ocrx_word' id='word_1_817' title='bbox 1764 5107 1830 5159; x_wconf 77' lang='lat' dir='ltr'><strong>tis</strong></span> <span class='ocrx_word' id='word_1_818' title='bbox 1858 5115 1912 5161; x_wconf 91' lang='lat' dir='ltr'><strong>ct</strong></span> <span class='ocrx_word' id='word_1_819' title='bbox 1940 5108 2279 5161; x_wconf 86' lang='lat' dir='ltr'><strong>conditionis.</strong></span> <span class='ocrx_word' id='word_1_820' title='bbox 2311 5108 2455 5161; x_wconf 68' lang='lat' dir='ltr'><strong>litua.</strong></span> <span class='ocrx_word' id='word_1_821' title='bbox 2742 5117 2744 5119; x_wconf 74' lang='grc'><em>’</em></span> 
     </span>
    </p>
   </div>
   <div class='ocr_carea' id='block_1_113' title="bbox 1833 5178 3324 5249">
    <p class='ocr_par' dir='ltr' id='par_1_113' title="bbox 1833 5178 3324 5249">
     <span class='ocr_line' id='line_1_114' title="bbox 1833 5178 3324 5249; baseline 0.005 -21"><span class='ocrx_word' id='word_1_822' title='bbox 1833 5180 1856 5212; x_wconf 71' lang='grc' dir='ltr'><strong>ει</strong></span> <span class='ocrx_word' id='word_1_823' title='bbox 1890 5178 2185 5249; x_wconf 70' lang='lat' dir='ltr'><strong>ltecretlere</strong></span> <span class='ocrx_word' id='word_1_824' title='bbox 2231 5178 2490 5245; x_wconf 84' lang='lat' dir='ltr'><strong>ejusmodi</strong></span> <span class='ocrx_word' id='word_1_825' title='bbox 2537 5180 2886 5249; x_wconf 86' lang='lat' dir='ltr'><strong>scriptoribus</strong></span> <span class='ocrx_word' id='word_1_826' title='bbox 2918 5181 3198 5234; x_wconf 85' lang='lat' dir='ltr'><strong>restituere</strong></span> <span class='ocrx_word' id='word_1_827' title='bbox 3241 5193 3324 5235; x_wconf 85' lang='lat' dir='ltr'><strong>est</strong></span> 
     </span>
    </p>
   </div>
   <div class='ocr_carea' id='block_1_114' title="bbox 1761 5247 2234 5301">
    <p class='ocr_par' dir='ltr' id='par_1_114' title="bbox 1761 5247 2234 5301">
     <span class='ocr_line' id='line_1_115' title="bbox 1761 5247 2234 5301; baseline 0.002 -3"><span class='ocrx_word' id='word_1_828' title='bbox 1761 5256 1814 5299; x_wconf 88' lang='lat' dir='ltr'><strong>et</strong></span> <span class='ocrx_word' id='word_1_829' title='bbox 1840 5247 2078 5301; x_wconf 89' lang='lat' dir='ltr'><strong>reddere.</strong></span> <span class='ocrx_word' id='word_1_830' title='bbox 2113 5247 2186 5300; x_wconf 86' lang='lat' dir='ltr'><strong>lu.</strong></span> <span class='ocrx_word' id='word_1_831' title='bbox 2230 5267 2234 5270; x_wconf 51' lang='grc' dir='ltr'><strong>ν</strong></span> 
     </span>
    </p>
   </div>
   <div class='ocr_carea' id='block_1_115' title="bbox 1832 5317 2911 5388">
    <p class='ocr_par' dir='ltr' id='par_1_115' title="bbox 1832 5317 2911 5388">
     <span class='ocr_line' id='line_1_116' title="bbox 1832 5317 2911 5388; baseline 0.003 -20"><span class='ocrx_word' id='word_1_832' title='bbox 1832 5321 1854 5345; x_wconf 68' lang='grc' dir='ltr'>υ</span> <span class='ocrx_word' id='word_1_833' title='bbox 1888 5319 2189 5388; x_wconf 70' lang='lat' dir='ltr'><strong>Dignonius,</strong></span> <span class='ocrx_word' id='word_1_834' title='bbox 2217 5317 2383 5370; x_wconf 81' lang='lat' dir='ltr'><strong>subita</strong></span> <span class='ocrx_word' id='word_1_835' title='bbox 2406 5361 2419 5380; x_wconf 80' lang='lat'><strong>,</strong></span> <span class='ocrx_word' id='word_1_836' title='bbox 2452 5318 2588 5374; x_wconf 85' lang='lat' dir='ltr'><strong>forte</strong></span> <span class='ocrx_word' id='word_1_837' title='bbox 2613 5335 2708 5388; x_wconf 88' lang='lat' dir='ltr'><strong>pro</strong></span> <span class='ocrx_word' id='word_1_838' title='bbox 2728 5321 2911 5388; x_wconf 72' lang='lat' dir='ltr'><strong>sopita.</strong></span> 
     </span>
    </p>
   </div>
   <div class='ocr_carea' id='block_1_116' title="bbox 1834 5387 3318 5458">
    <p class='ocr_par' dir='ltr' id='par_1_116' title="bbox 1834 5387 3318 5458">
     <span class='ocr_line' id='line_1_117' title="bbox 1834 5387 3318 5458; baseline 0.003 -18"><span class='ocrx_word' id='word_1_839' title='bbox 1834 5393 1850 5430; x_wconf 72' lang='grc' dir='ltr'><em>τ</em></span> <span class='ocrx_word' id='word_1_840' title='bbox 1883 5387 2144 5440; x_wconf 72' lang='lat' dir='ltr'><strong>Statuitur</strong></span> <span class='ocrx_word' id='word_1_841' title='bbox 2188 5395 2247 5439; x_wconf 90' lang='lat' dir='ltr'><strong>ut</strong></span> <span class='ocrx_word' id='word_1_842' title='bbox 2273 5391 2362 5441; x_wconf 84' lang='lat' dir='ltr'><strong>nui</strong></span> <span class='ocrx_word' id='word_1_843' title='bbox 2394 5405 2491 5458; x_wconf 87' lang='lat' dir='ltr'><strong>pro</strong></span> <span class='ocrx_word' id='word_1_844' title='bbox 2523 5387 2715 5443; x_wconf 75' lang='lat' dir='ltr'><strong>colbno</strong></span> <span class='ocrx_word' id='word_1_845' title='bbox 2761 5390 3057 5446; x_wconf 89' lang='lat' dir='ltr'><strong>vindicatus</strong></span> <span class='ocrx_word' id='word_1_846' title='bbox 3078 5407 3136 5446; x_wconf 92' lang='lat' dir='ltr'><strong>se</strong></span> <span class='ocrx_word' id='word_1_847' title='bbox 3183 5390 3318 5444; x_wconf 86' lang='lat' dir='ltr'><strong>libe-</strong></span> 
     </span>
    </p>
   </div>
   <div class='ocr_carea' id='block_1_117' title="bbox 1758 5459 3319 5528">
    <p class='ocr_par' dir='ltr' id='par_1_117' title="bbox 1758 5459 3319 5528">
     <span class='ocr_line' id='line_1_118' title="bbox 1758 5459 3319 5528; baseline 0.002 -19"><span class='ocrx_word' id='word_1_848' title='bbox 1758 5472 1873 5528; x_wconf 81' lang='lat' dir='ltr'><strong>rum</strong></span> <span class='ocrx_word' id='word_1_849' title='bbox 1897 5459 2109 5522; x_wconf 87' lang='lat' dir='ltr'><strong>asserit,</strong></span> <span class='ocrx_word' id='word_1_850' title='bbox 2135 5473 2293 5510; x_wconf 88' lang='lat' dir='ltr'><strong>manu</strong></span> <span class='ocrx_word' id='word_1_851' title='bbox 2323 5468 2474 5512; x_wconf 67' lang='lat' dir='ltr'><strong>sexta</strong></span> <span class='ocrx_word' id='word_1_852' title='bbox 2497 5460 2700 5528; x_wconf 63' lang='lat' dir='ltr'><strong>dwcima</strong></span> <span class='ocrx_word' id='word_1_853' title='bbox 2725 5461 3144 5528; x_wconf 88' lang='lat' dir='ltr'><strong>propinquorum</strong></span> <span class='ocrx_word' id='word_1_854' title='bbox 3175 5469 3319 5513; x_wconf 87' lang='lat' dir='ltr'><strong>certa</strong></span> 
     </span>
    </p>
   </div>
   <div class='ocr_carea' id='block_1_118' title="bbox 1754 5526 3315 5646">
    <p class='ocr_par' dir='ltr' id='par_1_118' title="bbox 1754 5526 3315 5646">
     <span class='ocr_line' id='line_1_119' title="bbox 1754 5526 3315 5646; baseline 0.004 -69"><span class='ocrx_word' id='word_1_855' title='bbox 1754 5526 1840 5646; x_wconf 58' lang='lat' dir='ltr'><strong>ilie</strong></span> <span class='ocrx_word' id='word_1_856' title='bbox 1869 5529 1921 5580; x_wconf 90' lang='lat' dir='ltr'><strong>in</strong></span> <span class='ocrx_word' id='word_1_857' title='bbox 1968 5527 2178 5581; x_wconf 86' lang='lat' dir='ltr'><strong>basilica</strong></span> <span class='ocrx_word' id='word_1_858' title='bbox 2203 5529 2373 5581; x_wconf 71' lang='lat' dir='ltr'><strong>sancti</strong></span> <span class='ocrx_word' id='word_1_859' title='bbox 2416 5528 2638 5597; x_wconf 87' lang='lat' dir='ltr'><strong>alicujus</strong></span> <span class='ocrx_word' id='word_1_860' title='bbox 2681 5526 2825 5596; x_wconf 83' lang='lat' dir='ltr'><strong>jtiret</strong></span> <span class='ocrx_word' id='word_1_861' title='bbox 2853 5545 2911 5584; x_wconf 90' lang='lat' dir='ltr'><strong>se</strong></span> <span class='ocrx_word' id='word_1_862' title='bbox 2937 5526 3153 5584; x_wconf 87' lang='lat' dir='ltr'><strong>liberum</strong></span> <span class='ocrx_word' id='word_1_863' title='bbox 3180 5546 3315 5584; x_wconf 83' lang='lat' dir='ltr'><strong>esse.</strong></span> 
     </span>
     <span class='ocr_line' id='line_1_120' title="bbox 1778 5613 2294 5646; baseline -0.002 0"><span class='ocrx_word' id='word_1_864' title='bbox 1778 5613 1827 5646; x_wconf 89' lang='lat' dir='ltr'><strong>D.</strong></span> <span class='ocrx_word' id='word_1_865' title='bbox 2284 5636 2294 5645; x_wconf 82' lang='lat'><strong>.</strong></span> 
     </span>
    </p>
   </div>
   <div class='ocr_carea' id='block_1_119' title="bbox 1778 5613 2294 5648">
    <p class='ocr_par' dir='ltr' id='par_1_119' title="bbox 1778 5613 2294 5648">
     <span class='ocr_line' id='line_1_121' title="bbox 1778 5613 2294 5648; baseline -0.006 0"><span class='ocrx_word' id='word_1_866' title='bbox 1778 5613 1827 5648; x_wconf 81' lang='grc' dir='ltr'><strong>ι).</strong></span> <span class='ocrx_word' id='word_1_867' title='bbox 2284 5636 2294 5645; x_wconf 83' lang='grc'><strong>.</strong></span> 
     </span>
    </p>
   </div>
   <div class='ocr_carea' id='block_1_120' title="bbox 1827 5664 3320 5736">
    <p class='ocr_par' dir='ltr' id='par_1_120' title="bbox 1827 5664 3320 5736">
     <span class='ocr_line' id='line_1_122' title="bbox 1827 5664 3320 5736; baseline 0.004 -19"><span class='ocrx_word' id='word_1_868' title='bbox 1827 5675 1850 5712; x_wconf 79' lang='grc' dir='ltr'>ε</span> <span class='ocrx_word' id='word_1_869' title='bbox 1882 5664 2068 5720; x_wconf 83' lang='lat' dir='ltr'><strong>Franci</strong></span> <span class='ocrx_word' id='word_1_870' title='bbox 2119 5682 2214 5734; x_wconf 90' lang='lat' dir='ltr'><strong>per</strong></span> <span class='ocrx_word' id='word_1_871' title='bbox 2245 5679 2424 5722; x_wconf 83' lang='lat' dir='ltr'><strong>noctes</strong></span> <span class='ocrx_word' id='word_1_872' title='bbox 2450 5669 2848 5736; x_wconf 85' lang='lat' dir='ltr'><strong>computabant.</strong></span> <span class='ocrx_word' id='word_1_873' title='bbox 2883 5669 3029 5731; x_wconf 89' lang='lat' dir='ltr'><strong>llinc,</strong></span> <span class='ocrx_word' id='word_1_874' title='bbox 3083 5680 3136 5721; x_wconf 89' lang='lat' dir='ltr'><strong>ut</strong></span> <span class='ocrx_word' id='word_1_875' title='bbox 3167 5679 3320 5723; x_wconf 83' lang='lat' dir='ltr'><strong>notat</strong></span> 
     </span>
    </p>
   </div>
   <div class='ocr_carea' id='block_1_121' title="bbox 1758 5737 3313 5812">
    <p class='ocr_par' dir='ltr' id='par_1_121' title="bbox 1758 5737 3313 5812">
     <span class='ocr_line' id='line_1_123' title="bbox 1758 5737 3313 5812; baseline 0.003 -25"><span class='ocrx_word' id='word_1_876' title='bbox 1758 5737 2073 5812; x_wconf 72' lang='lat' dir='ltr'><strong>Iliguonius,</strong></span> <span class='ocrx_word' id='word_1_877' title='bbox 2110 5738 2176 5790; x_wconf 82' lang='lat' dir='ltr'><strong>ad</strong></span> <span class='ocrx_word' id='word_1_878' title='bbox 2223 5738 2336 5790; x_wconf 64' lang='lat' dir='ltr'><strong>haec</strong></span> <span class='ocrx_word' id='word_1_879' title='bbox 2369 5755 2531 5812; x_wconf 80' lang='lat' dir='ltr'><strong>usque</strong></span> <span class='ocrx_word' id='word_1_880' title='bbox 2564 5750 2801 5809; x_wconf 85' lang='lat' dir='ltr'><strong>tempora</strong></span> <span class='ocrx_word' id='word_1_881' title='bbox 2849 5740 3083 5812; x_wconf 79' lang='lat' dir='ltr'><strong>plerique</strong></span> <span class='ocrx_word' id='word_1_882' title='bbox 3112 5743 3313 5805; x_wconf 77' lang='lat' dir='ltr'><strong>annuit,</strong></span> 
     </span>
    </p>
   </div>
   <div class='ocr_carea' id='block_1_122' title="bbox 1754 5806 2818 5881">
    <p class='ocr_par' dir='ltr' id='par_1_122' title="bbox 1754 5806 2818 5881">
     <span class='ocr_line' id='line_1_124' title="bbox 1754 5806 2818 5881; baseline 0.008 -26"><span class='ocrx_word' id='word_1_883' title='bbox 1754 5806 1902 5875; x_wconf 60' lang='lat' dir='ltr'><strong>quasi</strong></span> <span class='ocrx_word' id='word_1_884' title='bbox 1935 5809 2026 5862; x_wconf 74' lang='lat' dir='ltr'><strong>Itur</strong></span> <span class='ocrx_word' id='word_1_885' title='bbox 2055 5817 2216 5874; x_wconf 83' lang='lat' dir='ltr'><strong>nocte,</strong></span> <span class='ocrx_word' id='word_1_886' title='bbox 2251 5824 2344 5879; x_wconf 88' lang='lat' dir='ltr'><strong>pro</strong></span> <span class='ocrx_word' id='word_1_887' title='bbox 2371 5810 2517 5864; x_wconf 72' lang='lat' dir='ltr'><strong>r&#39;lOdfC</strong></span> <span class='ocrx_word' id='word_1_888' title='bbox 2547 5806 2818 5881; x_wconf 76' lang='lat' dir='ltr'><strong>usurpant.</strong></span> 
     </span>
    </p>
   </div>
  </div>
