1943 3113
78 177 113 203 765

76 233 138 261 simas
150 230 210 258 παῖὴί
223 235 421 265 oppresserunt,
437 235 464 258 et
479 230 585 257 minime
602 230 688 258 habeo
704 230 773 257 unde
787 230 830 256 vi-
847 229 868 258 Α

79 275 122 294 me
141 267 179 292 vel
202 267 291 292 vestiri
315 266 437 292 debeam.
461 265 602 298 Propterea
626 266 658 292 ad
679 266 787 299 petition
800 273 831 290 1n

78 309 143 329 meam
154 301 214 327 ntihi
225 308 277 327 non
288 301 424 333 denegasti
436 300 483 327 nisi
495 301 554 327 utin
563 308 663 326 summa
676 300 835 326 necessitate

78 343 119 364 mea
141 340 275 369 argi-tilum
300 336 341 362 vel
367 340 427 361 acto
450 339 496 361 tuo
521 336 624 361 valente
644 334 742 361 solidos
757 338 794 360 tot
809 336 832 359 in

78 378 138 397 manu
153 368 207 396 mea
223 370 286 396 mihi
301 369 408 399 dedisti.
421 373 448 395 et
461 376 510 401 ego
524 369 632 395 minime
656 368 740 395 habeo
763 369 834 394 unde

78 407 131 438 ipsos
149 404 245 431 solidos
269 408 330 431 tuos
353 404 399 430 tibi
424 404 535 430 re.ldere
555 403 674 430 debeam.
693 405 834 438 Propterea

77 437 268 467 enuntiationem
284 439 317 465 de
331 438 414 469 capud
429 438 596 471 ingenuitatis
610 445 674 463 metu
690 438 714 464 in
736 442 761 463 te
778 437 832 463 ﬁeri

78 473 234 500 etadﬁrmare
258 473 365 506 rogavi:
383 477 410 498 ut
435 473 560 506 quidquid
583 473 615 499 de
637 472 766 504 mancipia
791 476 833 497 tua

78 508 193 541 originalia
207 512 295 534 vestra
312 508 407 537 facilis,
421 511 473 533 tam
488 506 629 534 vendendi.
644 506 833 536 commutandi,

78 550 96 570 et
106 543 258 574 disciplinam
283 541 445 575 imponendi.
462 541 496 568 ita
512 546 538 567 et
552 541 585 567 de
600 549 642 567 me
657 542 690 567 ab
705 541 835 567 hodierno

78 578 108 604 die
128 578 229 604 liberato
251 582 280 603 et
303 576 477 603 ﬁrmissimam
499 576 524 603 in
540 575 663 603 omnibus
678 580 835 609 potestatem

78 612 169 640 faciendi
185 612 290 647 habeas.
307 611 335 647 Si
349 612 408 647 quis
422 611 581 647 vero._quod
602 618 651 647 nec
673 611 728 647 ﬁeri
743 610 834 647 credo,

78 648 141 680 εἰθεο
154 647 217 680 ipse.
232 644 278 671 :i'ut
292 646 361 671 ullus
379 646 412 672 de
432 644 571 672 heredibus
586 645 661 675 meis.
681 645 723 680 vel
744 644 836 680 quisli-

78 682 112 708 bet
122 679 235 714 opposita
251 687 376 714 persona,
402 680 446 713 qui
465 684 560 714 contra
577 680 646 706 hanc
665 679 835 706 obnoxiatio-

79 724 123 743 netu
139 713 215 742 istaut
237 713 329 741 venire
352 714 499 747 conaverit,
523 713 618 741 inferat
643 713 687 740 tibi
705 721 757 740 una
776 721 836 739 cttm

78 751 134 778 socio
145 750 204 776 ﬁsco
216 750 272 776 auri
288 749 381 776 uncias
395 753 480 776 tantas
494 756 553 776 esse
567 748 712 778 multando.
729 753 754 774 et
768 755 836 782 prat-

79 793 124 813 st-is
136 784 283 812 obnoxiatio
301 784 375 810 lirma
399 787 564 819 permaneat,
584 791 644 810 cum
666 783 838 818 stipulatione

79 821 183 847 subnexa.
198 819 295 846 Actum
311 819 367 846 illo.

220 873 299 901 XVII.
315 874 531 901 Commutationes
545 873 576 900 de
590 874 674 900 terris.

852 896 877 927 Β

105 931 163 958 Inter
174 937 241 964 quos
260 929 358 956 caritas
380 929 487 956 inlibata
503 929 688 963 permanserit,
710 936 771 962 pars
785 934 840 963 pari

81 974 118 993 suo
135 969 276 999 opportuna
299 969 326 990 et
348 970 464 999 congrua
479 964 605 990 beneﬁcia
621 971 673 991 non
687 964 839 998 denegabit,

80 998 181 1033 Ideoque.
196 999 342 1026 auxiliante
364 998 479 1034 Domino
500 1003 600 1032 nostro,
627 998 736 1031 placuit,
761 1004 841 1034 atque

80 1035 181 1062 convenit
198 1034 267 1060 inter
290 1033 363 1060 illum
384 1037 411 1060 et
424 1033 495 1059 illum
507 1033 540 1060 de
554 1034 750 1060 commutandis
764 1037 841 1065 terris

82 1077 165 1102 eorum,
179 1073 206 1095 ut
219 1076 268 1103 pro
280 1068 414 1103 communi
429 1068 627 1103 opportunitate
643 1070 711 1103 inter
725 1075 754 1094 se
767 1076 826 1097 com
835 1086 842 1091 .

82 1111 163 1131 mutare
180 1101 316 1130 deberent.
332 1101 409 1135 Quod
424 1104 458 1128 ita
476 1106 504 1138 et
519 1101 638 1138 fecerunt
665 1102 740 1129 Dedit
753 1103 842 1138 itaque

82 1140 115 1165 ille
125 1140 153 1164 de
164 1142 234 1170 parte
254 1145 303 1164 sua
318 1138 351 1164 ad
366 1141 466 1172 partem
481 1136 568 1172 ipsius
584 1136 652 1163 illius
667 1141 764 1163 terram
781 1136 842 1172 ρήιο-

82 1173 180 1209 prietatis
192 1180 245 1209 suae
264 1172 292 1198 in
315 1178 382 1209 pago
397 1171 454 1203 illo,
480 1171 505 1197 in
529 1171 588 1198 loco
611 1171 772 1209 quidicilur
781 1171 841 1201 ille.

84 1206 152 1235 iiahet
170 1208 192 1234 in
213 1206 293 1241 longo
308 1212 321 1225 λ
336 1207 446 1234 dextros
461 1210 558 1238 tantos,
574 1210 601 1232 et
621 1207 647 1233 in
663 1207 715 1233 lato
735 1206 844 1236 dextros

83 1248 161 1270 tantos.
184 1241 325 1276 Sulijungit
346 1242 381 1268 de
405 1248 459 1267 uno
480 1241 550 1267 latus
574 1245 644 1276 terra
667 1241 714 1274 lui,
733 1241 766 1268 de
789 1251 844 1271 uno

83 1280 151 1305 fronte
163 1282 229 1304 terra
255 1276 344 1308 illius,
371 1284 404 1302 ex
421 1275 473 1302 alio
493 1283 556 1302 vero
579 1275 665 1302 l‘ronte
681 1280 749 1302 terra
775 1277 844 1306 illius

83 1313 136 1339 intra
157 1313 207 1346 ipsa
231 1310 420 1346 terminatione
444 1314 478 1346 et
495 1317 618 1346 mensura
645 1310 677 1336 ad
701 1310 842 1346 integrum.

83 1347 99 1373 Ε
111 1344 187 1374 contra
207 1346 239 1371 ad
261 1346 348 1372 vicem
362 1344 434 1372 dedit
455 1344 499 1371 ille
511 1344 546 1371 de
566 1349 640 1378 parte
654 1352 701 1372 sua
722 1345 754 1370 ad
770 1352 845 1378 parte

84 1382 149 1415 ipsius
170 1381 200 1407 tui
220 1384 319 1415 terram
336 1380 505 1415 proprietatis
523 1386 582 1415 sate
608 1380 637 1415 in
659 1386 726 1412 pago
749 1380 805 1412 illo,
819 1382 844 1408 in

84 1389 149 1415 ipsius
170 1387 200 1407 tut
220 1387 318 1407 terram
336 1387 505 1441 proprietatis
527 1387 582 1405 sua:
608 1387 635 1406 tn
659 1387 726 1412 pago
749 1387 805 1412 ttto.
819 1390 844 1408 tn

83 1417 130 1443 loco
142 1416 179 1449 qui
191 1415 284 1442 dicitur
306 1414 359 1442 Ille.
375 1414 385 1440 I
400 1414 461 1441 abet
483 1415 508 1449 in
523 1414 602 1447 longo
625 1414 732 1449 dextros
748 1420 845 1447 lautos,

83 1456 105 1477 et
123 1448 211 1477 inlato
230 1450 341 1477 dextros
362 1454 460 1476 tantos.
485 1448 625 1482 Suhjnngit
649 1448 683 1475 de
708 1457 761 1476 uno
777 1450 846 1478 latus

84 1490 140 1513 terra
153 1485 194 1516 lui,
209 1484 242 1512 de
256 1484 309 1511 alio
323 1485 392 1511 latus
413 1488 484 1510 terra
508 1484 578 1518 illius
598 1483 664 1510 inl'ra
686 1483 741 1518 ipsa
758 1486 848 1512 termi-

84 1521 173 1558 natione
183 1524 210 1547 et
222 1526 348 1558 mensura
363 1519 396 1546 ad
412 1519 554 1558 integrum.
571 1517 650 1558 lta_ut
670 1517 797 1558 ali_hodi_e
813 1528 847 1547 no

83 1556 118 1582 die
130 1554 297 1588 unusquisque
307 1558 400 1581 contra
413 1561 475 1587 pare
486 1552 534 1580 situ
545 1552 616 1587 quod
627 1553 727 1587 accepit
739 1554 844 1587 habent,

84 1595 166 1621 teneat,
178 1593 256 1622 atque
279 1589 422 1623 possideat,
439 1588 480 1615 vel
502 1588 637 1623 quidquid
651 1588 746 1615 exinde
769 1597 784 1616 a
803 1591 846 1617 die

83 1629 193 1659 pmseute
205 1622 293 1650 facere
316 1623 441 1653 voluerit.
464 1623 572 1659 liberam
588 1627 614 1659 et
630 1622 805 1659 ﬁrmissimam
821 1624 847 1651 in

83 1656 185 1685 omnibus
198 1658 295 1684 habeat
317 1661 478 1691 potestatem
502 1657 626 1684 faciendi.
650 1656 678 1683 Si
693 1657 753 1690 quis
771 1665 846 1690 vero,

83 1694 142 1728 quod
155 1701 198 1720 nec
211 1693 266 1720 ﬁeri
282 1693 377 1728 credo,
390 1692 412 1728 si
428 1699 478 1726 ego
494 1692 560 1725 ipse,
576 1691 731 1728 autraliquis
750 1693 784 1720 de
799 1693 847 1720 be-

84 1727 175 1755 redilius
188 1727 262 1759 meis,
276 1728 318 1754 vel
334 1727 461 1761 quislibet
475 1727 527 1754 ulla
541 1727 662 1761 opposita
676 1734 787 1759 persona
802 1728 846 1762 qui

84 1767 160 1790 contra
178 1764 243 1790 hanc
266 1766 501 1790 commutationem
526 1768 588 1795 pars
611 1766 703 1789 c0utra
723 1769 786 1794 pare
799 1770 847 1789 suo

84 1798 160 1825 venire
176 1797 325 1828 eonaverit,
342 1796 437 1823 inferat
455 1804 515 1830 pars
529 1797 584 1829 pari
598 1803 646 1823 suo
661 1796 711 1823 ista
726 1800 781 1824 tota
792 1805 848 1824 ser-

84 1838 149 1859 vante
161 1832 218 1867 [Αιη
233 1830 374 1867 servanti],
391 1838 443 1856 una
456 1829 517 1857 cum
531 1830 605 1857 socio
628 1829 702 1862 ﬁsco,
726 1833 782 1858 auri
798 1840 847 1859 un-

84 1868 129 1893 cias
143 1866 220 1893 tantas
233 1874 293 1893 esse
309 1866 485 1898 multandum,
501 1871 527 1891 et
541 1870 686 1900 praesentes
700 1871 846 1892 cunuuuta-

85 1902 157 1928 tiones
168 1902 216 1928 duo
229 1909 282 1928 uno
297 1904 391 1927 tenore
405 1899 569 1934 conscriptas
583 1900 655 1927 omni
669 1904 788 1934 tetnpore
804 1902 848 1927 ﬁr-

84 1944 133 1963 tuas
140 1941 164 1963 et
173 1936 309 1963 iuviolatas
324 1939 508 1970 permaneant.

277 1989 366 2016 XVIII.
383 1990 480 2016 Charta
494 1990 651 2024 agitationis.

114 2047 208 2073 Femina
222 2046 277 2077 illa,
289 2045 345 2072 ille.
360 2045 489 2072 Omnibus
500 2053 552 2071 non
566 2044 847 2078 habetur-incognitum

85 2082 181 2115 qualiter
194 2086 218 2108 te
228 2088 274 2115 per
286 2080 450 2115 voluntatem
463 2084 534 2115 tuam
549 2087 641 2106 servus
649 2080 717 2115 juris
731 2080 782 2106 mei
798 2088 846 2106 no-

86 2114 146 2143 niioe
155 2117 194 2144 ille
206 2114 237 2143 ad
252 2114 404 2149 coniugium
418 2114 531 2140 sociavit
546 2122 666 2141 uxorem.
681 2114 755 2141 Unde
769 2119 794 2141 te
808 2115 847 2141 vel

86 2153 279 2185 procreationem
300 2156 372 2177 tuam
387 2149 414 2176 in
429 2149 536 2176 servitio
551 2150 677 2185 inclinare
699 2154 846 2184 potueram.

86 2184 131 2213 Sed
148 2187 204 2213 mihi
228 2186 369 2220 pntzpatuit
393 2185 517 2220 voluntas
540 2184 691 2220 plenissima
716 2188 744 2210 ut
769 2185 847 2210 talem

86 2220 207 2255 epistolam
217 2218 370 2247 donationis
380 2219 407 2246 in
420 2224 447 2246 te
458 2218 512 2255 ﬁeri
526 2223 552 2245 et
562 2219 702 2255 adﬁrmare
717 2225 846 2252 rogarem,

87 2253 111 2282 ut
121 2256 140 2282 si
152 2256 238 2290 aliqua!
252 2255 451 2290 procreationes
465 2253 576 2290 ﬁliorum
591 2257 637 2280 aut
651 2253 763 2290 ﬁliarum
776 2261 809 2290 ex
825 2258 850 2280 te

87 2295 147 2317 nata
161 2288 198 2317 vel
210 2293 357 2330 procreata
371 2289 478 2321 fuerint,
493 2289 543 2330 sub
563 2288 668 2330 integra
688 2288 850 2330 ingenuitate

87 2332 139 2352 cum
153 2323 219 2352 omui
227 2325 361 2359 peculiare
373 2330 466 2350 eorum
476 2324 594 2359 valeant,
607 2323 713 2359 Christo
723 2323 849 2357 propitio,

88 2357 235 2392 pennanere;
255 2365 283 2386 et
296 2358 424 2393 quidquid
449 2358 570 2384 laborare
591 2357 726 2393 potuerint
746 2364 851 2384 cessum

88 2367 235 2392 permanere,
255 2367 283 2386 et
315 2367 424 2393 utuqum
449 2367 570 2384 ικυοηπδ
628 2367 726 2384 ιιιεῐΊηι
746 2367 851 2384 06581111]

88 2394 199 2426 habeant,
213 2398 239 2421 et
259 2367 324 2421 uuﬂi
347 2393 473 2420 heredum
489 2399 520 2418 ac
541 2367 716 2425 promredum
732 2399 852 2419 meorum

89 2430 177 2456 nullum
187 2428 335 2464 impendant
345 2428 544 2464 scrvitiutonec
553 2427 698 2464 homini-nn
708 2427 747 2454 vel
759 2431 852 2464 patro-

89 2469 158 2491 uatus
170 2461 337 2499 obsequium,
353 2463 404 2499 nisi
418 2463 470 2499 soli
483 2461 610 2499 Deo,»cui
623 2462 713 2499 omnia
733 2461 852 2495 subjecta

90 2506 153 2526 sunt.
163 2496 354 2526 Testamentum
366 2497 445 2524 etiam
460 2497 581 2528 faciendi,
595 2496 774 2523 defensionem
789 2503 852 2523 vero

90 2534 128 2561 vel
139 2534 336 2561 mundeburdem
363 2533 533 2559 eu-lesiarum
555 2536 600 2558 aut
622 2533 750 2558 bonorum
765 2530 853 2557 homi-

92 2576 157 2599 num,
169 2569 311 2602 ubicunque
324 2568 421 2600 eligere
434 2567 557 2599 voluerit,
570 2566 702 2602 licentiam
716 2566 853 2602 habeatad

91 2600 291 2638 conquirendum.
309 2603 335 2629 Si
354 2604 412 2636 quis
435 2610 513 2638 vero.
526 2601 600 2638 quod
615 2609 663 2638 nec
685 2600 745 2638 ﬁeri
763 2600 854 2638 credo,

91 2635 169 2671 eicio
181 2639 242 2672 ipse,
255 2642 302 2664 aut
315 2635 384 2663 ullus
399 2638 431 2663 de
452 2636 592 2672 heredbus
614 2637 689 2672 meis,
707 2635 853 2672 vequuisli-

91 2673 131 2699 bet
141 2669 319 2707 ulla'opposita
334 2679 459 2706 persona,
473 2671 517 2707 nui
528 2669 853 2707 contrahaneepistolam

92 2703 226 2741 agnationis
236 2703 324 2734 'renire
334 2703 485 2737 'conaverit,
499 2703 593 2731 inferat
607 2705 631 2731 ei
647 2705 689 2741 cui
704 2704 777 2741 litem
788 2705 856 2741 intu:

92 2738 148 2770 ιὰιι
167 2741 214 2769 ista
233 2746 287 2770 tota
307 2746 442 2774 servante,
459 2749 510 2767 una
530 2747 590 2767 curn
607 2739 683 2766 socio
706 2738 778 2771 ﬁsco,
799 2739 855 2765 auri

122 2813 137 2828 ι
155 2808 242 2844 Papias
259 2818 267 2836 :
288 2819 299 2837 ‹
317 2808 409 2838 Dextri
431 2808 553 2835 dicuntur
575 2813 667 2840 passus
687 2807 856 2833 mensurandi

94 2844 160 2880 ιβιδ
172 2845 301 2879 quosdam.
320 2855 330 2870 ι
440 2850 444 2854 ”

127 2878 141 2899 ⁵
151 2878 230 2907 Gloss.
243 2881 326 2908 sancti
338 2877 475 2907 Benedicti
488 2886 493 2904 ;
508 2887 517 2902 ‹
533 2875 665 2910 Analicla,
673 2875 714 2903 vel
725 2875 856 2903 anaticu'a

670 173 844 209 FOIIMUL/E
866 173 1032 202 VETERES.

1614 179 1666 206 7(58

883 230 973 269 uncias
997 234 1083 256 tnut-s
1101 237 1160 269 esse
1179 231 1352 265 mmtandum,
1373 236 1401 259 et
1420 241 1537 268 pnnsens
1556 235 1666 269 agnatio

885 266 955 290 omni
969 269 1088 298 tempore
1102 264 1172 291 ﬁrma
1186 272 1347 298 permaneat.

1094 310 1162 336 XIX.
1181 310 1324 337 Tradiloria
1341 312 1371 338 de
1383 317 1460 339 terra.

921 353 1242 391 Veniensltomoalquis
1257 356 1362 383 nomine
1376 357 1422 383 ille
1444 358 1469 384 in
1485 365 1552 391 pago
1568 358 1624 389 illo,
1639 359 1666 386 in

886 390 945 426 loco
960 389 1003 421 qui
1019 387 1114 415 dic'tur
1135 389 1178 416 ille
1186 387 1272 426 {ante
1287 390 1371 426 bonos
1385 387 1505 419 homines
1519 387 1563 426 qui
1578 387 1669 420 subter

886 422 1067 459 ﬁrmavi-runt,
1085 428 1181 459 terram
1204 424 1284 453 illam.
1302 425 1326 451 id
1343 430 1394 455 est.
1411 431 1464 451 tam
1479 422 1587 458 ina-sis,
1602 433 1668 459 etc.,

886 461 970 496 totum
992 461 1019 483 et
1032 458 1070 496 ad_
1087 458 1226 496 integrum,
1242 466 1321 496 quam
1337 465 1397 496 ante
1419 461 1467 496 hos
1485 461 1541 487 dies
1562 458 1670 488 homine

886 492 975 525 aliquo
999 492 1106 527 nomine
1122 493 1165 518 ille
1181 501 1228 525 per
1249 494 1408 521 venditionis
1432 495 1534 521 titulutn
1560 501 1669 527 accepto

886 533 948 552 vero
964 526 1049 562 pretio
1063 527 1134 553 visu~
1149 528 1197 553 fuit
1212 528 1379 558 vendidisse;
1394 529 1440 556 sed
1456 536 1517 556 ante
1536 530 1607 562 ipsos
1620 526 1670 556 bo-

887 567 934 600 nos
946 561 1066 600 homines
1080 562 1112 600 ad
1125 561 1272 600 integrum,
1286 567 1314 589 ut
1328 564 1455 600 quidquid
1471 565 1595 600 pra‘dicta
1607 572 1669 600 ven-

887 595 986 632 ditione
998 595 1022 622 ei
1038 596 1164 632 vendidit,
1177 604 1224 628 per
1238 595 1563 632 manus’partibus'ipsiue
1578 599 1612 625 lui
1628 599 1670 626 vel

888 629 994 665 lterbam
1010 629 1050 656 vel
1067 635 1163 657 terram
1178 632 1249 657 visus
1265 631 1313 657 fuit
1329 629 1477 661 tradidisse,
1492 629 1521 659 et
1536 641 1584 665 per
1594 641 1668 660 suam

888 664 1007 691 llstucam
1022 669 1115 691 contra
1130 665 1214 698 ipsum
1232 665 1303 691 illum
1318 667 1413 693 exinde
1427 667 1527 693 exitum
1537 664 1622 698 'I'ecit,
1645 672 1673 694 ut

887 698 1013 735 quidquid
1029 700 1084 735 ipse
1098 699 1143 726 ille
1156 700 1189 726 de
1204 700 1259 735 ipsa
1274 705 1343 727 terra
1359 709 1372 726 a
1384 701 1427 727 die
1439 706 1570 735 prte~ente
1586 702 1674 728 facere

888 733 1012 764 voluerit,
1028 734 1137 760 liberam
1153 738 1180 760 et
1201 734 1376 761 III‘IIIISSIIIIIIII
1399 737 1424 762 in
1438 733 1562 763 omnibus
1577 737 1674 763 habeat

887 772 1045 801 potestatem
1062 767 1185 795 faciendi.
1202 768 1234 794 Et
1247 775 1353 796 caetera.

888 811 947 839 XX.
971 811 1116 839 Tradiloria
1141 813 1172 839 de
1197 814 1340 883 reqditionje
1363 814 1432 850 [a|.,
1457 815 1489 842 de
1512 823 1612 849 mansa,
1636 816 1673 842 vel

1241 856 1310 875 erra.

1241 856 1310 875 erra.

923 891 1021 928 N-ttitia
1046 892 1159 926 qualiter
1186 896 1212 919 et
1238 893 1332 926 quibus
1360 894 1534 928 praesentibus
1561 894 1671 921 veniens

891 927 972 954 homo
987 927 1082 960 aliquis
1098 928 1205 954 nomine
1220 927 1264 954 ille
1285 929 1379 955 missus
1394 928 1511 955 inlustris
1534 928 1581 955 viri
1607 929 1676 956 illius

890 968 971 995 super
992 961 1071 988 ﬁuvio
1097 962 1153 993 illo,
1177 962 1202 988 in
1225 962 1284 989 loco
1305 963 1376 996 quod
1392 963 1488 989 dicitur
1502 963 1556 992 ille.
1579 963 1613 989 ad
1629 964 1674 989 illo

891 998 983 1022 manso
1003 996 1045 1022 vel
1060 996 1103 1023 illa
1120 1002 1190 1022 terra
1204 1005 1281 1030 quam
1296 997 1340 1023 ille
1356 997 1435 1023 homo
1451 997 1600 1030 hominibus
1623 997 1674 1023 illis

891 1034 954 1057 ante
969 1031 1090 1066 hosrdies
1105 1030 1137 1056 ad
1154 1038 1213 1056 rasa
1231 1032 1314 1058 sani-ti
1327 1032 1396 1058 illius
1407 1033 1529 1066 pagensis
1540 1039 1587 1065 per
1597 1032 1675 1058 char-

892 1065 1090 1100 tlantcessionis
1111 1066 1230 1099 partibus
1245 1066 1326 1099 ipsius
1348 1066 1418 1092 illius
1433 1074 1480 1100 per
1495 1066 1558 1092 illud
1578 1066 1674 1092 ostium

892 1099 932 1126 vel
948 1098 961 1117 ι)
977 1098 1158 1134 ειιπιίευιδίύθ
1179 1100 1234 1133 ip~a
1250 1098 1310 1127 casa
1335 1108 1382 1134 per
1396 1098 1478 1127 hei-ba
1494 1101 1535 1127 vel
1551 1105 1620 1127 terra
1643 1100 1677 1127 de

893 1133 951 1168 ipso
965 1141 1068 1164 tuanso,
1085 1133 1125 1160 vel
1141 1134 1268 1168 quidquid
1281 1135 1313 1161 ad
1330 1133 1386 1167 ipso
1400 1142 1493 1161 maneo
1516 1135 1621 1168 aspicit.
1639 1135 1677 1161 si-

892 1173 937 1195 cut
951 1169 977 1195 in
993 1169 1048 1202 ipsa
1062 1169 1184 1195 cessione
1197 1172 1238 1196 est
1259 1169 1398 1201 insertum,
1414 1169 1445 1195 ad
1468 1173 1571 1202 partem
1595 1170 1678 1201 ipsius

896 1203 1018 1230 l-‘cclesia'.
1029 1204 1100 1230 visus
1114 1202 1159 1229 ﬁtit
1176 1203 1315 1232 tradidisse
1325 1204 1367 1230 vel
1381 1204 1562 1238 consignasse.
1576 1203 1604 1231 Id
1618 1208 1679 1232 sunt

894 1238 989 1273 quibus
1002 1238 1185 1272 praesentibus.

1122 1282 1191 1309 XXI.
1208 1281 1306 1309 Notitia
1320 1283 1351 1309 de
1365 1291 1446 1310 terra.

930 1326 1029 1353 Notitia
1058 1327 1174 1361 qualiter
1198 1332 1225 1354 et
1247 1327 1343 1361 quibus
1372 1327 1544 1361 praesentibus
1571 1327 1679 1355 veniens

895 1361 975 1388 homo
987 1362 1082 1395 aliquis
1096 1362 1202 1388 nomine
1217 1362 1260 1389 ille
1275 1362 1300 1388 in
1315 1369 1383 1396 pago
1399 1363 1454 1393 illo,
1468 1362 1492 1388 in
1505 1362 1566 1389 loco
1579 1363 1623 1396 qui
1637 1362 1678 1389 di-

895 1396 965 1424 citur
980 1396 1034 1428 ille,
1049 1403 1096 1423 seu
1123 1396 1148 1422 in
1169 1401 1297 1427 mercato,
1315 1397 1354 1423 vel
1379 1398 1405 1423 in
1426 1404 1585 1431 quocunque
1608 1397 1679 1429 loco,

895 1437 957 1457 ante
971 1430 1048 1457 bonis
1072 1430 1221 1457 hominibus
1237 1431 1281 1465 qui
1301 1431 1393 1458 subter
1414 1432 1595 1463 ﬁrmaverunt,
1617 1431 1679 1459 dato

897 1473 946 1492 suo
967 1465 1052 1499 pretio
1071 1466 1104 1501 ad
1124 1465 1257 1501 hominem
1273 1466 1452 1498 negotiantem
1468 1466 1568 1493 solidos
1582 1470 1679 1501 tantos,

897 1507 1001 1528 servum
1016 1499 1214 1527 suum'nomine
1228 1500 1300 1526 illum
1315 1500 1385 1526 visus
1398 1504 1439 1526 est
1454 1507 1631 1533 comparasse.
1648 1499 1680 1526 Et
1696 1504 1700 1508 '

898 1535 955 1570 ipse
979 1535 1116 1568 negotians
1136 1534 1229 1574 ipsum
1242 1534 1489 1574 servutnstiperius
1515 1536 1680 1574 nominatum

859 1570 883 1602 C
898 1569 945 1604 per
968 1577 1062 1596 manus
1084 1569 1203 1603 partibus
1223 1569 1305 1601 i,sius
1329 1569 1362 1595 Iui
1378 1571 1450 1596 visus
1475 1574 1514 1596 est
1531 1569 1679 1599 tradidis~e,

898 1603 951 1631 non
968 1605 1068 1637 fraude,
1083 1604 1129 1631 sed
1144 1604 1170 1630 in
1187 1605 1302 1637 publico,
1323 1608 1351 1630 ut
1363 1604 1487 1638 quicquid
1501 1604 1598 1630 exinde
1610 1610 1625 1629 a
1636 1603 1680 1629 die

898 1644 1029 1674 praesente
1044 1640 1132 1666 laci-re
1146 1639 1268 1669 voluerit,
1285 1639 1395 1665 liberam
1410 1643 1437 1665 et
1456 1638 1631 1674 ﬁrmissimam
1651 1638 1680 1665 in

898 1673 1022 1702 omnibus
1037 1674 1306 1712 liabeatpotestatetn
1320 1673 1444 1700 faciendi.
1462 1673 1489 1700 Id
1505 1679 1577 1700 sunt.

1101 1718 1182 1745 XXII.
1199 1718 1301 1745 Notitia
1315 1719 1347 1744 de
1358 1719 1470 1753 jactitn's.

931 1764 1029 1790 Notitia
1056 1762 1170 1797 qualiter
1193 1766 1220 1789 et
1248 1763 1343 1822 quibus
1370 1762 1544 1797 pimsenlibus
1572 1763 1681 1789 veniens

934 1806 977 1822 mo
1000 1799 1094 1822 aliquis
1117 1798 1223 1822 nomine
1248 1797 1291 1822 ile
1317 1798 1341 1822 itt
1361 1805 1427 1822 natm
1448 1798 1504 1822 illo.
1521 1798 1547 1822 in
1563 1797 1622 1822 loco
1635 1798 1681 1822 nui

897 1799 977 1826 homo
1000 1799 1094 1832 aliquis
1117 1798 1223 1825 nomine
1248 1797 1291 1823 ille
1317 1798 1341 1823 itt
1361 1805 1427 1831 pago
1448 1798 1504 1827 illo,
1521 1798 1547 1823 in
1563 1797 1622 1824 loco
1635 1798 1681 1830 qui

896 1834 994 1861 dicitur
1009 1834 1061 1865 ille,
1082 1834 1108 1859 in
1124 1832 1205 1859 mallo
1221 1832 1338 1866 publico,
1354 1838 1417 1859 ante
1438 1833 1496 1859 viro
1512 1832 1556 1858 illo
1583 1833 1681 1859 comite

897 1870 939 1895 vel
955 1869 1063 1902 reliquis
1075 1868 1239 1903 quatnpluris
1263 1867 1338 1903 bonis
1358 1867 1510 1903 hominibus
1524 1867 1569 1900 qui
1588 1867 1681 1894 subter

899 1903 1080 1935 ﬁrmaverunt,
1096 1902 1234 1936 repetebat
1248 1902 1283 1934 ei,
1305 1902 1367 1927 dum
1383 1902 1485 1928 diceret
1499 1909 1531 1928 eo
1546 1902 1615 1935 quod
1631 1902 1679 1936 lto~

882 1938 969 1964 "mine
984 1937 1073 1970 aliquo
1096 1935 1203 1962 nomine
1222 1936 1268 1962 illo
1283 1940 1345 1961 ante
1362 1936 1447 1969 ipsum
1471 1936 1595 1962 comitem
1612 1935 1681 1961 afra-

897 1974 991 1999 mitum
1016 1971 1161 1997 habuisset.
1187 1971 1209 1996 Δ
1229 1978 1282 2004 quo
1303 1970 1430 2003 placitum
1453 1970 1525 1996 venit
1550 1970 1620 2003 i,se,
1636 1970 1681 1997 ille

898 2007 996 2041 placito
1011 2013 1060 2033 suo
1074 2005 1249 2037 custodiebat,
1264 2009 1293 2041 et
1307 2012 1357 2032 nec
1372 2005 1427 2039 ipse
1442 2005 1486 2032 Ille
1500 2005 1608 2041 adeum
1622 2005 1681 2041 pla:

898 2039 979 2069 citum
1003 2041 1084 2071 venit.
1109 2048 1158 2067 nec
1173 2040 1253 2067 misso
1274 2040 1299 2066 in
1315 2040 1398 2066 vicvm
1421 2047 1496 2066 suam
1521 2039 1679 2072 direxitqtti

899 2077 950 2103 ulla
963 2077 1039 2108 sonia
1047 2075 1201 2104 nuntiasset.
1213 2079 1240 2101 et
1248 2074 1344 2108 placito
1357 2082 1406 2101 suo
1419 2075 1545 2107 neglexit.
1558 2079 1585 2100 et
1597 2074 1679 2106 jacti-

899 2119 946 2137 vus
970 2106 1065 2137 exinde
1088 2110 1223 2137 remansit.
1248 2106 1280 2135 'ld
1304 2114 1366 2136 sunt
1387 2106 1483 2143 quibus
1507 2108 1680 2143 praesentibus

898 2147 1014 2173 luerunt.
1226 2155 1233 2161 ι

1162 2177 1252 2204 XXIII.
1270 2177 1411 2204 Securitas.

936 2226 992 2253 Non
1015 2224 1122 2252 minima
1136 2223 1182 2250 sed
1204 2224 1316 2249 maxima
1339 2222 1450 2249 vertitur
1464 2222 1596 2249 discordia
1612 2222 1682 2249 inter

902 2261 962 2288 illos
977 2265 1004 2287 et
1024 2261 1091 2286 illos.
1110 2258 1250 2284 Venientes
1269 2262 1330 2284 ante
1355 2258 1399 2283 illo
1422 2261 1450 2283 et
1474 2258 1528 2288 illo,
1558 2257 1682 2289 repetivit

902 2296 958 2330 ipse
970 2295 1013 2321 ille
1027 2293 1262 2330 adversus__ipsius_
1273 2293 1318 2322 lui,
1332 2299 1375 2330 __co
1395 2291 1610 2330 quodﬂgenitore
1631 2299 1680 2317 suo

902 2325 946 2357 aut
961 2336 1085 2364 germano
1098 2336 1147 2355 suo
1158 2325 1584 2364 illo_tnalo_ordiu_e_interfecisset.
1598 2325 1680 2364 Inter-

905 2360 1024 2398 rogatutn
1049 2362 1096 2389 fuit
1109 2364 1143 2389 ab
1163 2361 1302 2398 ipsisviris
1324 2361 1372 2394 ipsi
1386 2361 1422 2387 ltti
1437 2360 1458 2398 s_i
1469 2362 1534 2398 hinc
1549 2368 1629 2398 causa
1644 2361 1682 2387 ita

902 2395 960 2426 act‘a
973 2400 1012 2425 vel
1028 2395 1178 2432 perpetrata
1201 2396 1291 2432 fuisset
1310 2403 1342 2422 an
1364 2395 1476 2432 nonkid
1492 2395 1547 2432 ipse
1569 2395 1594 2421 in
1610 2402 1683 2428 pnn-

902 2439 977 2461 sente
990 2430 1209 2459 dicere‘dcberet.
1221 2430 1273 2457 Sed
1288 2438 1347 2456 curti
1367 2430 1423 2462 ip~e
1435 2430 1479 2456 ille
1492 2430 1560 2456 hanc
1573 2437 1682 2457 causam

903 2469 1012 2495 minime
1031 2468 1117 2501 potuit
1138 2466 1278 2498 denegare.
1293 2465 1330 2491 sic
1344 2465 1377 2491 ab
1391 2464 1454 2498 ipsis
1471 2465 1534 2491 viris
1549 2465 1598 2501 fuit
1610 2464 1680 2496 judi-

903 2507 1001 2533 catum,
1018 2499 1047 2528 ιιί
1061 2502 1087 2528 ill
1106 2508 1119 2527 s
1134 2501 1218 2531 leode,
1231 2504 1259 2526 ut
1271 2500 1313 2526 lex
1324 2504 1392 2531 erat,
1408 2501 1545 2527 desolvere
1557 2499 1679 2525 deberet.

904 2538 978 2570 Quod
994 2537 1030 2563 ita
1045 2538 1069 2562 in
1084 2540 1212 2569 prmsuttte
1228 2538 1255 2561 et
1271 2535 1342 2561 lecit.
1360 2535 1391 2561 Et
1406 2542 1455 2567 ego
1469 2535 1590 2570 hancrsei
1600 2533 1682 2570 urita-

904 2568 957 2599 tetn
980 2572 1006 2598 in
1027 2568 1149 2604 ipsoillo
1171 2569 1225 2596 ﬁeri
1240 2573 1277 2604 ret
1298 2570 1438 2604 adﬁrmare
1461 2569 1550 2602 rogavi
1567 2573 1594 2594 ut
1608 2568 1681 2604 nullo

905 2614 1018 2640 unquam
1039 2603 1162 2639 tetiipore
1183 2604 1215 2630 de
1236 2603 1293 2640 j’llll
1314 2603 1392 2640 dicta»
1408 2608 1493 2640 morte
1513 2611 1561 2630 nec
1575 2604 1608 2640 de
1623 2603 1679 2636 ipsa

905 2638 980 2668 lende
995 2647 1044 2667 nec
1055 2638 1105 2673 ego
1117 2640 1183 2673 ipse,
1199 2646 1248 2665 nec
1260 2638 1327 2664 ullus
1339 2638 1372 2664 de
1386 2638 1526 2664 heredibus
1539 2639 1614 2669 Ineis,
1631 2645 1681 2664 occ

904 2676 1026 2710 quislibet
1046 2675 1111 2700 ultas
1125 2674 1271 2710 calumnias
1285 2680 1333 2710 nec
1350 2674 1522 2710 t‘epetitioues
1536 2679 1614 2710 agere
1631 2680 1682 2699 nec

905 2707 1025 2744 repetere
1047 2716 1098 2735 non
1117 2709 1267 2744 debeamus.
1285 2707 1359 2744 Quod
1385 2708 1429 2740 qui
1452 2707 1679 2744 attentaverintus,

906 2741 1006 2772 nullum
1020 2744 1138 2770 obtineat
1151 2742 1284 2774 ell'ectum,
1300 2746 1326 2768 et
1340 2742 1447 2775 insuper
1463 2742 1604 2767 inferamus
1620 2741 1679 2774 tibi,

906 2817 946 2838 est
955 2811 1035 2838 cardo
1053 2810 1097 2844 qui
1113 2810 1137 2835 in
1154 2809 1253 2837 foribus
1267 2808 1477 2835 circumvertitur
1492 2807 1565 2841 (Cap.
1582 2808 1612 2835 de
1624 2807 1680 2836 Ηιι-

907 2846 1047 2879 bitatioue).
1061 2843 1069 2871 ἰ
1088 2845 1201 2878 Cangtus
1217 2853 1221 2870 :
1235 2844 1363 2876 Anaticla,
1376 2843 1547 2879 ἱπιστρὸφιγξ.
