3886 6226
494 359 595 415 7(ῖῖ

495 489 597 527 una
623 486 746 528 cum
773 470 921 524 socio
949 468 1098 534 ﬁsco,
1127 467 1239 520 auri
1270 479 1452 519 uncias
1484 471 1658 516 tantas
1680 476 1800 534 esse
1830 459 2058 514 multan-
2088 465 2128 517 Α

492 543 583 607 do,
613 553 666 594 et
697 554 927 610 praesens
952 529 1208 591 securitas
1235 535 1379 590 omni
1403 545 1644 600 tempore
1673 529 1821 584 ﬁrma
1851 545 2060 600 pet-ma—

499 621 644 666 neat.

745 697 929 753 XXIV.
960 698 1151 752 Charta
1180 694 1460 750 denm-falis
1483 700 1600 749 ante
1627 707 1814 759 regem.

570 789 659 844 llle
696 805 787 843 rex
830 789 1152 843 Francorum
1201 787 1280 838 vir
1324 784 1560 837 inluster.
1607 783 1670 833 lit
1699 780 1820 848 quia
1852 778 1940 833 ille
1968 793 2061 832 ve-

499 861 647 914 niens
696 869 819 913 ante
865 874 960 911 nos
1005 858 1087 912 vel
1130 870 1406 921 procerum
1451 862 1752 906 nostrormn
1783 851 2063 917 praesentia

493 930 726 998 jactantc
756 928 976 998 denario
995 925 1295 998 secundum
1325 924 1439 998 lege
1468 921 1640 973 Salica
1671 935 1826 998 servo
1847 933 1944 998 suo
1967 934 2064 972 no-

501 987 620 1052 inen
649 999 737 1052 ille
765 997 964 1050 dimisit
993 996 1222 1059 ingenuo
1241 1031 1256 1056 ,
1287 987 1402 1063 ejus
1429 1004 1643 1058 quoque
1672 987 2084 1063 absolutionem

497 1084 592 1136 per
623 1077 886 1135 prtesente
933 1057 1330 1136 auctarittttetn'
1352 1057 1657 1136 ﬁrmamus.‘
1689 1057 2066 1136 Prae-cipientes

497 1127 638 1190 enim
665 1147 722 1190 ut
748 1139 888 1190 sicut
915 1135 1056 1188 enim
1080 1144 1134 1188 et
1163 1135 1366 1199 reliqua
1393 1129 1694 1182 mansuaria
1722 1129 1810 1196 qui
1847 1143 1938 1194 per
1959 1127 2064 1199 tale

498 1207 708 1259 titulum
741 1208 792 1259 in
824 1206 1102 1273 prmsentia
1133 1195 1428 1273 principum
1463 1195 1752 1252 noscuntur
1781 1211 1907 1273 esse
1928 1195 2065 1248 rela-

499 1277 606 1328 xati
637 1265 942 1342 ingenuum,
978 1275 1048 1327 ita
1088 1265 1145 1327 et
1181 1265 1468 1342 admodum
1502 1274 1831 1342 memoratus;
1859 1265 1947 1318 ille
1971 1280 2068 1332 per

498 1335 976 1412 nostro'prmcepto
1003 1343 1209 1412 plenius
1239 1343 1294 1412 in
1336 1341 1426 1412 Dei
1458 1351 1652 1391 nomen
1696 1335 2066 1412 confirmatum

499 1404 747 1480 perennis
771 1404 1096 1483 temporibus
1121 1428 1241 1465 cum
1274 1410 1362 1462 Dei
1392 1417 1447 1483 et
1476 1413 1656 1483 nostra
1679 1405 1847 1470 gratia
1870 1404 2064 1483 valeat,

496 1476 708 1538 Christo
755 1476 1010 1553 propitio,
1053 1494 1369 1551 permanere
1412 1478 1549 1531 bene
1598 1476 1859 1542 ingenuus
1905 1481 2066 1542 atque

498 1567 738 1608 securus.

1018 1640 1182 1694 XXV.
1216 1638 1543 1693 Mandatum.

570 1732 793 1786 Domino
834 1732 1115 1798 magniﬁco
1158 1729 1306 1784 fratri
1355 1729 1448 1790 illi,
1498 1728 1608 1786 ille.
1653 1722 1911 1798 Omnibus
1958 1738 2065 1778 non

501 1801 727 1855 habetur
755 1795 1078 1869 incognitum
1101 1801 1330 1867 qualiter
1354 1815 1440 1852 me
1459 1804 1706 1869 senectus
1731 1795 1987 1869 adgravat
2015 1801 2068 1845 et
2104 1799 2144 1857 Β

499 1871 777 1926 inﬁrmitas
800 1863 1014 1934 domat,
1045 1879 1101 1924 et
1121 1863 1312 1924 causas
1347 1881 1492 1920 meas
1521 1865 1739 1918 minume
1767 1863 1918 1916 valeo
1946 1877 2069 1934 pru-

495 1955 720 2009 sequere
749 1941 831 1995 vel
854 1931 1162 1994 admallare.
1197 1938 1486 2004 Propterea
1514 1949 1705 2003 precor
1729 1940 1783 1987 et
1822 1931 2067 2000 supplico

497 2011 706 2064 caritati
737 2021 837 2063 tua:
866 2018 923 2064 tit
968 2011 1019 2062 in
1047 2010 1216 2062 vicem
1249 2021 1422 2060 meam
1461 2019 1650 2059 omnes
1679 2015 1866 2057 causas
1896 2015 2064 2066 meas,

498 2090 604 2132 tam
633 2080 684 2132 in
714 2094 870 2151 pago,
901 2091 1060 2151 quam
1092 2085 1153 2151 Aet
1191 2078 1242 2151 in
1274 2076 1490 2151 palatio,
1521 2077 1605 2128 vel
1643 2071 2066 2151 imquzbuscnn-

496 2164 601 2218 que
648 2142 807 2216 pa'g'is'
844 2142 932 2203 vel
980 2142 1608 2218 territoriis—ubicunque
1642 2142 1782 2218 _r_nihi
1830 2148 2063 2210 oportet,

491 2211 637 2288 apud
651 2211 954 2284 quemlibet
980 2218 1280 2288 hominem,
1311 2226 1414 2271 tam
1446 2215 1511 2267 ad
1553 2211 1878 2288 mallaudugp
1906 2225 2066 2288 quam

497 2272 565 2340 ad
606 2272 916 2354 responsum
963 2286 1191 2341 dandum
1242 2272 1568 2354 prosequere
1607 2281 1792 2354 facias.
1820 2272 1885 2332 Et
1912 2272 2068 2354 quid-

496 2356 622 2424 quid
650 2349 842 2411 eiinde
871 2359 1042 2425 egeris
1067 2349 1385 2421 gesseris-ve,
1415 2349 1553 2423 apud
1595 2367 1680 2405 me
1724 2352 1776 2404 in
1821 2349 2067 2425 omnibus

495 2418 551 2478 et
581 2442 646 2479 ex
677 2418 928 2480 omnibus
954 2418 1128 2480 ratum
1157 2435 1211 2479 et
1239 2418 1421 2492 aptum
1451 2418 1623 2491 atque
1644 2418 2066 2492 transactum_in

495 2498 740 2551 omnibus
769 2498 1041 2551 deﬁnitum
1073 2511 1191 2550 esse
1219 2487 1687 2560 cognoscas,'quia
1716 2505 1835 2560 auio
1867 2496 1918 2540 te
1949 2487 2069 2560 plus

496 2582 655 2638 quam
687 2582 790 2627 me,
829 2567 945 2638 plus
983 2575 1035 2619 te
1060 2581 1240 2638 __quam
1289 2558 1514 2616 heredes
1557 2575 1723 2638 meos:
1772 2559 1836 2610 lit
1865 2565 1942 2638 _ut
1969 2558 2070 2609 hoc

497 2626 805 2706 mandatum
831 2626 951 2706 post
974 2647 1024 2690 te
1054 2626 1254 2706 ﬁrmius
1269 2638 1529 2706 retineas,
1552 2640 1604 2683 et
1629 2628 1805 2682 taliter
1829 2626 2070 2681 obtineat

499 2704 800 2758 ﬁrmitatem
832 2701 983 2774 quasi
1013 2701 1719 2774 gestisfuissetalligatum,_
1743 2713 1899 2774 manu
1946 2711 2070 2774 prof

498 2776 610 2841 pria
643 2777 827 2829 subter
852 2769 1064 2828 decrevi
1096 2771 1400 2838 adlirmare,
1432 2781 1486 2826 et
1523 2770 1612 2824 oui
1640 2769 2071 2840 subscripserunt

499 2845 547 2896 in
572 2854 833 2914 przcsente
859 2845 1059 2911 rogavi.

889 2935 1076 2990 XXVI.
1105 2937 1276 2991 Cessio
1303 2935 1372 2989 ad
1402 2935 1688 2989 ecclesiam.

569 3025 805 3081 Dominae
832 3040 1028 3082 sancta)
1058 3043 1120 3082 ac
1156 3025 1598 3082 reverentissime
1627 3021 1869 3077 ecclesize
1897 3020 2070 3072 sancti

500 3097 661 3156 illius.
703 3113 820 3165 quin
851 3108 934 3152 est
962 3106 1270 3154 constructa
1303 3098 1352 3149 in
1386 3109 1522 3164 pago
1572 3093 1681 3157 illo,
1730 3092 1781 3144 in
1807 3091 1950 3165 _loco
1977 3089 2068 3156 qui

499 3147 691 3219 dicitur
710 3147 827 3226 hi6.
856 3147 1424 3235 ego'iii'a'ei'ﬁiiuiiié
1453 3147 1562 3235 iile,
1594 3147 1688 3227 pro
1718 3159 1850 3235 meis
1879 3147 2071 3235 peccat
2100 3147 2144 3206 C

505 3236 570 3289 tis
600 3228 920 3297 uonueudis:
951 3246 1009 3290 ut
1040 3238 1088 3289 in
1133 3238 1366 3289 futurum
1399 3233 1654 3287 Dominus
1701 3231 1908 3283 veniam
1943 3228 2072 3281 mibi

503 3320 755 3371 DI‘IBSIaI‘e
775 3308 1040 3370 dignetur,
1069 3307 1202 3361 cedo
1226 3305 1290 3357 ad
1323 3305 1580 3357 luminare
1610 3300 1689 3354 vel
1719 3298 1980 3371 sacriﬁcio
2008 3297 2072 3350 ad

502 3370 612 3442 ipsa
647 3392 765 3429 casa
807 3375 899 3430 Dei
928 3377 1010 3431 vel
1042 3377 1155 3445 ipso
1180 3375 1340 3429 domo
1372 3375 1462 3445 Dei
1492 3377 1516 3402 ⁸
1549 3370 1934 3445 condirgendo,
1958 3382 2074 3445 ces-

505 3438 818 3516 s'umquein
859 3438 1178 3516 perpetuum
1202 3459 1320 3516 esse
1349 3443 1491 3516 volo,
1520 3451 1575 3496 et
1602 3443 1668 3496 de
1703 3440 1828 3516 jure
1855 3454 1974 3492 nieo
2020 3438 2072 3490 in

500 3516 620 3581 jure
645 3510 699 3585 et
731 3510 1096 3570 dominatione
1126 3510 1290 3585 ipsius
1320 3514 1559 3585 ecclesia:
1585 3510 1883 3585 transcribo
1914 3517 2073 3574 atque

506 3580 837 3649 transfundi),
872 3587 974 3642 hoc
1004 3596 1106 3650 est,
1149 3580 1238 3640 res
1280 3582 1626 3654 proprietatis
1656 3595 1788 3654 mea:
1836 3580 1888 3654 in
1939 3592 2073 3654 pauo

507 3655 618 3714 illo.
653 3656 703 3708 in
750 3647 869 3709 loco
900 3656 1040 3723 quod
1086 3647 1505 3723 dicitur-illo,_iu
1548 3651 1795 3720 jantdieta
1841 3647 2075 3723 loca_,_id

506 3731 608 3785 est,
641 3735 743 3776 tam
776 3715 992 3790 mansis,
1020 3725 1289 3785 domibus.
1320 3715 1582 3785 mdiﬁciis,
1615 3728 1785 3790 totum
1815 3715 2072 3790 etad‘iu-

505 3784 712 3860 tegrum
759 3809 816 3848 re
868 3784 1062 3863 ineiqn
1086 3794 1184 3848 sita
1214 3784 1322 3852 ,ita
1367 3800 1422 3845 ut
1448 3794 1515 3863 ab
1546 3784 1937 3863 hodiernudie
1963 3784 2076 3863 ipsa

505 3855 628 3914 rasa
664 3863 752 3917 Dei
797 3864 862 3917 ad
893 3855 1061 3918 altare
1109 3863 1321 3918 Domini
1366 3859 1707 3931 proferendo,
1752 3855 1930 3931 vcl‘ad
1961 3856 2077 3931 ipso

506 3933 665 3986 domo
700 3934 788 3988 Dei
821 3935 1205 4002 comlirgendo,
1247 3923 1388 4001 ipsas
1418 3946 1504 3986 res
1546 3931 1744 4002 habere
1769 3927 1983 4002 debeat.
2018 3923 2079 3977 Et

504 4002 546 4053 si
579 4004 702 4072 mihi
731 4003 930 4072 placuit
985 3994 1326 4058 inserendum
1363 4011 1419 4054 ut
1472 4001 1645 4072 nullus
1693 3994 1939 4072 poutil‘ex_
1988 4002 2080 4072 aut

508 4063 758 4135 quislibet
787 4081 986 4138 rector,
1017 4074 1060 4125 si
1107 4073 1173 4126 de
1206 4073 1316 4139 ipsa
1361 4086 1484 4124 casa
1526 4069 1636 4128 Dei,
1687 4063 1754 4120 de
1782 4063 2080 4139 ipso‘lumi-

510 4156 636 4212 nare
666 4142 746 4195 vel
767 4135 1028 4212 sacriﬁcio
1053 4144 1193 4212 ipsas
1221 4135 1306 4195 res
1333 4140 1644 4212 abstrahere
1669 4135 1965 4212 cona_verit,
1988 4141 2081 4186 aut

511 4211 562 4262 in
610 4207 1084 4266 beneﬁciumdare
1127 4211 1563 4280 prtesumpserit,
1622 4220 1750 4280 tuu_c_
1803 4207 1941 4280 ipsas
1996 4218 2083 4257 res

508 4281 573 4332 ad
607 4297 690 4351 me
715 4283 798 4336 vel
841 4277 1140 4336 heredibus
1166 4285 1298 4335 meis
1331 4277 1666 4351 perveniant.
1698 4277 1753 4351 Si
1783 4278 1901 4351 quls
1927 4287 2078 4351 Ὺθτον

509 4350 653 4418 quod
684 4368 781 4406 nec
813 4352 923 4405 ﬁeri
949 4355 1132 4416 credo,
1169 4353 1213 4406 si
1254 4345 1352 4419 ego
1383 4352 1515 4419 ipse,
1549 4359 1640 4402 aut
1671 4348 1810 4400 ullus
1835 4345 2079 4419 debere-

507 4414 662 4492 dthus
692 4422 847 4488 meis,
877 4424 957 4492 vel
989 4414 1242 4491 quislibet
1271 4414 1514 4491 opposita
1549 4432 1794 4492 persona,
1825 4414 1914 4492 qui
1946 4429 2069 4466 con-

1480 352 1570 406 AD
1609 347 1957 407 MAIICULFI
2000 347 2368 404 FORMULAS
2406 349 2773 406 APPENDIX.
3603 347 3684 401 763

2159 457 2417 513 Omnibus
2434 474 2535 512 non
2552 459 2776 513 habetur
2799 460 3121 527 incognitum
3139 455 3369 527 qualiter
3390 469 3468 508 res
3486 457 3687 522 proprie-

2165 528 2288 581 tatis
2311 543 2442 581 mezc
2465 530 2515 580 in
2540 543 2675 596 pago
2698 530 2807 590 illo,
2827 531 2876 582 in
2900 525 3016 583 loco
3041 528 3122 581 cui
3146 525 3455 580 vocabulum
3470 535 3577 596 sunt
3594 527 3688 579 illas

2163 606 2218 649 et
2248 598 2381 662 illas,
2415 599 2464 650 in
2501 595 2611 666 jam
2645 599 2781 652 dicta
2834 600 2974 663 loca,
3004 598 3054 651 id
3099 605 3198 657 est,
3233 603 3340 666 tam
3366 595 3689 666 mansis._otn-

2165 668 2335 735 uiaret
2363 681 2427 720 ex
2459 662 2636 720 omnia
2675 683 2771 735 per
2798 684 2917 720 mea
2957 662 3199 722 Cessione
3229 663 3296 716 ad
3325 662 3494 735 lumen
3517 663 3595 735 vel
3618 678 3690 735 sa-

2163 733 2417 788 criﬁcium
2461 736 2530 788 ad
2575 731 2691 805 ipsa
2713 752 2835 790 casa
2868 738 2956 789 Dei
2987 751 3016 788 a
3046 735 3140 805 die
3162 740 3426 805 pr.cse_nte
3452 731 3690 805 delegavi;

2166 813 2351 871 postea
2381 805 2446 858 ad
2479 801 2789 871 petitionem
2817 821 2988 858 meam
3020 804 3146 857 mihi
3167 801 3285 854 non
3310 801 3588 871 denegasti,
3609 801 3695 856 nisi

2167 870 2223 925 ut
2254 875 2392 941 ipsas
2438 870 2544 937 res,
2574 877 2805 942 quandiu
2851 874 3062 935 advivo,
3098 871 3319 942 mibi_ad
3363 870 3691 942 usaudomvet

2163 939 2871 1011 condit-gendum'przestare
2908 944 3192 996 deberetis.
3225 940 3381 1006 Quod
3412 941 3479 991 ita
3509 947 3556 1011 et
3589 939 3696 993 feci-

2164 1013 2279 1073 stis,
2310 1007 2384 1066 sic
2415 1014 2586 1066 taliter
2609 1007 2666 1066 ut
2697 1024 2934 1081 tempore
2954 1013 3074 1064 vita:
3097 1026 3228 1064 mea:
3257 1015 3395 1077 ipsas
3423 1023 3503 1062 res
3531 1007 3698 1062 habere

2165 1092 2220 1134 et
2249 1091 2404 1135 usare
2431 1082 2512 1135 vel
2540 1082 2851 1149 condirgere
2879 1082 3122 1140 debeam.
3157 1089 3211 1133 et
3241 1087 3361 1146 post
3389 1092 3555 1130 meum
3582 1093 3693 1145 quo-

2166 1166 2268 1218 que
2319 1151 2609 1205 discessum
2659 1167 2779 1206 eum
2827 1152 2971 1206 omni
3016 1165 3075 1203 re
3110 1149 3481 1218 itntneliorata,
3509 1156 3698 1218 agentes

2168 1216 2331 1288 ipsius
2375 1219 2624 1275 Ecclesia:
2668 1222 2869 1288 absque
2914 1226 3218 1287 exspectata
3251 1217 3528 1288 tracutione
3553 1216 3701 1268 ineo-

2166 1284 2283 1343 rum
2313 1299 2565 1343 revocent
2603 1284 2967 1345 dominatione
3011 1284 3096 1342 vel
3126 1295 3410 1355 potestate.
3445 1284 3700 1355 Propterea

2167 1359 2652 1429 talemprecariam
2702 1360 2768 1413 ad
2800 1360 2912 1427 ipsa
2939 1351 3187 1429 casa_Dei
3219 1355 3332 1408 ﬂeri
3361 1363 3416 1429 e_t
3456 1351 3704 1407 adﬁrmare

2164 1424 2442 1496 rogavi’ut
2491 1430 2634 1499 ipsas
2678 1445 2766 1483 res
2811 1424 3200 1499 neci/cudere.
3233 1424 3593 1499 negdmmre.
3619 1436 3704 1499 "Ec

2165 1491 2524 1564 commutare;
2561 1514 2658 1552 nec
2685 1514 2778 1566 per
2816 1498 2975 1552 nullis
3009 1495 3485 1566 modisrnullisque
3511 1491 3706 1566 ingeniis

2164 1567 2232 1620 de
2258 1568 2367 1636 ipsa
2390 1561 2512 1622 casa
2537 1567 2627 1622 Dei
2654 1561 2984 1629 abstrahere,
3016 1580 3115 1619 nec
3139 1565 3382 1636 minuatje
3412 1561 3703 1636 pontiﬁcium

2167 1628 2290 1690 non'
2322 1637 2569 1701 habeam,
2621 1651 2719 1691 nec
2769 1651 2887 1689 mea
2933 1633 3201 1703 possessio
3250 1628 3708 1698 nullo‘praajudicio

2168 1705 2320 1758 vobis
2345 1721 2443 1759 nec
2483 1707 2546 1760 ad
2576 1707 2687 1774 ipsa
2717 1721 2837 1759 casa
2881 1704 2972 1759 Dei
3011 1715 3168 1774 agere
3200 1717 3314 1774 nec
3348 1714 3590 1774 generare
3614 1713 3706 1774 non

2172 1774 2227 1825 d--
2243 1776 2393 1827 beam
2423 1788 2518 1829 nec
2554 1768 2654 1844 ego
2697 1776 2829 1842 ipse»,
2863 1789 2961 1828 nec
3002 1772 3153 1844 ullus
3181 1769 3551 1844 debet-edibus
3574 1768 3706 1844 meis.

2171 1859 2271 1898 nec
2297 1845 2547 1912 quislibet
2575 1836 2825 1913 opposita
2847 1858 3092 1913 persona.
3122 1840 3357 1913 Quod‘si
3397 1836 3710 1913 attentaveri-

2171 1905 2328 1978 mus;
2353 1915 2551 1967 nullum
2601 1905 3154 1973 obtiiIeatI-clfeetum,
3187 1919 3244 1964 et
3292 1910 3502 1973 insuper
3537 1905 3706 1958 infera-

2168 1999 2286 2036 mus
2319 1986 2556 2053 partibus
2593 1984 2756 2053 ipsius
2786 1983 3022 2037 ecclesia:
3047 1981 3129 2034 vel
3157 1980 3268 2033 suis
3296 1978 3601 2053 rectoribus,
3620 1988 3708 2027 una

2169 2068 2288 2106 cum
2317 2048 2462 2107 socio
2489 2048 2635 2116 ﬁsco,
2665 2054 2776 2106 auni
2808 2054 2990 2107 uncias
3022 2059 3196 2105 tantas
3223 2063 3345 2102 esse
3373 2048 3641 2105 multando,
3661 2053 3712 2096 et

2169 2123 2300 2177 alias
2329 2124 2595 2190 precarias
2625 2138 2716 2191 per
2753 2122 3172 2189 quinquennium
3215 2119 3412 2173 fuerint
3438 2123 3709 2175 renovatus.

2170 2193 2268 2246 ista
2299 2208 2394 2264 per
2414 2208 2473 2248 se
2499 2195 2737 2248 obtineat
2767 2193 3092 2246 ﬁrmitatem.

2509 2306 2737 2361 XXVIII.
2771 2306 3055 2360 Prwstaria
3077 2306 3144 2358 ad
3173 2305 3406 2359 ecclesia.

2239 2418 2296 2472 ln
2319 2415 2531 2472 Christo
2563 2417 2670 2470 ﬁlio
2701 2417 2811 2478 illo,
2843 2417 2893 2469 in
2926 2416 3016 2470 Dei
3046 2417 3263 2470 nomine
3309 2416 3396 2469 ille
3423 2415 3604 2467 donum
3629 2413 3711 2466 Dei

2170 2497 2368 2550 rector,
2400 2488 2488 2555 qui
2529 2498 2612 2542 est
2642 2497 2824 2540 custos
2867 2487 3108 2540 ecclesia:
3154 2487 3316 2544 illius.
3356 2498 3470 2555 qua:
3498 2493 3712 2555 esgcon-

2171 2566 2371 2613 structa
2400 2550 2450 2610 in
2495 2573 2625 2627 pag»
2656 2557 2774 2619 illo,
2807 2558 2858 2608 in
2889 2557 3006 2609 loco
3035 2557 3174 2627 quod
3203 2550 3398 2608 dicitur
3426 2554 3528 2607 ille.
3552 2550 3713 2627 Omni-

2172 2630 2268 2682 bus
2300 2644 2402 2680 non
2433 2622 2659 2680 habeiur
2687 2628 3016 2693 incognitum
3045 2622 3278 2694 qualiter
3307 2635 3360 2678 tu
3390 2639 3472 2676 res
3501 2622 3716 2694 pleurie-

2171 2699 2293 2751 tatis
2321 2709 2422 2750 tute
2451 2707 2557 2750 tam
2597 2696 2728 2749 infra
2769 2692 3036 2749 civitatem
3063 2692 3225 2762 quam
3272 2707 3327 2749 et
3356 2693 3510 2747 aforis
3539 2693 3585 2745 in
3612 2692 3714 2759 ipso

2175 2781 2326 2834 pago.
2348 2768 2398 2820 iu
2417 2767 2536 2820 loco
2554 2767 2703 2833 cujus
2723 2766 3038 2819 vocabulum
3058 2774 3181 2818 sunt
3199 2766 3316 2818 illas
3332 2773 3384 2816 et
3403 2763 3533 2824 illas,
3555 2763 3601 2814 in
3616 2762 3715 2834 jam

2171 2829 2310 2892 dicta
2357 2837 2468 2890 loca
2499 2829 2712 2890 omnem
2748 2851 2859 2888 rem
2891 2843 3033 2886 tuam
3065 2849 3160 2902 per
3191 2845 3276 2886 tua
3308 2834 3634 2902 concessione
3651 2829 3716 2902 ad

2174 2907 2285 2975 ipsa
2321 2922 2440 2975 casa
2465 2906 2555 2959 Dei
2590 2906 2669 2959 vel
2701 2907 2814 2974 ipso
2840 2905 2999 2957 domo
3031 2899 3120 2957 Dei
3151 2919 3179 2957 a
3207 2906 3293 2958 die
3321 2899 3716 2975 praesentedele-

2171 2969 2327 3045 g'asti.
2361 2974 2550 3030 Postea
2581 2976 2644 3029 ad
2679 2969 2987 3045 petitionem
3018 2982 3162 3045 tuam
3205 2969 3712 3045 nonidenegavimus.

2175 3040 2274 3099 nisi
2307 3054 2362 3099 ut
2389 3047 2527 3112 ipsas
2557 3061 2642 3098 res
2679 3040 2746 3096 ad
2776 3044 3068 3111 prazstitum
3116 3042 3432 3096 beneﬁcium
3480 3040 3565 3112 tibi
3601 3055 3717 3108 pra:-

2175 3129 2316 3169 srare
2343 3109 2678 3167 deberemus.
2704 3109 2855 3178 Quod
2901 3113 2972 3165 ita
3015 3120 3068 3164 et
3109 3112 3358 3177 fecimus,
3381 3111 3455 3165 sic
3484 3109 3644 3162 taliter
3670 3113 3720 3160 ut

2181 3195 2302 3251 tem;
2325 3198 2418 3238 ore
2447 3184 2568 3236 vitae
2599 3191 2701 3236 tuae
2731 3185 2871 3252 ipsas
2911 3195 2996 3234 res
3025 3196 3119 3249 per
3161 3191 3346 3236 nostro
3372 3179 3616 3252 beneﬁcio
3638 3178 3718 3252 ba-

2178 3248 2305 3310 bere
2328 3254 2413 3307 vel
2444 3248 2764 3320 condirgere
2789 3253 2903 3306 sive
2931 3248 3087 3304 usare
3127 3252 3348 3318 debeas,
3378 3259 3433 3305 et
3457 3248 3600 3302 anuis
3623 3248 3721 3320 sin:

2175 3325 2310 3392 gulis
2358 3325 2409 3376 in
2456 3317 2744 3378 festivitate
2791 3331 2977 3376 sancto
3025 3321 3115 3376 illc
3153 3317 3424 3376 censo'ad
3455 3320 3619 3392 lumen
3647 3317 3717 3392 vel

2175 3387 2492 3449 sacriﬁcium
2524 3394 2719 3447 solidos
2750 3401 2925 3446 tantos
2968 3405 3063 3458 per
3093 3393 3405 3458 temetipsos
3436 3387 3720 3458 solveret:-

2176 3466 2315 3523 cizes;
2349 3472 2403 3517 et
2446 3478 2546 3518 nec
2594 3477 2690 3516 nos
2720 3462 2852 3530 ipse,
2885 3457 2985 3512 nec
3031 3459 3210 3515 nullus
3249 3457 3317 3514 de
3355 3457 3720 3513 successoribus

2177 3535 2393 3593 nostris.
2425 3548 2524 3585 nec
2549 3529 2797 3600 quislibet
2825 3529 2891 3583 de
2920 3537 3069 3600 parte
3098 3541 3305 3594 nostra,
3339 3530 3478 3598 ipsas
3504 3541 3583 3580 res
3603 3535 3719 3600 tem-

2177 3619 2308 3667 pore
2339 3603 2456 3656 vita:
2489 3595 2589 3655 tum.
2617 3601 2710 3654 tibi
2753 3595 3063 3654 abstrahere
3092 3615 3194 3654 nec
3236 3595 3475 3652 minuare
3512 3612 3610 3667 nun
3640 3595 3719 3647 de-

2178 3665 2414 3726 beamus.
2451 3673 2514 3725 Et
2543 3680 2601 3724 ut
2639 3671 2735 3724 bas
2778 3669 2986 3723 litteras
3021 3668 3223 3724 ﬁrmius
3256 3679 3377 3737 post
3408 3676 3459 3721 te
3493 3665 3721 3737 ﬁrmiores

2178 3745 2448 3809 retineas,
2496 3757 2654 3795 manu
2703 3740 2917 3811 propria
2973 3741 3159 3794 subter
3206 3731 3538 3793 decrevimus
3583 3731 3722 3789 adﬁr-

2178 3828 2346 3870 mare.

2432 3901 2620 3957 XXIX.
2664 3861 2867 3955 Notitia
2895 3901 2958 3954 de
2987 3901 3191 3954 Lamina
3220 3898 3502 3968 forbatudo-

2248 4015 2447 4069 Notitia
2505 4013 2735 4081 qualiter
2792 4021 2847 4068 et
2890 4013 3083 4081 quibus
3136 4011 3487 4080 praesentibus
3533 4007 3726 4081 veniens

2181 4087 2340 4140 homo
2369 4075 2579 4152 aliquis,
2611 4083 2826 4136 nomine
2856 4075 2963 4145 ille,
2997 4082 3048 4135 in
3076 4075 3213 4151 pago
3243 4081 3355 4145 illo,
3379 4076 3436 4133 in
3466 4083 3576 4152 loco

2182 4157 2375 4209 dicitur
2407 4148 2515 4218 ille,
2545 4155 2595 4206 in
2627 4153 2788 4205 mallo
2818 4152 3049 4219 publico,
3078 4148 3208 4206 ante
3255 4152 3374 4216 ipso
3423 4150 3608 4204 comite
3649 4148 3726 4201 illo

2184 4226 2263 4278 vel
2297 4225 2413 4278 aliis
2436 4223 2589 4277 bonis
2616 4223 2920 4277 hominibus
2943 4224 3032 4290 qui
3063 4223 3247 4275 subter
3275 4221 3628 4290 ﬁrmaverunt,

2182 4296 2283 4348 sita
2316 4309 2474 4346 manu
2524 4309 2619 4345 sua
2649 4307 2809 4360 super
2851 4287 3195 4346 sacrosancto
3232 4289 3425 4342 altario
3453 4295 3627 4341 samrto
3653 4287 3728 4339 illo

2183 4365 2260 4416 sic
2289 4366 2494 4430 jnratus
2521 4363 2653 4416 dixit
2685 4378 2698 4414 :
2735 4363 2826 4416 llic
2851 4363 2978 4430 juro
3007 4375 3100 4430 per
3127 4361 3268 4413 hunc
3310 4360 3438 4430 loco
3477 4366 3650 4430 sancto
3678 4363 3729 4430 ει

2184 4425 2301 4487 Deo
2322 4432 2583 4487 altissimo
2611 4441 2664 4486 et
2692 4425 2904 4485 virtutis
2931 4425 3104 4484 sancti
3131 4430 3269 4482 illius
3299 4429 3441 4496 quod
3475 4426 3627 4480 homo
3648 4425 3730 4478 ali-

514 4499 591 4541 "a
622 4491 757 4544 ¹¹³¹¹ε
786 4486 1081 4547 οεδέίθηέιη
1115 4493 1291 4556 ίδιωῐιτ
1310 4486 1493 4570 diue“!
1521 4503 1619 4556 €80
1645 4486 1949 4566 l'_l""i55""a
1980 4496 2075 4563 Υθῖ
2109 4495 2152 4555 D
2182 4486 2300 4570 quis
2333 4486 2682 4564 uomineille,
2709 4503 2778 4553 ita
2805 4501 2997 4562 factus,
3025 4515 3051 4551 a
3099 4497 3163 4552 nd
3187 4486 3335 4552 arma
3368 4513 3461 4550 sua
3490 4512 3640 4565 super
3657 4510 3728 4548 me

515 4559 718 4638 ῐμιιθειιθ
759 4576 873 4638 "If-fl
925 4577 1018 4625 ι’νο
1063 4576 1256 4638 altiore.
1289 4563 1496 4638 "07"!“
1526 4568 1690 4610 ""5""
1721 4554 1846 4638 39$“
1880 4552 2077 4638 βΙΨξίίξ
2184 4574 2346 4638 venit,
2395 4582 2448 4626 et
2493 4573 2680 4638 colpus
2705 4572 2844 4638 [Al.,
2872 4513 3264 4638 colposrsuper
3292 4584 3380 4622 me
3409 4567 3565 4628 misit,
3591 4573 3646 4619 et
3666 4566 3728 4617 sic

515 4559 718 4613 luntate
759 4576 873 4612 mea
925 4577 1018 4625 pro
1063 4576 1244 4614 amore
1280 4552 1496 4612 bonum
1526 4552 1690 4610 nbsti‘i
1721 4554 1846 4608 Jcsu
1880 4552 2077 4625 Christi

516 4629 625 4682 ﬁeri
656 4640 712 4684 et
754 4623 1036 4684 adﬁrmare
1076 4631 1280 4694 rogavi,
1325 4630 1502 4683 venire
1549 4629 1841 4686 conaverit,
1887 4623 2081 4694 inferat

518 4700 609 4777 tibi
642 4701 739 4754 ista
773 4710 884 4777 tota
914 4690 1166 4777 servante
1195 4700 1332 4771 [Al.,
1366 4707 1576 4777 servata
1594 4697 1608 4763 ἰ
1639 4711 1743 4777 una
1770 4710 1890 4748 cum
1931 4690 2081 4745 socio

516 4767 664 4835 ﬁsco,
697 4772 809 4824 auri
859 4772 1038 4826 uncias
1083 4767 1259 4824 tantas
1293 4784 1411 4825 esse
1441 4767 1735 4835 multando,
1767 4774 1822 4819 et
1851 4775 2082 4834 pratsens

513 4842 683 4894 cessio
713 4843 856 4894 omni
889 4851 1128 4913 tempore
1156 4841 1305 4893 ﬁrma
1336 4846 1666 4908 permaneat.

1044 4932 1089 4983 Χ
1104 4929 1256 4984 XVII.
1293 4928 1540 4982 Precuria

583 5022 816 5099 Domime
845 5029 1042 5099 sanet-J3
1068 5037 1156 5099 ac.
1163 5020 1608 5074 reverentissime
1629 5032 1703 5071 ec:
1725 5015 1867 5095 lesia:
1891 5027 2086 5099 pagen-

513 5093 577 5155 si,
611 5093 691 5146 his
740 5092 1074 5156 nominibus,
1108 5085 1225 5157 (Tua:
1269 5100 1350 5143 est
1389 5096 1693 5143 constructa
1725 5086 1776 5138 in
1808 5100 1941 5157 pago
1973 5085 2084 5157 illo,

515 5154 570 5214 in
615 5162 736 5215 loco
779 5163 919 5230 quod
951 5154 1142 5216 dicitur
1185 5161 1292 5224 ille,
1337 5173 1434 5227 ego
1479 5161 1530 5211 in
1574 5159 1665 5212 Dei
1718 5156 1933 5210 nemine
1977 5154 2084 5206 ille.

588 5303 611 5329 ι
642 5294 873 5363 Caugius
903 5312 917 5347 :
952 5315 970 5345 ς
1006 5295 1329 5362 Condirgere
1369 5302 1451 5346 est
1493 5292 1613 5355 frui,
1666 5291 1736 5344 uti
1787 5305 1845 5344 re
1891 5287 2087 5356 aliqua,

519 5380 636 5417 eam
669 5367 962 5433 possidere,
996 5380 1198 5431 regere.
1235 5367 1530 5426 instituere,
1561 5371 1662 5414 etc.
1697 5382 1712 5410 ι
1807 5432 1810 5433 ν
1860 5367 1864 5372 ’

588 5440 615 5480 b
652 5429 1104 5500 Lindenbrafacio
1137 5437 1390 5502 {‘ordunno
1421 5443 1468 5485 et
1499 5432 1863 5502 [orbuttutudm
1893 5429 2092 5502 Quibus

520 5505 695 5559 verbis
725 5521 847 5559 reus
876 5506 1031 5560 caulis
1066 5500 1341 5572 pollicetur
1369 5520 1426 5558 se
1451 5503 1748 5570 juratnrum
1767 5500 2092 5572 duodecima

523 5590 700 5645 manu,
731 5591 793 5629 ac
822 5571 1166 5645 probaturum
1198 5574 1426 5645 eumqui
1453 5574 1652 5645 primus
1679 5571 1775 5645 sibi
1801 5585 1988 5622 mamts
2019 5571 2096 5619 in-

523 5644 665 5711 tulit,
690 5643 1066 5713 jureica'sum,
1097 5654 1154 5697 ut
1179 5645 1265 5712 qui
1297 5644 1422 5698 foris
1455 5643 1871 5713 battideritipseu
1903 5653 2094 5713 perpe-

527 5709 722 5768 ram'e't
752 5727 934 5770 contra
977 5717 1064 5783 jus
1095 5709 1295 5784 primus
1346 5712 1682 5784 percussvrit.
1737 5709 2094 5784 Forbatudnm

525 5786 665 5840 enim
700 5788 896 5853 facere,
941 5778 1020 5843 est
1052 5778 1276 5856 probare
1313 5778 1432 5841 eum
1483 5784 1621 5836 haud
1649 5781 1769 5850 jure
1800 5796 1984 5834 manus
2015 5778 2094 5831 iu-

2184 4566 2346 4638 venit,
2395 4582 2448 4626 et
2493 4573 2680 4640 colpus
2705 4572 2844 4642 [Al.,
2872 4566 3076 4642 colpos]
3102 4583 3264 4642 super
3292 4584 3380 4642 me
3409 4567 3565 4628 misit,
3591 4573 3646 4619 et
3666 4566 3730 4617 sic

2184 4645 2309 4697 mihi
2339 4644 2481 4696 Deus
2516 4638 2775 4695 directum
2815 4639 2982 4702 dedit,
3034 4653 3134 4706 ego
3179 4640 3296 4708 ipso
3342 4638 3408 4708 de
3447 4651 3589 4708 aro-.a
3631 4647 3728 4686 mea

2185 4713 2442 4780 percussi,
2472 4722 2527 4766 et
2567 4713 2687 4764 talis
2715 4711 2900 4780 colpus
2929 4709 2977 4762 ei
3006 4709 3126 4762 dedi
3173 4707 3271 4780 pro
3301 4707 3423 4780 qui-1
3467 4707 3576 4772 ipsc
3599 4718 3726 4780 _mo_r-

2188 4772 2304 4836 tuus
2330 4792 2411 4836 est
2430 4772 2449 4845 i;
2482 4790 2537 4834 et
2577 4780 2720 4847 quod
2768 4772 2866 4834 feci
2912 4794 3072 4848 super
3092 4772 3188 4848 me
3217 4772 3349 4848 feci';
3379 4786 3433 4848 et
3461 4788 3558 4848 ego
3598 4772 3729 4826 hodie

2185 4855 2301 4920 ipso
2329 4852 2356 4890 δ
2383 4842 2522 4905 facio
2565 4842 2698 4903 infra
2741 4851 2933 4903 damno
2977 4842 3031 4902 et
3081 4845 3365 4920 forbatudo
3413 4842 3544 4898 infra
3573 4849 3729 4920 noctes

2188 4913 2313 4986 itu,
2342 4924 2479 4976 sicut
2506 4921 2591 4974 lex
2622 4931 2704 4974 est
2743 4929 2798 4972 et
2847 4926 3025 4972 nostra
3071 4918 3429 4986 consuetudo,
3463 4913 3598 4980 apud
3641 4920 3730 4964 tres

2190 4998 2208 5021 υ
2239 4985 2501 5059 alearius,
2550 4999 2604 5044 et
2657 4989 2938 5043 duodecim
2989 4987 3374 5059 conlaudantes
3413 4985 3727 5059 jureverunt,

2188 5060 2212 5097 ά
2243 5072 2296 5117 et
2336 5062 2404 5115 de
2434 5055 2640 5129 linguas
2667 5073 2855 5113 eorum
2901 5057 3106 5127 legibus
3133 5057 3403 5111 dixerunt.
3437 5055 3489 5108 Id
3515 5059 3632 5109 sunt
3655 5055 3730 5118 qui

2191 5148 2416 5201 praesen.

2151 5277 2155 5281 ’
2185 5287 2379 5355 jecisse
2421 5286 2470 5338 in
2501 5283 2683 5337 alium.
2724 5281 3058 5355 Forbatmlus
3096 5278 3290 5332 dicitur
3335 5278 3425 5355 ille
3470 5275 3556 5355 qui
3598 5274 3730 5354 abeo

2192 5343 2451 5409 occiditur
2480 5369 2637 5420 quem
2681 5369 2777 5424 per
2803 5353 2908 5405 vim
2949 5363 3229 5419 aggressus
3271 5356 3370 5402 est.
3405 5345 3480 5400 Ita
3508 5343 3729 5414 Carisius,

2195 5428 2244 5479 in
2275 5425 2562 5479 Glossario.

2266 5500 2287 5527 ε
2321 5496 2517 5548 Αιοαιὶί
2547 5493 2790 5546 vitientur
2817 5492 2923 5545 hoc
2951 5490 3149 5546 szeculo
3176 5487 3326 5552 dicti,
3355 5487 3445 5556 qui
3473 5485 3730 5556 probarent

2195 5576 2247 5621 et
2275 5566 2572 5626 laudarent,
2605 5563 2851 5629 idemque
2878 5559 3223 5621 afﬁrmarent,
3247 5574 3278 5610 a
3301 5549 3567 5629 laudando
3586 5575 3619 5629 :_
3618 5549 3732 5606 unde

2197 5646 2251 5691 ct
2281 5635 2478 5687 nostris
2507 5624 2663 5687 bouie
2686 5624 2880 5693 alo'uer,
2918 5647 3015 5699 pro
3044 5632 3296 5683 rationem
3326 5626 3558 5697 probare.

2267 5705 2291 5743 ἀ
2324 5705 2434 5757 lloc
2458 5714 2559 5766 est,
2587 5702 2876 5757 secundum
2904 5693 3048 5770 leges
3067 5693 3380 5771 jurarcrunt
3420 5711 3541 5752 eum
3566 5693 3646 5765 qui
3665 5693 3731 5758 jtt'

2201 5777 2335 5832 ravit
2363 5789 2487 5829 vera
2516 5775 2729 5831 dixisse.
2761 5771 2835 5827 lo.
