3886 6226
514 263 613 318 τῖς)

513 447 784 516 scripturis
815 449 1180 516 manumittere
1208 452 1233 489 ι’
1255 448 1304 498 in
1335 446 1552 516 ecclesia
1582 448 1666 499 illa
1713 448 2046 514 vindictaquc

519 517 736 567 libo.er
777 515 969 566 lamulo
1009 517 1096 566 illo
1143 530 1238 569 suo
1267 527 1457 566 nomen
1490 515 1578 566 illo
1623 517 1755 567 bene
1804 515 1902 567 sibi
1933 530 2044 566 mc-

518 585 612 634 ‘ito
651 585 934 635 secundum
959 584 1387 636 constitutionem
1419 583 1567 634 bon-e
1606 583 1871 635 memoriae.
1906 585 2044 634 (Ion-

516 652 723 704 :tantini
755 652 900 718 legis,
926 666 1028 716 qua
1061 652 1216 703 Iixum
1252 659 1333 702 est
1361 657 1416 700 ut
1435 665 1617 704 omnes
1645 653 1732 716 qui
1761 652 1857 703 sub
1882 652 2046 703 oculis

516 721 915 788 episcoporum,
970 721 1431 788 presbyterorum,
1454 732 1558 788 seu
1609 720 1966 788 diaconorum,
1995 719 2043 770 in

513 779 730 839 ecclesia
757 779 1217 848 manu-nittuntiir,
1257 785 1320 836 ad
1367 779 1628 837 cii'itatem
1685 787 1965 852 pertineat,
1996 794 2048 838 et

512 858 575 903 ab
603 855 822 908 ecclesia
867 853 1186 915 defensetur,
1218 862 1271 905 ct
1299 853 1407 903 vult
1431 869 1548 903 cum
1592 855 1740 917 juxta
1769 861 2047 905 consuetu-

511 921 719 988 dinem,
739 920 1327 981 cujuscommemoratio
1363 919 1673 985 subpravida
1705 919 2004 988 lLindcnbr.
2031 956 2047 980 ,

512 987 832 1054 supradicta]
862 996 977 1047 est,
1026 990 1087 1038 ad
1118 988 1380 1040 civitatem
1423 987 1683 1040 tvcrtincrc
1733 988 2046 1048 Romanam,

514 1073 571 1102 ra
601 1069 771 1106 tantm
811 1055 1111 1106 conditione
1151 1064 1209 1105 ut
1250 1062 1336 1106 eat
1364 1053 1589 1118 ubique.
1637 1069 1798 1119 quam
1826 1055 2052 1106 voluerit

513 1130 709 1186 partem
766 1131 992 1187 (pergat,
1037 1135 1282 1186 tanquam
1340 1123 1384 1172 si
1438 1125 1503 1172 ab
1566 1122 1799 1186 ingenuis
1869 1136 2052 1188 paren-

512 1190 646 1239 tibus
697 1189 876 1241 fuisset
906 1199 1057 1242 natus
1084 1190 1165 1247 vel
1187 1197 1491 1255 procreatus
1509 1229 1523 1252 ,
1569 1197 1621 1242 et
1647 1191 1772 1243 nulli
1799 1190 2048 1242 heredum

509 1272 569 1308 ae
617 1259 968 1325 proheredum
1012 1271 1243 1309 meorum
1286 1258 1496 1325 minimc
1523 1259 1802 1325 quicquam
1859 1258 2050 1310 debeat

506 1324 776 1378 seerutis
806 1366 821 1388 ,
868 1339 967 1378 nec
1008 1324 1359 1377 libertinitatis
1413 1327 1630 1391 gratiam
1665 1324 1679 1387 ,
1722 1340 1821 1380 nec
1870 1334 2049 1393 patru-

509 1404 662 1444 natus
686 1395 1016 1460 obsequium,
1045 1394 1167 1455 sed,
1213 1394 1346 1446 sicut
1369 1394 1494 1456 dixr,
1535 1395 1632 1446 sub
1662 1397 1860 1460 integra
1902 1396 2049 1446 cz'le-

507 1463 684 1526 gitima
716 1463 1035 1529 ingenuitate
1062 1462 1251 1515 debeat
1276 1477 1581 1528 permanere
1611 1463 1866 1530 ingenuus
1893 1473 2051 1530 atque

507 1544 742 1598 securus,
794 1539 846 1583 et
893 1544 1099 1597 semper
1135 1531 1198 1582 ad
1237 1532 1498 1583 civitatem
1546 1531 1735 1585 debeat
1788 1531 2052 1598 pertinere

509 1596 820 1660 Romanam,
872 1596 1241 1652 testamentum
1283 1600 1440 1652 etiam
1483 1598 1702 1651 faciendi
1750 1596 1966 1654 liberam
2000 1603 2050 1652 in

509 1668 752 1720 eninibus
781 1668 972 1721 habeat
989 1674 1326 1734 potestatem.
1356 1666 1409 1718 Si
1431 1668 1547 1734 quis
1567 1682 1715 1720 vero.

583 1802 606 1827 ⁸
635 1794 838 1866 Primus
859 1797 1216 1862 diaconorum,
1244 1796 1354 1849 sive
1379 1795 1798 1866 archidiaconus,
1831 1808 2053 1866 praeerat

513 1862 839 1916 libertatibus
868 1878 982 1932 qua:
1021 1867 1070 1917 in
1099 1866 1320 1918 ecclesia
1351 1865 1627 1930 dabantur,
1683 1862 2051 1922 ttiattuniissio-

514 1932 695 1996 nisquc
725 1933 926 1985 tabulas
946 1934 1275 1986 conllciebat.
1304 1935 1449 1986 BIGN.
1560 1996 1562 1999 ι

584 2000 608 2036 1»
636 2001 938 2068 lmproprie.
967 2001 1093 2053 Nam
1129 2002 1268 2054 aliud
1289 2012 1370 2057 est
1390 2003 1616 2056 vindicta
1659 2005 2047 2067 manumittere,

513 2067 649 2120 aliud
669 2067 722 2121 in
755 2067 1004 2134 cc'clesia;
1037 2070 1127 2124 sed
1153 2072 1273 2140 quia
1303 2071 1686 2126 vetustissimus
1717 2072 1880 2139 plena:
1901 2075 2052 2128 liber-

1946 2235 2292 2246 _—-_————

1481 268 1570 322 AD
1610 269 1953 324 MARCULFI
1995 268 2348 322 FOlllllil..\S
2389 266 2744 321 .\PPF.ND'.X.

517 381 631 432 luiis
679 379 765 430 ille
796 386 815 411 τι
863 379 1113 430 diaconus
1165 387 1381 431 testatur
1433 378 1506 430 eis
1551 379 1672 444 quia
1726 379 1898 431 stabili
1951 379 2046 431 sub
2077 384 2121 439 Α

3607 267 3636 313 7
3647 266 3713 310 δυ

2662 397 2810 451 LV“.
2876 396 3187 448 Tradizoria.

2220 507 2411 560 Notitia
2461 506 2810 558 tralilionalis
2834 545 2848 563 ,
2893 504 3124 572 qualiter
3149 500 3228 572 vel
3252 500 3442 572 quibus
3471 514 3714 569 pirosen.

2151 577 2287 628 tibus
2314 576 2458 628 venit
2487 576 2646 629 homo
2691 573 2880 639 aliquis
2908 569 3118 639 nomine
3146 570 3231 621 ille
3258 569 3443 639 atlillo
3465 585 3714 639 _manso,

2149 659 2304 710 quem
2335 652 2458 695 ante
2487 645 2581 696 hos
2615 638 2728 710 dies
2754 636 2842 707 per
2872 638 3162 710 cbartolam
3193 636 3505 710 venditionis
3528 637 3623 710 ait
3655 639 3714 687 li-

2151 704 2274 765 lium
2327 726 2479 762 suum
2534 704 2844 770 adfirmavit,
2879 722 3082 775 per.....
3113 705 3254 775 visus
3283 704 3717 775 fui_t_gtradidissc

2148 781 2230 832 vel
2253 778 2610 848 conslguasse,
2641 785 2694 830 et
2724 768 2921 828 exitum
2966 776 3085 828 inde
3111 772 3311 826 fecisse.
3351 768 3441 827 llis
3461 788 3716 840 ιιι-ξιξερο-

2152 848 2312 900 tibus.

2659 930 2830 983 LVlll.
2872 931 3203 985 Obnoxiatio.

2225 1041 2443 1093 Domino
2473 1054 2589 1092 mro
2615 1053 2823 1105 semper
2846 1080 2859 1099 ,
2887 1053 2987 1103 ego
3017 1041 3154 1092 enim
3183 1039 3287 1091 ille.
3326 1038 3455 1091 Dum
3488 1052 3601 1090 non
3633 1045 3719 1092 est

2153 1111 2471 1173 incognitum
2517 1107 2763 1174 qualiter,
2793 1108 3072 1173 instiganre
3119 1116 3267 1173 parte
3311 1108 3556 1168 advi-rsa,
3584 1108 3720 1158 mibi

2151 1177 2364 1243 contigit
2397 1177 2537 1242 quod
2570 1189 2667 1240 ego
2688 1176 2888 1228 caballo
2915 1176 2977 1226 ad
3011 1176 3223 1227 homine
3263 1175 3443 1243 aliquo
3489 1176 3722 1226 omnino

2152 1247 2240 1298 il'o
2272 1247 2320 1296 in
2353 1251 2373 1273 ⁸
2404 1254 2586 1309 texaga
2617 1244 2839 1295 subduxi
2866 1282 2881 1304 ,
2911 1244 3052 1295 unde
3075 1251 3131 1296 et
3157 1244 3224 1295 de
3253 1243 3388 1295 furto
3412 1243 3587 1294 victus
3619 1257 3719 1309 ap-

2151 1314 2320 1380 parui,
2355 1322 2408 1365 ct
2435 1315 2554 1364 vita:
2583 1310 2872 1380 periculum
2891 1310 3078 1380 exinde.
3103 1312 3371 1380 incurrere
3397 1319 3715 1380 potucrant,

2152 1376 2205 1434 et
2232 1396 2328 1449 ego
2360 1395 2460 1432 non
2486 1376 2654 1432 habeo
2682 1379 2816 1449 unde
2840 1379 3007 1449 ipsum
3039 1376 3239 1449 facinus
3269 1379 3349 1431 vel
3398 1380 3575 1444 ipsum
3609 1377 3714 1427 fur-

2155 1445 2287 1502 tum'
2311 1449 2596 1501 emendare
2639 1447 2722 1499 vel
2758 1445 3056 1499 satisfacere
3104 1446 3323 1499 debeam
3350 1485 3364 1506 ,
3422 1458 3720 1513 propterea

2154 1517 2382 1584 expetivi
2409 1531 2436 1567 a
2471 1515 2614 1571 vobis
2634 1553 2649 1579 ,
2682 1523 2735 1568 et
2765 1515 2945 1567 habuit
2975 1515 3142 1582 pietas
3168 1521 3223 1568 et
3243 1513 3476 1581 dignatio
3506 1524 3717 1566 vestra.

2156 1585 2217 1638 Et
2238 1585 2461 1653 reliqua.

2159 1800 2282 1853 tatis
2310 1799 2495 1853 dandae
2525 1799 2710 1854 modus
2741 1804 2855 1852 erat
2884 1811 2978 1865 per
3003 1795 3285 1851 vindictam
3329 1805 3385 1850 ut
3415 1796 3725 1851 manumis-

2157 1871 2199 1921 si
2232 1871 2376 1922 cives
2409 1869 2628 1921 Romani
2685 1869 2889 1926 tierent,
2921 1866 3038 1917 ideo
3069 1866 3169 1920 hoc
3215 1869 3424 1920 nomine
3454 1869 3505 1919 in
3536 1881 3725 1918 manu-

2158 1937 2406 1992 missionc
2432 1938 2668 1991 ecclesia:
2697 1950 2822 1990 usus
2841 1944 2921 1987 est
2960 1948 3076 2003 qua:
3115 1944 3235 2002 post
3271 1935 3726 1990 constitutionem

2155 2008 2393 2059 eamdem
2424 2007 2526 2060 vim
2553 2007 2799 2058 obtinuit.
2831 2003 2905 2056 In.

2229 2081 2249 2106 ε
2280 2075 2511 2140 Texaga,
2547 2075 2758 2126 furtum.

1371 2359 1915 2518 FORMUlilll
1961 2356 2750 2565 δικΜθΝυιοΕ
2807 2472 2835 2546 ,
2912 2364 2916 2368 ’

2044 2636 2200 2691 SIVE

1118 2795 2122 2938 FORMUL/E
2221 2788 3078 2944 VETERES

1344 3058 1886 3137 SECUNDUM
1945 3055 2276 3133 LEGEM
2353 3055 2886 3145 ROMANAM,

1052 3233 1251 3289 PRIMO
1292 3234 1519 3288 El)le
1565 3222 1650 3289 ΙῙῘΧ
1691 3236 1931 3291 CODICE
1969 3235 2344 3292 CLABISSNI
2385 3239 2518 3294 Vllll
2555 3238 2780 3296 JACOBI
2819 3238 3154 3293 SIRMUNDI.

1896 3399 2100 3410 ~—

2107 3395 2358 3410 -ἁ-

998 3475 1036 3526 1.
1067 3481 1092 3517 ι»
1125 3474 1342 3526 Duratio
1371 3475 1608 3527 ecrlcszrv.
2090 3483 2134 3540 (ζ
2166 3479 2246 3531 vel
2301 3477 2465 3547 sancti
2517 3475 2724 3530 Martini
2777 3476 2894 3544 jure
2922 3476 3295 3547 proprietario
3327 3476 3506 3547 _trado
3555 3487 3722 3547 atque

599 3569 770 3623 Mundi
815 3566 1095 3619 terminum
1126 3564 1638 3632 adpropinquantem
1671 3566 1833 3618 ruinis
1861 3569 2067 3622 crebre-

529 3641 790 3692 ruentibus
813 3637 920 3704 jam
952 3643 1097 3687 certa
1125 3635 1271 3704 signa
1303 3632 1724 3687 manifestantur.
1756 3635 1954 3690 Idcirco
1970 3651 2069 3704 ego

533 3712 583 3760 in
617 3709 705 3760 Dei
737 3703 946 3758 nomine
977 3705 1064 3757 ille
1090 3703 1431 3773 considerans
1459 3703 1844 3773 gravitudinem
1877 3703 2065 3773 pecca-

530 3787 702 3828 ιιγιιοη
741 3787 998 3832 meorum,
1045 3779 1099 3823 et
1140 3772 1482 3823 reminisc-‘ns
1523 3772 1812 3826 bonitatem
1859 3772 1946 3826 1)ιοί
1985 3775 2068 3826 (Ιί-

530 3854 736 3892 r-nntcm
777 3859 788 3891 :
835 3839 964 3891 Date
1009 3840 1390 3905 eleemosynam,
1422 3846 1468 3888 ct
1514 3841 1683 3891 omnia
1711 3841 1898 3894 ntunda
1943 3843 2070 3908 [ium

531 3911 682 3964 vobis.

1069 3994 1204 4061 Item.
1222 3995 1324 4047 a'io
1356 3995 1527 4048 modo.

603 4091 653 4142 Si
683 4087 876 4154 aliquid
918 4085 982 4140 de
1015 4086 1168 4138 rebus
1199 4086 1390 4154 nostris
1419 4084 1880 4154 locisisanctorum
1909 4087 1990 4139 vel
2024 4088 2072 4140 in

530 4152 816 4214 substantia
859 4169 1145 4222 pauperum
1178 4152 1516 4218 conferimus,
1556 4153 1657 4207 hoc
1693 4156 1846 4208 nobis
1894 4157 2073 4222 procul

531 4230 687 4280 dubio
736 4228 785 4276 in
823 4221 1019 4274 acterna
1062 4221 1382 4274 beatitudine
1419 4223 1710 4276 retribuere
1739 4224 2070 4288 confidimus.

537 4300 645 4362 [-ng
671 4293 882 4358 quidem
909 4290 974 4362 de
1005 4298 1147 4339 tarta
1177 4289 1535 4362 misericordia
1563 4300 1616 4362 et
1644 4292 1840 4362 pietate
1869 4293 2075 4345 Domini

535 4356 783 4421 contusus,
816 4373 906 4425 per
946 4358 1080 4408 hanc
1113 4356 1385 4419 epistulam
1413 4356 1709 4425 donationis
1738 4360 1878 4412 dono
1907 4365 2072 4413 dona-

535 4442 749 4494 tumque
791 4423 839 4478 in
881 4433 1187 4492 perpetuum
1218 4437 1330 4494 esse
1360 4423 1476 4474 volo
1518 4426 1579 4476 ad
1611 4426 1875 4489 basilicam
1907 4431 2075 4481 sancti

537 4492 764 4560 Martini,
817 4497 899 4547 ubi
948 4496 1056 4560 ipse
1097 4492 1359 4557 pretiosus
1412 4505 1602 4558 corpus
1656 4495 1955 4560 requiescit,
1995 4499 2076 4550 vel

537 4569 676 4618 ittl‘tti
708 4563 1101 4633 congregationi
1127 4560 1314 4633 ibidem
1336 4561 1673 4633 consistenti,_
1691 4565 2078 4633 etvenerabilis

538 4640 612 4703 yir
646 4636 730 4686 ille
759 4628 922 4686 abbas
950 4645 1174 4703 pra-esse
1198 4629 1399 4703 videtur
1418 4666 1432 4688 ,
1456 4628 1788 4703 villaurjuris
1812 4633 1909 4703 mei
1944 4649 2074 4703 nun-

537 4697 812 4772 i-upantem
846 4697 1185 4772 illam,_sitant
1217 4699 1266 4750 in
1291 4712 1423 4772 pago
1456 4697 1567 4759 illo,
1593 4708 1613 4730 ο
1647 4698 1695 4772 in
1729 4699 1936 4772 condita
1970 4701 2075 4762 illa,

539 4767 655 4822 ruin
687 4771 858 4827 terris,
891 4769 1142 4827 ardiliciis,
1183 4768 1482 4829 aceolabus,
1529 4767 1820 4832 mancipiis.
1855 4768 2007 4820 lihcrt
2029 4785 2077 4834 s,

2176 3545 2521 3608 transfundo;
2572 3560 2631 3598 ea
2665 3560 2790 3599 vero
2836 3545 2971 3598 ratio
3012 3561 3043 3599 e
3082 3554 3140 3598 ut
3167 3545 3398 3612 quandiu
3436 3545 3719 3612 advixero,

2175 3617 2270 3668 sub
2298 3632 2394 3670 usu
2437 3614 2674 3668 beneficii
2722 3614 2878 3667 vestri
2931 3617 3126 3682 absque
3157 3614 3261 3666 ullo
3301 3615 3613 3682 prmjudicio
3642 3623 3724 3673 vel

2174 3685 2520 3736 diminuzione
2549 3684 2719 3749 aliqua
2751 3682 3023 3749 prardictas
3053 3691 3349 3752 res‘tenere
3378 3693 3432 3734 et
3462 3700 3722 3752 usurpare

2177 3753 2419 3809 debeam,
2451 3761 2505 3804 et
2547 3759 2666 3818 post
2695 3764 2867 3818 meum
2896 3764 3108 3818 quoque
3134 3750 3441 3818 discessum.
3469 3750 3724 3818 quiequid

2177 3821 2229 3872 in
2259 3821 2364 3885 jam
2393 3819 2528 3872 dicta
2550 3817 2678 3868 ’villa
2715 3817 2796 3870 vel
2828 3817 2878 3867 in
2905 3817 3091 3868 linibus
3117 3817 3223 3885 suis
3251 3817 3509 3879 additum,
3541 3817 3723 3873 adtra-

2176 3884 2338 3948 ctum,
2371 3887 2756 3949 cmclioratum,
2781 3894 3148 3951 repertumque
3177 3884 3351 3948 fuerit,
3381 3900 3434 3939 et
3461 3889 3716 3941 transitus

2183 3970 2330 4008 meus
2370 3954 2558 4024 ibidem
2603 3953 2963 4024 dereliqucrit,
3011 3968 3128 4006 cum
3177 3955 3722 4024 omniqsupraposito,

2177 4034 2412 4077 rectores
2461 4023 2623 4088 ipsius
2662 4021 2912 4091 Ecclesirc
2963 4030 3281 4088 agentesque
3331 4021 3468 4075 illius
3523 4021 3725 4091 absque

2179 4093 2334 4146 ullius
2379 4098 2646 4159 exportata
2677 4090 2996 4161 traditione,
3037 4091 3116 4161 vel
3153 4091 3387 4161 judicum
3436 4090 3717 4161 consigna-

2181 4161 2344 4225 tione,
2363 4162 2411 4211 in
2444 4169 2618 4212 nostra
2641 4160 2974 4227 eleemosyna
3006 4159 3086 4211 vel
3114 4160 3404 4227 substantia
3433 4159 3726 4214 monacho-

2181 4245 2294 4281 nun
2340 4229 2529 4281 ibidem
2573 4230 2733 4280 vitam
2775 4226 3114 4292 degentium,
3145 4226 3354 4279 Christo
3384 4237 3722 4296 protegente,

2181 4306 2426 4364 tanquam
2477 4299 2518 4348 si
2554 4297 2616 4348 ad
2662 4296 3133 4364 praesensabsque
3177 4309 3270 4346 usu
3314 4305 3495 4364 nostro
3536 4313 3724 4350 eorum

2182 4361 2364 4418 fuisset
2407 4361 2676 4418 obsecuta'
2702 4361 2998 4430 possessio,
3030 4362 3080 4430 in
3112 4376 3292 4413 coruzn
3342 4361 3538 4417 faciant
3579 4381 3724 4418 revo-

2181 4449 2304 4486 care
2334 4442 2644 4500 potestatem
2680 4429 2758 4482 vel
2789 4429 3237 4500 dominationem;
3281 4431 3349 4482 ita
3380 4441 3437 4483 ut
3465 4432 3723 4498 quiequid

2180 4497 2368 4554 exinde
2396 4517 2489 4567 pro
2519 4497 3242 4567 opportunitatemonasterii
3271 4500 3442 4552 facere
3469 4497 3728 4553 decreve-

2181 4573 2308 4627 rint.
2366 4564 2603 4619 liberaui
2631 4574 2682 4617 et
2728 4564 3076 4619 firmissimam
3122 4568 3171 4618 in
3212 4567 3453 4619 omnibus
3495 4567 3725 4620 habeant

2183 4644 2518 4704 potestatem.
2553 4632 2686 4704 Et_si
2728 4633 2884 4686 fuerit
2925 4634 3025 4686 ulla
3055 4635 3302 4704 quislibet
3347 4647 3578 4699 perSona
3616 4639 3724 4702 qni,

2183 4701 2371 4771 pratter
2398 4704 2570 4760 istum,
2597 4701 2816 4753 alterum
2840 4701 3184 4754 strumentum
3213 4702 3404 4754 exinde
3433 4701 3725 4768 prmsenlao

2183 4772 2337 4830 verit,
2369 4781 2456 4820 aut
2487 4772 2801 4824 anteriorem
2824 4780 2914 4823 aut
2941 4771 3305 4837 posteriorem,
3330 4771 3472 4834 quod
3502 4787 3605 4824 nos
3634 4787 3727 4824 rec

539 4843 723 4912 vines.
755 4837 915 4895 silvis,
947 4837 1126 4912 piatis,
1161 4835 1599 4912 pascuistaquis,
1627 4849 1948 4912 aquarumvc
1987 4833 2080 4888 dc-
2109 4833 2154 4888 ι)
2183 4837 2231 4891 fe
2266 4839 2396 4891 imus
2417 4852 2513 4912 nec
2543 4840 2714 4891 facere
2742 4833 3058 4912 rogaviiims,
3092 4836 3289 4888 nullum
3321 4833 3582 4892 sertiatur
3607 4843 3717 4892 elle-

541 4907 799 4964 rursibus,
830 4919 946 4953 cum
970 4904 1100 4953 exiis
1123 4912 1171 4953 et
1194 4903 1466 4968 ingressis,
1499 4903 1780 4954 mobilibus
1811 4912 1862 4956 et
1893 4906 2086 4954 inuno:

544 4976 750 5031 bilibus,
785 4986 901 5022 eum
932 4972 1168 5022 omuilms
1216 4972 1534 5037 appendiciis
1580 4972 1793 5036 suisque
1834 4971 2084 5038 adjacen-

543 5046 649 5103 tiis,
682 5043 817 5091 sicut
863 5055 888 5087 a
923 5053 1004 5088 me
1035 5044 1272 5102 praesenti
1309 5051 1543 5101 tempore
1579 5040 1783 5089 videtur
1811 5053 1926 5090 esse
1966 5055 2085 5105 pos-

553 5126 764 5170 :cssum,
796 5115 958 5157 totum
989 5115 1040 5156 et
1070 5107 1129 5156 ad
1171 5107 1426 5172 integrum
1453 5107 1515 5156 de
1543 5107 1661 5170 jure
1691 5123 1807 5157 lllCt)
1834 5107 1882 5158 in
1915 5119 2082 5159 vestra

613 5233 635 5255 σι
666 5215 1020 5271 Βὶτιηθηιιὶρτιε
1042 5254 1056 5276 ,
1093 5217 1209 5280 quia
1243 5217 1409 5282 primo
1440 5216 1590 5266 edit-ri
1629 5223 1748 5265 sunt
1789 5230 1853 5267 ex
1883 5218 2086 5273 schedis

547 5287 828 5347 ςπιιιοηιιί,
864 5293 1014 5335 vocat
1050 5285 1298 5348 llaluzius,
1329 5286 1414 5350 qni
1457 5299 1546 5334 eas
1575 5284 1887 5336 emendasse
1923 5303 1977 5336 se,
2011 5298 2081 5338 te,-

549 5367 713 5408 statur
754 5371 854 5420 ope
901 5353 1056 5403 trium
1090 5361 1318 5404 veterum
1375 5353 1764 5418 Exemplarimn
1800 5392 1812 5415 ,
1859 5371 2081 5418 quorum

553 5442 706 5476 unum
728 5432 899 5478 exstat
929 5422 976 5472 in
1001 5420 1320 5473 Bibliotheca
1352 5424 1515 5486 regia.
1548 5422 1833 5473 secundum
1859 5424 1950 5474 fuit
1979 5428 2084 5478 cla-

555 5493 870 5544 rissimorum
905 5490 1237 5547 l’it-hmorum,
1269 5493 1477 5542 tertiqu
1501 5491 1676 5541 .larobi
1708 5491 1988 5544 Sirmondi.

627 5562 648 5592 ¹·
685 5562 1024 5613 υυιιιιιὶυηιιηι
1068 5557 1324 5623 ejusmodi
1355 5563 1591 5625 exnmpla
1625 5560 1761 5610 varia
1801 5559 2084 5615 Mareulfus

2189 4917 2362 4971 ctum,
2409 4907 2504 4958 nisi
2538 4921 2756 4958 vacuum
2788 4915 2842 4956 et
2882 4905 3038 4956 inane
3069 4913 3406 4968 permaneat;
3451 4919 3725 4960 auctetenl

2190 4990 2314 5027 vero
2358 4976 2591 5028 criminis
2629 4974 2710 5025 vel
2744 4973 3008 5024 falsarium
3042 4971 3309 5038 iudiciaria
3338 4984 3582 5040 potestas
3607 4990 3726 5028 con-

2188 5044 2418 5097 demnet.
2453 5044 2516 5095 Et
2553 5045 2595 5094 si
2639 5042 2811 5100 fuerit,
2840 5047 2936 5107 aut
2958 5053 3058 5106 ego
3083 5042 3213 5107 ipse,
3247 5050 3337 5094 aut
3364 5043 3502 5096 nilus
3534 5046 3605 5097 de
3635 5044 3726 5096 lie-

2190 5114 2398 5165 redibus
2428 5113 2577 5170 meis,
2611 5109 2691 5160 vel
2720 5106 2965 5173 quislibet
2995 5106 3238 5176 persona,
3269 5111 3358 5176 qui
3379 5120 3573 5164 contra
3602 5112 3730 5163 hanc

2188 5232 2265 5275 lra
2289 5224 2346 5274 lit
2381 5222 2467 5272 lib.
2507 5236 2560 5270 ll.

2259 5296 2278 5320 ε
2324 5292 2375 5340 1η
2415 5286 2746 5353 designandis
2776 5286 2901 5340 locis
2930 5288 3104 5339 solent
3147 5286 3226 5338 lue
3251 5286 3485 5339 lormulr
3517 5289 3732 5340 condita:

2186 5358 2494 5410 vocabulum
2549 5371 2817 5423 usurpare,
2860 5357 3000 5422 quod
3053 5369 3149 5407 nec
3178 5358 3310 5421 apud
3345 5356 3653 5408 Marcutftuu
3679 5365 3732 5408 et

2188 5427 2370 5479 incerti
2414 5427 2644 5478 auctoris
2685 5425 2932 5476 formulas
2973 5424 3248 5489 reperitur,
3292 5438 3388 5476 nec
3418 5426 3584 5475 etiam
3612 5424 3727 5476 alibi

2190 5494 2337 5546 facile
2365 5495 2611 5547 occurrit.
2640 5495 2753 5557 Quo
2779 5493 2988 5543 nuu‘iine
3018 5501 3218 5544 certum
3244 5496 3412 5546 locum
3440 5502 3494 5543 et
3529 5501 3724 5544 tumtu-

2189 5568 2320 5615 rium
2353 5563 2607 5630 designari
2638 5570 2870 5629 apparet.
2912 5559 3049 5611 lium.
