3820 6364
91 473 158 526 πει
227 449 232 456 ’
1029 419 1032 422 ’
1229 465 1573 523 ι-ὀιιιιυικε
1608 461 2063 519 ειιιιιοκιιιεβε.

3142 461 3241 514 73‘!

90 573 371 632 ionationem
416 569 610 636 aliquid
661 570 964 636 refrangerc
1005 569 1086 622 vel
1127 570 1445 623 calumniam
1484 583 1566 637 ge.
1605 574 1646 628 Α
1676 571 1846 624 ces~io
1867 571 1999 623 meis
2020 573 2100 622 vel
2123 572 2380 637 bonorum
2406 567 2676 637 hominum
2699 551 2940 624 manibus
2959 569 3231 635 roborata,

86 657 234 698 iterare
275 640 681 718 praesumpserit,
715 639 844 716 illud
867 638 1022 718 quot;
1033 640 1230 718 repetit
1263 654 1368 718 non
1398 639 1573 718 vindi-

84 691 234 768 ἔέιζξῐ
275 691 727 775 insuper'contra
762 708 847 760 cui
885 691 1050 775 'litdfn
1099 691 1338 758 intulerit
1383 706 1583 775 solidos

79 773 677 855 quingentuscompquat,
709 783 764 828 et
804 775 915 827 lucc
953 773 1175 855 donatio
1204 788 1324 855 cum
1360 774 1581 855 stipatu-

81 842 200 900 tioné
234 845 446 900 subnixa
500 842 715 896 inlibata
758 849 1084 911 permaneat.
1150 846 1336 894 Actum
1393 843 1443 895 itt
1492 842 1584 893 illo

81 918 190 969 ιυω.

565 998 628 1052 ll.
672 999 697 1028 “
727 997 1053 1053 Mandatum.

131 1088 377 1158 Haguilico
411 1089 558 1142 fratri
612 1087 724 1150 illo,
753 1102 852 1158 ego
889 1086 1165 1158 ille,_lilius
1206 1085 1372 1158 illius.
1414 1086 1582 1158 Rogo,

72 1153 294 1226 supplico,
348 1168 509 1224 atque
557 1168 655 1209 tne
699 1156 909 1226 caritati
953 1156 1171 1226 injungo
1205 1163 1274 1226 _ut
1311 1153 1376 1207 ad
1417 1156 1584 1226 vicem

74 1223 218 1281 meam
241 1223 502 1280 civitatem
549 1226 691 1277 illam
722 1224 904 1286 adeas,
937 1232 993 1276 et
1037 1223 1376 1276 donationem
1417 1223 1582 1285 illaut,

72 1313 201 1364 quam
228 1309 318 1360 ego
346 1295 583 1364 partibus
612 1291 846 1364 illius__de
890 1292 1018 1345 locis
1046 1292 1244 1364 nostris
1265 1306 1586 1364 nuncupan-

72 1359 187 1417 tibus
214 1359 323 1418 illis.
349 1359 470 1414 sitis
499 1362 549 1412 in
586 1374 719 1428 pago
744 1360 874 1423 illo,
905 1373 1001 1428 per
1030 1372 1147 1412 mea
1176 1359 1407 1428 legitima
1438 1369 1582 1411 stru-

51 1442 224 1484 ‘menta
258 1431 378 1500 Lit,
407 1427 779 1500 instrumenta|
808 1427 1137 1500 conﬁrmavi,
1169 1427 1330 1500 gestis
1358 1428 1575 1500 munici-

72 1503 242 1566 palibus
259 1493 371 1552 eum
393 1499 539 1550 curia
567 1493 777 1566 publica
803 1505 854 1546 et
879 1493 1163 1566 defensore
1190 1495 1351 1566 facias
1372 1495 1586 1566 alligare

71 1564 137 1622 vel
159 1580 482 1634 prosequere,
511 1577 564 1618 et
587 1565 792 1634 deipsa
814 1564 1196 1634 prosecutione
1227 1564 1353 1634 mibi
1391 1564 1585 1616 reddas

68 1632 330 1689 certiorem.
364 1634 428 1686 Et
456 1632 707 1702 quicquid
740 1632 931 1685 exinde
954 1634 1126 1698 egeris
1146 1632 1460 1702 gesserisve,
1495 1647 1582 1702 ra—

69 1717 158 1757 tum
185 1718 210 1756 a
233 1717 309 1755 me
340 1704 390 1754 iu
422 1699 671 1754 omnibus
699 1699 1167 1766 esseg‘ognoscas.‘
1184 1699 1336 1765 Quod
1364 1701 1582 1752 manda-

66 1785 175 1833 tum,
201 1781 252 1823 ut
289 1771 578 1837 pleniorem
608 1768 845 1821 obtineat
881 1769 1138 1834 vigorem.
1170 1783 1328 1821 manu
1367 1772 1580 1836 propria

65 1842 218 1894 subter
269 1840 465 1890 lirtnavi
515 1847 570 1890 et
619 1839 877 1890 bonorum
920 1839 1152 1890 virorum
1196 1838 1583 1904 subscriptione

64 1911 172 1977 μὴ,
202 1905 450 1974 manibus]
483 1905 840 1959 roborandam
875 1904 1106 1958 decrevi.

651 1995 734 2048 ΙΙΙ.
776 1994 801 2032 ι’
827 1993 1001 2048 Costa.

119 2091 253 2141 Anno
294 2089 401 2146 illo.
451 2096 711 2153 regnante
738 2099 862 2152 rege
903 2084 1024 2150 ilio,
1060 2084 1157 2137 sub
1186 2085 1273 2140 die
1321 2086 1429 2148 illo,
1463 2102 1583 2139 cum

55 2166 344 2211 conventum
393 2158 526 2226 μί..
580 2153 1192 2226 conventus]_'l‘u_r_onu_s
1220 2155 1448 2226 Acivitate
1485 2156 1581 2207 ad-

55 2228 232 2288 fuisset,
271 2220 516 2278 adstautc
563 2221 853 2277 venerabili
878 2220 999 2275 Viro
1030 2221 1120 2274 illo
1145 2220 1447 2283 defensore,
1481 2238 1582 2276 una

55 2311 154 2346 cum
184 2295 444 2346 honoratis
479 2292 857 2359 principalibus
884 2290 1018 2359 suis,
1042 2290 1360 2359 venerabilis
1388 2292 1467 2342 vir
1495 2292 1582 2344 ille

51 2365 167 2414 dixit
196 2380 206 2412 :
233 2362 381 2428 liogo
412 2357 489 2424 te,
518 2360 840 2414 venerabilis
862 2359 940 2411 vir
969 2357 1060 2428 ille
1081 2358 1348 2428 delensor,
1375 2368 1432 2411 ut
1455 2360 1582 2412 mihi

52 2433 250 2483 tiodiees
298 2427 537 2496 publicos
568 2438 751 2492 patere
786 2427 1036 2494 iubeatis,
1083 2427 1207 2496 quia
1237 2428 1460 2481 inluster
1504 2428 1584 2480 vir

53 2499 130 2552 ille
173 2514 260 2566 per
297 2495 393 2551 hoc
424 2498 732 2566 mandatum
761 2497 827 2548 ad
869 2511 954 2549 me
981 2495 1216 2566 speravit
1245 2505 1302 2549 ut
1337 2496 1583 2566 donatio-

49 2584 156 2620 nem
185 2568 341 2626 illam.
383 2581 544 2634 quam
577 2565 645 2618 de
689 2566 846 2634 rebus
877 2567 990 2617 suis
1034 2565 1284 2632 propriis,
1315 2565 1399 2634 ide
1449 2565 1582 2619 locis

49 2633 450 2700 nuncupantibus
484 2633 606 2695 illis,
634 2633 750 2685 sitis
781 2635 832 2683 in
865 2647 999 2700 pago
1031 2634 1143 2695 illo,
1174 2633 1412 2700 partibus
1441 2634 1584 2688 illius

45 2718 132 2769 per
156 2699 242 2752 sua
269 2703 502 2768 legitima
533 2709 829 2753 stramenta
851 2699 1202 2769 eontirutavit.
1226 2703 1388 2766 gestis
1411 2702 1581 2753 muni-

44 2768 286 2834 cipalibus
308 2783 431 2823 cum
453 2769 600 2822 curia
630 2769 840 2838 pubiica
857 2775 923 2838 et
947 2768 1241 2838 defensore
1258 2782 1581 2838 prosequi-re

44 2848 91 2888 et
113 2838 318 2903 alligare
346 2835 794 2892 deberem.'Ecce
853 2837 1018 2900 ipsam
1067 2836 1408 2889 donationem
1429 2835 1450 2900 ξ
1488 2836 1576 2903 jn-

44 2907 153 2958 bete
196 2919 310 2959 eam
367 2906 605 2959 recitari.
654 2904 983 2958 Venerabilis
1022 2904 1102 2956 vir
1137 2904 1223 2956 ille
1251 2905 1499 2958 defensor
1525 2913 1581 2958 et

40 2975 160 3027 ordo
179 2976 332 3028 euri-.e
353 2973 606 3028 dixerunt
637 2990 649 3025 :
682 2973 907 3026 Codices
937 2973 1130 3042 publici
1156 2983 1208 3026 te
1233 2972 1576 3042 patefaciant,

39 3054 86 3094 et
113 3043 194 3096 ille
221 3043 566 3096 amanuensis
593 3044 729 3096 hanc
757 3041 1098 3102 donationem
1128 3041 1353 3109 accipiat
1375 3041 1459 3095 vel
1488 3057 1577 3096 re-

38 3114 231 3164 citetur.
259 3113 357 3176 Qui
380 3113 564 3165 statim
594 3110 882 3178 accipiens,
908 3123 1002 3174 per
1026 3109 1268 3178 ordinem
1295 3124 1412 3163 eam
1439 3111 1577 3165 reci-

37 3183 173 3232 lavit.
206 3180 321 3232 Jam
341 3177 876 3260 _dirt_u_s._prosecutor
903 3178 1036 3232 dixit
1065 3193 1078 3231 :
1113 3177 1190 3260 Et
1207 3179 1329 3247 quia
1359 3179 1575 3260 petitio.

35 3264 122 3299 nes
150 3263 292 3300 meas
341 3249 682 3300 laudabilitas
713 3257 888 3300 vestra
935 3262 1032 3316 per
1080 3248 1318 3302 ordinem
1359 3248 1580 3315 implere

34 3315 231 3380 dignata
261 3325 364 3384 est,
396 3325 530 3382 rogo
563 3324 619 3368 ut
664 3315 874 3381 publica
917 3315 1260 3369 monumenta
1301 3317 1574 3384 suscipiat.

34 3387 90 3433 l‘Lt
135 3382 412 3450 patefactis
461 3384 769 3446 (Jodicihus,
823 3391 968 3446 gesta
999 3397 1121 3434 cum
1160 3397 1189 3434 a
1230 3384 1378 3438 vobis
1424 3382 1581 3436 fuerit

33 3451 505 3523 subscripta,‘utihi
550 3451 1024 3523 tiobilitas_vestra,
1057 3460 1118 3502 ut
1143 3466 1258 3504 mos
1298 3462 1412 3523 est,
1442 3451 1578 3523 tradi

31 3521 304 3588 pra-cipiat.
347 3519 683 3574 Venerabilis
707 3520 788 3571 vir
812 3518 900 3588 ille
921 3518 1167 3588 defensor
1189 3528 1245 3572 et
1265 3522 1392 3572 ordo
1419 3521 1580 3572 curia:

31 3586 262 3640 dixerunt
294 3605 308 3640 :
335 3588 506 3641 Gesta
539 3603 661 3642 cum
690 3603 718 3639 a
749 3586 904 3640 nobis
933 3587 1092 3640 fueiit
1120 3587 1436 3656 subscripta,
1467 3597 1522 3640 et
1549 3605 1577 3638 ει

31 3656 298 3708 venerabili
323 3659 442 3710 viro
473 3657 565 3708 illo
587 3669 910 3708 amanuense
931 3657 1089 3717 edita,
1126 3657 1217 3709 tibi
1249 3658 1487 3709 tradatur
1514 3671 1580 3710 ex

28 3739 179 3786 more,
205 3732 260 3776 ut
275 3723 491 3777 facilius
512 3723 655 3788 quod
682 3723 929 3791 superius
949 3725 1303 3779 insertumest
1329 3726 1580 3779 diuturno

28 3801 254 3860 tempore
280 3800 506 3844 maneat
535 3791 866 3844 inoonvulsa.

657 3876 742 3930 ιν.
785 3877 971 3931 Casio.

84 3971 298 4026 Latorcs
342 3970 534 4038 legum
578 3978 875 4023 sanxerunt
918 3976 975 4021 ut
1010 3967 1263 4035 quicquid
1295 3968 1576 4036 unusquis-

23 4057 113 4102 que
137 4043 288 4094 alteri
327 4037 595 4099 cesserit,
628 4037 944 4105 proliteatur
969 4053 1029 4092 se
1072 4046 1277 4090 tantum
1319 4052 1428 4090 rem
1461 4052 1578 4090 ces-

22 4111 158 4172 tisse,
181 4109 266 4188 ve_l_
283 4107 544 4168 concedi,
568 4117 630 4188 et_
647 4107 757 4159 sola
783 4107 1194 4188 voluntasillius
1211 4117 1302 4158 aut
1322 4107 1580 4188 scriptura

23 4187 104 4227 aut
130 4179 355 4229 testibus
382 4177 741 4242 comprobata
772 4190 866 4241 pro
893 4175 1040 4228 omni
1063 4175 1311 4228 lirmitate
1332 4175 1579 4229 sul‘lieiat.

23 4247 169 4309 Igitur
199 4258 301 4310 ego
333 4244 389 4296 iit
428 4241 529 4294 Dei
560 4243 774 4295 nomine
810 4242 900 4296 ille
922 4243 1065 4296 tidelt
1096 4251 1280 4296 nostro
1324 4244 1415 4296 illo
1446 4245 1582 4296 cedo

19 4315 102 4365 tibi
142 4327 172 4363 a
218 4314 306 4366 die
339 4319 617 4379 prasente
663 4323 976 4379 cessumque
1020 4312 1071 4364 in
1115 4318 1432 4378 perpetuum
1463 4326 1582 4363 esse

21 4385 147 4441 volo,
166 4382 268 4436 hoc
286 4377 395 4446 est,
418 4379 546 4431 villa
568 4377 704 4445 juris
725 4381 890 4429 nostri
913 4377 1251 4446 nuncupante
1275 4379 1380 4440 illa,
1405 4381 1504 4432 sita
1530 4381 1580 4431 in

19 4465 144 4516 pago
159 4451 270 4512 illo,
295 4452 351 4502 in
376 4444 604 4502 condita
624 4447 732 4511 illa,
754 4460 872 4516 cum
889 4447 1063 4516 terris,
1087 4444 1342 4516 :ediliciis,
1371 4447 1583 4499 accola-

16 4512 124 4580 ius,
145 4519 454 4585 mancipiis,
487 4516 712 4594 libertis,
739 4515 926 4592 vineis,
951 4512 1116 4594 silvis,
1140 4515 1322 4590 pratis,
1352 4518 1578 4594 pascitis,
1612 4535 1661 4594 υ

17 4590 176 4654 aquis,
193 4583 538 4652 aquarutnve
563 4584 893 4654 decursibus,
915 4583 1194 4654 ittobilibus
1219 4592 1271 4633 et
1295 4584 1573 4654 immobili-

17 4649 124 4716 bus,
140 4649 260 4707 cuni
273 4654 538 4717 omnibus
552 4652 874 4718 appendiciis
886 4653 1098 4718 suisque
1111 4650 1171 4701 ad
1173 4649 1436 4716 jacettttis,
1455 4666 1574 4703 cum

15 4725 145 4776 ιιιιιιιὶ
185 4723 567 4789 supraposito,
608 4720 691 4771 vel
717 4719 1056 4789 quiequidiu
1097 4719 1211 4789 jam
1231 4719 1374 4770 dicto
1402 4719 1519 4789 loco
1547 4736 1574 4770 ιι

15 4795 92 4843 die
137 4787 407 4859 prasente
455 4797 655 4859 tenere
709 4797 763 4840 et
816 4787 1092 4859 possidere
1132 4787 1351 4850 videor;
1386 4787 1470 4859 ita
1522 4795 1579 4839 ut

14 4853 250 4927 quietiuid
295 4853 509 4927 exinde
564 4853 1026 4927 facerevolueris,
1073 4855 1575 4927 jureproprietario

15 4922 222 4982 hbe-ratu
252 4936 309 4978 et
349 4923 718 4978 ﬁrmissimam
750 4922 803 4974 in
844 4922 1092 4976 omnibus
1121 4922 1320 4977 habeas
1348 4932 1580 4991 potesta-

14 5005 130 5056 tein,
178 4995 304 5060 quia
347 4993 502 5047 malo
555 4993 654 5060 hoc
690 4999 743 5042 te
792 4991 1013 5060 babere_
1029 5006 1187 5057 quam
1229 5007 1334 5058 me,
1376 4996 1492 5059 plus
1528 5002 1578 5046 te

14 5079 155 5128 quam
188 5056 405 5117 ceteris
455 5058 752 5114 heredibus
781 5059 932 5128 meis.
975 5056 1111 5128 Etsi
1135 5056 1434 5122 l'uerit,'aitt
1479 5075 1577 5127 ego

14 5126 131 5197 ipse.
172 5138 268 5183 aut
305 5133 452 5184 ullus
512 5132 583 5180 de
605 5127 921 5187 -heredibns
979 5126 1111 5180 meis
1131 5166 1155 5197 ,7
1190 5129 1282 5197 vel,
1322 5126 1572 5197 quislibet

14 5195 247 5265 persona,
264 5200 357 5266 qui
381 5207 584 5249 c-mtra
609 5197 744 5248 lianc
775 5197 1069 5249 cessionem
1095 5195 1287 5266 aliquid
1303 5195 1578 5266 rel'ragarc

14 5263 81 5321 ιρι
130 5263 462 5322 calumniam
515 5279 777 5328 generare
819 5263 1227 5332 praesumpserit,
1279 5264 1403 5314 illud
1434 5265 1574 5329 quod

14 5341 189 5403 r‘i'pclll
215 5353 324 5390 non
347 5333 619 5390 vindicet,
650 5342 705 5403 et
740 5334 954 5398 insuper
990 5340 1174 5385 contra
1205 5332 1462 5403 cuilttem
1495 5334 1573 5382 in-

14 5397 207 5468 Iulerit,
236 5420 344 5457 una
395 5417 532 5456 cum
564 5397 713 5468 socio
751 5397 908 5460 lisco,
947 5404 1133 5452 inferat
1174 5401 1370 5468 solidos
1403 5409 1576 5452 tantus

14 5481 126 5543 ι.ιι.,
176 5466 452 5538 innuerit,
512 5466 722 5528 solidos
770 5476 947 5520 tstttos
990 5467 1320 5538 componat],
1361 5479 1416 5524 et
1465 5469 1576 5521 Ita-c

71 5612 92 5635 ⁸
129 5605 360 5661 Marcull’
389 5647 404 5669 ,
435 5605 537 5658 lib.
567 5622 624 5668 tt,
655 5618 697 5656 c.
735 5601 823 5663 58;
856 5604 1109 5669 append.,
1131 5621 1179 5658 c.
1213 5606 1299 5658 55.

65 5677 92 5714 ι»
127 5675 401 5735 Marcelli,
428 5673 528 5726 Lb.
561 5688 618 5735 tt,
648 5687 692 5726 c.
725 5671 826 5728 57:
859 5672 1104 5738 append.,
1128 5689 1175 5724 e.
1202 5673 1286 5724 55.

71 5757 86 5780 ι
129 5744 403 5803 Marcum,
429 5742 532 5794 lib.
562 5756 615 5799 ll,
642 5756 671 5792 c
726 5740 878 5793 19-21
906 5758 918 5805 ;
943 5756 1110 5807 appeti
1135 5741 1190 5801 |.,
1222 5757 1270 5793 (ξ.
1301 5743 1380 5795 Η,

1686 655 1804 691 cum
1831 638 2170 702 stipulatione
2194 636 2438 690 subnixa.
2466 635 2718 690 diuturno
2751 647 2991 706 tempore
3023 653 3240 696 maneat

1684 706 2014 761 inconvttlsa.
2047 705 2255 757 Attum.

2266 795 2323 845 ν.
2359 798 2380 821 ⁸
2424 793 2671 847 l'rnditio.

1757 879 2032 948 Magnilico
2087 881 2230 933 fratri
2280 882 2389 940 illo,
2447 894 2547 947 ego
2602 881 2708 935 ille.
2761 882 2982 936 Constat
3030 902 3115 940 me
3145 891 3235 942 lilii

1687 951 2001 1019 vendidisse,
2032 959 2087 1003 ct
2135 951 2202 1019 ita
2253 950 2639 1019 vendidi.rem
2688 953 3029 1018 proprietatis
3081 972 3235 1019 lltt‘:t°,

1683 1019 1839 1071 sitam
1884 1018 1934 1069 in
1977 1032 2110 1084 pago
2139 1018 2246 1080 illo,
2281 1019 2332 1070 itt
2378 1018 2592 1072 condita
2640 1020 2746 1082 illa,
2780 1021 2830 1072 in
2881 1021 2998 1074 loco
3030 1018 3235 1076 nuncii;

1686 1085 1987 1154 panteillo,
2018 1101 2140 1138 cum
2173 1087 2347 1151 terris,
2390 1086 2648 1149 aediliciis,
2681 1088 2986 1152 accolabus,
3019 1097 3195 1145 manci

1688 1153 1805 1222 piis,
1859 1153 2085 1228 libertis,
2113 1155 2300 1228 vineis,
2346 1155 2727 1228 silvis,_pr_atis,
2777 1161 3012 1223 pascuis,
3061 1165 3234 1228 aquis,

1687 1236 2009 1289 aquarnmve
2056 1222 2384 1285 decursibus,
2434 1223 2718 1277 mobilious
2767 1234 2820 1276 et
2848 1222 3227 1289 ittttnObilibus,

1689 1300 1858 1362 totum
1915 1299 1969 1342 et
2017 1291 2388 1362 ad_i_nteg_rum
2434 1307 2573 1362 cum
2608 1292 2853 1346 omnibus
2908 1300 3237 1362 appendiciis

1685 1358 1813 1434 [Al._.
1842 1358 2157 1434 appenditis]
2188 1359 2268 1412 vel
2296 1359 2606 1434 adjacentiis
2637 1362 2748 1414 suis
2773 1362 2855 1414 vel
2877 1358 3019 1434 omni
3049 1381 3236 1434 supra-

1689 1430 1880 1493 pOsito,
1934 1429 2074 1497 sicut
2112 1429 2151 1480 a'
2190 1443 2275 1482 me
2301 1430 2544 1495 pruenti
2576 1437 2815 1497 tempore
2865 1432 3075 1485 videtur
3115 1429 3234 1488 esse

1687 1509 2006 1568 po~sessum,
2036 1496 2102 1549 de
2139 1497 2260 1568 jure
2299 1511 2426 1568 meo
2456 1497 2512 1550 in
2546 1506 2634 1550 tua
2666 1496 2817 1551 trado
2848 1507 3112 1568 potestate
3150 1505 3232 1556 vel

1685 1564 2064 1635 dominatione,
2090 1565 2428 1635 undeaccepi
2457 1578 2484 1615 a
2519 1579 2568 1618 te
2599 1567 2824 1635 pretium
2853 1564 2906 1621 in
2934 1570 3074 1635 quod
3107 1574 3235 1625 mihi

1687 1580 2064 1626 nominatione,
2090 1580 2228 1617 unde
2249 1580 2428 1631 accept
2457 1580 2484 1615 a
2519 1580 2568 1618 te
2596 1580 2824 1686 Erelltlm
2855 1584 2906 1621 tn
2934 1580 3074 1635 quod
3107 1580 3235 1625 mihi

1687 1632 1821 1685 bene
1850 1633 2188 1698 complacuit,
2216 1631 2318 1687 illis
2346 1635 2589 1699 praesenti
2633 1650 2694 1689 us
2722 1636 2810 1700 qui
2833 1637 3018 1691 subter
3048 1649 3236 1693 tenen-

1688 1709 1772 1751 tttr
1820 1700 2020 1762 inserti,
2060 1701 2320 1753 valentem
2367 1701 2568 1754 solidos
2597 1710 2791 1755 tantos.
2842 1702 2918 1756 Ita
2951 1715 3009 1758 ut
3037 1707 3104 1759 ab
3139 1712 3232 1762 ho-

1685 1769 1867 1836 dierna
1896 1769 1981 1821 die
2024 1767 2272 1836 quicquid
2301 1768 2699 1836 exindefacere
2729 1771 2977 1833 volueris,
3012 1775 3234 1828 liberam

1686 1835 1882 1907 habeas
1924 1835 2260 1907 potestatem.
2306 1836 2380 1907 Et
2411 1837 2454 1889 si
2495 1835 2670 1907 fuerit,
2702 1848 2793 1907 aut
2841 1851 2940 1905 ego
2971 1843 3102 1907 ipse,
3144 1854 3238 1894 aut

1689 1906 1825 1958 ullus
1847 1907 1912 1976 de
1960 1905 2260 1976 heredibus
2282 1906 2436 1971 meis,
2468 1906 2550 1976 vel
2584 1905 2834 1973 quislibet
2868 1905 3111 1972 persona,
3143 1915 3234 1976 qui

1686 1983 1868 2026 contra
1900 1974 2036 2026 hanc
2067 1973 2425 2027 venditionem
2456 1974 2686 2041 aliquam
2708 1976 3025 2029 calumniam
3054 1980 3132 2030 vel
3157 1973 3233 2031 re-

1685 2042 1994 2112 petitionem
2017 2055 2272 2107 generare
2294 2043 2705 2109 praesumpserit,
2725 2044 2850 2095 illud
2874 2047 3014 2112 quod
3044 2050 3238 2111 repetit

1686 2125 1790 2161 non
1837 2109 2082 2175 vindicet,
2126 2119 2180 2163 et
2223 2111 2436 2177 insuper
2464 2121 2646 2163 contra
2677 2111 2762 2164 cui
2808 2109 2952 2165 litem
3002 2109 3238 2168 intulerit

1684 2177 2080 2297 solidosttantos
2107 2187 2415 2245 componat,
2446 2187 2500 2232 et
2529 2180 2642 2232 lucc
2672 2181 2905 2235 venditio
2938 2182 3083 2235 lirtna
3112 2199 3238 2253 per-

1686 2260 1870 2297 mattea
1905 2285 1916 2296 .

1686 2260 1916 2298 maneat.

2246 2335 2326 2390 Vl.
2359 2336 2383 2374 ἀ
2418 2334 2692 2404 0b.'igatio.

1758 2423 1980 2477 Domino
2015 2425 2300 2477 venerain
2333 2425 2441 2486 illo,
2485 2440 2585 2492 ego
2627 2427 2677 2479 in
2731 2427 2820 2480 Dei
2867 2428 3082 2482 nomine
3126 2431 3234 2483 ille.

1685 2492 1814 2545 Dum
1844 2501 1899 2546 et
1936 2493 2180 2546 omnibus
2217 2495 2448 2566 habetur
2477 2497 2838 2566 percognitum
2870 2499 3098 2566 qualiter
3141 2515 3234 2552 ve-

1682 2570 1795 2614 stro
1823 2570 2045 2628 accepto
2095 2562 2266 2629 pretio
2308 2575 2416 2613 rem
2457 2565 2798 2630 pr0prietatis
2835 2562 2968 2618 metu
2996 2567 3152 2619 sitam
3186 2569 3236 2620 in

1681 2643 1818 2697 pago
1846 2631 1965 2700 illo,
2006 2630 2060 2700 in
2100 2630 2314 2700 condita
2362 2631 2472 2694 illa,
2507 2632 2558 2683 in
2605 2631 2724 2685 loco
2752 2643 3094 2700 nuncupante
3123 2636 3237 2700 illo,

1679 2713 1800 2751 cum
1827 2699 1969 2769 omni
2003 2699 2325 2769 integritate,
2372 2701 2452 2752 vel
2483 2700 2732 2768 quicquid
2781 2717 2811 2755 a
2856 2699 2947 2755 me
2991 2699 3238 2769 przcsenti

1681 2773 1919 2838 tempore
1939 2766 2074 2838 inibi
2109 2768 2212 2838 fuit
2245 2766 2573 2838 possessum,
2608 2766 2755 2824 vobis
2793 2785 2888 2838 per
2918 2766 3240 2827 venditionis

1682 2833 1888 2907 titulum
1919 2833 2297 2907 distraai._$ed
2326 2846 2509 2903 postea
2541 2833 2668 2907 mea
2688 2833 3019 2907 fuit'petitio,
3059 2849 3114 2894 et
3146 2856 3240 2895 ve-

1632 2931 1638 2944 -
1678 2909 1784 2955 stra
1827 2904 2056 2974 decrevit
2097 2903 2360 2963 voluntas,
2395 2914 2451 2956 ut
2486 2906 2626 2974 mihi
2660 2903 2829 2974 ipsam
2867 2924 2977 2961 rem
3028 2909 3240 2963 ttsufru~

1678 2970 2096 3039 ctuario_ordine
2130 2986 2449 3028 conservare
2475 2970 2756 3039 juberetis.
2791 2974 2944 3039 Quod
2979 2978 3048 3030 ita
3078 2987 3133 3030 et
3163 2977 3240 3030 l'e-

1677 3038 1843 3092 cistis.
1873 3036 1940 3092 Et
1959 3052 2057 3111 ego
2078 3051 2174 3111 pro
2204 3039 2360 3106 hujus
2381 3036 2569 3111 merito
2591 3036 2853 3101 bcnelleii.
2887 3045 3063 3111 obligo
3087 3047 3240 3100 vobis

1677 3120 1792 3186 rem
1815 3108 2154 3186 proprietatis
2186 3122 2337 3172 mete,
2368 3111 2524 3186 sitam
2556 3109 2606 3163 in
2638 3125 2773 3180 pago
2799 3111 2908 3186 illo,
2939 3108 3238 3186 incondita

1682 3176 1791 3239 illa,
1825 3176 2026 3248 inloco
2069 3187 2408 3248 nuncupante
2448 3179 2574 3242 illo,
2603 3176 2732 3232 cum
2763 3181 2906 3234 omni
2939 3180 3241 3248 integritate

1681 3259 1799 3317 sua,
1829 3244 1911 3298 vel
1935 3245 2184 3312 quicquid
2213 3245 2403 3317 ibidem
2434 3248 2678 3315 pnesenti
2703 3257 2951 3317 tempore
2980 3265 3008 3302 a
3040 3244 3123 3303 me
3157 3251 3236 3302 ii-

1682 3311 1840 3366 detur
1861 3311 2324 3386 essepossessmn.
2360 3311 2901 3386 Ea'veroiratiune'ut
2924 3321 3156 3386 quantliu
3189 3322 3238 3372 iu

1680 3390 1841 3448 caput
1885 3383 2157 3444 advixero,
2203 3383 2445 3449 utrisque
2477 3383 2714 3454 partibus
2744 3386 2844 3438 sub
2874 3383 3055 3438 vestro
3101 3403 3238 3454 prte-

1682 3457 1829 3517 texto
1885 3460 2070 3502 tenere
2114 3458 2168 3500 et
2216 3464 2474 3517 usurpare
2501 3450 2756 3517 debeam,
2797 3461 2851 3505 et
2883 3455 3011 3505 tnihi
3043 3450 3240 3508 exinde

1679 3530 1786 3568 non
1816 3516 1972 3570 liceat
2001 3517 2162 3570 aliubi
2208 3532 2307 3571 nec
2351 3516 2601 3581 vendere,
2635 3516 2989 3583 nec'donare,
3043 3539 3139 3576 nec
3185 3527 3238 3578 in

1680 3585 1826 3637 nullo
1857 3587 2015 3639 modo
2057 3587 2353 3640 distrahere
2383 3624 2398 3648 ,
2445 3601 2542 3640 nec
2581 3588 2723 3652 ipsos
2754 3603 2879 3642 usus
2919 3591 2968 3641 iu
3019 3593 3241 3646 alterius

1680 3668 1866 3707 manus
1894 3655 2230 3725 _transferre.
2265 3655 2369 3708 Sed
2403 3663 2521 3721 post
2559 3669 2733 3725 meum
2780 3671 2993 3725 quoque
3040 3662 3239 3714 disces-

1679 3735 1824 3796 sum,
1860 3721 2062 3790 absque
2097 3724 2252 3796 ullius
2280 3732 2558 3796 expectata
2587 3721 2871 3796 traditione
2897 3721 2977 3780 vel
2997 3728 3236 3796 iudicum

1678 3793 2082 3861 consignatione
2102 3831 2117 3854 ,
2150 3794 2348 3861 absque
2377 3793 2729 3846 diminutione
2761 3809 2937 3848 rerum
2969 3793 3049 3850 vel
3079 3813 3241 3851 man-

1678 3857 1955 3932 cipiarum,
2009 3875 2127 3932 cum
2174 3857 2325 3932 omni
2352 3863 2726 3932 supraposito,‘
2753 3864 2841 3932 vel
2891 3865 3140 3932 quicquid
3186 3868 3239 3920 in

1678 3926 1790 3991 ipsa
1823 3928 1936 3979 loca
1968 3928 2206 3990 aSpiccre
2248 3929 2329 3980 vel
2374 3926 2639 3994 pertinere
2679 3926 2924 3993 videtur;
2963 3926 3053 3985 vos
3085 3936 3238 3986 lterc-

1680 4000 1880 4060 tlcsque
1905 3995 2088 4064 vestri,
2137 3995 2221 4048 vel
2262 3995 2346 4048 cui
2380 4011 2408 4048 a
2442 3996 2592 4048 vobis
2622 3997 2939 4064 permissum
2973 4000 3148 4061 fuerit,
3183 4003 3236 4055 iit

1680 4062 2094 4134 eorumﬂfaciaut
2138 4078 2390 4118 revocare
2435 4062 2754 4134 potestatem
2780 4069 2866 4122 vel
2910 4069 3234 4122 dominatio-

1684 4145 1822 4201 item.
1859 4130 1924 4183 Et
1949 4133 1992 4184 si
2036 4130 2191 4186 fuerit
2215 4142 2308 4185 aut
2339 4130 2449 4201 ego
2475 4135 2606 4201 ipse,
2635 4145 2727 4189 aut
2757 4137 2892 4189 ullus
2921 4151 2985 4190 ex
3027 4138 3235 4191 heredi-

1681 4198 1784 4270 bus
1808 4204 1957 4263 meis,
1990 4207 2077 4270 vel
2107 4198 2610 4270 quislibet-persona
2639 4203 2728 4270 qui
2760 4215 2944 4258 contra
2979 4207 3075 4261 has
3103 4208 3237 4259 obli-

1681 4267 1922 4332 gationes
1951 4267 2183 4336 aliquam
2232 4267 2550 4322 calumniam
2601 4267 2686 4323 vel
2730 4275 3100 4340 repetitionem
3141 4285 3238 4328 aut

1683 4344 2048 4406 contemptum
2078 4351 2350 4406 generare
2371 4339 2789 4406 praesumpserit,
2825 4341 2948 4391 illud
2978 4343 3122 4406 quod
3155 4359 3239 4395 re-

1684 4405 1815 4470 petit
1846 4419 1949 4456 non
1979 4405 2228 4465 vindicet,
2260 4412 2314 4457 et
2341 4405 2556 4472 insuper
2593 4414 2780 4458 contra
2811 4410 2892 4460 cui
2922 4405 3066 4461 litem
3100 4410 3240 4461 intu-

1684 4473 1805 4523 lerit
1830 4473 2030 4524 solidos
2067 4472 2326 4545 ducentos
2353 4483 2659 4545 componat,
2693 4484 2748 4526 et
2775 4480 2854 4528 lia:
2885 4477 3240 4545 obligatione:

1687 4555 1790 4594 uno
1821 4549 2009 4596 tenore
2033 4543 2349 4610 conscripta:
2380 4544 2542 4595 llrma:
2577 4556 2938 4609 permaneant.

2199 4630 2302 4684 VII.
2339 4641 2361 4668 °
2392 4630 2711 4687 Precaluria.

1747 4720 1971 4775 Domino
1987 4721 2370 4774 venerabiliillo
2386 4723 2574 4776 rectori
2599 4723 2985 4777 ccelesimillius
2999 4731 3235 4781 vcfomni

1677 4791 2073 4857 congregationi
2118 4791 2307 4842 ibidem
2344 4791 2672 4851 consistenti,
2706 4805 2804 4856 ego
2839 4795 2979 4844 enim
3016 4795 3121 4849 ille.
3157 4798 3237 4851 Ad

1678 4874 1848 4912 meam
1869 4860 2172 4924 petitionem
2197 4868 2367 4909 vestra
2389 4859 2623 4910 decrevit
2646 4867 2887 4912 voluntas
2907 4870 2962 4912 ιιι
2984 4865 3110 4916 mihi
3145 4869 3240 4917 vil-

1678 4927 1779 4979 lam
1800 4931 2213 4987 vestram,sitam
2239 4927 2288 4977 in
2315 4939 2447 4990 pago
2473 4925 2580 4986 illo,
2603 4927 2890 4980 incondita
2918 4931 3030 4994 illa,
3049 4933 3238 4986 inloco

1678 5005 2011 5061 nuncupante
2041 4994 2282 5054 illo,cum
2299 4995 2440 5045 omni
2460 4995 2649 5047 nterito
2671 4997 2733 5048 ad
2756 5011 2814 5048 se
2835 5003 3132 5063 pertinente
3156 5004 3238 5052 vel

1679 5065 1987 5134 aspiciente,
2022 5063 2409 5134 ustil‘ructuario
2437 5063 2621 5134 ordine
2659 5065 2784 5116 mihi
2814 5081 3134 5120 conservare
3154 5069 3237 5134 ju-

1678 5131 1891 5184 beretis.
1923 5129 2072 5192 Quod
2106 5130 2174 5182 ita
2205 5139 2258 5182 et
2289 5133 2501 5184 fecistis.
2536 5133 2607 5183 lia
2633 5148 2757 5185 vero
2788 5135 2990 5186 ratione
3024 5144 3080 5188 ut
3112 5129 3236 5188 mihi

1677 5199 1868 5252 exinde
1901 5215 2003 5250 non
2052 5200 2208 5250 liceat
2249 5199 2411 5252 aliubi
2460 5215 2557 5252 nec
2589 5204 2838 5261 vendere,
2871 5216 2966 5254 nec
3010 5205 3234 5267 donare,

1681 5283 1777 5320 nec
1825 5267 1874 5318 iu
1921 5269 2064 5319 nullo
2094 5269 2248 5321 modo
2280 5268 2609 5327 distrahere;
2641 5269 2732 5318 sed
2766 5271 2866 5319 sub
2897 5280 3076 5323 vestro
3105 5289 3236 5339 pra:-

1681 5343 1845 5398 texto,
1877 5348 2137 5400 quatenus
2167 5339 2437 5389 decretum
2468 5344 2698 5403 vestrum
2723 5341 2996 5403 manserit,
3031 5341 3130 5392 lioc
3161 5351 3236 5390 tc-

1679 5419 1804 5458 nere
1859 5414 1913 5456 et
1968 5421 2221 5472 usurpare
2265 5407 2467 5456 faciant.
2516 5401 2662 5456 Unde
2713 5408 2909 5458 ceusivi
2954 5401 3038 5460 me
3086 5412 3237 5460 annis

1677 5473 1898 5539 singulis
1925 5476 1990 5526 ad
2017 5471 2355 5527 festivitatem
2385 5471 2549 5539 ipsius
2579 5475 2745 5527 sancti
2778 5477 3011 5542 partibus
3044 5477 3237 5530 vestris

1748 5602 1787 5674 ἀγ
1816 5604 2066 5657 Ρτοολιίιυ
2111 5605 2316 5674 Species
2364 5612 2464 5670 est,
2501 5623 2617 5674 qiue
2670 5607 2976 5660 obnoxiatio
3024 5623 3052 5658 a
3096 5608 3230 5662 Mar-

1680 5673 1819 5729 cttllo
1849 5677 2158 5740 appellatur,
2196 5673 2282 5724 lib.
2320 5689 2373 5734 ll,
2403 5689 2450 5726 c.
2483 5677 2535 5727 9.

1753 5752 1775 5777 °
1815 5741 2074 5806 Marco“,
2104 5741 2191 5795 lib.
2227 5757 2278 5808 ll,
2304 5757 2349 5794 ς.
2381 5743 2430 5810 5,
2467 5745 2522 5795 -¹ιΙ
2557 5763 2569 5810 ;
2601 5745 2802 5813 appett'
2836 5786 2845 5801 .
2879 5761 2924 5798 c.
2953 5746 3037 5802 27.
3084 5747 3163 5800 il.
