3886 6226
187 408 271 465 193

1328 395 1677 454 FORMULA‘I
1717 392 2149 452 SIRMONDICIE

3256 393 3358 448 rat
3377 460 3380 466 I

185 531 265 597 ipsi
287 525 374 580 viri
397 525 481 597 qui
508 520 703 597 ibidem
731 519 971 597 aderant,
998 517 1101 573 tale
1122 520 1381 597 dederunt
1407 517 1692 597 judicium,
1725 513 1764 566 A
1798 524 1934 597 nere
1950 511 2213 597 videtur,
2244 510 2874 597 Ϋγςιιιῃιιιιιιιιτιιςιῃιίριιρ.
2920 506 3353 597 inibimprreseqtt
3412 561 3416 565 ,

187 587 232 653 ut
251 587 509 652 secundum
541 593 709 660 legem
741 589 1029 644 Romanam
1083 604 1177 654 pro
1224 589 1322 660 hac
1351 588 1503 660 culpa
1533 587 1689 660 ambo

188 668 350 732 pariter
382 663 496 718 vita:
537 655 827 732 periculum
875 657 1351 732 inc_urrissent_(L.
1389 659 1438 719 I,
1469 655 1691 732 2,_Cod‘.

189 724 372 798 haud,
400 724 630 797 det-opt.
663 729 841 799 εὔξῃ),
889 728 981 799 vel
1020 724 1335 799 sententiam
1390 724 1577 799 mortis
1626 725 1694 799 ob

187 808 267 859 hoc
289 793 446 858 scelus
472 793 837 867 excepissent.
879 797 984 852 Sed
1031 798 1506 867 intervenientibus
1539 793 1689 867 bonis

188 873 450 928 hominibus
478 863 655 924 taliter
681 869 759 923 eis
787 867 1034 922 convenit
1061 875 1116 920 ut
1150 866 1260 929 jam
1291 865 1415 919 dicti
1448 863 1692 916 homines

186 959 264 1012 pro
283 939 628 1012 redemptione
652 939 767 992 vitae
787 951 969 1012 eorum
998 946 1020 971 ι·
1046 954 1084 988 ιι
1098 937 1244 990 adios
1262 949 1393 1012 suos
1419 935 1527 1012 jam
1551 932 1694 1012 dicto

186 1005 260 1067 illo
284 1009 626 1076 unusquisque
675 1023 770 1076 pro
817 1006 1014 1061 solidus
1046 1015 1220 1076 tantos
1244 1005 1376 1076 dare
1406 1005 1686 1076 deberent,

185 1081 296 1150 quod
323 1080 387 1133 ita
414 1071 464 1150 et
495 1071 770 1147 iecerunt,
817 1075 1021 1150 et_.ltoc
1070 1075 1318 1150 placitum
1365 1071 1691 1150 institutum,

187 1141 296 1214 quod
318 1146 486 1214 evenit
518 1157 641 1202 tunc
670 1141 942 1210 temporis.
993 1141 1092 1197 hoc
1132 1144 1368 1214 debeant
1384 1141 1687 1214 descivere.

188 1210 306 1274 Unde
328 1210 768 1283 et'lidejnssorem
809 1229 901 1282 pro
934 1215 1061 1282 ipsis
1089 1213 1286 1283 solidis
1325 1212 1553 1278 aliquem
1589 1210 1690 1262 lto-

188 1291 344 1343 minem
387 1280 601 1339 nomine
638 1285 783 1338 illum
812 1280 1210 1350 'obligaverunt.
1249 1280 1548 1346 Propterea
1599 1294 1694 1330 ne-

188 1371 306 1410 cesse
329 1354 419 1407 fuit
455 1356 585 1422 ipsis
634 1362 692 1406 ut
739 1355 873 1406 banc
922 1351 1157 1405 notitiam
1204 1351 1400 1422 exinde
1439 1350 1695 1422 accipere

188 1427 420 1488 deberent,
448 1419 586 1490 quod
618 1425 688 1476 ita
719 1432 771 1476 et
800 1423 1057 1482 fecerunt,
1089 1433 1141 1473 ut
1173 1421 1223 1473 si-
1250 1419 1538 1473 necessitas
1568 1432 1691 1490 evef

191 1495 333 1558 nerit,
374 1488 614 1547 omnibus
665 1495 735 1545 sit
783 1491 1115 1544 manifestum
1147 1489 1371 1556 qualiter
1399 1488 1690 1558 supradicti

192 1557 391 1617 homines
411 1562 542 1615 intra
571 1562 988 1630 quinquennium
1019 1560 1084 1612 ab
1112 1560 1212 1613 hoc
1234 1559 1435 1612 scelere
1461 1557 1690 1612 convicti

192 1635 255 1688 vel
276 1632 584 1702 comprobati
613 1639 1026 1699 apparuerunt.-

400 1713 404 1716 ’
461 1721 700 1777 XXXIII.
739 1719 1034 1776 “udicium
1063 1722 1423 1776 evindicntum.

1799 588 2034 645 tempore
2081 595 2195 633 mea
2243 579 2445 633 videtur
2471 579 2919 644 esseposscssio.
2973 579 3150 630 totum
3185 587 3242 631 et
3283 580 3352 631 ad

1800 648 2058 717 integrum
2119 664 2210 717 per
2258 650 2393 701 lianc
2437 648 2776 717 donationem
2833 645 2926 717 tibi
2982 645 3134 717 trado
3188 657 3352 715 atque

1800 715 2131 781 transl'ttndo,
2175 733 2239 772 eo
2268 717 2512 771 videlicet
2554 715 2710 770 modo
2742 726 2794 767 ut
2824 715 2947 767 dum
2975 729 3076 781 ego
3110 716 3161 767 in
3189 726 3354 780 caput

1800 785 2011 850 advivo,
2044 788 2210 852 ipsam
2241 788 2414 840 villam
2445 801 2562 839 cum
2593 786 2734 838 omni
2765 784 3067 850 integritate
3096 785 3356 837 usualiter

1801 856 1898 907 sub
1927 865 2187 922 prmtexto
2215 856 2378 922 ipsius
2407 856 2636 908 basilicae
2677 863 2857 921 tenere
2895 861 2950 906 et
2990 867 3246 913 usurpare
3279 853 3355 905 fa-

1801 925 1958 976 ciam.
2011 925 2135 978 P0st
2162 939 2334 978 meum
2365 938 2572 992 quoque
2603 924 2890 977 discessum
2922 925 3031 991 ipsa
3065 923 3184 975 villa
3230 938 3350 975 cum

1801 994 1941 1045 utnni
1973 994 2274 1060 integritate
2297 995 2374 1048 vel
2405 994 2760 1057 supraposito,
2786 993 2885 1044 bne
2905 1001 3006 1053 est,
3031 1006 3147 1045 cum
3177 993 3355 1054 terris,

1801 1062 2062 1126 domibus,
2093 1062 2348 1126 aediliciis,
2380 1062 2684 1126 accolabus,
2718 1062 3013 1128 mancipiis,
3047 1061 3234 1121 vincis,
3266 1061 3362 1112 sil-

1803 1131 1899 1194 vis,
1950 1133 2131 1194 pratis,
2175 1134 2408 1196 pascuis,
2452 1131 2625 1198 aquis,
2657 1129 2992 1199 'aquarumve
3021 1130 3358 1190 decursibus,

1805 1199 2094 1254 mobilibus
2125 1207 2178 1254 et
2205 1200 2582 1263 immobilibus,
2613 1200 2871 1270 pecuniis,
2903 1200 3124 1266 peculiis
3165 1201 3363 1270 utrius;

1806 1284 1906 1332 qtte
1929 1283 2116 1333 sexus,
2147 1271 2422 1336 praesidiis,
2449 1271 2526 1324 vel
2551 1271 2693 1324 omni
2725 1269 3071 1338 supellectile,
3103 1269 3188 1321 vel
3219 1269 3356 1336 quod

1807 1339 2001 1391 ibidem
2047 1340 2256 1393 ittatttea
2296 1338 2510 1400 addere,
2557 1338 2855 1395 adtrahere.
2889 1351 3220 1404 comparare,
3267 1349 3357 1395 aut

1805 1409 2119 1462 emetiorare
2149 1419 2387 1475 potuero,
2421 1419 2472 1462 et
2518 1409 2768 1462 transitus
2798 1423 2945 1461 meus
2974 1407 3166 1460 ibidem
3204 1405 3359 1458 derc-

1808 1477 2057 1542 liquerit,
2105 1493 2224 1546 pars
2256 1479 2417 1542 ipsius
2450 1477 2695 1542 basilico,
2729 1477 2842 1546 ejus
2873 1487 3124 1539 rectores,
3157 1477 3357 1544 alisque

1809 1548 1966 1599 ullius
1997 1557 2300 1616 exspectata
2347 1549 2628 1602 traditione
2673 1549 2752 1600 vel
2798 1547 3032 1616 judicutn
3063 1547 3353 1612 consigna-

1810 1618 1971 1679 tione,
2003 1615 2054 1669 iu
2084 1630 2268 1670 eorum
2301 1617 2379 1669 vel
2427 1618 2590 1682 ipsius
2620 1615 2852 1670 basilica:
2885 1616 3078 1669 faciant
3109 1629 3361 1668 revocare

1811 1695 2067 1750 p0testate
2093 1688 2174 1740 vel
2201 1686 2579 1749 dominatione,
2603 1695 2656 1739 et
2676 1685 2740 1738 ad
2770 1685 2938 1750 ipsam
2968 1697 3203 1738 sanctam
3235 1683 3371 1736 basi-

1813 1756 1962 1807 licam
2009 1755 2244 1819 proﬁciat
2294 1756 2723 1821 inaugmentum,
2773 1754 2896 1821 quia
2943 1753 3215 1805 maloltoc
3248 1763 3370 1817 rost

249 1815 335 1904 Ille.
357 1827 445 1904 res
474 1813 1202 1904 :II:ittItt-schAEIIPAEDtttgg.
1227 1814 1481 1904 feniculi
1505 1813 1612 1904 ille
1630 1813 1696 1904 it}
1733 1847 1786 1904 Bt
1813 1813 2486 1904 meum.discessttmripsi'us
2505 1813 2736 1878 basilicae
2759 1813 2956 1877 habere
2980 1836 3133 1891 quam
3160 1813 3382 1883 cancris.
3445 1853 3452 1856 -η

193 1894 339 1938 nostra
366 1882 443 1936 vel
474 1896 749 1950 procerum
787 1890 1083 1936 nostrorum
1117 1885 1391 1946 prznsetttia
1425 1887 1688 1950 suggessit

194 1969 248 2007 eo
269 1953 386 2020 quod
427 1943 614 2020 aliquis
662 1943 819 2007 h‘omo
863 1952 1074 2006 nomine
1119 1943 1208 2006 ille
1257 1943 1701 2020 pagensis'vestcr

197 2038 294 2076 eum
319 2024 364 2076 in
389 2024 468 2076 via
497 2024 640 2075 malo
667 2022 853 2077 ordine
897 2022 1193 2075 adsallisset
1217 2062 1230 2085 ,
1279 2031 1333 2076 et
1377 2036 1461 2075 res
1505 2037 1626 2073 suas
1656 2021 1702 2074 ci

197 2093 402 2160 tulisset,
446 2093 526 2147 vel
573 2093 804 2160 graviter
832 2092 1000 2158 ipsum
1039 2091 1352 2153 livorasset;
1404 2100 1457 2143 et
1497 2092 1565 2145 ob
1607 2092 1706 2144 hoc

196 2162 317 2217 vobis
345 2179 426 2229 per
453 2170 685 2216 nostram
712 2161 1095 2216 ordinationem
1132 2161 1387 2228 iussimus
1407 2171 1478 2212 ·ιιι
1504 2200 1518 2222 ,
1569 2161 1706 2213 datis

197 2231 547 2299 ﬁdejttssoribus
571 2271 586 2293 ,
633 2232 897 2302 Kalendas
925 2230 1042 2284 illas
1072 2230 1203 2302 [.4t.,
1238 2232 1328 2285 XL
1360 2229 1485 2300 illis]
1515 2247 1578 2284 ex
1609 2232 1707 2284 hoc

197 2304 240 2353 in
264 2313 414 2354 nostra
444 2303 716 2369 prtesentia
741 2301 1051 2356 debuissent
1071 2301 1281 2356 adstare
1308 2303 1702 2355 ratiocinantes.

197 2370 280 2423 Sed
303 2383 605 2425 memoratus
628 2373 842 2440 quidem
871 2372 956 2424 ille
984 2386 1076 2438 per
1098 2373 1327 2425 triduum
1352 2387 1504 2426 suum
1532 2382 1708 2424 custo—

198 2442 301 2493 divit
329 2441 556 2507 placitum
583 2482 596 2502 ,
647 2452 698 2496 et
741 2443 845 2509 jam
891 2441 1033 2495 dicto
1074 2441 1164 2496 illo
1208 2444 1496 2495 secundum
1542 2441 1706 2507 legem

200 2510 428 2582 adjectivit
459 2511 537 2582 vel
567 2512 828 2566 solsativit
857 2527 868 2576 ;
914 2513 1000 2579 qui
1033 2525 1130 2565 nec
1159 2513 1306 2566 sonia
1340 2513 1465 2582 [ΑΛ.
1490 2527 1596 2564 nec
1624 2526 1711 2565 ec-

198 2581 352 2650 soaia}
395 2581 679 2641 nuntiavit,
736 2597 833 2634 nec
881 2596 1031 2634 suum
1082 2581 1706 2648 placitumodintplevit.

202 2650 443 2716 Propterea
473 2650 686 2703 omnino
716 2651 808 2703 tibi
831 2651 1096 2718 jubemus,
1130 2654 1254 2704 dum
1287 2651 1416 2703 tales
1440 2651 1588 2704 vobis
1616 2651 1711 2703 da-

202 2728 271 2771 tos
298 2721 452 2791 habuit
481 2719 839 2791 tidejussores,
869 2729 922 2774 et
955 2720 1197 2791 placitum
1229 2735 1378 2772 suum
1411 2721 1712 2791 nullatenus

200 2790 463 2856 rustodirit,
507 2801 562 2842 ut
585 2790 846 2858 quicquid
892 2791 972 2843 lex
1017 2790 1113 2844 loci
1147 2792 1308 2844 vestri
1339 2791 1402 2842 de
1434 2790 1521 2842 tali
1553 2803 1710 2844 causa

201 2860 373 2923 edocet,
398 2861 536 2916 vobis
559 2859 996 2928 distringentibus
1021 2871 1346 2914 mettioratus
1369 2860 1454 2914 ille
1477 2859 1712 2928 partibus

202 2929 328 2984 istius
349 2944 648 3000 componere
676 2941 727 2984 et
755 2930 1060 2984 satisfacere
1086 2946 1190 2984 non
1222 2941 1447 2985 recuset.

281 3041 485 3098 XXXIV.
519 3055 540 3082 ε
568 3042 800 3114 Epistula
826 3045 1020 3099 abbatis
1013 3045 1121 3141 ἐει
1151 3047 1355 3099 rectoris
1382 3045 1622 3098 ecclesias.

262 3133 306 3187 In
344 3135 423 3188 Dei
466 3137 675 3189 nomine
719 3133 1035 3204 quamquam
1079 3147 1324 3204 peccator
1353 3137 1483 3188 altlia
1516 3136 1712 3190 dilecto

202 3206 343 3258 amico
373 3215 542 3257 nostro
574 3206 686 3259 illo.
743 3207 870 3258 Dum
903 3217 952 3260 et
983 3208 1228 3258 omnibus
1271 3207 1488 3258 habetur
1521 3221 1706 3270 perco-

203 3274 370 3340 gnitum
395 3275 606 3340 qualiter
630 3284 684 3328 tu
712 3289 821 3328 rem
853 3276 1187 3339 proprietatis
1213 3286 1313 3327 tute
1337 3275 1474 3327 illam
1500 3284 1711 3341 accepta

202 3343 389 3409 pecunia
413 3343 473 3396 de
503 3345 752 3398 thesauro
779 3345 939 3410 ipsius
969 3347 1132 3399 sancti
1179 3359 1270 3411 per
1299 3343 1612 3398 venditionis
1644 3344 1717 3395 ti-

203 3414 343 3465 tulum
368 3414 673 3480 distraxisti,
706 3417 844 3469 unde
887 3425 939 3468 et
979 3417 1270 3481 precariam
1315 3415 1466 3468 nobis
1513 3429 1574 3466 ex
1618 3414 1718 3468 lioc

204 3484 412 3548 emisisti,
441 3491 493 3538 et
522 3485 732 3539 censisti
767 3497 816 3539 te
844 3488 970 3540 dare
1013 3484 1064 3538 in
1101 3486 1443 3539 luminaiibns
1475 3484 1538 3539 ad
1571 3483 1717 3537 festi-

206 3554 390 3606 vitatem
414 3554 567 3621 ipsius
595 3557 785 3619 sancti,
822 3559 920 3608 boc
950 3564 1031 3622 est
1057 3561 1282 3619 tantum,
1319 3555 1436 3609 ideo
1469 3568 1567 3607 una
1597 3569 1715 3605 cum

205 3635 430 3676 consensu
481 3625 697 3677 fratrum
753 3633 1053 3678 nostrorum
1111 3626 1246 3677 hanc
1294 3624 1570 3688 epistolam
1624 3623 1715 3674 tibi

204 3693 503 3745 emittendum
537 3693 890 3755 decrevimus,
935 3703 991 3746 ut
1022 3696 1188 3758 ipsum
1224 3693 1393 3747 locum
1427 3707 1544 3745 cum
1574 3694 1716 3746 omtti

204 3762 466 3832 integritate
496 3777 593 3814 una
627 3777 748 3815 cum
793 3763 884 3816 Dei
927 3764 1094 3832 gratia
1141 3773 1195 3817 et
1240 3773 1416 3816 nostra
1452 3763 1719 3814 voluntate

203 3831 371 3899 absque
393 3833 689 3898 prtejudicio
709 3833 877 3884 sancti
908 3831 1046 3886 illius
1073 3833 1260 3887 diebus
1288 3833 1408 3886 vitae
1435 3841 1535 3884 tum
1565 3845 1722 3883 usua-

205 3899 304 3952 liter
329 3902 407 3972 tibi
437 3903 587 3956 liceat
617 3911 821 3956 tenere.
865 3903 930 3955 Et
957 3913 1074 3970 post
1107 3914 1249 3954 tuum
1281 3917 1489 3972 quoque
1518 3902 1720 3955 disces-

203 3985 301 4022 sum
327 3970 425 4037 ipse
454 3972 595 4025 Iocus
624 3987 742 4024 cum
781 3974 924 4024 omni
967 3971 1265 4039 in'egritate
1293 3970 1372 4026 vel
1413 3987 1470 4026 re
1499 3972 1720 4025 etnclio-

203 4039 297 4092 rata
326 4043 395 4093 vel
424 4041 752 4109 supraposito
784 4041 1018 4108 partibus
1052 4043 1246 4094 nostris
1274 4044 1354 4094 vel
1385 4042 1552 4108 ipsius
1583 4043 1722 4094 bztsiv

204 4110 298 4232 an:
318 4121 608 4187 revertatur.
632 4111 800 4175 Quam
821 4110 1096 4178 epistolam
1123 4126 1283 4164 manu
1306 4112 1517 4178 prppria
1541 4111 1724 4164 subter

219 4192 507 4232 'rmavimus.

219 4192 507 4234 armavimus.

337 4290 535 4344 XXXV.
577 4290 800 4379 Domitio
831 4294 899 4345 ad
925 4293 1188 4347 ecclesiam
1217 4301 1326 4362 post
1356 4293 1566 4346 obitum.

262 4401 461 4456 Lucrum
493 4404 779 4457 niaximum
820 4407 1084 4460 credimus
1126 4407 1420 4459 animarum
1451 4447 1463 4465 ,
1511 4406 1553 4459 si
1599 4405 1723 4458 dum

205 4475 522 4540 unusquisque
545 4477 860 4541 corporibus
905 4477 1134 4528 motibus
1178 4487 1370 4528 terram
1419 4477 1673 4527 inhabitat
1704 4517 1718 4540 ,

205 4556 284 4612 pro
307 4533 470 4598 amore
493 4533 687 4612 cogitet
713 4546 901 4600 domus
929 4557 1161 4610 aeternio,
1192 4547 1272 4599 vel
1305 4560 1485 4598 amore
1518 4533 1718 4612 tetnpul
1752 4533 1796 4592 Ι)

204 4611 362 4665 ralium
391 4611 967 4680 rerutn’sperandarum
1013 4617 1111 4670 sibi
1159 4617 1391 4669 cumulet
1432 4611 1718 4667 munimina

209 4681 494 4747 divitiarum,
525 4695 613 4736 aut
644 4694 790 4739 certe
836 4687 878 4739 si
928 4687 976 4738 id
1025 4686 1163 4754 quod
1195 4685 1517 4740 remanendo
1551 4684 1722 4752 perire

210 4762 380 4828 poterat
407 4754 454 4807 in
483 4755 702 4819 saeculo,
735 4757 786 4807 in
827 4755 1094 4828 alimentis
1143 4770 1427 4828 pauperum
1479 4755 1563 4828 vel
1611 4756 1723 4828 loca

208 4823 510 4877 distribuatur
535 4835 852 4879 sanctorum
873 4825 985 4879 Dei.
1032 4825 1385 4890 Quamubtem
1416 4840 1515 4893 ego
1549 4826 1597 4876 in
1628 4824 1722 4877 Dei

210 4893 390 4946 nomine
431 4895 516 4948 ille
557 4896 871 4961 pertractavi
905 4896 1108 4950 tumide
1137 4894 1226 4948 Dei
1259 4904 1423 4958 parte,
1469 4909 1623 4962 quam
1671 4904 1725 4946 et

209 4963 462 5032 reverentia
489 4965 664 5018 saneti
693 4965 837 5019 illius
861 4965 1090 5024 civitatis
1114 5006 1128 5028 ,
1180 4965 1267 5018 ubi
1315 4965 1428 5032 ipse
1459 4964 1724 5030 pretiosus

208 5029 400 5102 domnus
435 5035 484 5085 in
512 5049 735 5100 corpore
765 5036 1067 5102 requiescit,
1097 5050 1189 5089 seu
1217 5029 1404 5087 animm
1431 5029 1720 5086 remedium

211 5099 263 5152 ad
284 5099 618 5156 sacrosancta
639 5099 854 5159 basilica
897 5099 1065 5159 sancti
1096 5105 1274 5158 domni
1310 5106 1470 5168 illius,
1504 5118 1724 5171 eiusque

210 5173 596 5242 congregatione,
631 5174 721 5228 ubi
765 5174 854 5230 ille
894 5175 1026 5229 abba
1062 5176 1139 5227 vel
1183 5177 1361 5228 reetzir
1389 5189 1616 5242 pr:eesse
1646 5172 1723 5225 vi-

212 5236 515 5303 detur,dono
543 5236 900 5312 donatumque
933 5245 983 5298 itt
1012 5253 1268 5312 perpetuo
1301 5236 1420 5298 esse
1451 5246 1590 5308 volo,
1627 5243 1725 5296 lioc

209 5317 293 5386 est,
312 5311 470 5386 villam
493 5328 603 5367 rem
626 5311 964 5386 proprietatis
987 5311 1122 5386 meai
1146 5324 1536 5386 nuncupantem
1561 5315 1724 5386 illam,

213 5380 337 5453 ﬁlim
377 5380 424 5434 in
467 5397 596 5452 pago
625 5380 756 5451 illo,
785 5399 942 5451 super
975 5385 1192 5440 ﬂuvium
1226 5385 1393 5449 illum,
1432 5385 1482 5436 itt
1515 5384 1726 5437 condita

214 5447 320 5506 illa,
359 5447 741 5506 cum'oinnibtts
771 5447 1076 5520 adjacetttiis
1107 5458 1188 5509 vel
1219 5447 1543 5522 appendiciis
1587 5453 1727 5516 suis,

215 5527 635 5593 quantumcunque
664 5523 730 5576 ad
763 5523 930 5592 ipsam
960 5524 1136 5578 villam
1167 5525 1404 5593 aSpicere
1437 5528 1516 5579 vel
1566 5523 1733 5592 pet'lI-

275 5645 540 5730 :Wadium
571 5653 763 5721 pignus
807 5664 888 5709 est
913 5697 928 5717 ,
979 5656 1134 5712 nobis
1163 5672 1292 5730 gage
1319 5699 1333 5726 ,
1382 5657 1520 5727 quod
1551 5671 1576 5709 a
1608 5654 1732 5708 vade

214 5715 458 5790 deductum
486 5715 602 5790 esse
627 5715 874 5790 “apparet.

273 5783 300 5824 δ
323 5789 559 5858 Marcum,
590 5791 623 5844 Ι.
656 5783 770 5858 ι’,’ς.
802 5794 888 5848 57.

1810 1894 2091 1949 tteredibus
2122 1895 2276 1949 meis.
2307 1895 2362 1948 Si
2391 1897 2508 1963 quis
2531 1907 2679 1948 vero.

2123 1985 2357 2038 XXXVI.
2399 1985 2567 2040 Cessio
2605 2001 2636 2037 a
2673 1984 2752 2037 die
2790 1991 3056 2053 praesente.

1879 2073 2006 2126 Dum
2037 2072 2292 2140 fragilitas
2324 2090 2416 2127 seu
2458 2090 2614 2129 casus
2641 2075 2852 2127 humani
2883 2074 3092 2142 generis
3123 2069 3375 2142 pertime-

1805 2145 1902 2194 scit
1929 2145 2164 2194 ttltitnttut
2195 2146 2313 2196 vitm
2339 2145 2620 2198 torminum
2651 2141 2924 2196 subitatteu
2957 2141 3370 2206 transpositiune

1809 2222 2084 2283 venturuttt
2117 2211 2249 2283 ML,
2303 2214 2473 2266 subita
2522 2224 2557 2265 t.
2592 2210 2860 2282 ventura],
2910 2217 3121 2283 oportet
3172 2222 3226 2264 ιιι
3274 2227 3379 2265 nun

1810 2282 2039 2333 inveniat
2075 2281 2501 2350 unumquemque
2532 2283 2872 2350 imparatum,
2906 2297 3005 2336 nec
3050 2281 3167 2334 sine
3199 2283 3375 2350 aquun

1810 2353 1933 2405 boni
1961 2354 2135 2418 operis
2170 2353 2340 2406 fructu
2389 2355 2630 2422 migranti
2683 2352 2750 2407 de
2781 2354 3011 2412 smculo;
3047 2352 3136 2404 sed
3169 2350 3292 2402 dum
3325 2354 3378 2402 in

1812 2436 1910 2476 suo
1960 2422 2079 2487 jure
2109 2432 2164 2475 et
2214 2432 2475 2489 potestate
2522 2424 2746 2492 quisque
2796 2423 3060 2484 consistit,
3101 2431 3380 2492 iprarparet

1812 2493 1907 2544 sibi
1943 2493 2080 2543 viam
2130 2493 2333 2554 salutis,
2386 2509 2478 2558 per
2528 2490 2684 2559 quam
2719 2493 2782 2546 ad
2813 2503 3064 2545 :t-ternatn
3099 2490 3378 2542 beatitudi-

1812 2575 1932 2613 ιιι-ιη
1969 2563 2139 2614 valeat
2173 2563 2467 2632 pervenire.
2518 2563 2718 2616 Idcirco
2766 2577 2862 2631 ego
2914 2562 2964 2614 itt
3018 2559 3107 2614 Dei
3165 2561 3381 2612 nomine

1812 2633 1921 2695 ille,
1954 2638 2282 2699 pertractans
2313 2642 2417 2686 tam
2435 2636 2508 2687 de
2551 2633 2640 2688 Dei
2672 2641 2819 2700 parte
2860 2647 3014 2700 quam
3044 2640 3099 2683 et
3131 2644 3378 2700 reveren-

1815 2703 1882 2753 tia
1915 2702 2081 2754 sancti
2107 2702 2264 2766 illius,
2299 2716 2393 2756 seu
2425 2704 2617 2757 animae
2647 2699 2778 2755 mea:
2803 2699 3118 2762 remedium,
3149 2699 3283 2754 cedo
3310 2701 3374 2751 ad

1811 2781 2201 2824 sacrosanctmt
2241 2775 2521 2827 ecclesiam
2568 2774 2736 2827 sancti
2767 2773 2932 2838 iliius,
2977 2785 3093 2839 qua:
3135 2780 3216 2823 est
3248 2783 3378 2821 cou-

1813 2849 2010 2892 structa
2055 2840 2186 2892 infra
2222 2845 2404 2895 urbem
2452 2845 2618 2904 illam,
2669 2843 2718 2895 in
2767 2843 2970 2894 honore
3015 2844 3184 2894 sancti
3217 2839 3383 2896 illius.

1813 2909 1901 2961 ubi
1934 2909 2023 2961 ille
2072 2912 2209 2963 abba
2251 2911 2304 2963 et
2336 2920 2509 2965 rector
2539 2925 2765 2977 praeesse
2797 2912 3028 2973 videtur,
3065 2924 3166 2962 non
3201 2910 3377 2962 occid-

1815 2987 1883 3043 te,
1917 2980 2008 3032 sed
2041 2981 2264 3047 publice,
2300 2997 2401 3033 non
2448 2981 2712 3048 privatim,
2759 2981 2852 3034 sed
2902 2983 3093 3046 palam,
3145 2991 3383 3048 cessum-
3418 2978 3419 2981 “

1815 3064 1914 3117 que
1937 3049 1987 3100 in
2021 3046 2272 3116 perpetuo
2298 3051 2416 3116 jure
2450 3046 2697 3118 legitimo
2728 3065 2847 3103 esse
2892 3049 3032 3113 νυΙο,
3064 3059 3131 3118 et_
3163 3047 3231 3100 de
3259 3046 3380 3118 jure

1817 3116 1935 3181 meo
1964 3119 2014 3172 itt
2041 3122 2159 3185 jure
2204 3131 2257 3175 et
2304 3116 2664 3175 dominatione
2722 3121 2889 3186 ipsius
2945 3116 3387 3186 ecclesiseitrado

1740 3188 1782 3248 C
1815 3198 1971 3252 atque
2003 3190 2336 3252 transl‘undo,
2380 3191 2479 3243 hoc
2517 3201 2615 3256 est,
2668 3185 2838 3242 locum
2889 3203 3005 3256 rem
3042 3185 3378 3254 proprietatis

1818 3271 1947 3310 mete
1977 3258 2143 3319 illum,
2187 3261 2344 3312 situm
2389 3261 2438 3312 in
2487 3275 2618 3326 pago
2654 3261 2763 3322 illo,
2799 3263 2847 3311 in
2876 3255 3086 3311 condita
3117 3258 3230 3322 illa,
3263 3271 3381 3310 cunt

1817 3329 1960 3379 omni
2006 3327 2305 3395 integritate
2349 3330 2432 3382 vel
2476 3330 2783 3396 adjaccntiis
2834 3328 2968 3393 suis,
3001 3327 3099 3378 ltoc
3132 3335 3233 3387 est,
3265 3340 3382 3379 cum

1821 3396 1996 3461 tcrtis,
2050 3402 2270 3461 mansis,
2301 3401 2459 3464 casis,
2505 3403 2695 3463 vineis,
2728 3398 2895 3460 silvis,
2925 3397 3146 3464 campis,
3195 3398 3384 3459 pratis,

1820 3469 2048 3535 pascuis,
2104 3473 2276 3537 aquis.
2323 3463 2645 3536 aqttttt‘tttttvc
2715 3463 3381 3537 decursibus,Iirinat'iis,

1821 3534 2104 3591 tnobilibtts
2133 3534 2185 3592 et
2213 3534 2592 3601 immobilibus,
2639 3539 2898 3605 pecuniis,
2933 3535 3153 3600 peculiis
3183 3534 3382 3586 utrius-

1819 3620 1920 3672 que
1947 3621 2125 3669 scxus,
2158 3609 2436 3674 pra-sidds,
2495 3612 2573 3661 vel
2615 3610 2758 3660 omni
2812 3606 3162 3672 supellectile,
3220 3618 3384 3670 quati-

1823 3687 2139 3745 tumcunque
2193 3677 2386 3730 ibidem
2430 3678 2672 3743 pra-senti
2725 3687 2960 3740 tempore
3007 3687 3125 3726 mea
3179 3675 3384 3745 videtur

1821 3759 1936 3798 esse
1962 3743 2246 3813 possessio,
2287 3757 2450 3799 totum
2481 3756 2531 3800 et
2576 3747 2638 3798 ad
2676 3747 2938 3813 integrum
2969 3759 3077 3796 rem
3109 3743 3385 3809 quaesitam

1820 3824 1870 3867 et
1901 3817 2220 3883 inquisitam,
2253 3831 2346 3884 per
2373 3817 2507 3869 lianc
2553 3817 2848 3870 cessionem
2906 3828 2932 3865 a
2984 3813 3068 3865 die
3127 3825 3386 3884 praesentit

1821 3884 1884 3935 ad
1916 3880 2082 3950 ipSam
2108 3880 2343 3940 sanctam
2387 3901 2563 3940 casam
2590 3887 2776 3953 delegit
2807 3895 2858 3938 et
2905 3884 3189 3953 continuo,
3224 3880 3289 3953 ita
3322 3892 3383 3953 ut

1821 3955 1887 4006 ab
1919 3955 2168 4010 hodierna
2194 3957 2279 4009 die
2300 3955 2546 4024 Quicquid
2577 3950 2920 4022 etitulepars
2952 3950 3384 4024 ipsiusecclesiue

1822 4026 2044 4092 ejusque
2086 4021 2332 4082 rectores
2349 4028 2413 4081 de
2461 4030 2574 4094 ipsa
2622 4042 2679 4079 re
2711 4021 2886 4079 facere
2930 4022 3211 4084 voluerint,
3249 4021 3385 4074 libe-

1826 4112 1932 4148 rant
1964 4105 2017 4148 et
2048 4098 2401 4150 ﬁrmissimam
2446 4099 2495 4150 itt
2526 4098 2776 4150 omnibus
2805 4096 3031 4148 habeant
3064 4098 3377 4158 potestatem

1825 4166 2066 4226 faciendi,
2099 4169 2216 4232 quia
2250 4168 2415 4232 ipsam
2459 4177 2692 4221 sanctam
2737 4165 3016 4220 ecclesiam
3048 4163 3164 4227 plus
3198 4160 3248 4232 id
3287 4160 3381 4232 Ita-

1824 4234 1952 4307 liere
1998 4230 2297 4302 votdquani
2329 4252 2412 4307 tne
2439 4235 2522 4290 vel
2565 4235 2770 4288 caeteris
2801 4232 3082 4307 heredibus
3123 4231 3285 4282 meis.
3308 4230 3386 4307 “In

1824 4299 2171 4358 ccssionibus'
2203 4319 2328 4358 vero
2381 4305 2504 4359 licet
2551 4319 2703 4372 paena
2757 4319 2860 4357 non
2915 4303 3199 4372 inseratur,
3250 4299 3379 4350 tnilti

1827 4382 1999 4427 tamen
2032 4390 2124 4443 pro
2150 4374 2227 4428 rei
2259 4374 2416 4428 totius
2458 4371 2702 4428 lirtnitate
2734 4371 3296 4443 placuitginserunduut
3328 4376 3384 4421 ut

1826 4447 1871 4499 si
1901 4460 1998 4513 ego
2026 4441 2118 4498 aut
2144 4446 2280 4496 ullus
2308 4444 2375 4499 de
2404 4443 2684 4498 heredibus
2714 4445 2866 4497 meis.
2914 4441 2977 4495 Et
3023 4441 3241 4508 reliqua.

2106 4533 2365 4587 XXXVII.
2412 4533 2650 4588 Vendilt'o
2702 4537 2767 4586 ad
2815 4531 3094 4586 ecclesiam.

1895 4625 2116 4679 Domino
2147 4625 2436 4678 venerabili
2466 4635 2516 4679 et
2559 4625 2611 4678 in
2663 4623 2876 4679 Christo
2909 4623 3040 4690 patri
3071 4619 3162 4672 illo
3202 4617 3377 4671 abbati

1823 4697 1888 4751 de
1920 4696 2130 4749 basilica
2163 4698 2330 4748 Sancti
2363 4695 2523 4759 illius,
2556 4696 2767 4749 civitate
2793 4693 2903 4754 illa,
2935 4691 3023 4744 tibi
3049 4691 3160 4758 ipse
3192 4691 3385 4755 pretio-

1823 4781 1912 4820 sus
1945 4768 2167 4818 domnus
2207 4766 2256 4818 in
2291 4779 2510 4830 corpore
2533 4762 3130 4835 requiescit,‘velouttti.
3159 4772 3381 4835 congre-

1824 4838 2020 4904 gationi
2056 4835 2244 4886 ibidem
2277 4829 2620 4897 consistenti,
2639 4848 2736 4902 ego
2783 4829 3132 4904 eniminDei
3151 4829 3392 4904 nomine

1827 4899 1933 4959 ille.
1964 4906 2182 4958 Genstat
2213 4918 2297 4956 me
2324 4906 2472 4958 vobis
2523 4905 2607 4958 vel
2650 4899 2888 4972 partibus
2915 4899 3098 4972 ipsius
3151 4900 3381 4950 basilica:

1827 4975 2146 5046 vendidisse,
2188 4984 2242 5026 et
2275 4975 2358 5046 ita'
2392 4973 2624 5046 vendidi,
2653 4971 2758 5028 hoc
2784 4980 2883 5046 est,
2913 4971 3084 5023 locum
3119 4983 3226 5046 retu
3261 4981 3385 5046 [W0-

1825 5045 2064 5113 prietatis
2116 5059 2270 5110 utere,
2314 5045 2472 5098 situm
2525 5043 2579 5108 in
2613 5037 2921 5113 ’pagorillo,
2973 5054 3131 5108 super
3169 5037 3383 5113 [luvium

1827 5109 1995 5176 illum,
2031 5117 2080 5166 itt
2110 5109 2320 5168 cundita
2366 5116 2473 5176 illa,
2507 5114 2560 5167 in
2615 5109 2736 5167 villa
2767 5112 2876 5175 illa,
2909 5125 3026 5164 cum
3062 5109 3220 5180 omni
3255 5109 3387 5161 inte~
3432 5159 3437 5180 λ

1827 5187 2015 5252 gritatc
2046 5188 2123 5237 vel
2179 5183 2512 5252 adjacentiis,
2567 5182 2811 5252 quicquid
2857 5181 2936 5252 ad
2987 5181 3157 5247 ipsum
3210 5177 3424 5230 locutn'

1829 5251 2066 5319 astricere
2096 5257 2174 5306 vel
2210 5251 2476 5321 pettiuere
2525 5251 2754 5316 videtur,
2788 5251 2871 5305 vel
2924 5259 3388 5321 quantumcunque

1832 5316 2076 5392 priusonti
2110 5316 2345 5388 tempore
2378 5340 2489 5378 mea
2545 5323 2750 5377 videtur
2791 5336 2909 5392 esse
2948 5319 3259 5392 possessio,"
3289 5316 3392 5392 hoc

1831 5386 1931 5459 est,
1964 5405 2066 5464 tant
2117 5386 2286 5457 tetris,
2323 5396 2542 5456 ntausis,
2593 5393 2751 5464 casis,
2799 5386 3074 5464 domibus,
3129 5386 3386 5463 mdiliciis,

1832 5461 2131 5526 accolabus,
2181 5464 2473 5531 mancipiis,
2506 5461 2705 5524 vineis,
2746 5463 2912 5534 silvis,
2945 5461 3128 5534 pratis,
3162 5461 3391 5534 pascuis,

1833 5549 2004 5603 aquis,
2037 5527 2368 5602 agitaruutve
2393 5534 2725 5596 decursibus,
2780 5530 3057 5588 ttbertinis,
3090 5527 3118 5564 ιι
3154 5527 3392 5577 ministe-

1909 5678 1928 5705 ο
1961 5671 2250 5725 Concessio
2284 5669 2538 5736 precaria:
2561 5711 2573 5732 ,
2622 5661 2798 5724 cltart'a
2833 5660 3203 5736 praistationis.
3258 5659 3390 5714 ltlar~

1835 5741 1984 5799 cttll'.,
2023 5742 2034 5792 I
2092 5756 2146 5805 tt,
2177 5760 2224 5793 (τ.
2257 5744 2341 5794 Ml.
2989 5804 2992 5805 ν
3025 5803 3031 5805 _
3079 5804 3083 5805 ν
3249 5802 3256 5805 ,
3327 5801 3332 5805 .

1907 5811 1929 5844 α
1975 5798 2416 5872 Μιιιιμίςιήλιιιυιιε,
2461 5810 2508 5866 id
2542 5819 2640 5875 est,
2676 5809 2895 5866 colonis.
2932 5803 3142 5864 VIIIIt‘IS.
3170 5802 3257 5866 ιιιιί
3292 5798 3385 5852 Vi"
