3886 6226
475 398 577 453 795

1464 390 1547 443 AD
1590 388 1933 442 MARCULFI
1976 386 2337 445 FOIiIIULXS
2380 387 2728 444 .lPI’ENDlX.

3600 388 3689 443 79?}

476 508 693 559 rialibus
719 548 730 565 ,
780 504 1057 556 mobildms
1101 511 1152 553 et
1198 500 1550 553 immobililms
1572 541 1587 561 ,
1637 498 1887 563 pecuniis,
1927 512 2027 562 pe-
2060 498 2100 556 Α
2131 506 2290 559 ctum,
2326 498 2415 551 sed
2447 500 2513 551 sit
2547 501 2682 553 inter
2710 516 2803 553 nos
2837 502 2915 553 vel
2949 500 3231 553 heredibus
3275 499 3465 550 nostris
3500 512 3563 552 ex
3600 504 3687 551 hac

475 578 625 629 culiis
651 576 919 637 utriusque
947 586 1121 631 sexus,
1155 572 1254 622 vel‘
1281 570 1421 620 omni
1470 569 1801 637 supellecnli,
1857 576 2025 637 totum

476 656 527 697 et
556 646 619 695 ad
650 636 929 708 integrum,
963 655 1070 691 rem
1112 640 1383 706 qutusitam
1431 646 1483 690 et
1512 636 1832 708 inquisitam,
1855 706 1861 708 _
1883 636 2027 708 quit:-

476 714 597 776 quid
627 712 726 764 dici
751 705 839 762 aut
865 705 1117 761 neminari
1153 717 1342 775 potest,
1393 707 1473 759 vel
1528 705 1775 773 quicquid
1817 705 2026 776 ibidem

476 774 718 846 prtesenti
752 790 985 842 tempore
1015 793 1126 830 mea
1158 774 1382 829 videtur
1432 789 1551 828 esse
1578 774 1885 846 possessio,
1941 787 2030 837 per

476 843 607 903 lianc
638 850 990 902 venditiourm
1017 864 1043 899 a
1072 848 1157 899 die
1190 854 1446 911 prmseute
1477 843 1627 895 trado
1664 850 1821 907 atque
1854 852 2027 893 trans-

477 921 655 971 fuudo.
694 919 839 971 Unde
863 917 1041 979 act'epi
1082 932 1109 966 τι
1152 915 1299 966 vobis
1331 912 1554 976 pretium
1605 927 1697 977 pro
1741 913 1849 978 jam
1880 912 2023 963 dicto

474 991 610 1052 loco,
640 990 706 1040 de
736 990 983 1039 thesauro
1015 986 1177 1049 ipsius
1203 983 1391 1044 sancti,
1423 983 1471 1052 in
1502 996 1607 1045 quo
1633 981 1762 1052 mihi
1785 981 2025 1052 compla-

472 1048 607 1120 enit,
628 1059 706 1110 vel
736 1048 1057 1116 aptiiiratum
1090 1052 1216 1121 [ΑΙ.,
1249 1048 1641 1118 amplificatam]
1676 1050 1790 1111 fuit,
1819 1050 1915 1121 hoc
1944 1058 2029 1101 est

474 1118 699 1177 tantum.
750 1124 896 1189 Quod
951 1118 1170 1189 pretium
1200 1122 1249 1172 in
1303 1134 1487 1172 manus
1534 1126 1675 1171 meas
1725 1118 1942 1189 accepi;
1975 1126 2031 1169 et

478 1199 643 1259 ipsum
687 1187 855 1246 locum
888 1187 1004 1244 cum
1051 1192 1193 1242 omni
1240 1189 1557 1259 integritate,
1590 1190 1729 1240 sicut
1772 1187 1900 1246 dixi,
1937 1201 2028 1253 per

476 1258 610 1313 banc
636 1264 983 1316 venditionem
1015 1262 1160 1311 vobis
1189 1258 1267 1310 vel
1291 1260 1353 1309 ad
1385 1259 1553 1321 ipsam
1584 1266 1819 1308 sanctam
1848 1269 2025 1307 casam

474 1333 663 1384 tradidi
695 1330 1069 1397 perpetualiter
1108 1329 1171 1380 ad
1207 1327 1601 1392 possidendum,
1634 1326 1703 1377 ita
1734 1335 1786 1377 ut
1828 1324 1894 1377 ab
1930 1326 2027 1376 bo-

470 1401 649 1454 dierna
680 1402 763 1455 die
788 1400 1033 1467 quiequid
1066 1398 1259 1467 exinde
1288 1411 1379 1467 vos
1405 1405 1495 1447 aut
1539 1409 1876 1467 successores
1922 1409 2018 1445 ve-

472 1472 565 1522 SIri
592 1472 668 1524 vel
696 1463 817 1535 pars
846 1469 1008 1534 ipsius
1034 1466 1258 1517 basilice
1286 1464 1458 1535 facere
1478 1463 1765 1535 volueritis,
1798 1464 2025 1535 liberam

430 1550 435 1567 ε
474 1549 523 1589 et
554 1532 903 1590 inanissimam
937 1538 984 1588 in
1029 1535 1277 1587 omnibus
1324 1533 1555 1588 habeatis
1602 1543 1915 1601 patestatem
1952 1532 2032 1585 fa-

472 1607 663 1660 ciendi.
697 1609 749 1661 Si
785 1607 903 1673 quis
933 1620 1078 1659 vero.

578 1697 861 1752 ιιχχνιιι.
913 1697 1143 1766 Epistula
1180 1698 1370 1751 abbatis
1402 1698 1477 1751 vel
1512 1695 1715 1750 rectoris
1754 1697 1913 1766 ipsius

1121 1769 1364 1821 ccclesiw.

543 1859 596 1911 In
642 1860 733 1912 Dei
776 1859 987 1912 nomine
1025 1857 1109 1911 ille
1139 1858 1268 1910 abba
1301 1858 1351 1910 in
1394 1856 1602 1911 Christo
1650 1858 1801 1910 nobis
1829 1857 2025 1910 dilecto

472 1930 581 1979 illo.
617 1931 692 1981 Ad
725 1938 865 1980 tuam
918 1928 1223 1994 petitionem
1272 1938 1450 1981 nostra
1500 1929 1731 1981 decrevit
1783 1928 2023 1980 voluntas

469 2009 518 2049 ut
554 1999 644 2049 tibi
674 2011 757 2051 res
790 2006 998 2049 nostras
1026 1999 1107 2049 vel
1145 1996 1315 2049 sancti
1360 1998 1498 2051 illius
1544 1998 1595 2049 iit
1650 2013 1780 2065 pago
1813 1997 1897 2048 illo
1929 1998 2022 2049 be-

470 2066 718 2119 nefieiare
750 2066 1131 2119 usufructuario
1160 2068 1345 2120 ordine
1370 2067 1703 2121 deberemus.
1752 2066 1903 2133 Quod
1954 2070 2020 2119 ita

467 2146 519 2187 et
549 2136 786 2189 fecimus.
820 2136 885 2188 Et
916 2146 966 2187 tu
1000 2150 1093 2203 pro
1126 2136 1279 2203 hujus
1309 2140 1495 2189 merito
1535 2135 1772 2189 beneficii
1816 2136 2024 2203 obliga-

469 2207 533 2257 sti
567 2207 717 2258 nobis
745 2213 971 2259 restuas
1005 2216 1107 2258 tam
1139 2206 1205 2258 de
1232 2206 1387 2259 alode
1421 2220 1577 2272 quant
1609 2216 1661 2258 et
1689 2208 1754 2258 de
1797 2220 2022 2271 compa—

470 2285 601 2337 ratu,
632 2290 723 2328 seu
752 2275 816 2330 de
845 2274 1078 2341 qualibet
1106 2276 1362 2336 adtracto,
1389 2275 1775 2333 denominatas,
1804 2275 1855 2327 in
1886 2290 2019 2341 pago

468 2344 576 2405 illo,
604 2346 653 2397 in
678 2349 887 2398 οιιιιιιεω
929 2346 1033 2408 illa,
1072 2343 1125 2396 in
1170 2346 1283 2397 loca
1317 2347 1667 2409 nuncupautia
1700 2346 1783 2396 illa
1813 2355 1863 2397 et
1909 2346 2017 2409 illa,

465 2429 595 2477 quas
622 2413 869 2481 prmsenti
916 2424 1149 2479 tempore
1194 2424 1373 2467 tenere
1411 2426 1462 2469 et
1508 2415 1777 2482 possidere
1808 2414 2020 2478 videris,

470 2483 570 2535 hoc
597 2491 695 2544 est,
729 2497 846 2537 cum
894 2483 1068 2546 terris,
1102 2485 1183 2535 vel
1214 2486 1388 2536 omnia
1438 2495 1491 2537 et
1536 2487 1585 2536 ιιι
1630 2484 1897 2536 omnibus.
1952 2485 2021 2535 Ea

466 2566 595 2604 vero
626 2552 825 2606 ratione
856 2561 909 2604 ut
942 2552 1027 2605 tibi
1060 2568 1121 2605 ex
1156 2553 1279 2619 ipsis
1312 2555 1489 2613 rebus,
1522 2568 1651 2619 quas
1689 2553 1839 2604 nobis
1884 2551 2023 2605 obli-

468 2624 622 2687 gasti,
648 2632 701 2675 et
743 2623 845 2674 illis
874 2636 1004 2688 quas
1036 2622 1127 2673 tibi
1176 2622 1565 2674 usufructuario
1613 2622 1799 2675 ordine
1832 2623 2023 2675 benefi-

466 2690 737 2752 ciaviinus,
764 2706 867 2742 nott
897 2692 1050 2742 liceat
1089 2690 1248 2743 aliubi
1274 2706 1370 2745 nec
1401 2692 1650 2755 vendere,
1681 2706 1776 2743 nec
1798 2692 2017 2755 donare,

470 2774 567 2811 nee
606 2760 859 2823 alienare,
891 2773 987 2812 uec
1018 2760 1067 2810 iu
1124 2760 1266 2812 nullo
1298 2762 1453 2814 modo
1490 2762 1813 2825 distrahere,
1838 2777 1934 2814 nec
1970 2765 2021 2815 in

467 2827 793 2895 naufragium
827 2842 1041 2895 ponere,
1078 2830 1170 2882 sed
1214 2831 1312 2881 sub
1340 2830 1521 2883 nostro
1548 2831 1629 2883 vel
1660 2833 1827 2885 sancti
1882 2832 2022 2886 illius

465 2909 717 2963 prtetexto
738 2899 831 2969 tibi
862 2898 1013 2951 liceat
1035 2908 1215 2952 tenere
1245 2910 1296 2951 et
1324 2900 1616 2969 possidere.
1644 2901 1707 2953 Et
1738 2909 1853 2967 post
1876 2911 2018 2954 tuum

467 2982 675 3035 quoque
720 2966 1033 3030 discessum,
1084 2969 1282 3034 absque
1326 2966 1685 3023 diminutione
1732 2966 1906 3022 rerum
1941 2972 2019 3023 vel

466 3038 871 3103 mancipiorum,
899 3052 1017 3089 eum
1056 3039 1200 3089 otttni
1234 3053 1289 3090 re
1317 3040 1622 3092 emeliorata
1653 3040 1733 3091 vel
1766 3052 2021 3105 Suprapo-

466 3106 585 3165 situ,
615 3106 939 3172 quicquidin
963 3106 1069 3173 jam
1101 3105 1267 3159 dictas
1309 3122 1393 3159 res
1422 3108 1686 3160 iuventuut
1717 3120 2016 3173 repertum-

430 3176 431 3179 “
466 3190 569 3241 que
611 3174 783 3235 fuerit,
820 3175 871 3227 in
914 3187 1146 3228 nosuam
1178 3176 1253 3227 vel
1284 3178 1446 3243 ipsius
1491 3179 1658 3230 sancti
1706 3178 1902 3244 absque
1934 3179 2017 3230 ul—

468 3245 567 3295 bus
597 3253 864 3311 expectata
896 3244 1177 3299 traditione
1225 3249 1302 3297 vel
1347 3250 1579 3313 judicum
1622 3248 2025 3313 consignatione

470 3314 721 3366 faciamus
749 3328 996 3367 revocare
1025 3325 1282 3381 potestate
1312 3318 1391 3369 vel
1439 3316 1815 3368 dominatione.
1877 3315 2025 3371 Unde

466 3383 694 3455 censisti
713 3392 763 3455 te
799 3400 828 3435 a
876 3384 1035 3455 nobis
1086 3385 1237 3455 anuis
1286 3385 1505 3454 singulis
1561 3385 1624 3437 ad
1685 3384 2023 3438 festivitatem

463 3452 823 3505 saneti'illius
873 3454 923 3505 in
980 3454 1323 3507 luminaribus
1370 3452 1535 3523 ipsius
1583 3455 1769 3516 sancti,
1805 3456 1882 3507 vel
1931 3469 2024 3522 pro

466 3523 725 3593 mercedis
758 3530 861 3593 tute
894 3532 1261 3592 augmentum,
1294 3534 1567 3593 argentum
1599 3524 1796 3578 solidos
1827 3535 2019 3578 tantos.

466 3592 530 3643 Et
574 3592 615 3643 si
660 3593 728 3662 de
771 3592 885 3659 ipso
937 3608 1096 3647 ceuso
1149 3597 1429 3661 neglegens
1484 3596 1812 3662 apparueris,
1867 3594 2020 3648 Iidem

463 3662 654 3713 exinde
708 3660 887 3727 facias,
940 3672 994 3715 et
1042 3662 1180 3728 ipsas
1224 3660 1323 3717 ire;
1368 3660 1589 3731 perdere
1645 3680 1749 3715 ttou
1800 3667 2018 3720 debeas.

466 3732 631 3793 Quam
662 3732 937 3797 epistolam
969 3747 1126 3785 manu
1155 3734 1362 3800 propria
1393 3736 1573 3787 subter
1605 3735 1949 3787 firmavimus.

731 3839 969 3895 XXXIX.
1013 3849 1036 3877 ⁸
1079 3842 1337 3899 Securitas
1375 3844 1436 3897 de
1474 3846 1763 3899 homicidio.

538 3953 703 4006 Fratri
751 3954 861 4019 illo,
896 3971 992 4024 ego
1023 3958 1163 4010 cnim
1195 3957 1303 4012 ille.
1336 3958 1465 4012 Dum
1494 3968 1547 4011 et
1572 3962 1814 4013 omnibus
1857 3961 2019 4014 habe-

464 4034 547 4074 tur
576 4026 935 4089 percognitum
984 4028 1210 4093 qualiter
1264 4038 1313 4081 tu
1362 4041 1483 4082 ante
1526 4030 1620 4081 hos
1672 4032 1809 4093 dies,
1867 4032 2021 4083 insti-

464 4104 623 4167 gante
651 4095 972 4167 advirsario,
1005 4111 1254 4163 germano
1280 4113 1397 4149 meo
1428 4100 1506 4149 vel
1536 4101 1771 4164 quolibet
1807 4110 2021 4167 parente

464 4162 793 4236 interfecisti,
827 4168 963 4217 unde
988 4162 1041 4217 et
1073 4178 1249 4231 postea
1278 4182 1340 4220 ex
1387 4168 1483 4220 hoc
1511 4162 1878 4235 comprobatus
1922 4185 2018 4236 ap-

464 4233 701 4299 paruisti,
748 4244 800 4285 et
828 4246 952 4288 ante
995 4251 1077 4289 me
1126 4238 1261 4302 apud
1310 4239 1453 4290 illottt
1488 4233 1716 4303 judicent
1748 4233 2016 4293 exindein

466 4304 695 4375 rationes
728 4302 893 4367 luisti,
926 4315 979 4358 et
1010 4322 1104 4372 pro
1136 4307 1336 4372 integra
1369 4302 1749 4374 compositione
1791 4324 1883 4375 pro
1912 4314 2017 4373 jam

463 4374 851 4443 dictoparcute
882 4390 1019 4436 meo,
1053 4390 1147 4442 pro
1180 4377 1288 4443 ipsa
1321 4388 1507 4436 morte,
1542 4379 1677 4430 sicut
1722 4374 1851 4429 mihi
1886 4384 2019 4431 bene

463 4441 797 4505 t'tttttplacuil,
855 4441 1127 4510 argentum
1176 4441 1370 4497 solidos
1403 4457 1577 4499 tantos
1626 4447 1837 4509 dedisti,
1900 4449 2018 4501 ideo

2132 582 2188 617 re
2214 572 2461 633 tuumque
2508 578 2741 632 temp-tre
2786 569 3033 622 ealeanda
3079 568 3337 627 causatio,
3380 577 3431 619 et
3464 580 3576 620 tunc
3607 582 3687 621 se-

2128 638 2322 689 Ctlt‘iluS
2353 636 2481 688 meis
2521 638 2602 688 vel
2635 638 2887 690 ὺιηοιιιιιι
2944 639 3212 691 Ιιοιιιίιιιιειι
3267 639 3511 689 ιιιςιιιλιιιιδ
3544 638 3686 689 robo-

2132 716 2261 764 rata,
2314 720 2431 756 cum
2486 707 2823 771 stipulatione
2879 707 3099 771 inserta,
3150 708 3400 761 diuturno
3455 719 3687 773 tempore

2131 784 2341 826 maneat
2393 774 2721 828 inconrulsa.

2288 864 2393 916 XL.
2436 865 2870 937 Jttdicimnjttxta
2914 874 3047 936 quod
3092 886 3243 921 causa
3276 872 3522 923 continet.

2200 955 2425 1007 Veniens
2458 956 2544 1009 ille
2575 958 2658 1007 die
2699 957 2810 1019 illo,
2857 958 2994 1023 quod
3051 959 3173 1010 fecit
3223 960 3419 1012 mensis
3460 960 3548 1011 ille
3580 958 3688 1011 dies

2130 1034 2304 1075 tantos
2334 1026 2436 1091 [.vll.
2471 1042 2570 1091 om.
2605 1028 2833 1090 quod....
2865 1026 3084 1087 tautosl,
3119 1031 3167 1079 in
3203 1032 3319 1083 loco
3354 1040 3687 1090 nuncupante

2131 1095 2239 1163 illo,
2272 1104 2392 1144 ante
2425 1096 2779 1147 venerabilem
2819 1097 2985 1146 virum
3040 1092 3180 1149 illttm
3231 1099 3446 1163 suisijue
3479 1098 3684 1147 audito-

2130 1162 2274 1215 ribus
2305 1166 2382 1216 vel
2414 1164 2626 1231 reliquis
2657 1165 2781 1216 viris
2812 1167 2897 1231 qui
2930 1166 3119 1217 ibidem
3150 1162 3374 1217 aderant
3404 1167 3483 1217 vel
3510 1168 3687 1217 subter

2133 1232 2498 1295 ﬁrmaverunt;
2539 1236 2710 1298 ibique
2739 1236 3105 1300 interpellabat
3148 1238 3376 1300 aliquem
3416 1236 3683 1286 hominem

2131 1301 2344 1372 nomine
2394 1304 2562 1365 illum,
2610 1300 2734 1355 dum
2793 1305 2994 1356 diceret
3044 1319 3109 1359 eo
3139 1306 3279 1372 quod
3336 1306 3678 1355 hereditatem

2130 1384 2276 1422 suam
2324 1370 2375 1423 in
2430 1372 2546 1424 loco
2595 1382 2927 1439 nuncupante
2958 1374 3071 1439 illo,
3121 1370 3237 1439 qitai
3266 1374 3313 1425 ei
3348 1383 3463 1426 erat
3492 1374 3687 1433 debita,

2133 1450 2247 1503 post
2275 1444 2627 1503 seretineret,
2681 1443 2759 1494 vel
2808 1444 2855 1494 ei
2891 1445 3028 1495 malo
3077 1445 3264 1495 ordine
3296 1444 3691 1495 euutmdiceret

2132 1507 2339 1576 injuste.
2390 1512 2739 1575 Interrogatus
2770 1513 2855 1565 ille
2885 1520 3005 1565 ante
3050 1515 3192 1579 ipsos
3224 1514 3367 1563 viros
3401 1512 3577 1563 taliter
3603 1512 3690 1562 de-

2132 1578 2211 1629 tlit
2261 1581 2308 1630 in
2356 1581 2645 1645 responsis,
2700 1582 2838 1645 quod
2897 1578 3081 1647 ipsam
3118 1582 3489 1640 hereditatem,
3541 1596 3693 1645 quant

2134 1648 2244 1717 ipse
2291 1658 2471 1701 contra
2517 1664 2636 1701 eum
2670 1650 2955 1715 repetebat,
2993 1652 3198 1717 genitor
3245 1665 3374 1702 suus
3403 1650 3488 1701 vel
3539 1649 3691 1715 quili-

2135 1716 2225 1767 bet
2253 1732 2439 1781 parens
2471 1718 2634 1781 ipsam
2679 1720 2724 1771 ei
2752 1720 2983 1771 moriens
3012 1721 3383 1786 dereliquerat,
3416 1728 3471 1769 et
3497 1719 3562 1770 de
3601 1733 3695 1768 an-

2137 1787 2215 1837 uis
2247 1789 2272 1827 ιι
2303 1788 2509 1849 triginta
2536 1789 2861 1853 itttcripsum
2886 1798 2937 1841 et
2963 1797 3205 1852 parentes
3236 1803 3381 1851 suos,
3406 1790 3493 1854 qui
3524 1788 3689 1853 ipsam

2061 1833 2179 1906 Bei
2234 1833 2644 1924 dereliqueraut,
2696 1833 2858 1925 ipsam
2927 1833 3241 1921 tenuissem,
3292 1833 3691 1912 ct's'eemidum

2128 1924 2293 1989 legem
2342 1928 2390 1978 ei
2419 1927 2483 1978 sit
2513 1924 2875 1980 debita.il)um
2924 1930 3002 1981 sic
3051 1928 3408 1988 intenderent,
3463 1928 3541 1978 sic
3596 1927 3689 1989 ipsi

2126 1993 2219 2045 viri
2254 2006 2548 2049 memorato
2598 1998 2792 2049 homini
2826 2000 3179 2051 decreverunt
3220 1998 3499 2063 judtcium,
3548 2002 3608 2047 ut
3645 1996 3695 2045 iu

2127 2075 2309 2119 noctes
2332 2076 2523 2129 tantas,
2548 2067 2685 2134 quod
2712 2068 2885 2121 evenit
2908 2068 2994 2121 die
3020 2069 3124 2130 illo,
3152 2069 3286 2130 apud
3314 2066 3559 2117 homines
3582 2075 3695 2116 tan-

2126 2144 2208 2186 tos
2234 2150 2327 2187 sua
2358 2152 2509 2187 manu
2545 2147 2681 2189 tanta
2735 2138 2783 2189 in
2830 2138 3037 2189 basilica
3080 2142 3245 2188 saneti
3295 2138 3456 2191 illitis,
3494 2136 3543 2185 in
3577 2135 3692 2183 loco

2126 2217 2460 2271 uuncupmte
2512 2206 2619 2266 illo,
2667 2206 2837 2259 taliter
2884 2206 3075 2259 debeat
3104 2208 3402 2266 cnnjurare,
3438 2202 3581 2266 quod
3618 2204 3693 2266 ip-

2124 2287 2236 2325 sam
2286 2274 2669 2339 hereditatem,
2720 2290 2877 2341 quam
2932 2275 3042 2340 ipse
3089 2273 3244 2327 homo
3295 2284 3482 2326 cmtra
3530 2273 3699 2337 ipsum

2125 2346 2418 2407 repetebat,
2455 2358 2545 2407 per
2576 2359 2743 2396 annos
2782 2344 2991 2411 triginta
3023 2344 3159 2397 inter
3192 2346 3361 2405 ipsum
3390 2354 3445 2396 et
3488 2354 3692 2411 memo-

2126 2420 2269 2463 ratos
2303 2422 2545 2479 parentes
2574 2429 2716 2475 suos,
2748 2415 2833 2480 qui
2858 2410 3047 2479 ’ipsuu
3080 2414 3426 2466 hereditatem
3457 2410 3694 2464 morien-

2127 2488 2205 2533 tes
2252 2484 2300 2534 ei
2342 2483 2757 2549 dereliquerant,
2797 2499 3006 2550 semper
3058 2485 3221 2549 ipsam
3272 2485 3593 2539 tenuissent,
3642 2488 3695 2550 et

2127 2565 2219 2613 per
2249 2552 2390 2619 ipsos
2415 2548 2579 2605 annos
2634 2556 2840 2620 triginta
2896 2548 3183 2605 secundum
3242 2553 3409 2619 legem
3461 2551 3581 2617 plus
3624 2548 3699 2620 sit

2124 2623 2232 2685 ipsa
2274 2618 2540 2676 hereditas
2592 2624 2637 2675 ei
2687 2618 2910 2676 habendi
2943 2625 3117 2677 debita
3145 2638 3304 2688 qunti
3338 2626 3452 2686 ipso
3488 2618 3694 2671 homini

2124 2690 2399 2745 reddendi.
2438 2694 2491 2746 Si
2522 2696 2619 2745 hoc
2647 2695 2709 2745 ad
2742 2709 2859 2746 eum
2896 2693 3139 2757 placitum
3188 2693 3470 2755 emjurare
3502 2699 3693 2756 polue-

2120 2758 2213 2833 rit,
2240 2762 2412 2833 ipsam
2444 2758 2786 2815 hereditaiem
2818 2764 3031 2833 absque
3054 2762 3375 2833 repetitione
3408 2762 3577 2833 ipsius
3611 2758 3700 2833 lto-

2122 2832 2278 2884 tttiuis
2303 2834 2445 2884 oniui
2478 2843 2713 2899 tempore
2745 2832 2935 2884 habeat
2956 2831 3245 2899 elitigatam
3274 2840 3431 2899 atque
3479 2827 3696 2881 evindi-

2120 2914 2310 2955 eniam.
2342 2900 2431 2955 Sin
2468 2912 2642 2954 autem
2688 2918 2790 2954 non
2836 2904 3082 2968 potuerit,
3116 2903 3213 2952 hoe
3264 2902 3470 2965 legibus
3502 2911 3693 2951 emen-

2121 2974 2246 3024 dare
2276 2973 2502 3023 studeat.
2540 2973 2629 3023 llis
2660 2972 3013 3040 praesentibus
3038 2981 3212 3023 actum
3250 2968 3369 3021 fuit.

2124 3062 2252 3115 XLI.
2288 3072 2308 3098 °
2335 3061 2493 3114 Breve
2523 3072 2895 3113 sacramentum
2921 3063 3195 3112 secundum
3226 3061 3387 3124 ipsum
3406 3057 3699 3126 judicium.

2050 3170 2093 3230 ρ
2147 3156 2371 3230 “Breve
2397 3154 2846 3230 sacramentorum
2877 3154 3104 3230 qualiter
3152 3152 3423 3230 ingressus
3467 3156 3556 3202 est
3608 3148 3695 3230 ille

2126 3227 2328 3280 dieillo
2360 3225 2409 3276 in
2454 3228 2566 3278 loco
2611 3218 2943 3288 nuncupante
2996 3224 3105 3285 illo,
3158 3218 3223 3273 in
3262 3220 3480 3273 basilica
3528 3218 3700 3270 srtncli

2128 3296 2286 3357 illius,
2320 3296 2465 3359 juxta
2494 3296 2631 3361 quod
2670 3294 2931 3362 judiciuut
2964 3308 3114 3345 suum
3148 3290 3577 3362 lnqttitur,apud
3613 3290 3701 3338 ho—

2127 3366 2295 3418 mines
2325 3375 2497 3417 tantos
2518 3380 2611 3417 sua
2639 3361 2795 3416 manu
2823 3372 2987 3426 tanta,
3034 3362 3216 3427 positis
3263 3361 3513 3411 manibus
3542 3372 3703 3423 super

2124 3444 2306 3487 sancto
2351 3436 2516 3486 altare
2562 3435 2767 3499 iuratus
2798 3433 2966 3484 dixit:
3020 3431 3118 3483 I'er
3170 3431 3309 3482 hunc
3341 3429 3518 3499 locum
3582 3442 3704 3499 san.

2123 3516 2262 3556 ctunt
2292 3514 2345 3557 et
2368 3496 2715 3556 reverentiam
2746 3504 2892 3569 istius
2920 3502 3110 3560 sancti,
3155 3500 3275 3567 quia
3306 3498 3444 3550 unde
3481 3511 3572 3550 itte
3609 3496 3702 3547 ille

2124 3574 2499 3642 interpellavit,
2528 3571 2677 3642 quasi
2708 3572 3049 3625 hereditatem
3091 3584 3263 3630 suam,
3310 3582 3425 3635 qum
3456 3570 3518 3642 ei
3553 3575 3703 3625 esset

2122 3639 2317 3705 debita,
2365 3644 2415 3696 in
2446 3639 2559 3695 loco
2592 3650 2927 3708 nuncupante
2959 3642 3069 3703 illo,
3106 3653 3221 3703 post
3253 3654 3337 3691 itte
3371 3639 3696 3708 retinerem,

2124 3713 2204 3765 vel
2230 3716 2276 3767 ei
2308 3714 2445 3766 malo
2470 3712 2653 3765 ordine
2679 3706 3096 3765 contradicerem
3132 3711 3345 3775 injuste,
3376 3709 3551 3772 ipsam
3604 3706 3702 3757 he-

2124 3782 2398 3834 reditatem
2444 3791 2692 3848 parentes
2739 3782 2841 3834 mei
2890 3780 3015 3832 mihi
3069 3781 3352 3831 morientes
3382 3780 3691 3848 dere-lique

2123 3860 2263 3915 runt,
2293 3861 2346 3905 et
2375 3845 2511 3904 inter
2558 3866 2642 3902 me
2673 3852 2753 3903 vel
2788 3852 2928 3916 ipsos
2962 3860 3206 3914 parentes
3250 3860 3395 3899 meos
3436 3846 3509 3897 de
3542 3845 3702 3916 annis

2124 3914 2331 3988 triginta
2366 3934 2574 3988 semper
2601 3914 3005 3973 exiudeivestiti
3038 3918 3252 3982 luimus,
3295 3924 3349 3968 et
3391 3914 3698 3988 secundum

2121 3984 2287 4063 legent
2322 3992 2435 4063 plus
2464 3984 2543 4063 est
2575 3988 2905 4063 milti‘debita
2936 3988 3158 4041 habendi
3206 3985 3569 4063 quam'ipsiu,
3602 3984 3702 4035 ho-

2121 4062 2246 4113 mini
2287 4060 2560 4123 reddendi,
2590 4075 2680 4126 per
2716 4060 2877 4112 Deum
2907 4069 2960 4111 et
2999 4060 3345 4110 reverentiam
3376 4060 3539 4107 istius
3571 4068 3701 4105 san-

2118 4134 2186 4182 cti
2226 4131 2367 4199 jure.
2408 4125 2659 4184 Similiter
2702 4129 2972 4199 venientes
3028 4138 3188 4199 testes
3218 4126 3293 4177 sui
3338 4140 3429 4191 per
3470 4125 3701 4199 _singuta

2112 4194 2273 4267 jura'ti
2311 4201 2556 4253 dixerunt
2585 4216 2596 4249 :
2630 4196 2889 4265 Quicquid
2926 4199 3023 4249 iste
3050 4196 3115 4248 de
3157 4196 3254 4247 hac
3282 4208 3435 4267 causa
3464 4194 3696 4267 juravit,

2120 4262 2301 4321 verum
2348 4278 2401 4322 et
2455 4262 2703 4322 idoneuiu
2767 4262 3153 4320 sacramentum
3211 4264 3405 4318 exinde
3459 4262 3698 4329 jnravit.

2118 4338 2201 4391 Ilii
2232 4350 2351 4392 sunt
2384 4337 2469 4407 qui
2501 4338 2682 4391 subter
2717 4334 3081 4390 lirutaverun't.

2406 4430 2554 4483 .\'l.l|.
2592 4429 2791 4483 Notitia
2820 4431 2881 4482 de
2913 4431 3061 4481 alode
3087 4430 3392 4481 cviudicato.

464 4510 597 4589 hanc
628 4511 900 4588 epistolam
921 4507 938 4510 ⁷
960 4518 1255 4566 securitatis
1308 4515 1397 4565 tibi
1429 4530 1491 4589 ett
1536 4517 1631 4589 hoc
1673 4507 2016 4589 emittendum
2056 4507 2099 4563 ί)
2196 4522 2388 4575 Notitia
2418 4523 2642 4589 qualiter
2671 4524 2750 4574 vel
2794 4522 2843 4574 iit
2874 4536 3097 4589 quorum
3138 4523 3417 4587 prmsentia
3444 4570 3449 4577 ,
3476 4522 3702 4573 veniens

461 4581 690 4643 decrevi,
726 4591 779 4632 ιιι
810 4598 979 4648 neque
1010 4599 1033 4635 a
1070 4598 1175 4645 me,
1228 4600 1396 4651 neque
1441 4587 1505 4636 ab
1554 4587 1835 4641 heredibus
1867 4590 2016 4653 meis,

463 4664 631 4723 neque
661 4668 687 4723 ξι
718 4654 951 4716 quolibet
976 4655 1216 4719 Opposita
1250 4657 1329 4705 vel
1379 4656 1569 4709 emissa
1628 4672 1849 4723 persona
1900 4659 2017 4709 nul.

462 4720 563 4793 lam
592 4720 908 4793 calumniam
966 4737 1134 4789 neque
1194 4724 1559 4789 repetitionem
1614 4720 1681 4780 de
1725 4728 1832 4793 jam
1883 4728 2023 4780 dicto

461 4792 743 4862 homicidio
785 4793 975 4845 habere
1002 4808 1103 4843 non
1134 4796 1494 4860 pertimescas,
1529 4812 1697 4861 neque
1730 4792 1813 4855 tu,
1850 4812 2021 4862 neque

464 4861 602 4929 nllus
631 4860 696 4911 de
731 4871 875 4926 parte
905 4871 987 4913 tua
1017 4864 1103 4928 qui
1154 4878 1327 4915 tecum
1360 4860 1773 4929 enttttttorantur,
1803 4870 1891 4918 sed
1927 4860 2021 4918 du—

460 4928 527 4979 t-ti
559 4940 711 4994 atque
739 4933 906 4984 securi
942 4933 991 4983 ιιι
1019 4936 1262 4986 omnibus
1291 4934 1483 4986 exinde
1516 4938 1733 4987 valeatis
1764 4936 2017 4993 residere.

460 5002 513 5051 Si
547 5002 661 5067 quis
690 5016 833 5065 vero,
860 5002 901 5054 si
930 5003 1083 5053 fuerit
1123 5012 1211 5055 aut
1240 5017 1337 5070 ego
1368 5002 1499 5069 ipse,
1530 5014 1620 5057 aut
1652 5006 1787 5059 ullus
1832 5005 1898 5058 de
1933 5005 2022 5058 be-

460 5072 675 5121 t'cdibus
701 5071 851 5136 meis,
884 5088 975 5125 seu
1002 5070 1253 5138 qttislibet
1284 5087 1503 5137 persona
1536 5078 1622 5141 qui
1650 5088 1832 5127 contra
1884 5075 2020 5127 hanc

464 5142 803 5191 secuiitatcm
851 5142 1029 5193 venite
1060 5152 1147 5192 aut
1179 5152 1339 5212 agere
1376 5145 1458 5195 vel
1490 5145 1755 5212 rcl'ragare
1788 5156 2021 5198 teutave-

462 5220 547 5271 ιιι,
580 5220 632 5261 et
658 5226 685 5261 a
718 5226 801 5261 tne
826 5212 903 5263 vel
936 5212 1001 5261 ab
1047 5210 1329 5263 heredibus
1370 5213 1499 5266 meis
1540 5210 1869 5267 delensatum
1917 5231 2019 5267 tlntt

463 5282 637 5343 luerit,
666 5280 895 5332 sociattte
942 5282 1067 5332 lisco
1110 5280 1197 5347 qui
1243 5281 1385 5332 litem
1417 5284 1645 5335 intulerit
1674 5286 1871 5337 solidos
1905 5294 2021 5335 tiu-

463 5361 539 5400 tos
565 5362 862 5417 componat,
894 5360 947 5404 ct
989 5364 1081 5402 sua
1111 5350 1353 5417 repetitio
1399 5352 1595 5405 naliunt
1629 5356 1863 5407 obtineat
1891 5354 2014 5407 elle-

462 5487 535 5537 I.is
566 5485 765 5546 colunt,
800 5496 849 5537 et
895 5486 945 5538 itt
1000 5486 1061 5538 iis
1100 5484 1403 5538 deserviunt
1451 5485 1821 5554 (I'Yodoardus,
1876 5488 2019 5543 llisl.

464 5557 643 5607 linem.
679 5555 764 5605 lib.
800 5570 880 5617 ιιι,
921 5572 1033 5621 cap.
1068 5555 1179 5622 28).
1230 5558 1525 5622 Aliquando
1566 5567 1738 5610 tamen
1783 5559 2020 5612 tniuiSte-

466 5626 617 5675 italos
652 5639 745 5689 pro
772 5627 936 5693 vassis
964 5637 1016 5677 et
1044 5626 1262 5693 vassalis
1288 5628 1549 5686 dicuntur,
1567 5630 1651 5693 qui
1685 5627 1750 5679 ab
1774 5630 1875 5682 alio
1900 5630 2017 5685 lcu-

464 5697 585 5745 dum
621 5695 811 5746 habent
844 5688 1206 5763 (Capitulflib.
1241 5710 1309 5755 tv,
1342 5712 1455 5761 cap.
1487 5688 1599 5759 50):
1636 5696 1779 5749 BIUN.

534 5772 557 5797 ⁸
602 5764 856 5835 Μιιι·ςιι11.,
892 5767 925 5819 l.
953 5766 1097 5837 tt,‘c.
1136 5768 1225 5832 ιξςς
1257 5767 1477 5829 append.
1513 5781 1560 5820 c.
1594 5765 1678 5828 ιε’),
1712 5766 1796 5821 L’l.

2128 4594 2212 4646 ille
2240 4593 2326 4646 die
2354 4594 2463 4655 illo,
2508 4594 2556 4643 in
2589 4592 2702 4643 loco
2735 4604 3068 4657 nunCUpaute
3111 4593 3219 4651 illo,
3253 4600 3372 4644 ante
3415 4590 3568 4643 illum
3612 4592 3701 4655 ju-

2125 4665 2292 4716 dicem
2325 4663 2406 4714 vel
2438 4662 2666 4729 reliquos
2693 4660 2832 4714 viros
2857 4662 2945 4729 qui
2974 4661 3170 4715 ibidettt
3210 4660 3431 4713 aderant
3459 4662 3542 4713 vel
3568 4665 3701 4711 sub-

2127 4745 2205 4785 ter
2234 4732 2595 4793 tirmaverunt;
2635 4732 2806 4798 ibique
2834 4730 3199 4799 interpellabat
3253 4730 3484 4796 aliquem
3522 4732 3703 4781 homi-

2126 4818 2244 4855 nem
2276 4800 2486 4854 nomine
2520 4803 2685 4864 illum,
2716 4816 2780 4855 eo
2801 4804 2940 4870 quod
2971 4802 3123 4854 alode
3152 4800 3236 4866 qui
3267 4800 3440 4870 fuerat
3463 4800 3703 4866 genitori

2124 4888 2227 4945 suo
2272 4872 2483 4945 nomine
2512 4871 2624 4945 illo,
2682 4874 2732 4924 in
2778 4868 2901 4945 loco
2938 4879 3271 4945 nuncupante
3318 4868 3434 4933 illo,
3470 4883 3597 4945 post
3649 4885 3706 4921 se

2126 4941 2264 4995 malo
2294 4942 2477 4995 ordine
2508 4942 2788 5004 retineret,
2822 4940 2903 4993 vel
2954 4940 3001 4992 ei
3034 4940 3422 4993 contradiceret
3476 4940 3701 5007 injuste.

2127 5010 2477 5078 Interrogatus
2508 5013 2619 5078 ipse
2651 5012 2806 5062 homo
2836 5013 2901 5061 ab
2942 5009 3071 5075 ipsis
3100 5008 3225 5062 viris
3254 5010 3301 5078 si
3325 5008 3400 5061 sic
3456 5024 3579 5061 erat
3613 5024 3705 5059 ve-

2124 5091 2249 5132 ritas
2278 5077 2346 5132 au
2375 5096 2476 5133 non
2513 5077 2539 5141 ;“
2584 5080 2679 5133 sed
2713 5079 2823 5147 ipse
2857 5078 3114 5148 judicium
3161 5079 3241 5131 vel
3273 5077 3452 5148 bteve
3516 5093 3703 5129 saera-

2124 5160 2419 5204 mentormn
2450 5149 2642 5203 ibidem
2666 5146 2787 5204 ante
2810 5146 2935 5218 ipsis
2962 5151 3085 5202 viris
3114 5146 3329 5218 protulit
3349 5147 3414 5198 ad
3446 5147 3702 5218 relegen-

2123 5222 2267 5285 dtnu,
2296 5223 2518 5283 qualiter
2545 5234 2661 5273 cum
2696 5220 2809 5286 ipso
2833 5216 3049 5272 homine
3077 5226 3199 5270 ante
3228 5216 3323 5269 hos
3349 5218 3468 5269 dies
3499 5217 3701 5271 exinde

2124 5299 2246 5343 ante
2275 5290 2417 5342 illum
2438 5291 2663 5355 judicent
2689 5290 2738 5340 in
2764 5291 2995 5341 rationes
3024 5289 3212 5349 fuerat,
3243 5296 3294 5339 et
3320 5286 3559 5353 qualiter
3587 5290 3699 5353 ipse

2122 5361 2274 5413 alode
2322 5370 2502 5414 contra
2545 5363 2712 5427 ipsum
2756 5358 3026 5412 hominem
3077 5358 3153 5411 vel
3183 5367 3363 5410 contra
3406 5372 3697 5423 germana

2192 5492 2218 5530 λ)
2258 5492 2698 5546 Constitutionetn
2729 5492 2890 5547 edidit
2930 5491 3256 5545 Theodosius
3287 5489 3415 5555 imp.
3450 5489 3520 5543 dc
3555 5505 3689 5558 prta.

2121 5566 2405 5629 scriptione
2436 5578 2538 5614 xxx
2587 5579 2864 5625 annorum,
2912 5572 2965 5614 ut
2998 5571 3218 5614 testatur
3264 5560 3685 5617 Valentinianus

2120 5632 2327 5687 Novell.
2365 5635 2453 5683 IIIJ.
2488 5648 2543 5696 ιι,
2577 5633 2657 5685 tit.
2691 5634 2743 5699 8,
2782 5634 2857 5688 I2.
2906 5634 3049 5700 [item

2194 5712 2213 5739 ‘
2258 5704 2447 5772 Supra,
2473 5718 2585 5771 cap.
2622 5702 2710 5756 51.
