3886 6226
230 321 299 377 εοι
1049 367 1059 378 ο
1363 294 1703 354 rennuens
1743 257 1767 349 τ

1871 291 2190 349 ῚΟΝΙΔΝΙΕ,

3289 291 3394 348 8οξ

231 432 452 487 deberent,
476 422 605 489 quod
648 423 719 474 ita
769 429 822 474 et
871 419 1126 478 fecerunt,
1161 423 1218 489 ut
1257 422 1374 483 post
1413 414 1554 467 hunc
1591 412 1729 489 diem
1757 411 1805 470 Α
1837 408 2087 489 pago_il!o
2113 415 2498 489 constructum.
2535 408 2747 489 Dantet
2800 409 3046 489 omnibus
3066 421 3172 489 non
3201 420 3284 464 est
3312 412 3392 465 iii-

230 482 302 553 aec
337 496 416 563 ipsi
441 482 552 553 illi,
590 506 687 545 nec
733 493 871 563 ullus
924 489 973 563 in
1007 493 1168 540 causa
1196 482 1460 563 ipsorum,
1488 482 1730 563 ncc_nlla

230 552 421 636 opposita
463 552 676 636 persona
710 559 790 636 de
834 559 1046 636 prmfata
1078 565 1255 636 morte
1278 555 1416 636 illius
1444 552 1731 636 qqondam,

231 623 301 690 nisi:
327 635 383 688 de
405 623 506 699 ipso
535 623 847 691 homicidio,
871 642 968 700 nec
997 625 1061 677 de
1094 624 1211 700 ipsa
1245 624 1395 678 lende
1427 623 1620 700 nullam
1633 636 1734 700 .re-

229 693 537 760 ilamatio'nent
578 713 682 769 nec,
702 700 901 769 nulloin
934 695 1366 769 impedimentum
1411 693 1735 769 pontificium

240 791 318 826 non
347 773 544 823 habeant
573 769 633 820 ad
665 765 981 821 faciendum.
1033 762 1132 838 Qui
1165 761 1264 814 hoc
1295 764 1466 838 facere
1496 761 1736 838 voluerit,

234 848 348 908 ipsos
383 840 560 893 solidos
605 853 697 904 per
745 850 927 908 manus
974 828 1176 908 reddat,
1219 840 1272 883 et
1310 831 1377 908 oh
1417 829 1514 881 hoc
1543 828 1740 908 solidos

235 900 372 964 tantos
398 924 486 962 una
515 900 626 959 cum
658 907 784 959 fisco
813 903 1213 958 discutientibus
1236 900 1412 952 multa:
1433 905 1737 964 componat,

232 992 272 1035 et
291 982 360 1050 qui
381 979 551 1047 repetit
575 977 700 1029 nihil
724 975 1006 1028 evinilicet.

543 1071 664 1124 \‘lll.
699 1069 956 1124 Securitas
983 1067 1045 1119 dc
1073 1064 1363 1120 homicidio.

285 1163 392 1217 Cum
420 1161 687 1214 resedisset
715 1159 934 1210 inloster
966 1157 1043 1208 vir
1073 1151 1162 1208 ille
1185 1168 1360 1206 comes
1388 1153 1439 1204 in
1472 1151 1560 1205 illo
1584 1150 1744 1203 mallo

235 1235 400 1301 publico
425 1232 481 1281 ad
512 1231 866 1301 universorum
897 1239 1096 1301 causas
1118 1222 1412 1301 audiendas
1460 1221 1541 1301 vel
1579 1229 1740 1298 .rccta

233 1289 745 1371 judiciatermiiiainla,
781 1297 956 1371 ibique
983 1296 1200 1371 veniens
1244 1295 1400 1342 homo
1431 1289 1618 1371 aliquis
1647 1302 1743 1371 tiof

237 1358 347 1423 inine
368 1368 444 1420 ille
475 1358 738 1432 repetebat
754 1366 848 1443 εἰ..
871 1358 1225 1443 iliiprdiceret
1252 1377 1316 1443 eo
1340 1358 1501 1443 quod.
1523 1359 1634 1436 ipse
1664 1358 1748 1443 ille

238 1441 457 1492 hominem
511 1428 651 1488 suum
712 1435 926 1486 nomine
949 1428 1111 1485 "illum
1143 1429 1405 1497 quondam
1439 1428 1572 1481 bene
1603 1428 1750 1493 inge-

237 1524 364 1562 iiinini
390 1507 437 1559 in
463 1505 538 1558 via
567 1505 698 1557 malo
737 1503 922 1556 ordine
946 1501 1112 1568 ipsum
1153 1499 1466 1560 ailsallisset,
1495 1509 1548 1550 et
1578 1498 1748 1563 ipsum

237 1577 396 1630 ibidem
433 1575 766 1628 interfecisset
818 1573 897 1625 vel
945 1571 1258 1631 occidisset,
1312 1578 1364 1622 et
1405 1568 1567 1620 rauha
1616 1579 1746 1628 sua,

236 1647 446 1706 caballos,
476 1659 648 1696 aurum
681 1653 732 1695 et
757 1652 1056 1713 argentum,
1088 1649 1142 1713 et
1185 1638 1413 1706 drapalia
1445 1633 1636 1713 exinde
1667 1642 1752 1713 tu:

238 1718 353 1770 Iisset
381 1703 453 1766 vel
479 1703 848 1782 deportasset:
877 1714 957 1782 vel
1001 1710 1204 1782 leudem
1235 1703 1415 1782 contra
1465 1705 1631 1782 legem
1679 1703 1748 1756 ibi

240 1786 453 1844 burisset;
479 1776 565 1835 sed
596 1784 702 1849 ipse
747 1781 834 1834 ille
860 1780 924 1834 de
946 1776 1186 1849 presenti
1217 1778 1424 1849 adstare
1447 1776 1740 1849 videbatur,

238 1865 278 1905 et
299 1855 412 1905 hanc
436 1843 632 1903 causam
677 1843 974 1902 nullatenus
1003 1847 1169 1912 potuit
1207 1847 1493 1912 denegare;
1539 1843 1632 1894 scd
1665 1852 1745 1894 ta-

241 1925 334 1975 liter
361 1922 441 1974 fuit
467 1920 743 1987 professus,
774 1918 912 1986 quod
943 1913 1613 1989 facienteinimico-ipsum
1635 1912 1745 1989 .ho-

242 1993 400 2044 minem
423 1982 684 2043 occidisset
713 1982 1205 2049 vel-interfecisset;
1234 1984 1325 2035 sed
1357 1982 1530 2035 taliter
1554 1983 1602 2032 in
1635 1982 1748 2043 ipso

241 2061 369 2113 mallo
389 2059 428 2114 ei
453 2059 825 2127 jttilicaverunt,
859 2067 913 2109 ut
957 2054 1423 2127 ipsuinliominem
1455 2050 1537 2103 vel
1582 2049 1745 2127 ipsam

244 2130 414 2184 lcudem
444 2117 632 2198 legibus
682 2117 873 2181 exinde
929 2117 1282 2198 transsolvere
1326 2121 1558 2198 deberet.
1601 2117 1750 2198 Quod

244 2202 296 2252 ita
337 2208 383 2252 et
417 2188 547 2252 fecit.
599 2198 698 2251 Sed
757 2204 936 2264 postea
984 2197 1119 2260 apud
1152 2196 1320 2259 ipsum
1349 2191 1638 2264 grationem
1671 2188 1752 2264 vel

243 2271 352 2336 apud
372 2268 497 2335 ipsos
526 2269 683 2322 bonos
723 2258 965 2319 homines
987 2258 1075 2332 qui
1121 2258 1178 2314 iii
1215 2266 1330 2330 ipso
1359 2258 1519 2336 mallo
1543 2258 1750 2313 resede-

245 2333 345 2391 linit
383 2333 637 2408 epistolam
677 2338 1014 2408 securitatis
1039 2349 1196 2408 manu
1250 2346 1462 2408 eorum_
1493 2333 1751 2408 firmatam

244 2399 444 2474 accipere
462 2406 691 2478 deberet,
713 2405 947 2478 qiiodita
978 2413 1031 2457 et
1062 2404 1201 2478 fecit,
1233 2412 1287 2456 iit
1315 2410 1428 2478 post
1450 2399 1754 2478 hancudiein

245 2468 428 2543 necipsi
457 2477 520 2528 illi
549 2491 639 2529 nec
666 2468 806 2528 ullus
834 2474 901 2527 de
934 2473 1215 2527 heredibus
1260 2471 1386 2543 suis,
1421 2485 1516 2543 nec
1547 2468 1684 2520 ullus
1705 2469 1754 2520 in

247 2538 373 2597 causa
411 2547 624 2612 ipsiiriim
676 2555 728 2596 ct
768 2543 995 2596 hominis
1033 2542 1292 2612 interfecti
1334 2538 1619 2612 quondam,
1661 2550 1759 2589 nec

247 2616 328 2665 ulla
360 2608 577 2682 opposita
609 2626 830 2678 persona
853 2612 919 2664 de
949 2611 1192 2682 pricsetiti
1222 2613 1310 2662 die
1339 2609 1404 2682 de
1427 2608 1542 2682 ipsa
1583 2617 1759 2682 inorte

249 2677 519 2745 illius,"nec
564 2677 626 2736 de
685 2683 799 2746 ipso
850 2677 1164 2744 homicidio,
1193 2693 1288 2731 nec
1327 2678 1392 2730 de
1424 2680 1533 2744 ipsa
1583 2677 1757 2739 leude,

249 2760 397 2804 contra
460 2753 616 2818 ipsum
681 2753 826 2803 illuni
893 2751 1087 2801 nullam
1169 2749 1595 2818 reclamationem
1663 2758 1760 2818 nec

250 2823 414 2873 ttttllttttl
455 2816 872 2887 impedimentum
931 2818 1254 2885 pontificium
1305 2831 1409 2869 non
1452 2817 1665 2887 habeat
1697 2816 1761 2867 ad

251 2890 498 2943 faciendum
519 2885 534 2954 ζ
559 2899 609 2943 ct
636 2891 721 2959 qui
754 2891 854 2941 hoc
884 2888 1060 2959 facere
1104 2886 1516 2959 prmsumpserit,
1548 2885 1761 2959 duplum

251 2971 418 3012 tantum
466 2956 704 3029 quantum
763 2962 870 3027 ipsa
913 2957 1078 3011 leodis
1130 2957 1393 3029 continet,
1428 2964 1481 3007 ct
1533 2956 1765 3022 partibus

250 3032 316 3081 cui
363 3028 637 3082 timefacta
685 3039 799 3095 est,
851 3043 951 3080 una
1002 3041 1120 3090 enin
1169 3028 1311 3078 Struit)
1367 3028 1496 3079 lisco
1551 3038 1766 3080 coactus
1848 3047 1855 3054 -

251 3100 403 3178 multa:
456 3111 755 3178 componat,
805 3111 859 3153 et
910 3099 1046 3168 quod
1103 3095 1290 3164 repetit
1339 3095 1604 3150 vindicare
1662 3111 1765 3148 non
1796 3111 1843 3173 ο

251 3171 408 3220 valeat.

431 3256 514 3314 1X.
547 3257 756 3311 Donatio
787 3271 936 3320 quam
971 3263 1112 3324 pater
1140 3257 1262 3325 [ait
1288 3257 1395 3322 ﬁlio
1423 3272 1536 3310 suo.

312 3350 598 3409 Dulcissimo
621 3357 776 3415 atque
799 3346 1162 3400 amantissimo
1186 3345 1291 3398 lilio
1321 3360 1437 3399 meo
1469 3346 1562 3409 illi,
1594 3359 1690 3412 ego
1718 3347 1770 3397 in

255 3421 330 3474 Dei
353 3422 544 3474 nomine
568 3419 653 3474 ille
681 3420 888 3485 genitor
912 3427 1046 3468 tuus.
1086 3415 1214 3468 Dum
1249 3424 1301 3468 et
1341 3430 1438 3483 ego
1467 3426 1516 3470 te
1546 3416 1771 3468 dulciter

254 3488 467 3552 ciiutriii,
488 3498 538 3542 et
557 3495 609 3539 tu
631 3491 759 3540 mihi
786 3488 1006 3539 tideliter
1036 3486 1333 3551 deservisti,
1369 3486 1448 3538 vel
1484 3497 1626 3538 tuum
1657 3500 1769 3537 scr-

256 3560 413 3611 vitium
441 3559 515 3610 vel
541 3556 957 3610 benevolentiam
1014 3557 1152 3608 circa
1188 3565 1386 3621 partem
1419 3565 1649 3608 nostram
1683 3555 1773 3604 lia-

255 3631 412 3682 hemus
433 3635 763 3693 compertam,
792 3627 912 3676 ideo
943 3627 993 3676 iit
1023 3625 1136 3690 ipso
1165 3639 1345 3676 arnore
1361 3624 1664 3693 dulcedinis
1690 3625 1773 3676 Vel

255 3711 330 3751 tuo
365 3691 562 3750 servitio
606 3703 974 3760 eomponente,
1006 3693 1142 3745 dabo
1171 3708 1296 3758 ergo
1337 3691 1426 3744 tibi
1455 3709 1483 3743 a
1506 3695 1595 3744 die
1643 3709 1774 3758 pm:-

255 3776 384 3821 sente
434 3764 563 3833 quod
607 3765 656 3816 in
697 3773 1000 3832 perpetuum
1033 3763 1149 3833 volo
1177 3775 1295 3814 esse
1322 3776 1645 3833 mansurum,
1678 3767 1775 3814 hoc

256 3848 342 3900 est,
369 3832 589 3890 mansum
619 3834 682 3887 ad
721 3832 1160 3887 commanendum
1184 3845 1300 3882 cuin
1330 3832 1562 3895 casticia,
1593 3843 1776 3896 super-

258 3908 420 3972 posita,
447 3906 593 3959 terris
616 3904 922 3966 arabilibus,
971 3913 1025 3956 et
1065 3901 1336 3966 mancipiis
1374 3901 1452 3953 liis
1479 3901 1777 3972 nominibus

257 3971 344 4028 illis
375 3987 423 4028 et
451 3975 571 4036 illis,
601 3982 655 4026 ut
710 3988 803 4041 per
854 3975 992 4025 hanc
1033 3972 1310 4038 epistolam
1359 3972 1659 4041 donationis
1697 3971 1776 4023 vel

259 4049 278 4075 ⁸
303 4044 666 4098 deliberationis
697 4040 889 4095 nostra:
919 4057 1078 4094 manu
1109 4044 1316 4096 meavel
1335 4041 1589 4094 bonorum
1607 4040 1780 4092 firma-

259 4121 366 4178 tam,
397 4114 683 4178 utquandiu
713 4115 919 4163 adv.vis
949 4122 1050 4163 tant
1078 4121 1130 4162 tu
1173 4114 1284 4178 ipse
1304 4125 1458 4179 quam
1513 4110 1780 4162 hereditas

259 4193 351 4245 tua,
375 4190 542 4234 contra
573 4186 688 4233 tuos
715 4193 996 4247 germanos
1022 4191 1072 4232 et
1097 4194 1374 4247 germanas
1399 4181 1578 4247 Quieto
1596 4180 1781 4231 ordine

259 4251 327 4302 vel
349 4250 568 4315 elitigato
582 4246 753 4301 valeas
769 4250 1036 4314 possidere
1066 4246 1145 4299 vel
1168 4246 1461 4302 dominare.
1499 4246 1781 4314 Pr'opti-rea

261 4319 379 4370 hanc
403 4314 664 4383 epistolam
695 4314 988 4370 traditionis
1034 4320 1118 4370 vel
1157 4317 1550 4384 deliberationis
1591 4332 1784 4372 nostrae

261 4402 396 4440 manu
423 4401 528 4439 mea
556 4391 808 4440 firmatam
840 4387 1026 4440 exinde
1071 4385 1164 4440 tibi
1195 4388 1304 4440 tiet-i
1337 4389 1414 4439 vel
1452 4392 1785 4442 conscribere

1835 478 2104 548 cognitum
2129 479 2352 546 qualiter
2371 480 2505 532 filius
2539 479 2675 532 servi
2698 480 2864 531 nostri
2891 481 3103 534 nomine
3120 480 3209 534 ille
3227 495 3396 548 quan-

1835 548 1954 618 dam
1975 546 2217 618 feminam
2242 558 2498 618 nostram,
2516 548 2728 601 nomine
2747 547 2910 618 illam,
2939 549 3070 602 bene
3092 546 3397 618 ingenuam,

1839 617 1997 670 tiliam
2029 617 2167 670 illius
2191 616 2473 684 quondam,
2518 628 2702 669 contra
2745 616 3068 671 voluntatem
3118 616 3397 684 parentum

1840 687 2000 750 ipsius
2028 683 2233 738 femina:
2262 687 2485 740 sociavit
2505 686 2601 738 sibi
2634 685 2697 738 a'il
2730 685 3056 754 conjugium,
3089 683 3182 738 sed
3208 699 3388 753 postea

1841 754 1966 818 ipsis
1993 754 2294 822 parentibus
2325 755 2641 822 complacuit
2669 765 2719 808 et
2745 755 2898 807 nobis
2927 765 2980 806 ut
3012 755 3168 808 talem
3191 756 3399 822 episto-

1841 824 1942 875 lam
1997 826 2438 877 concnlcatnriam
2494 839 2650 877 manu
2701 834 2881 876 nostra
2937 825 3019 877 vel
3070 839 3099 876 a
3147 823 3402 878 fratribus

1844 893 2038 945 nostris
2065 897 2322 945 firmatam
2354 895 2446 961 ipsi
2475 893 2682 946 fontium
2739 895 2850 946 fieri
2899 895 2977 945 vel
3014 894 3222 947 firmare
3251 908 3403 961 roga-

1841 975 2042 1025 remus,
2073 970 2130 1014 ut
2153 961 2220 1015 de
2249 963 2362 1026 ipso
2389 965 2624 1024 servitio,
2658 963 2700 1016 si
2728 962 2938 1029 agitatio
2971 965 3108 1015 inter
3138 963 3281 1029 ipsos
3311 980 3405 1029 ap-

1846 1031 2094 1097 paruerit,
2126 1032 2175 1083 iti
2204 1032 2418 1085 servitio
2449 1032 2658 1098 publico
2710 1047 2975 1096 nunquam
3019 1033 3126 1086 sint
3167 1034 3406 1097 coinqui-

1847 1100 1974 1162 nati,
2001 1099 2092 1151 sed
2123 1102 2220 1152 snb
2253 1101 2452 1170 integra
2481 1102 2798 1168 ingenuitate
2817 1100 2941 1170 dies
2959 1116 3144 1155 eorum
3176 1100 3407 1153 debeant

1847 1183 2215 1235 perseverare;
2245 1168 2574 1235 ideo'precor
2600 1180 2755 1236 atque
2774 1168 3012 1236 supplico
3037 1170 3102 1222 ad
3125 1183 3406 1224 successit-

1849 1252 1934 1288 res
1957 1249 2168 1291 nostros
2200 1239 2276 1292 vel
2305 1239 2369 1291 ad
2405 1239 2566 1292 Deum
2617 1243 2861 1291 timentes
2891 1240 3130 1292 homines
3159 1246 3215 1291 ut
3244 1240 3408 1291 bene-

1852 1307 1985 1358 facta
2017 1319 2193 1360 nostra
2221 1308 2441 1373 jubeant
2492 1311 2792 1361 conservari
2826 1309 3052 1373 qualiter
3085 1308 3180 1375 ipsi
3212 1308 3409 1374 vellent

1852 1383 1904 1426 ut
1937 1376 1984 1426 in
2019 1378 2352 1440 pnsttnotlum
2383 1391 2568 1430 eorum
2601 1378 2735 1430 faeta
2760 1378 2986 1430 debeant
3017 1392 3136 1432 esse
3164 1377 3408 1440 Stabilia;

1850 1451 1903 1495 et
1954 1459 2044 1509 per
2071 1447 2328 1497 malorum
2369 1447 2640 1497 hominum
2678 1447 3070 1500 infestatihnem
3105 1449 3322 1498 multam
3352 1449 3404 1498 in

1855 1512 1965 1577 ipsa
1987 1515 2212 1579 epistola
2235 1516 2630 1566 conculcatnria
2661 1516 2770 1566 lieii
2797 1517 2875 1565 vel
2896 1516 3236 1568 conscribere
3262 1530 3410 1582 roga-

1854 1583 2043 1641 vimus,
2071 1593 2127 1634 nt
2151 1583 2194 1634 si
2227 1583 2404 1645 fuerit,
2433 1583 2573 1649 quod
2607 1584 2741 1635 Deus
2776 1598 2875 1634 non
2922 1585 3209 1649 permittat,
3236 1595 3412 1635 extra-

1859 1666 1957 1703 nea
1989 1666 2108 1716 pars
2138 1667 2254 1717 qua:
2283 1651 2397 1703 inec
2448 1653 2579 1705 facta
2611 1665 2786 1703 nosrra
2837 1651 3135 1720 infi-aiigere
3164 1653 3410 1714 voluerit,

1860 1721 1910 1770 in
1940 1720 2122 1787 primis
2147 1721 2276 1772 iram
2309 1720 2396 1774 Dei
2426 1731 2475 1774 et
2502 1721 2670 1773 sancti
2698 1721 2832 1772 illius
2857 1721 3109 1788 incurrat,
3142 1732 3195 1772 et
3221 1721 3289 1773 ob
3317 1722 3413 1774 hoc

1852 1791 2052 1842 ειιίιιίθε
2100 1800 2311 1843 centum
2363 1791 2596 1858 partibus
2651 1791 2814 1857 ipsius
2853 1793 2934 1843 cui
2997 1791 3108 1845 hinc
3165 1789 3298 1843 facta
3336 1802 3416 1844 est

1855 1860 2034 1980 inqlia:
2086 1870 2391 1928 componat,
2444 1869 2498 1913 et
2547 1863 2687 1928 quod
2741 1863 2935 1927 repetit
2992 1860 3263 1914 vindicare
3310 1874 3417 1915 non

1855 1943 1912 1980 va
1937 1937 2040 1980 eat.
3193 1957 3205 1971 ο

1853 1937 2040 1981 valeat.
3193 1957 3205 1971 σ

1959 2014 2047 2069 XI.
2089 2015 2306 2070 Domitio
2331 2033 2480 2086 quam
2513 2020 2660 2071 Itonia
2694 2021 2815 2086 facit
2850 2021 2918 2072 ad
2943 2020 3108 2088 [ilium
3137 2039 3304 2075 suum.

1925 2105 2034 2173 Ego
2064 2106 2113 2156 in
2145 2105 2235 2159 Dei
2269 2106 2481 2159 nomine
2510 2106 2617 2160 ille.
2669 2107 2888 2160 Constat
2912 2122 2996 2161 me
3023 2109 3075 2160 in
3102 2125 3283 2163 amore
3308 2111 3416 2164 Do-

1864 2176 1992 2228 mini
2019 2176 2182 2226 nostri
2214 2176 2336 2229 Jesu
2362 2174 2577 2237 Christi,
2600 2189 2651 2228 ut
2683 2179 2885 2230 veniam
2909 2179 3113 2230 delictis
3140 2178 3272 2234 meis
3294 2194 3420 2232 con-

1859 2246 2006 2312 sequi
2037 2260 2356 2308 mcreamur,
2389 2247 2616 2300 donasse
2647 2256 2696 2300 et
2738 2249 2880 2299 dono
2923 2248 3278 2314 donatumque
3305 2263 3422 2302 esse

1813 2319 1990 2375 .volo
2025 2315 2088 2367 ad
2147 2314 2506 2368 dulcissimum
2577 2316 2740 2368 lilium
2791 2331 2964 2370 meum
3021 2317 3230 2370 nomine
3279 2318 3422 2370 illuni

1861 2385 2063 2454 peciam
2089 2383 2156 2437 de
2187 2393 2323 2437 terra
2353 2385 2535 2438 arabili
2575 2387 2624 2437 in
2656 2387 2770 2437 loco
2821 2389 2908 2453 qui
2958 2387 3152 2438 dicitur
3197 2387 3304 2449 ille,
3335 2387 3424 2454 qui

1860 2457 2014 2524 estin
2041 2468 2174 2524 pago
2202 2456 2312 2520 illo,
2339 2468 2433 2521 per
2462 2457 2573 2507 loca
2600 2456 2871 2522 designata
2916 2455 3000 2509 vel
3023 2456 3262 2519 cirt‘uita,
3291 2457 3426 2510 in'ea

1860 2523 2068 2577 ratione
2101 2523 2155 2575 ut
2185 2535 2302 2591 post
2331 2529 2468 2578 hunc
2498 2525 2636 2578 diem
2662 2525 2770 2592 jam
2804 2528 2975 2579 dictus
3025 2527 3213 2579 filiolus
3251 2542 3422 2589 meus,

1861 2593 1945 2645 cui
1972 2593 2193 2664 epistola
2227 2593 2530 2647 donationis
2581 2595 2678 2648 ista
2712 2597 2915 2664 legibus
2953 2597 3083 2649 facta
3116 2595 3228 2658 fuit,
3260 2597 3426 2663 ipsam

1863 2671 2056 2733 terram
2083 2663 2290 2733 habeat,
2325 2669 2521 2724 teneat,
2554 2675 2713 2730 atque
2739 2667 3024 2731 possideat,
3061 2666 3139 2717 vel
3179 2665 3428 2733 quiequid

1866 2731 2056 2783 exinde
2080 2730 2256 2785 facere
2290 2733 2536 2796 voluerit,
2591 2734 2808 2786 liberam
2837 2735 2888 2786 in
2916 2730 3180 2796 omnibus,
3198 2730 3422 2787 Christo

1866 2800 2114 2868 prepitio,
2143 2800 2331 2855 habeat
2357 2810 2696 2869 potestatem.
2747 2804 2808 2854 Et
2836 2803 2880 2855 si
2913 2805 3051 2870 quis,
3077 2812 3182 2855 etc.

2146 2892 2258 2946 ΧΗ.
2304 2902 2324 2929 ο
2372 2892 2574 2946 Notitia
2595 2895 2658 2945 de
2684 2909 2832 2947 cruce
2853 2893 3150 2947 evindicata.

1938 2982 2073 3036 Dum
2125 2991 2180 3036 et
2207 2984 2453 3036 omnibus
2485 2999 2585 3035 non
2631 2992 2713 3036 est
2741 2985 3064 3050 incognitum
3087 2985 3314 3050 qualiter
3341 3000 3431 3038 νεα

1871 3056 2024 3108 niens
2076 3057 2235 3106 homo
2278 3052 2468 3122 aliquis
2521 3056 2731 3104 nomine
2790 3055 2876 3107 ille
2916 3064 3039 3107 ante
3071 3055 3324 3122 vigarimn
3357 3057 3434 3107 in-

1878 3126 2058 3177 lustris
2085 3123 2182 3174 viri
2215 3125 2353 3176 illius
2379 3125 2587 3175 comitis
2617 3124 2828 3176 nomine
2861 3123 2972 3187 illo,
2997 3125 3250 3176 adversus
3272 3125 3435 3177 homi-

1874 3208 1994 3247 nem
2025 3194 2251 3259 aliquem
2285 3192 2496 3245 nomine
2527 3194 2693 3255 illum,
2717 3195 2990 3260 repetebat
3016 3195 3062 3246 ei
3086 3195 3211 3247 dum
3234 3194 3436 3248 diceret

1876 3278 1942 3315 eo
1964 3264 2101 3330 quod
2134 3275 2326 3314 terram
2370 3277 2516 3314 suam
2556 3265 2622 3315 de
2668 3277 2764 3314 suo
2818 3277 3003 3316 inanso
3030 3265 3109 3315 vel
3136 3266 3204 3316 de
3230 3279 3322 3316 sna
3346 3279 3438 3331 pn-

1876 3340 2064 3384 testate
2096 3333 2234 3382 malo
2261 3332 2471 3400 ordine
2502 3332 2862 3397 pt‘opt'isi~set.
2911 3333 3016 3384 Sed
3067 3335 3181 3400 ipse
3225 3333 3311 3384 ille
3368 3335 3435 3384 de

1879 3402 2128 3467 praesenti
2161 3402 2372 3451 adstare
2395 3399 2689 3460 videbatur,
2721 3404 2774 3450 et
2814 3401 2948 3453 hanc
2985 3399 3198 3452 causam
3231 3402 3437 3453 fortiter

1875 3471 2154 3536 denegavit
2196 3471 2516 3536 quod'snam
2551 3480 2748 3520 terram
2799 3470 2866 3520 de
2911 3484 3017 3528 suo
3057 3483 3244 3522 mauso
3296 3471 3436 3522 malo

1877 3535 2062 3592 ordine
2093 3535 2361 3604 nunquam
2391 3535 2418 3573 α
2449 3539 2804 3605 proprisisset,
2831 3554 2928 3592 nec
2956 3549 3072 3604 post
3099 3554 3155 3591 se
3174 3554 3438 3606 nunquam

1877 3609 2172 3661 retinuerit.
2197 3607 2301 3660 Sed
2327 3607 2501 3661 taliter
2526 3625 2572 3660 ei
2601 3609 3004 3676 fuitjndicatum
3031 3611 3078 3661 in
3105 3607 3220 3676 ipso
3244 3612 3438 3676 placito

1878 3689 2000 3730 ante
2032 3680 2202 3744 ipsum
2233 3680 2510 3744 vigarium,
2545 3678 2624 3729 vel
2669 3689 2792 3730 ante
2813 3678 2956 3745 ipsos
2987 3693 3261 3745 pageiises,
3295 3689 3350 3730 ut
3377 3684 3441 3730 ait

1877 3761 2088 3799 crucem
2117 3748 2179 3810 ad
2200 3746 2452 3811 judicium
2478 3747 2567 3799 Dei
2598 3760 2694 3812 pro
2725 3748 2834 3812 ipsa
2859 3756 3000 3800 terra
3031 3747 3080 3797 in
3110 3757 3293 3799 nectes
3312 3763 3443 3812 qna-

1877 3817 2116 3880 draginta
2146 3816 2275 3866 duas
2303 3816 2350 3865 iii
2377 3819 2491 3880 ipso
2521 3816 2710 3881 placito
2739 3829 2832 3880 pro
2860 3815 2959 3867 hoc
2983 3815 3241 3867 deberent
3260 3817 3440 3868 adsm-

1881 3899 1958 3936 re.
1979 3883 2134 3952 Quod
2160 3885 2228 3935 ita
2259 3892 2312 3936 et
2336 3887 2589 3936 fecerunt.
2623 3885 2727 3937 Sed
2755 3886 3022 3938 venientes
3052 3886 3116 3936 ad
3141 3886 3309 3950 ipsum
3337 3887 3445 3952 pla-

1879 3953 2061 4015 citum,
2088 3957 2220 4006 sicut
2242 3953 2317 4006 eis
2350 3953 2446 4006 fuit
2468 3954 2779 4019 iudicatum,
2811 3964 2932 4008 ante
2961 3956 3134 4020 ipsum
3161 3955 3442 4022 rigat-ium,

1883 4025 1962 4076 vel
2011 4034 2131 4076 ante
2179 4023 2323 4089 ipsos
2376 4023 2654 4091 pa‘genses,
2687 4027 2749 4076 ad
2781 4026 2950 4089 ipsum
2977 4025 3236 4091 judicium
3269 4028 3350 4076 vel
3381 4031 3444 4076 ait

1882 4094 2046 4159 ipsam
2075 4106 2285 4145 CI'UCL'III
2312 4093 2404 4145 \iai
2436 4097 2647 4145 luerunt
2689 4094 2933 4157 stetisse;
2989 4095 3080 4146 sed
3133 4098 3244 4159 ipse
3300 4095 3444 4145 illittii

1885 4163 2176 4223 hominem,
2206 4165 2292 4227 qui
2322 4164 2488 4228 ipsam
2525 4173 2718 4212 terrain
2753 4165 3023 4228 priipi-isit,
3066 4162 3129 4211 ad
3163 4165 3333 4229 ipsum
3361 4162 3449 4228 jn-

1884 4231 2078 4282 dicitlm
2116 4234 2194 4282 vel
2227 4232 2290 4280 ad
2317 4231 2480 4296 ipsam
2510 4244 2720 4281 crttceiit
2772 4247 2890 4280 eum
2921 4233 3184 4294 convicit;
3215 4232 3306 4282 sed
3339 4231 3451 4295 ipse

1887 4301 1938 4352 iti
1973 4303 2085 4366 ipso
2120 4304 2311 4367 placito
2338 4300 2400 4354 ad
2435 4302 2602 4364 ipsam
2629 4313 2841 4353 crucem
2894 4302 3036 4351 visus
3078 4301 3316 4363 cadiss‘e;
3347 4315 3441 4353 seu

1889 4370 2013 4422 dum
2047 4370 2158 4437 haec
2187 4383 2342 4421 causa
2372 4369 2565 4421 sicfuit
2594 4371 2826 4434 inventa,
2859 4372 2997 4437 quod
3021 4373 3132 4434 ipse
3164 4372 3248 4424 ille
3271 4371 3356 4438 qui
3381 4371 3448 4423 ad

263 4439 438 4524 rogavi,
469 4467 518 4508 ut
551 4439 889 4523 de-prlasenti
916 4439 1095 4511 dieide
1137 4439 1251 4522 ipso
1290 4439 1501 4521 mauso,
1536 4439 1778 4524 vel
1815 4449 1864 4507 D
1893 4439 2332 4524 ἱιιδιιφιιράίεῆιξιξι
2359 4439 2439 4524 V8!
2580 4441 2771 4524 ξρξθζη,
2800 4454 3009 4524 θιᾛμεθηι
3039 4440 3454 4524 (δεξιξξδεεξομευηο

261 4523 369 4592 quid
397 4525 455 4577 ad
487 4524 646 4592 ipsum
679 4541 917 4578 mansum
949 4523 1158 4592 aspicit,
1189 4537 1236 4578 et
1268 4527 1379 4594 ipsa
1411 4523 1670 4593 mancipia
1702 4543 1792 4580 sti-

263 4596 419 4717 pelrius
464 4595 787 4658 denominata
821 4594 922 4649 hoc
958 4598 1187 4659 habeas,
1232 4606 1437 4663 teneas,
1474 4607 1631 4665 atque
1672 4611 1793 4666 pos-

263 4680 297 4716 ει
333 4679 434 4717 eas.

262 4679 434 4718 siueas.

266 4754 322 4808 Χ.
357 4754 381 4790 ι’
420 4755 788 4810 Conculcatui'ia
848 4770 1001 4823 quam
1047 4756 1199 4809 abbas
1245 4759 1368 4824 facit
1415 4759 1483 4811 ad
1539 4760 1794 4813 hominem

903 4841 1050 4877 suum
1061 4863 1073 4877 ο

328 4915 429 4982 Ego
468 4916 511 4968 in
563 4915 655 4970 Dei
699 4915 928 4978 nomine,
986 4905 1046 4966 ac
1071 4912 1115 4966 si
1167 4926 1432 4983 peccator,
1479 4919 1795 4980 venerabilis

267 4983 338 5036 vir
367 4985 449 5038 ille
472 4985 627 5040 abbas
648 4987 711 5040 de
756 4994 1079 5039 ttionasterio
1112 4995 1296 5036 sancto
1325 4988 1434 5051 illo,
1462 4993 1600 5054 quod
1631 5000 1710 5042 est
1743 4992 1794 5042 iii

330 5131 352 5158 ⁸
381 5120 495 5176 Inde
520 5121 666 5174 litvrer
690 5132 740 5175 et
767 5125 996 5178 déliurcr.

329 5199 355 5238 ti
373 5189 808 5264 Fortelegendom
828 5195 1197 5248 conciliator-iri.
1229 5193 1472 5263 Ejusdem
1497 5197 1794 5264 argumenti

273 5272 342 5316 est
365 5261 490 5323 apud
513 5261 762 5322 Mareulf.,
794 5260 828 5313 Ι.
856 5275 911 5323 ιι,
945 5278 994 5314 c.
1017 5264 1106 5315 ‘21).

336 5341 356 5368 ε
384 5330 943 5408 βτυοίεῇυάἰεὶιιιηξριι
974 5333 1299 5408 examinatio
1319 5335 1454 5388 inter
1472 5333 1796 5408 probationis

276 5399 460 5468 specie:
486 5410 799 5468 recensetur;
833 5399 957 5466 I'Jjos
1007 5403 1333 5464 probationis
1364 5399 1532 5457 forma
1563 5403 1795 5455 ascribi

277 5466 464 5521 videtur
489 5466 540 5536 in
571 5467 787 5535 Legibus
811 5467 1129 5528 Frisionttm.
1183 5474 1262 5521 tit.
1293 5487 1406 5536 xiv;
1441 5473 1572 5526 duas
1594 5475 1799 5525 scilicet

276 5534 538 5606 prmparari
562 5534 796 5602 tesseras,
825 5540 1044 5606 quarum
1076 5552 1177 5590 una
1221 5553 1368 5605 pura,
1395 5534 1578 5596 altera
1627 5543 1800 5596 crucis

277 5603 412 5675 signo
436 5603 672 5675 insignita
693 5606 759 5675 sit
786 5622 802 5660 :
833 5603 952 5675 quae
993 5609 1116 5662 dua!
1157 5603 1316 5670 διήθει
1342 5611 1507 5666 altare
1554 5613 1606 5664 in
1639 5614 1800 5664 linteo

280 5672 606 5740 evolvuntur;
634 5672 838 5742 deinde,
853 5672 983 5746 post
1002 5679 1170 5734 varias
1203 5692 1404 5747 preces,
1437 5696 1462 5731 a
1489 5684 1800 5751 presbytero

1896 4511 1992 4562 dos
2026 4517 2196 4560 tantos
2222 4511 2269 4561 ei
2304 4510 2660 4562 transsolvere
2687 4510 2927 4568 deberet,
2954 4510 3092 4576 quod
3117 4511 3188 4563 ita
3217 4519 3272 4562 et
3298 4513 3442 4572 fecit,

1895 4589 1947 4631 et
1967 4579 2034 4632 de
2056 4579 2165 4644 ipsa
2196 4585 2332 4630 terra
2359 4578 2526 4645 ipsum
2584 4577 2728 4630 illum
2779 4579 2981 4646 legibus
3010 4583 3264 4631 revestire
3293 4580 3449 4632 debe-

1896 4655 2003 4710 ret,
2033 4648 2171 4712 quod
2213 4649 2282 4700 ita
2336 4657 2390 4700 et
2438 4648 2578 4699 fecit.
2612 4645 2757 4698 Tunc
2786 4645 2961 4698 taliter
2982 4647 3028 4698 ei
3053 4647 3451 4712 judicaveruni,

1895 4724 1952 4767 ut.
1982 4716 2093 4782 ipse
2127 4719 2213 4769 ille
2235 4718 2299 4769 de
2332 4715 2574 4781 prmsetiti
2604 4713 2690 4766 die
2718 4715 2886 4777 ipsam
2910 4724 3102 4767 tezrant
3142 4726 3245 4768 tam
3269 4727 3451 4770 contra

1896 4785 2064 4851 ipsum
2095 4787 2240 4838 illum
2270 4788 2351 4838 vel
2402 4781 2624 4836 heredes
2671 4797 2797 4836 suos
2823 4798 2979 4852 quam
3007 4793 3190 4838 contra
3235 4792 3456 4853 quemli-

1895 4855 1983 4907 bet
2012 4853 2278 4907 hominem
2303 4854 2552 4916 omnique
2581 4859 2819 4918 tetiipore
2865 4855 3056 4907 habeat
3097 4855 3451 4908 evindicataitt

1897 4933 2056 4990 atque
2083 4925 2393 4987 elitigatam,
2445 4931 2503 4973 ut
2531 4932 2633 4972 tam
2657 4922 2767 4988 ipse
2799 4923 2884 4976 ille
2904 4940 3061 4990 quam
3093 4936 3144 4979 et
3176 4927 3459 4991 posteritas

1896 5002 2137 5060 sua.post
2163 4992 2299 5045 hanc
2318 4991 2458 5044 diem
2492 4991 2795 5058 praedictam
2850 5002 3042 5046 terram
3065 4995 3242 5062 quieto
3267 4997 3458 5049 ordine

1899 5137 1989 5182 aut
2020 5140 2179 5194 puero
2215 5124 2407 5178 debent
2461 5125 2693 5187 extrahi;
2747 5127 2884 5192 quod
2936 5127 2977 5179 si
3031 5131 3202 5182 cruris
3253 5137 3452 5182 tessera

1901 5203 2066 5265 prima
2084 5197 2410 5257 extrahatur,
2440 5199 2790 5248 innocentiam
2815 5198 2942 5246 satis
2968 5200 3240 5262 probatam
3263 5201 3450 5251 existi-

1899 5270 2130 5319 mabant.
2191 5268 2515 5332 Agohardiis,
2569 5282 2684 5333 pag.
2737 5266 2878 5316 283:
2917 5283 2934 5314 ι
2968 5268 3100 5320 Jiibe
3151 5269 3343 5321 ferrum
3371 5266 3452 5317 vel

1902 5351 2066 5405 aquas
2095 5336 2348 5397 calefieri,
2370 5351 2524 5405 quain
2559 5335 2796 5385 manibus
2822 5337 3015 5389 illaesos
3042 5345 3312 5389 attreetem
3332 5351 3343 5392 ;
3365 5344 3456 5384 aut

1900 5404 2161 5458 constitue
2183 5419 2386 5466 cruces,
2419 5404 2481 5455 ad
2509 5418 2634 5470 quas
2675 5413 2818 5455 stans
2874 5407 3155 5470 immobilis
3208 5416 3455 5471 perseve-

1900 5487 2034 5526 rem.
2074 5492 2109 5524 ι
2136 5475 2209 5526 lix
2239 5475 2430 5540 quibus
2461 5471 2634 5523 verbis
2663 5485 2877 5537 appar-ni
2914 5476 3071 5526 alium
3101 5488 3254 5541 quam
3285 5480 3453 5525 tesse-

1901 5544 2096 5596 rarium
2128 5544 2337 5594 modum
2366 5541 2688 5608 purgationis
2715 5542 2896 5596 fuisse.
2930 5543 3077 5598 litos.

1972 5617 1996 5655 d
2026 5611 2385 5680 l‘mprisissct,
2408 5612 2454 5662 id
2483 5621 2584 5679 est,
2611 5611 2912 5666 invasisset.
