3848 6234
419 375 522 433 803

1363 369 1452 423 AD
1490 360 1833 421 MARCULFI
1870 361 2237 419 FURMULAS
2276 359 2642 416 APPENDIX.

3526 362 3642 423 80%

419 490 583 539 valeat
646 483 914 551 possidere
961 484 1037 537 vel
1095 480 1388 551 dominare,
1445 489 1497 551 ct
1546 480 1686 534 ducti
1714 490 1766 533 et
1796 478 1968 551 securi
2000 479 2045 533 Α
2076 474 2275 551 bilitate
2304 474 2473 528 valeat
2499 474 2766 551 ambulare
2786 473 2849 527 ad
2877 474 3189 551 orationem.
3224 472 3508 551 Propterea
3533 474 3639 526 has

421 555 609 607 exinde
650 549 867 606 valeant
922 554 1174 607 residere.
1233 550 1447 603 Factum
1479 550 1733 617 judicium
1766 551 1815 603 itl
1851 549 1967 601 loco

417 626 510 678 illo
530 623 819 692 pttblicltcr.

805 711 938 763 XIII.
980 721 1005 746 ἰ
1053 710 1233 762 Cautio
1261 709 1582 762 declat-ibas.

486 802 617 855 Dum
653 813 701 854 et
728 815 817 866 per
847 801 1019 867 plures
1046 799 1286 850 homines
1309 809 1389 851 est
1409 798 1720 861 patefactum
1738 796 1970 867 qualiter

416 874 466 925 in
503 872 587 924 Dei
618 862 825 923 nomine
849 862 943 920 ille
989 868 1203 920 veniens
1244 868 1294 918 in
1339 868 1530 932 placito
1581 874 1701 915 ante
1736 866 1851 915 illos
1883 862 1989 915 vel.

412 942 749 1007 quatnplures
776 940 941 1008 bonos
970 937 1209 1008 homines
1236 935 1487 1008 adversus
1503 934 1767 1008 hominem
1795 933 1968 1008 norni-

416 1002 482 1060 ne
512 1002 676 1069 illum,
706 1007 975 1073 repetebat
1002 1007 1049 1057 ei
1096 1006 1219 1056 dum
1248 1005 1447 1057 diceret
1494 1017 1557 1056 eo
1585 1002 1721 1073 quod
1751 1002 1965 1073 cellaria

418 1079 499 1125 vel
527 1091 733 1129 camara
765 1070 818 1127 et
849 1075 875 1113 ι»
900 1076 1135 1139 granica,
1160 1073 1403 1140 quicquid
1429 1074 1478 1124 in
1508 1073 1585 1124 eis
1605 1070 1790 1122 habuit
1809 1084 1964 1135 repo-

414 1146 594 1205 situm,
636 1146 739 1196 hoc
778 1145 882 1203 est,
929 1158 1135 1197 aurum.
1178 1150 1474 1207 argentum,
1504 1140 1762 1209 drapalia,
1796 1153 1963 1209 arma,

415 1214 610 1274 \ittum,
643 1227 922 1272 annonam,
951 1214 1030 1264 vel
1066 1221 1087 1248 ο
1122 1212 1299 1263 vitalia
1345 1224 1436 1261 sua
1485 1207 1575 1274 per
1625 1222 1747 1259 suas
1792 1206 1967 1258 claves

412 1284 830 1334 commendasset
860 1282 924 1332 ad
951 1282 1352 1333 custodiendum
1410 1279 1486 1330 vel
1536 1279 1597 1328 ad
1631 1274 1961 1340 salvandum,

410 1361 463 1402 et
492 1351 655 1415 ipsam
689 1366 797 1402 rem
827 1351 875 1401 in
910 1350 1234 1415 naufragium
1264 1349 1343 1399 vel
1388 1348 1437 1398 in
1483 1347 1728 1415 damnum
1766 1346 1959 1409 posuit.

410 1412 527 1483 Sed:
570 1418 680 1483 ipse
709 1420 792 1470 ille
832 1418 897 1470 de
945 1412 1185 1483 praise—nti
1214 1416 1475 1474 adstabat,
1507 1426 1560 1467 et
1592 1412 1725 1465 hanc
1751 1427 1959 1483 causam

413 1480 709 1539 nullatenus
734 1487 893 1550 pwlnit
926 1480 1219 1553 denegare;
1250 1485 1340 1535 Sed
1371 1484 1541 1536 taliter
1562 1484 1607 1535 ei
1634 1484 1726 1533 fuit
1750 1481 1955 1547 profes—

411 1570 521 1613 sus,
544 1556 678 1623 quod
712 1560 871 1619 ipsam
894 1569 1002 1607 rem
1027 1556 1265 1617 superius
1286 1554 1675 1623 denominatam
1698 1565 1957 1623 persnntn

412 1618 701 1693 neglectum
734 1618 785 1673 et
819 1640 909 1690 per
929 1640 1079 1674 suum
1106 1623 1309 1693 facinus
1334 1622 1423 1671 fuit
1452 1620 1647 1693 perdita
1679 1622 1756 1671 vel
1782 1618 1804 1654 ά
1829 1633 1957 1670 nau-

409 1690 624 1759 fragata.
660 1693 802 1743 Tune
833 1692 1003 1743 taliter
1029 1694 1073 1745 ei
1116 1692 1517 1760 jndieaverunt,
1552 1690 1801 1760 utipsam
1847 1703 1958 1760 rein

409 1764 455 1813 ei
481 1755 699 1813 transsol
712 1781 724 1804 ι
738 1776 828 1813 ere
846 1761 922 1810 vel
942 1755 1220 1813 emendare
1236 1759 1447 1817 deberet
1461 1758 1764 1824 (Baeticam,
1780 1765 1815 1805 t.
1838 1755 1952 1819 Ill,

410 1798 460 1895 ἓξ
481 1798 828 1894 ’ὲῖἱόῗἾόέιῗ
852 1798 1958 1895 ’ἑὲῐιᾚὲἶῇἔῖῖιῖιιὶίὶὲῐιῖἑίίἷέιὶἱῖιὶιίῥιιὲ
1982 1798 2032 1854 Β

408 1892 576 1961 ipsam
608 1914 716 1949 rem
738 1892 1098 1950 -tranSSolvcre
1152 1896 1229 1946 vel
1282 1896 1564 1947 emendare
1590 1892 1826 1945 deberet.
1857 1892 1960 1945 Sed

411 1968 584 2018 taliter
614 1966 659 2017 ei
694 1966 788 2016 luit
810 1964 1122 2033 judicatum,
1147 1971 1203 2015 ut
1225 1964 1383 2033 tatem
1398 1964 1693 2033 cautionem
1711 1962 1775 2015 de
1793 1963 1960 2033 capite

409 2048 525 2097 suo,
553 2048 707 2085 manu
733 2030 827 2086 sua
849 2034 927 2085 vel
962 2033 1213 2086 bonorum
1235 2032 1503 2083 hominum
1534 2032 1757 2091 ﬁrmata,
1776 2031 1823 2082 ei
1851 2030 1961 2084 tieri

409 2105 489 2156 vel
521 2104 855 2156 conscribere
888 2110 1113 2169 rogaret,
1149 2100 1285 2166 quod
1348 2103 1415 2151 ita
1448 2110 1501 2153 et
1548 2100 1691 2158 fecit,
1738 2106 1793 2151 ut
1824 2099 1957 2169 dum

411 2173 581 2238 ipsam
616 2188 723 2225 rem
760 2187 862 2223 non
888 2170 1063 2233 habui,
1089 2185 1185 2223 nec
1209 2170 1429 2233 pretium
1451 2169 1585 2221 unde
1610 2168 1961 2221 transsolvere

408 2242 488 2293 vel
517 2243 797 2294 emendare
819 2241 1134 2302 debuissem,
1170 2246 1225 2290 ut
1256 2238 1484 2306 quandiu
1506 2238 1742 2289 advivam
1767 2238 1818 2288 in
1849 2251 1960 2291 ser-

409 2310 537 2361 vitio
570 2310 798 2376 publico,
828 2310 965 2375 quod
1015 2310 1141 2362 mihi
1171 2306 1461 2376 injungitis,
1500 2307 1646 2359 vobis
1683 2306 1961 2376 deservire

407 2372 659 2441 debeam;
691 2388 742 2432 et
770 2372 812 2432 si
846 2372 1117 2446 negligens
1146 2372 1236 2429 aut
1263 2372 1441 2430 tardus
1484 2376 1551 2429 de
1589 2372 1714 2446 ipso
1743 2374 1962 2427 servitio
2012 2418 2023 2429 .

410 2461 725 2514 apparuere,
744 2448 1163 2515 qualemcunque
1188 2446 1513 2513 disciplinam
1536 2445 1600 2495 ad
1628 2445 1963 2515 alios_se_rvos

408 2511 525 2568 tuos
552 2511 835 2583 impendis,
866 2517 1020 2568 talem
1064 2511 1224 2581 super
1273 2511 1355 2567 me
1404 2520 1721 2579 potestatem
1769 2511 1962 2583 habeas

411 2585 476 2635 ad
502 2579 817 2639 facil-ndnm.
846 2584 909 2636 Et
938 2586 980 2635 si
1010 2579 1164 2637 fuerit
1192 2589 1280 2633 aut
1300 2596 1398 2646 ego
1442 2583 1573 2645 ipSe.
1620 2588 1708 2631 aut
1732 2579 1868 2632 ullus
1897 2581 1964 2634 de

412 2657 540 2705 meis
568 2652 867 2715 heredibus,
911 2653 998 2719 qui
1042 2661 1223 2706 centra
1271 2652 1403 2703 banc
1451 2649 1745 2703 eautionem
1778 2648 1963 2703 venire

408 2732 497 2775 aut
520 2725 829 2784 reclamare,
872 2735 975 2774 etc.

626 2813 761 2866 XIV.
807 2812 1197 2866 Concamiatura
1232 2813 1357 2864 inter
1377 2811 1504 2863 duos
1532 2810 1751 2864 obbam.

478 2902 700 2966 Placuit,
731 2904 1015 2957 auxiliante
1062 2902 1306 2973 Domino,
1343 2914 1509 2973 atque
1554 2900 1799 2973 convenit
1827 2899 1964 2973 inter

411 2973 765 3027 venerabilem
787 2973 952 3025 virum
980 2973 1126 3026 illum
1158 2971 1399 3025 abbatem
1427 2974 1490 3024 de
1510 2971 1828 3024 monasterio
1848 2971 1959 3033 illo,

410 3042 492 3095 vel
518 3043 978 3109 congregationem
1009 3043 1313 3109 monasterii
1340 3040 1443 3109 sui,
1465 3052 1670 3093 necnon
1692 3048 1741 3091 et
1768 3042 1963 3104 magni-

410 3111 564 3162 t‘n-um
598 3107 766 3162 virum
798 3107 965 3178 illum,
996 3108 1062 3162 de
1086 3108 1498 3178 commutatione
1530 3108 1959 3178 locoruin,qu_am
1991 3116 2036 3178 ρ

411 3178 547 3231 inter
575 3192 632 3230 se
666 3178 838 3229 facere
865 3176 1139 3229 deberent.
1184 3176 1330 3239 Quod
1387 3176 1455 3227 ita
1484 3184 1537 3228 et
1564 3175 1819 3228 fecerunt.
1864 3174 1964 3227 Per

411 3260 565 3310 quam
604 3247 805 3311 accepit
827 3245 1139 3299 venerabilis
1170 3246 1248 3297 vir
1284 3245 1371 3297 ille
1420 3243 1550 3297 abba
1592 3245 1654 3295 ad
1687 3257 1817 3309 Opus
1849 3257 1965 3297 mo-

412 3314 625 3366 nasterii
651 3316 727 3365 sui
760 3316 809 3367 in
843 3314 959 3367 loco
1003 3322 1335 3379 nuncupante
1382 3313 1491 3377 illo,
1519 3311 1605 3379 qui
1636 3321 1721 3366 est
1750 3312 1799 3365 in
1832 3326 1963 3379 pago

412 3384 522 3444 illo,
558 3384 655 3436 hoc
685 3393 783 3445 est,
814 3385 862 3436 in
891 3384 1004 3449 ipso
1036 3386 1147 3435 luco
1174 3384 1261 3437 illo
1292 3397 1503 3435 mansos
1528 3382 1589 3434 ad
1618 3395 1962 3435 commonen-

411 3454 558 3512 dum,
617 3453 848 3505 casliciis
895 3452 1259 3520 superpositis,
1322 3451 1473 3505 terris
1513 3452 1821 3514 arabilibus,
1886 3452 1963 3504 vel

411 3521 648 3588 quicquid
682 3522 734 3574 in
769 3522 881 3591 ipso
924 3524 1038 3575 loco
1065 3523 1129 3574 ad
1178 3536 1408 3591 presens
1431 3521 1663 3591 cernitur
1689 3535 1806 3574 esse
1830 3534 1952 3587 pos-

410 3593 597 3653 sessio,
625 3589 802 3644 totum'
843 3598 899 3644 et
923 3592 985 3642 ad
1019 3592 1278 3657 integrum
1315 3604 1371 3644 re
1399 3589 1713 3653 inexquisita
1746 3592 1795 3642 in
1820 3604 1965 3642 coni-

411 3664 699 3712 mutatione
730 3659 810 3711 vel
843 3658 894 3710 in
919 3657 1211 3711 concamio.
1246 3658 1419 3710 Simili
1441 3658 1596 3709 modo
1618 3659 1695 3708 vir
1728 3659 1964 3721 magniti-

411 3740 503 3778 cus
534 3728 621 3780 ille
648 3728 851 3793 accepit
880 3725 944 3777 ad
971 3734 1103 3792 Opus
1125 3740 1277 3778 suum
1304 3726 1457 3777 aliam
1486 3740 1593 3776 rem
1626 3726 1676 3777 in
1699 3726 1813 3778 loco
1834 3742 1963 3778 nun-

410 3805 636 3859 cnpante
690 3797 800 3859 illo,
841 3796 928 3862 qui
970 3806 1051 3848 est
1098 3796 1147 3847 in
1206 3809 1336 3862 pago
1391 3794 1501 3856 illo,
1555 3796 1653 3846 hoc
1709 3806 1788 3863 est
1825 3796 1963 3864 quod

412 3865 654 3930 superius
678 3866 927 3929 diximus,
948 3875 1109 3917 t0tum
1138 3872 1190 3917 et
1212 3867 1275 3918 ad
1298 3866 1552 3929 integrum
1574 3879 1628 3915 re
1651 3865 1961 3931 inexquisita

412 3934 461 3981 in
485 3936 899 3986 commutatione
931 3934 1013 3987 vel
1037 3935 1087 3985 in
1111 3934 1401 3987 concaniio.
1436 3932 1580 3985 Unde
1607 3932 1740 3985 duas
1768 3938 1964 3999 episto-

411 4002 488 4051 las
520 4002 779 4065 parieulas
809 4012 1113 4054 unotenore
1128 4003 1471 4066 conscriptas,
1500 4016 1653 4052 manu
1677 4015 1857 4053 eorum
1884 4003 1963 4053 vel

412 4069 665 4119 honorum
702 4069 969 4121 hominum
1000 4070 1253 4134 (innatas,
1283 4070 1416 4120 inter
1438 4082 1495 4120 se
1530 4070 1640 4119 ticri
1682 4080 1734 4120 et
1760 4071 1967 4121 lirmare

413 4148 747 4201 rogaverunt,
784 4150 838 4190 ut
870 4138 1227 4205 unusquisque
1258 4146 1371 4202 post
1406 4138 1541 4188 hunc
1584 4138 1722 4189 diem
1771 4137 1905 4203 quod
1938 4152 1964 4187 a

414 4206 523 4271 pa'i
556 4208 655 4259 suo
680 4208 731 4259 in
774 4208 1183 4260 commutatione
1233 4207 1311 4259 vel
1366 4205 1416 4257 in
1449 4207 1727 4274 concainio
1767 4206 1968 4274 accepit

415 4284 762 4345 teneatatque
792 4277 1072 4344 possideat,
1109 4277 1186 4329 vel
1221 4274 1463 4344 quicquid
1494 4273 1555 4345 [..
1601 4272 1730 4343 etc.]

852 4366 963 4418 XV.
998 4377 1018 4402 ε
1048 4366 1236 4419 Charta
1263 4367 1522 4417 tracturia.

2079 544 2279 597 litteras
2306 559 2423 598 eum
2454 544 2766 596 salutatione
2794 559 2885 607 per
2912 544 3081 609 ipsum
3110 544 3175 596 ad
3205 558 3297 596 vos
3314 544 3635 603 direximus,

2076 624 2131 664 ut
2158 615 2207 662 in
2231 626 2411 664 amore
2439 613 2528 664 Dei
2561 622 2608 664 et
2640 614 2804 663 sancti
2841 612 2979 665 Petri
3012 614 3178 678 ipsum
3225 611 3289 663 ad
3336 612 3567 676 hospitin
3596 630 3627 661 τι

2076 681 2338 745 recipiatis
2360 681 2422 731 ad
2456 679 2885 733 benefaciendum
2916 681 2994 731 vel
3044 681 3108 732 ad
3131 694 3281 732 suam
3300 680 3636 733 conSolatin-

2075 764 2215 809 lieni,
2250 758 2352 801 tam
2376 748 2438 799 ad
2469 763 2580 800 eam
2610 749 2927 801 ambulando
2958 764 3110 815 quam
3154 760 3205 802 et
3252 750 3304 800 in
3336 749 3637 813 redeundo,

2076 827 2127 869 ut
2155 831 2243 881 per
2274 832 2365 870 vos
2386 818 2563 870 salvus
2592 828 2677 869 eat
2702 829 2753 871 et
2804 818 2983 870 salvus
3032 828 3349 871 revertatur.
3393 816 3638 878 Interim,

2070 887 2205 938 sicut
2229 896 2396 937 vestra
2428 892 2511 938 est
2537 886 2862 941 consuetudo
2908 887 3071 951 bona,
3099 886 3179 939 vel
3211 886 3635 939 consolationem

2070 956 2148 1006 vel
2171 953 2485 1020 adiutorium
2504 957 2552 1008 ei
2582 954 3151 1021 impenderejuheatis,
3174 956 3454 1020 Letumque
3482 955 3628 1005 diem

2064 1021 2290 1087 iubeatis
2320 1024 2531 1074 trahere.
2556 1023 2716 1088 Cujus
2744 1033 2975 1089 potestas
3015 1032 3197 1090 regnat
3248 1024 3297 1075 in
3347 1033 3631 1081 aeternum,

2068 1090 2184 1154 ipse
2214 1106 2305 1142 vos
2326 1092 2672 1147 Custodiatin
2706 1107 2866 1159 regno
2905 1107 3001 1144 suo
3035 1092 3637 1159 perpetuo.Salutamus

2069 1174 2160 1209 vos
2182 1173 2366 1211 omnes
2394 1160 2709 1214 salutatione
2738 1162 3063 1228 pleniSsima.

2104 1245 2238 1298 XVI.
2284 1247 2497 1299 Donatio
2528 1263 2678 1312 quam
2700 1250 2848 1301 homo
2871 1249 3024 1302 donat
3052 1250 3119 1302 ad
3142 1265 3285 1302 suam
3306 1259 3601 1317 parentem.

2138 1333 2493 1387 Dilectissimtc
2521 1345 2677 1403 atque
2698 1337 2909 1391 amabili
2939 1337 3076 1403 mihi
3096 1340 3148 1391 in
3182 1338 3407 1390 Domino
3432 1354 3639 1392 Conso-

2064 1401 2226 1481 brina:
2253 1419 2382 1481 meae
2405 1390 2617 1458 nomine
2640 1406 2747 1481 illo,
2772 1390 2951 1481 again
2984 1390 3077 1462 Dei
3101 1390 3311 1481 nomine
3343 1390 3451 1481 ille.
3488 1390 3632 1481 Dum

2064 1481 2117 1523 et
2147 1473 2380 1538 pluribus
2403 1484 2483 1525 est
2507 1473 2880 1541 perCognituin'
2894 1490 2959 1528 eo
2987 1475 3126 1542 quod
3150 1486 3202 1527 ιιι
3226 1476 3461 1542 partibus
3488 1478 3629 1530 meis

2062 1542 2300 1593 amabilia
2332 1543 2545 1593 set-vitia
2574 1545 2879 1609 impendere
2911 1559 3011 1596 non
3038 1545 3259 1610 desinis,
3298 1560 3391 1610 pro
3418 1558 3505 1597 tua
3528 1545 3629 1601 bo-

2062 1609 2245 1670 nitate,
2275 1619 2327 1660 et
2358 1624 2449 1676 pro
2474 1625 2537 1661 co
2566 1608 2704 1677 quod
2744 1612 2939 1663 dictum
2971 1620 3051 1664 est
3078 1629 3089 1663 :
3129 1608 3402 1665 Faciamus
3432 1617 3624 1666 bonum

2063 1678 2341 1750 adeuntes,
2373 1679 2586 1750 maxime
2605 1688 2771 1731 autem
2800 1683 2865 1731 ad
2903 1682 3197 1750 domesticos
3226 1682 3346 1745 ﬁdei
3371 1680 3517 1750 (Gal.
3548 1687 3627 1747 vi)

2066 1748 2147 1798 vel
2179 1748 2243 1797 ad
2300 1748 2618 1817 pi-Opinquos
2665 1758 2893 1810 nostros,
2947 1749 3106 1817 igitur
3160 1749 3300 1800 dono
3352 1748 3504 1802 tibia
3534 1751 3629 1805 die

2066 1825 2322 1879 przesente
2346 1829 2437 1878 per
2466 1815 2601 1869 hanc
2622 1818 2897 1883 epistolam
2928 1815 3250 1881 donationis,
3281 1833 3396 1884 qua:
3418 1820 3471 1871 in
3501 1834 3630 1882 per-

2067 1890 2279 1948 pctuum
2308 1884 2375 1936 sit
2405 1899 2673 1947 mansura,
2707 1896 2758 1938 et
2782 1886 2849 1940 de
2872 1886 2991 1951 jure
3023 1901 3141 1939 meo
3172 1886 3223 1938 in
3256 1896 3341 1938 tua
3372 1887 3623 1940 domina-

2064 1952 2203 2003 tione
2226 1952 2375 2005 trado
2400 1963 2557 2021 atque
2588 1954 2827 2017 ﬁrtnabo,
2864 1956 2913 2008 id
2961 1966 3062 2019 est,
3108 1970 3347 2007 mansum
3377 1956 3443 2008 ad
3471 1972 3630 2010 corri-

2065 2021 2380 2093 manendum
2424 2023 2473 2074 in
2508 2037 2637 2088 pago
2671 2024 2781 2087 illo,
2814 2026 2863 2077 in
2896 2025 3008 2076 loco
3054 2023 3142 2093 qui
3174 2025 3366 2077 dicitur
3411 2026 3524 2089 ille,
3579 2036 3637 2079 et

2065 2098 2145 2160 est
2160 2089 2286 2160 ipse
2319 2104 2532 2143 mansus
2558 2107 2650 2155 per
2682 2094 2792 2145 loca
2846 2089 3115 2160 designata
3146 2094 3213 2145 de
3245 2094 3408 2147 latere
3442 2110 3547 2147 uno
3576 2103 3636 2148 et

2062 2157 2129 2210 de
2152 2157 2325 2212 fronte
2354 2168 2505 2213 terra:
2530 2161 2688 2223 illius,
2718 2171 2770 2214 et
2796 2162 2860 2215 de
2887 2157 2990 2214 alio
3018 2164 3180 2216 latere
3203 2172 3255 2214 et
3279 2163 3633 2217 lronteterra:

2062 2226 2201 2279 illius
2232 2238 2394 2291 tanto,
2441 2230 2510 2281 ita
2540 2238 2596 2282 ut
2645 2232 2710 2281 ab
2743 2231 2839 2283 hac
2866 2231 2952 2284 die
2979 2239 3270 2283 memorata
3303 2235 3630 2286 consobrina

2064 2310 2178 2365 mea
2206 2297 2291 2348 illa
2318 2292 2565 2365 quicquid
2611 2299 2676 2351 de
2721 2300 2835 2363 ipso
2866 2314 3048 2352 tnanso
3078 2300 3255 2352 facere
3287 2300 3533 2364 volnt-rit,
3576 2310 3635 2353 ut

2070 2363 2270 2433 absque
2298 2363 2710 2433 uniuscuiusque
2743 2369 3053 2433 repetitione
3100 2368 3318 2421 liberant
3372 2370 3423 2422 in
3453 2372 3635 2423 (initii-

2065 2431 2162 2484 bus
2187 2433 2377 2487 habeat
2400 2431 2714 2502 potestatem
2741 2431 2814 2487 ad
2831 2435 3147 2489 faciendum.

2424 2523 2581 2578 XVII.
2624 2524 2844 2577 Donatia
2874 2526 2941 2577 ad
2966 2542 3134 2579 casam
3166 2526 3276 2580 Dei.

2146 2612 2385 2668 Prudens
2410 2615 2689 2668 cmsilium
2722 2616 2918 2683 bajulat
2944 2620 3028 2685 qui
3055 2633 3147 2685 pro
3175 2618 3367 2674 anima:
3411 2634 3521 2674 sua:
3546 2635 3636 2675 re-

2065 2686 2239 2737 medio
2266 2686 2465 2754 cogitat
2520 2687 2596 2738 illi
2645 2687 2918 2739 Dominum
2974 2689 3288 2754 retribuere,
3344 2702 3398 2743 et
3441 2694 3637 2745 eundi

2069 2755 2261 2806 habere
2289 2752 2501 2821 cogitat,
2530 2764 2583 2808 et
2611 2755 2676 2809 de
2724 2756 2813 2809 Dei
2866 2756 3226 2810 misericordia
3274 2752 3375 2811 non
3404 2760 3635 2813 dubitat.

2066 2823 2267 2894 Idcirco
2295 2838 2391 2876 nos
2420 2824 2607 2894 in-_Dei
2655 2826 2870 2879 nomine
2920 2825 3028 2894 ille,
3064 2835 3118 2880 et
3146 2828 3339 2894 conjttx
3372 2841 3485 2881 mea
3520 2832 3633 2880 illa.

2066 2892 2329 2945 Admonet
2356 2904 2452 2945 nos
2482 2892 2654 2945 divina
2690 2895 2854 2960 pietas
2878 2904 2926 2946 et
2950 2893 3147 2948 Christi
3177 2892 3545 2949 misericordia
3576 2910 3634 2949 ut

2066 2961 2259 3028 aliquid
2280 2960 2345 3013 de
2364 2962 2522 3015 rebus
2542 2972 2754 3030 nostris,
2772 2976 2868 3030 pro
2888 2964 3188 3016 redimenda
3214 2965 3410 3018 ultione
3426 2978 3635 3017 nosu‘o-

2068 3043 2182 3081 rum
2215 3031 2572 3095 peccaminum
2628 3029 2852 3084 Domino
2896 3032 3090 3086 oll‘erre
3119 3033 3457 3095 deberemus,
3491 3044 3549 3086 ut
3580 3034 3633 3086 in

2066 3098 2346 3168 diejudicii
2373 3100 2675 3151 misericors
2706 3098 2960 3150 Dominus
3005 3104 3083 3152 vel
3133 3102 3187 3153 in
3238 3102 3630 3168 aliquantulum

2068 3166 2133 3218 de
2163 3165 2363 3218 scelere
2377 3176 2568 3241 nostro
2588 3168 2737 3241 nobis
2760 3168 2996 3241 relaxare
3017 3165 3342 3241 dignaretur,
3366 3172 3633 3225 donamus

2066 3236 2386 3301 compuncto’
2405 3236 2564 3289 corde
2585 3246 2636 3288 et
2657 3238 2847 3291 devoto
2873 3238 3048 3290 animo
3078 3236 3141 3291 ad
3169 3240 3435 3292 basilicam
3463 3244 3631 3304 illaut,

2066 3318 2181 3369 quae
2211 3306 2369 3357 estin
2399 3304 2600 3358 honore
2647 3308 2812 3359 sancti
2864 3306 3007 3359 illius
3054 3318 3356 3362 eortstructa
3410 3309 3461 3363 in
3511 3314 3633 3363 loco

2065 3372 2172 3435 illo,
2207 3374 2306 3427 hoc
2334 3383 2435 3438 est,
2468 3390 2577 3427 rem
2608 3386 2839 3429 nostram
2890 3377 2940 3429 in
2970 3378 3086 3429 loco
3117 3390 3457 3442 nuncupante
3508 3379 3627 3442 illo,

2066 3442 2166 3496 hoc
2195 3454 2296 3507 est,
2325 3446 2376 3495 in
2409 3443 2518 3510 ipsa
2544 3459 2599 3497 rc
2624 3446 2820 3497 mansis
2862 3446 2927 3495 ad
2970 3448 3431 3508 commanendntn,
3466 3452 3630 3499 casti-

2064 3514 2182 3572 ciis,
2201 3512 2567 3579 superpositis,
2595 3514 2750 3565 terris
2772 3513 3082 3577 arahdibus,
3110 3523 3165 3565 ut
3192 3526 3307 3579 post
3331 3518 3470 3567 hunc
3487 3517 3632 3568 diem

2066 3581 2167 3645 ipsi
2221 3581 2467 3651 custodes
2521 3581 2607 3647 qui
2634 3580 2698 3632 ad
2749 3580 3197 3651 ipsumsanclum
3233 3585 3404 3634 locum
3444 3586 3632 3637 deser-

2066 3660 2233 3713 viunt,
2264 3650 2429 3716 ipsam
2459 3651 2584 3715 {rem
2630 3650 2872 3714 superius
2922 3650 3313 3703 denominatam
3376 3654 3629 3717 habeant,

2067 3726 2300 3788 teneant,
2325 3725 2483 3784 atque
2515 3719 2836 3785 possideant,
2859 3723 2937 3772 vel
2967 3722 3209 3788 quicquid
3236 3724 3428 3775 exinde
3456 3724 3637 3776 facere

2074 3786 2356 3860 voluerint,
2384 3789 2598 3860 liberam
2616 3799 2668 3840 et
2698 3786 3052 3860 tirniissimanl
3073 3786 3295 3844 habeant
3314 3802 3635 3860 potestatem

2064 3856 2130 3908 ad
2158 3856 2472 3909 faciendum.
2505 3858 2568 3908 Et
2595 3859 2638 3910 si
2668 3858 2805 3923 quis.

2300 3943 2479 3997 XVIII.
2515 3944 2728 3996 Partum
2755 3946 3014 3998 divisionis
3043 3947 3170 3998 inter
3199 3948 3403 4015 fratres.

2138 4033 2349 4086 Pactum
2383 4034 2657 4086 divisionis
2688 4037 2823 4089 inter
2850 4037 3056 4098 fratres,
3090 4038 3141 4091 id
3171 4049 3291 4091 sunt
3323 4038 3410 4093 ille
3432 4047 3486 4093 et
3515 4040 3631 4104 illo,

2070 4102 2288 4155 heredes
2321 4104 2459 4173 illius
2488 4113 2541 4156 et
2572 4104 2712 4156 illius
2743 4108 3029 4173 quondam,
3055 4108 3275 4173 qualiter
3300 4121 3357 4162 se
3381 4110 3447 4163 de
3468 4102 3633 4161 ainde

2067 4185 2247 4243 eorum
2283 4172 2516 4243 dividere
2547 4176 2625 4226 vel
2660 4172 2939 4241 exaequare
2982 4172 3257 4230 deberent.
3284 4180 3431 4243 Quod
3477 4180 3547 4231 ita
3582 4188 3636 4231 et

2069 4242 2324 4313 leccrunt.
2362 4241 2459 4293 Per
2491 4257 2646 4313 quem
2678 4245 2879 4311 accepit
2920 4246 2994 4297 vir
3022 4241 3327 4313 magniﬁcus
3362 4250 3450 4300 ille
3481 4261 3637 4300 nian-

2067 4322 2181 4384 sum
2206 4311 2371 4384 illum
2422 4312 2616 4384 inloco
2662 4324 2995 4380 nuncupante
3029 4311 3148 4375 illo',
3184 4318 3272 4382 qui
3298 4325 3379 4369 est
3415 4318 3467 4369 in
3495 4330 3635 4384 pago

2068 4378 2178 4439 illo,
2206 4378 2302 4432 hoc
2330 4391 2431 4443 est,
2466 4381 2577 4447 ipse
2609 4396 2823 4435 mansus
2843 4378 3261 4437 rcircuntcinct'us
3280 4426 3293 4447 ,
3328 4400 3443 4437 cum
3471 4378 3633 4439 arbo-

484 4455 699 4505 Domnis
732 4454 927 4505 sanctis
967 4465 1019 4505 et
1054 4456 1357 4520 apostolicis
1412 4469 1472 4507 ac
1500 4454 1883 4507 venerabilibus
1917 4455 1965 4508 in
2003 4446 2046 4504 Ι)
2073 4447 2214 4499 ribus
2244 4458 2295 4502 el
2324 4446 2583 4520 CilSliCliS.
2626 4453 2968 4515 δυβθτβοεὶιίε
2991 4489 3004 4512 9
3025 4454 3191 4520 λιοιῚἹε
3218 4453 3505 4507 arabillbus
3528 4496 3544 4519 9
3583 4465 3636 4508 οι

412 4522 623 4575 (Ξιιιθδιο
652 4523 906 4584 Patribus,
938 4524 1167 4589 regibus,
1226 4524 1527 4584 comitibus,
1560 4522 1839 4589 episcopis,
1874 4527 1965 4576 nb-

416 4592 643 4652 liatibtrs,
674 4592 1053 4653 sacerdotibus,
1076 4590 1301 4653 clericis,
1326 4593 1407 4642 vel
1431 4593 1571 4643 omni
1600 4594 1790 4659 popqu
1812 4592 1966 4644 Chri-

414 4664 586 4713 stiano
618 4662 699 4727 qni
734 4660 783 4713 in
835 4660 1188 4713 Itonianorum
1242 4660 1321 4712 vel
1354 4660 1813 4727 Longobardorum
1845 4676 1969 4728 pro.

414 4730 597 4782 vinciis
628 4732 732 4783 Ileo
756 4731 1007 4789 serviunt,
1036 4740 1137 4782 tant
1174 4730 1222 4781 in
1275 4730 1611 4783 monasteriis
1659 4744 1809 4796 quam
1841 4734 1966 4784 etin

413 4800 641 4861 civitate,
672 4814 760 4851 seu
791 4815 880 4865 per
907 4815 1084 4868 pagos,
1121 4802 1200 4852 vel
1261 4813 1352 4864 per
1402 4799 1563 4861 vicos,
1623 4812 1720 4865 ego
1774 4800 1823 4851 in
1879 4800 1967 4853 Dci

417 4870 623 4919 noniine
656 4870 741 4919 ille
770 4872 935 4933 major
965 4876 1170 4920 domus.
1217 4870 1511 4934 Cognoscat
1543 4868 1843 4935 magnitudo
1873 4884 1967 4922 seu

416 4947 467 4985 l-t
492 4939 741 4986 sanctitas
776 4946 945 4987 vestra
972 4939 1107 5002 quod
1142 4940 1237 4991 iste
1260 4937 1420 4990 frater
1448 4946 1628 4990 noster
1659 4952 1847 4991 nomen
1876 4940 1964 4992 ille

418 5007 650 5055 serviens
680 5013 850 5055 vester
882 5007 1026 5071 petiit
1057 5006 1208 5057 nobis
1252 5017 1305 5057 ut
1359 5006 1422 5058 ad
1484 5007 1749 5059 basilicam
1799 5009 1965 5060 sancti

421 5074 557 5125 l’ett-i
592 5076 756 5139 patris
787 5075 943 5125 vestri
978 5090 1069 5139 pro
1098 5076 1207 5128 suis
1238 5076 1405 5142 culpis
1436 5076 1519 5129 vel
1552 5092 1644 5142 pro
1671 5088 1845 5129 nostra
1866 5086 1969 5127 sta-

489 5214 511 5237 ει
542 5205 725 5257 Cautio
769 5216 847 5257 est
876 5207 939 5257 ab
960 5222 1023 5259 eo
1060 5207 1188 5260 facta
1242 5210 1349 5275 qui,
1404 5222 1521 5258 cum
1578 5221 1686 5257 rem
1738 5207 1966 5275 aliquam

418 5276 812 5327 custodiendam
861 5279 1195 5340 suscepiSsel,
1249 5291 1470 5339 eantque
1529 5284 1707 5340 postea
1738 5274 1857 5325 dolo
1891 5278 1968 5327 vel

421 5346 604 5406 inputa
630 5346 877 5395 amissam
904 5359 997 5395 nec
1023 5356 1297 5397 restituere
1332 5351 1522 5408 potest,
1550 5358 1643 5393 nec
1666 5344 1967 5396 {estimatio-

421 5427 536 5475 nem
571 5422 836 5478 pt-rcstare,
870 5414 1081 5462 domino
1128 5417 1200 5466 rei
1246 5428 1301 5465 se
1356 5415 1523 5477 ipsum
1572 5411 1749 5472 tradit,
1795 5412 1854 5463 ut'
1878 5429 1970 5479 pro

419 5494 570 5531 ειιινσι
593 5484 839 5549 deinceps
880 5482 1147 5532 habeatur.
1196 5482 1621 5547 Ideoquecantio
1641 5483 1706 5530 de
1738 5482 1968 5537 clavibus

420 5548 627 5609 dicitur,
653 5548 884 5617 qtiia’pcr
907 5553 1128 5600 clavmtn
1161 5552 1490 5602 traditionem
1524 5562 1605 5599 tes
1628 5565 1743 5612 qua!
1768 5552 1814 5601 in
1843 5554 1965 5604 hor-

424 5632 511 5665 reo
538 5623 612 5670 vel
660 5624 873 5673 cellario
904 5620 1301 5673 centincliautur
1351 5621 1729 5671 (ξοιηιιιριιιιίιιω
1779 5623 1822 5673 ei
1856 5622 1966 5675 Iuc-

423 5698 554 5736 r.i.it.
588 5690 724 5740 lacu.

2070 4529 2280 4569 camera.
2326 4518 2490 4589 bimili
2536 4520 2691 4570 modo
2738 4522 2818 4570 vir
2865 4518 3169 4589 magniﬁcus
3197 4522 3283 4575 ille
3320 4518 3535 4589 accepit
3556 4526 3625 4575 ad

2069 4600 2199 4659 opus
2229 4602 2379 4639 suum
2426 4587 2587 4659 alium
2633 4600 2873 4659 mansum
2906 4588 2956 4640 in
3001 4590 3115 4641 loco
3145 4587 3475 4659 nuncupante
3504 4594 3515 4643 i
3543 4596 3627 4653 Io,

2069 4656 2154 4720 qui
2185 4666 2267 4707 est
2298 4659 2345 4706 in
2381 4670 2511 4721 pago
2542 4656 2651 4715 illo,
2684 4653 2734 4705 in
2765 4654 2780 4688 ί
2814 4666 3035 4711 centena
3062 4659 3145 4711 illa
3166 4701 3179 4721 ,
3213 4653 3447 4724 lloc'esu
3483 4666 3627 4726 quod

2068 4727 2312 4790 superius
2343 4726 2587 4783 dtxnnus,
2634 4739 2869 4777 mansum
2900 4729 3327 4779 circunicinclum
3349 4765 3365 4787 ,
3392 4743 3511 4779 cum
3542 4744 3632 4780 ar-

2069 4792 2283 4844 boribus
2311 4802 2364 4843 et
2392 4793 2625 4862 castieia,
2660 4800 3014 4862 superposita,
3049 4807 3201 4847 terra
3229 4798 3539 4859 araliihbns,
3580 4809 3631 4851 «ιι

2069 4873 2255 4913 (εωιειει
2278 4900 2290 4922 ,
2322 4861 2403 4931 vel
2450 4863 2694 4927 tpticquid
2749 4878 2867 4928 pars
2914 4874 3095 4915 contra
3130 4878 3305 4929 parent
3346 4880 3500 4917 suum
3535 4884 3633 4931 per

2070 4930 2433 5002 anitialentiam
2468 4944 2599 4983 inter
2643 4947 2698 4985 se
2731 4934 3048 4991 diviserunt,
3090 4937 3287 4997 alisque
3318 4936 3419 4984 ulla
3469 4930 3628 5002 repe-

2078 4998 2259 5050 titione
2287 5001 2365 5049 vel
2398 5002 2770 5054 reclatnatione
2797 5006 2894 5070 hoc
2917 5003 3162 5061 habeant,
3198 5008 3425 5070 teneant,
3463 4998 3627 5070 possi-

2070 5069 2247 5131 deant,
2284 5072 2363 5121 vel
2390 5073 2633 5137 quIanid
2657 5072 2846 5123 exinde
2870 5068 3043 5121 facere
3066 5069 3343 5135 voluerint,
3377 5068 3543 5127 libera
3579 5092 3625 5127 ιιι

2141 5199 2165 5235 b
2198 5197 2438 5262 Granico,
2472 5203 2689 5260 horrea;
2725 5214 2752 5249 a
2788 5211 2967 5265 grano,
3026 5200 3162 5256 unde
3212 5211 3265 5255 et
3312 5219 3409 5256 nos
3469 5205 3627 5258 hodie

2069 5270 2305 5335 granaria
2332 5270 2572 5319 dicimus.
2601 5271 2671 5316 In.

2140 5351 2159 5375 ε
2192 5336 2397 5396 Vitalia,
2426 5338 2571 5387 nobis
2597 5334 2884 5389 viclttui/li's.

2141 5405 2163 5501 Id
2194 5404 2281 5457 Sic
2284 5419 2658 5503 .CUH‘CXIIIIUS,
2695 5408 2778 5457 ubi
2824 5408 2959 5461 male
3006 5416 3161 5461 antea
3192 5411 3458 5479 legebatur
3487 5428 3624 5466 itau-

2070 5484 2199 5526 mm.

2143 5554 2165 5577 θ
2200 5542 2455 5602 Marculi.,
2489 5544 2709 5608 append.
2752 5560 2799 5598 c.
2836 5546 2920 5598 It).

2146 5610 2160 5645 ί
2202 5612 2483 5747 ;;tii'iii;;itli;s
2517 5616 2563 5660 in
2597 5625 2845 5668 centenas
2875 5615 3137 5671 distributi
3182 5627 3329 5671 crant
3361 5617 3617 5685 (Capiznt.

2146 5721 2153 5745 ,
2186 5698 2229 5728 ‹·.
2376 5721 2381 5727 .
2462 5696 2556 5731 ιω.

2073 5698 2153 5747 ιιι,
2186 5698 2229 5728 ‹·.
2280 5686 2296 5728 1
2344 5686 2381 5747 ).
2421 5686 2556 5731 Ιὶιω.
