3848 6234
527 346 616 400 8H

1466 338 1554 392 AD
1594 336 1932 393 MARCULFI
1974 335 2335 393 FORMULAS
2375 337 2711 393 APPENIHX

3609 341 3711 390 SI!

526 463 697 525 possm
723 498 737 515 ,
783 451 1023 519 quicquid
1070 450 1167 525 dici
1214 458 1301 502 aut
1348 449 1601 525 nominari
1632 459 1798 512 potest
1827 451 1876 525 in
1906 464 2059 525 supra
2094 452 2131 505 Α
2164 458 2352 525 cupan
2380 450 2453 502 ill.
2489 464 2644 517 super
2673 450 2826 504 fluvio
2858 450 2929 503 ill.
2960 460 3014 504 et
3040 452 3091 504 in
3115 451 3217 525 alio
3248 453 3363 525 loco
3394 454 3478 518 qui
3510 452 3713 525 dicitur

529 518 816 582 memorato
847 518 971 587 pago
1003 523 1081 573 vel
1130 522 1239 571 loco
1268 534 1422 584 supra
1467 520 1751 584 nominato,
1789 518 1865 569 vel
1889 518 2063 585 utique

531 602 596 649 de
623 592 932 659 supradictis
985 589 1306 659 portionibus
1355 597 1530 639 tenore
1553 588 1708 659 visus
1737 600 1870 645 smn,
1897 596 2059 638 totum

526 678 577 717 ot
603 664 665 715 ad
692 655 959 727 integrum
992 655 1027 709 a
1076 658 1162 727 die
1206 664 1462 719 prresente
1496 655 1563 727 ad
1591 657 1695 727 jam
1720 668 2058 707 memoratum

530 724 898 784 monasterium
929 727 1007 780 vel
1038 726 1100 776 ad
1130 726 1269 788 ipsos
1309 726 1587 775 monachos
1617 724 1685 775 ibi
1713 728 2061 778 consistentes

530 800 899 867 perpetualiter
927 796 1077 867 trado
1106 801 1261 867 atque
1292 791 1595 867 transfundo
1621 791 1689 843 de
1716 806 1833 843 meo
1859 790 1978 867 jure

527 860 706 923 eorum
734 866 1146 919 dominationem
1177 862 1237 911 ad
1282 861 1672 924 possidendum,
1724 868 1781 910 ut
1816 860 2057 925 quicquid

526 954 552 989 a
579 940 663 991 die
707 944 960 1002 pratsente
1009 930 1193 1002 exinde
1238 929 1403 1002 facere
1438 929 1727 993 voluerint,
1762 926 1974 1002 liberam
2000 944 2058 981 ac

528 996 873 1059 liriiiissiinaiii
907 1002 957 1051 in
987 1001 1222 1051 omnibus
1266 997 1485 1049 habeant
1523 1004 1831 1063 putestatem
1861 996 2054 1049 facien-

525 1079 592 1127 (ιὶ,
637 1076 690 1128 Si
722 1072 834 1137 quis
881 1083 1020 1129 vero,
1055 1067 1186 1135 quod
1230 1067 1338 1117 ﬁeri
1371 1067 1692 1137 noui-reda,
1715 1065 1771 1137 in
1805 1065 2055 1137 futurum,

525 1147 634 1198 sive
661 1134 757 1207 ego
778 1142 921 1207 ipse,
958 1146 1045 1188 aut
1072 1137 1207 1207 nllus
1231 1140 1295 1187 de
1338 1136 1614 1207 heredibus
1644 1134 1724 1185 vel
1757 1135 2057 1207 prolicredif

527 1215 622 1263 lius
652 1202 814 1273 meis,
859 1208 944 1257 aut
972 1207 1074 1257 ulla
1102 1205 1290 1255 emissa
1324 1204 1400 1254 vel
1434 1202 1667 1269 opposita
1695 1217 1943 1267 persona,
1977 1203 2055 1255 vel

496 1282 771 1347 ,quislibet
794 1317 807 1337 ,
853 1276 937 1342 qni
978 1284 1156 1347 contra
1189 1273 1320 1347 lianc
1359 1275 1645 1347 cessimiem
1679 1284 1866 1347 meam,
1900 1284 2054 1347 quam

528 1339 624 1408 σῖρο
654 1352 780 1400 bona
812 1339 1076 1396 voluntate
1107 1342 1214 1392 fieri
1244 1350 1294 1408 e_t
1324 1339 1598 1392 adfirmare
1627 1341 1819 1404 rogavi,
1852 1339 2054 1401 venire,

528 1401 698 1481 πέντε,
730 1424 816 1466 aut
847 1415 1101 1465 resultare
1124 1424 1147 1471 ,‘
1184 1401 1878 1481 vel'quiliu~cunque'modis
1910 1422 2054 1471 repe-

527 1476 636 1537 tero.
672 1476 759 1537 aut
802 1482 1095 1547 iub-angere
1141 1487 1356 1547 conatus
1381 1477 1571 1547 fuerit,
1617 1490 1710 1529 nec
1751 1476 1858 1547 _|ioc
1894 1481 2059 1528 valeat

526 1557 787 1607 vindicare
842 1544 996 1616 quod'
1033 1546 1238 1610 repetit,
1286 1556 1337 1598 et
1378 1544 1863 1616 iiisiiperpartibus
1902 1558 2055 1616 supra

526 1620 796 1676 memorati
821 1613 1119 1671 monasterii
1146 1616 1221 1666 vel
1264 1613 1527 1667 monachis
1550 1614 1617 1666 ibi
1640 1614 2057 1666 consistentibus

522 1694 733 1758 duplum
782 1696 977 1758 tantum
1012 1694 1271 1753 quantum
1303 1684 1424 1748 ipsa:
1463 1697 1546 1758 res
1576 1698 1639 1734 eo
1672 1692 1905 1758 tempore
1934 1695 2053 1758 line-

525 1750 721 1813 Iioratze
760 1757 1017 1808 valuerint
1042 1750 1355 1817 componat,
1408 1760 1461 1802 et
1498 1752 1707 1817 insuper
1760 1753 1901 1802 socio
1930 1750 2056 1801 lisco

524 1830 681 1882 multa
734 1826 845 1879 auri
897 1825 1077 1875 libi-ain
1122 1835 1273 1872 uuam
1319 1828 1531 1871 coactus
1575 1818 1835 1878 exsolvat,
1870 1829 1921 1870 et
1948 1818 2058 1870 hazc

522 1899 690 1950 cessio
733 1892 872 1946 omni
920 1903 1156 1954 tempore
1178 1890 1325 1940 lirma
1369 1898 1687 1954 permaneat,
1720 1886 2058 1954 stipulatione

522 1969 775 2019 subnexa.
819 1964 1000 2014 Actum
1037 1960 1149 2010 loco
1176 1958 1285 2009 illo.

852 2088 1033 2143 XVIII.
1078 2086 1293 2139 Domitio
1320 2086 1388 2138 ad
1412 2080 1593 2138 casam»
1614 2084 1730 2139 Dei.

596 2185 682 2237 llle
711 2184 842 2236 liene
882 2178 1136 2247 possidet,
1159 2193 1241 2231 res
1282 2179 1331 2229 in
1356 2178 1532 2231 seculo
1559 2177 1647 2245 qui
1677 2177 1773 2231 sibi
1805 2176 1869 2232 de
1893 2184 2055 2232 terre-

524 2257 603 2308 nis
624 2269 713 2307 seu
740 2254 806 2305 de
832 2246 1042 2303 caducis
1068 2246 1224 2299 reb‘us
1256 2256 1523 2314 comparat
1548 2247 1762 2313 pra‘inia
1789 2248 2058 2314 sempiter-

524 2340 608 2375 na.
648 2324 973 2386 Quaproiiter
1016 2330 1114 2386 ego
1158 2316 1222 2386 in»
1256 2313 1344 2366 Dei
1396 2318 1604 2386 nomine
1635 2318 1973 2386 illetnecnon
2004 2326 2056 2369 et

520 2384 711 2456 cunju’x
756 2384 888 2443 mea.
936 2384 1095 2456 ambo
1119 2384 1311 2449 pariter
1336 2384 1621 2456 COgitantes
1658 2384 1725 2435 de
1759 2384 1846 2436 Dei
1871 2384 2056 2456 timore

523 2450 827 2511 vela-terna
868 2453 1236 2513 retributione,
1270 2459 1541 2516 prOptvrea
1571 2450 1826 2503 donamus
1848 2491 1862 2514 ,
1896 2453 2055 2503 tradi-

525 2542 643 2580 mus
671 2525 869 2590 aliqnas
898 2535 980 2573 res
1009 2527 1214 2590 no-tras
1242 2520 1304 2579 ad
1340 2522 1708 2590 monasterium
1752 2520 1887 2586 quod
1920 2522 2050 2572 dici-

523 2607 604 2648 tur
633 2595 732 2658 illi,
759 2588 895 2657 quod
938 2589 1231 2642 dedicatum
1262 2602 1376 2658 esse
1404 2588 1694 2658 dinoscitur
1722 2590 1770 2641 in
1802 2592 2051 2641 lionnreui

520 2667 684 2717 sancti
718 2656 854 2715 illius
879 2701 893 2726 ,
940 2660 1033 2710 ubi
1074 2656 1382 2709 venerabilis
1406 2657 1482 2708 vir
1504 2657 1589 2709 ille
1616 2668 1785 2710 rector
1832 2673 2055 2723 praeesse

521 2733 743 2785 videtur.
810 2729 1070 2781 Dunanius
1111 2726 1267 2791 igitur
1312 2735 1363 2777 et
1409 2726 1653 2777 donatum
1705 2727 1752 2777 in
1806 2739 2053 2791 perpetuo

519 2814 634 2851 esse
674 2799 951 2861 volumus,
1004 2797 1099 2847 hoc
1148 2804 1248 2856 est,
1292 2794 1340 2845 in
1376 2808 1503 2860 pago
1541 2794 1613 2846 ill.
1654 2806 1947 2859 nuncupato
1980 2800 2048 2850 ill.

485 2866 677 2919 alluvio
727 2868 802 2918 ill.
860 2878 1066 2916 mansos
1126 2873 1317 2926 tantos,
1345 2878 1482 2922 _cum
1528 2862 1822 2915 hoininilius
1863 2865 2051 2917 ibidtﬂll

523 2933 971 2989 i-ommanentibus
997 2931 1077 2983 vel
1114 2932 1478 2993 asiiicientibus
1500 2931 1572 2981 ill.
1608 2931 1685 2981 vel
1714 2931 1786 2982 ill.
1816 2947 1931 2985 cum
1959 2932 2053 2984 do-

521 3006 728 3066 mibus,
777 3001 1040 3059 aediliciis,
1087 3000 1346 3050 curtifcris
1373 3039 1385 3059 ,
1433 3013 1550 3051 cum
1592 2999 1804 3060 wadris,
1833 3002 2050 3063 campis,

531 3076 693 3137 'erris,
725 3080 829 3121 tam
855 3070 1005 3121 eultis
1019 3083 1168 3132 quam
1194 3079 1246 3137 et
1275 3068 1511 3137 incultis,
1539 3066 1702 3137 silvis,
1736 3066 1913 3131 pratis,
1954 3081 2045 3133 pa-

526 3135 684 3204 *cnis,
718 3138 994 3195 l'ariuariis,
1025 3153 1141 3187 cum
1191 3136 1360 3195 inviis,
1411 3135 1618 3204 perviis,
1678 3138 1845 3199 aquis,
1879 3151 2049 3202 aqua-

526 3206 1104 3277 rmuquetliscursibns,
1126 3204 1401 3277 mobilibus
1429 3212 1479 3255 et
1514 3203 1887 3266 immobilibus,
1916 3221 2045 3277 prse-

524 3274 686 3340 sidiis,
745 3276 977 3344 peculiis,
1032 3274 1299 3340 peioribus
1327 3312 1341 3335 ,
1389 3286 1541 3344 omne
1587 3281 1637 3324 et
1680 3288 1742 3325 ex
1785 3275 2044 3335 omnibus,

522 3341 762 3412 quicquid
814 3346 864 3394 in
905 3344 1016 3408 ipso
1066 3345 1178 3393 loco
1207 3348 1377 3412 nostra
1410 3341 1608 3393 videtur
1646 3356 1759 3394 esse
1789 3347 2047 3408 possessio

525 3410 604 3467 vel
652 3410 968 3471 dominatio,
1021 3423 1126 3461 rem
1177 3410 1506 3475 exquisitam,
1556 3419 1711 3461 totam
1741 3422 1791 3462 et
1817 3412 1878 3461 ad
1912 3413 2044 3463 inte-

526 3497 694 3555 giuin.
733 3478 932 3555 tam_de
960 3478 1111 3529 alode
1160 3492 1312 3554 quam
1339 3478 1511 3555 lende
1538 3489 1836 3555 cqiiiparato
1866 3494 1956 3555 seu
1985 3484 2048 3532 de

528 3545 754 3615 quolibet
797 3548 1063 3615 adtracm,
1112 3546 1348 3615 quicquid
1379 3545 1441 3596 ad
1468 3560 1564 3615 nos
1590 3545 1781 3615 ibidem
1816 3548 2047 3599 noscitur

528 3614 826 3684 pervenisse
849 3653 865 3678 ,
915 3614 978 3663 de
1022 3614 1200 3684 iiostro
1223 3614 1337 3684 jure
1369 3615 1419 3664 in
1464 3614 1545 3684 ius
1571 3614 2047 3684 etgdomiuationein

525 3681 626 3754 iam
655 3686 778 3737 dicti
805 3683 1116 3754 monasterii
1158 3695 1247 3748 per
1281 3681 1410 3733 banc
1444 3682 1732 3754 chartulam
1760 3682 2051 3754 donationis

524 3748 632 3807 sive
662 3768 751 3820 per
791 3753 1037 3804 festucam
1083 3760 1236 3820 atque
1261 3764 1350 3816 per
1378 3750 1720 3816 andelaugum
1748 3764 1774 3800 a
1805 3748 2050 3820 die‘praz-

525 3771 632 3807 sive
662 3768 751 3820 per
791 3765 1037 3804 Iestucam
1083 3765 1236 3870 argue
1261 3765 1350 3816 per
1378 3765 1720 3816 anoeiaugum
1748 3765 1774 3800 a
1805 3765 1889 3801 uie
1919 3765 2047 3816 pra:-

525 3834 671 3875 sente
713 3823 1005 3879 donamus,
1052 3829 1126 3872 tra
1171 3821 1323 3877 intus,
1377 3830 1531 3886 atque
1580 3818 1948 3884 perpetualiter
1996 3822 2047 3873 in

528 3891 765 3941 omnibus
796 3887 1227 3939 translirinamus.
1290 3888 1341 3938 lu
1371 3903 1432 3940 ea
1468 3902 1587 3939 vero
1614 3889 1813 3939 ratione
1846 3894 1900 3939 ut
1931 3904 2048 3955 pars

532 3958 760 4023 ιιι-διαιριὶ
792 3955 1087 4007 monasterii
1133 3956 1196 4023 ab
1244 3955 1338 4004 hac.
1375 3957 1457 4008 die
1489 3956 1587 4008 lioc
1616 3956 1818 4021 habeat,
1855 3968 2046 4021 teneat,

528 4022 687 4091 atque
734 4023 1025 4090 possideat,
1069 4022 1157 4091 vel
1181 4024 1417 4087 quicquid
1460 4023 1648 4091 exinde
1677 4023 1848 4075 facere
1875 4028 2052 4078 volo:-

527 4089 611 4154 rit,
651 4089 863 4145 liberam
916 4106 976 4141 ac
1029 4089 1396 4153 firmissimam,
1448 4089 1655 4142 Cluisto
1706 4095 1949 4157 propitio,
1998 4092 2048 4145 iu

528 4164 769 4215 omnibus
814 4160 999 4217 habeat
1049 4168 1376 4222 potestatein.
1443 4160 1507 4211 Et
1554 4160 1596 4209 si
1641 4160 1755 4219 quis
1786 4161 2048 4223 deinceps,

527 4234 662 4299 quod
699 4232 924 4299 luturuni
982 4244 1098 4299 esse
1148 4242 1248 4299 non
1278 4225 1581 4299 credimus,
1634 4227 1678 4299 si
1708 4228 2047 4299 nosmetipsi,

529 4296 665 4364 quod
696 4298 851 4359 absit,
882 4306 972 4347 aut
997 4298 1129 4348 ullus
1158 4296 1401 4360 quislibet
1430 4298 1493 4351 de
1524 4296 1801 4347 heredibus
1834 4300 2045 4361 nostris,

527 4381 615 4420 Seu
648 4366 749 4417 ulla
773 4365 1012 4431 qumlibrt
1052 4374 1295 4416 extranea
1334 4379 1552 4431 persona
1591 4376 1770 4416 contra
1804 4366 1935 4416 hanc
1958 4365 2049 4416 do-

530 4436 793 4487 nationem
844 4446 1021 4483 venire
1047 4443 1132 4481 aut
1161 4446 1274 4481 eam
1302 4434 1601 4483 calumniari
1638 4433 2046 4501 prazsiin'ipserit,

528 4506 569 4555 si
596 4519 651 4555 se
682 4502 870 4555 exinde
911 4514 1013 4551 non
1042 4502 1347 4562 correxerit,
1380 4514 1407 4550 a
1431 4501 1697 4552 liminibus
1726 4515 1920 4553 saucia:
1946 4504 2044 4554 Ec-

531 4572 702 4622 clesiae
727 4569 1205 4622 exconimuuicatus
1233 4575 1284 4618 et
1324 4578 1675 4631 sequestraius
1706 4581 1970 4635 appareat,
2001 4580 2055 4623 et

534 4642 751 4705 insuper
786 4647 903 4689 ante
946 4637 1166 4688 tribunal
1194 4635 1387 4705 illiristi
1434 4636 1528 4686 hac
1558 4635 1621 4687 de
1648 4650 1801 4687 causa
1832 4653 1889 4690 se
1913 4639 2052 4705 judi-

530 4717 699 4758 catum
742 4704 805 4755 iri
843 4714 1138 4770 cegiioscat.
1176 4704 1268 4755 Cui
1312 4718 1433 4756 vero
1466 4704 1772 4754 calumniam
1806 4704 2051 4769 intulerit,

529 4778 638 4827 auri
668 4772 845 4825 uncias
875 4781 1000 4822 tant.
1041 4773 1239 4836 argenti
1286 4772 1442 4824 libras
1483 4780 1610 4822 tant.
1657 4784 1865 4824 coaetus
1892 4778 2055 4825 exsol-

530 4854 632 4907 vat,
665 4851 716 4895 et
745 4842 880 4907 quod
928 4848 1113 4905 repetit
1160 4841 1299 4892 nullo
1348 4841 1498 4892 modo
1528 4840 1825 4891 eviudiCare
1854 4856 2051 4906 prceva-

533 4916 633 4964 lcat
658 4928 672 4974 ;
701 4911 789 4962 sed
827 4922 1053 4973 prmscus
1102 4910 1309 4960 donatio
1336 4911 1444 4960 Inec
1480 4920 1669 4960 nostris
1708 4919 1759 4959 et
1790 4910 1937 4960 nobis
1965 4924 2051 4959 ro-

530 4982 766 5047 gantibus
832 4980 1085 5047 bonorum
1162 4979 1425 5047 hominum
1490 4980 1726 5028 inanibus
1790 4980 2051 5039 roborata,

530 5044 744 5114 Quorum
778 5050 984 5097 nomina
1014 5044 1087 5095 vel
1134 5044 1391 5108 signacula
1422 5050 1595 5096 subter
1620 5056 1857 5097 tenentur
1886 5049 2054 5097 inser-

535 5128 604 5181 ta,
639 5114 966 5178 stipulatione
996 5124 1169 5163 nostra
1201 5114 1383 5175 posita,
1411 5114 1655 5166 diuturno
1682 5125 1915 5181 tempore
1943 5133 2048 5166 ιιιιι-

532 5193 654 5237 neat
680 5183 997 5233 inconvulsa.
1026 5187 1227 5232 Actum.
1263 5186 1323 5231 ιι
1352 5184 1571 5245 teli-qua.

877 5286 1007 5338 XIX.
1052 5289 1283 5342 l’recaria
1312 5292 1374 5341 ad
1404 5306 1566 5341 casum
1600 5288 1711 5341 Dci.

602 5388 821 5441 Domino
850 5382 1127 5437 venerabili
1153 5392 1203 5433 et
1232 5382 1282 5441 in
1308 5380 1511 5433 Christo
1546 5380 1673 5445 patri
1708 5378 1780 5431 ill.
1809 5383 2051 5449 episcopo

530 5458 594 5509 ιιρ
622 5452 1065 5509 ηιοηῃειετίοοιιιυ,
1104 5452 1238 5513 quod
1270 5458 1348 5499 est
1376 5457 1731 5509 Constructum
1778 5450 1905 5499 infra
1938 5468 2045 5502 niui

532 5532 616 5577 ros
646 5527 779 5575 illius
822 5522 1047 5575 civitatis
1092 5516 1236 5583 juxta
1283 5520 1490 5567 lluvium
1520 5517 1596 5567 ill.
1631 5525 1731 5569 etc.
1772 5517 1929 5583 Igitur
1956 5536 2051 5583 ego

532 5592 580 5642 in
606 5593 690 5643 Dei
716 5593 925 5643 nomine
952 5592 1058 5641 ille.
1100 5588 1228 5637 Dotn
1257 5598 1354 5635 nou
1382 5595 1459 5636 est
1490 5588 1797 5652 incognitum
1831 5590 2053 5651 qualiter

534 5674 734 5712 onmem
767 5674 874 5711 rem
909 5659 1162 5726 portiouis
1192 5666 1317 5706 mea:
1362 5653 1411 5703 in
1444 5668 1571 5721 pago
1598 5658 1670 5707 ill.
1699 5658 1748 5711 in
1776 5653 1891 5708 loco
1921 5672 2053 5708 iiun-

2111 541 2121 549 -
2164 518 2235 569 ill.
2294 519 2341 569 id
2390 528 2468 572 est
2518 534 2727 572 mansos
2769 530 2957 576 tantos.
3002 535 3118 572 cum
3148 521 3413 585 domibus,
3446 522 3711 579 aediliciis,

2159 586 2450 650 curtiferis,
2503 602 2623 639 cum
2676 589 2882 649 wadris,
2938 590 3125 651 silvis,
3188 591 3343 642 terris
3391 591 3709 645 arabilihus.

2158 654 2373 721 campis,
2406 657 2587 722 pratis,
2622 658 2847 722 pascuis,
2873 672 2989 708 cum
3020 656 3189 720 inviis,
3220 659 3438 724 perviis,
3471 668 3523 711 et
3554 675 3711 709 man-

2157 724 2308 786 cipiis
2374 725 2562 777 ibidem
2617 728 3065 779 comnianeutilitts
3124 727 3203 778 vel
3256 728 3707 789 adspicientibns.

2194 804 2557 860 uantacunque
2608 795 2657 844 in
2708 792 2832 859 ipsis
2870 794 2997 847 locis
3044 809 3156 848 mea
3191 796 3285 847 fuit
3314 796 3582 861 possessio
3625 797 3709 847 vel

2156 807 2476 912 dominatio.
2531 860 2675 912 vobis
2719 864 2781 912 ad
2830 863 2995 912 ipsum
3044 868 3416 912 inonasmiium
3456 864 3709 912 superius

2194 863 2476 923 ominatio,
2531 860 2675 913 vobis
2719 864 2781 912 ad
2830 863 2995 925 ipsum
3044 860 3416 917 inonasmiium
3456 864 3711 929 superius

2159 933 2479 1001 nominatum
2524 932 2587 1001 ad
2633 945 2764 994 opus
2796 932 2962 983 sancti
2992 932 3065 984 ill.
3122 932 3310 985 tradidi
3342 944 3498 1001 atque
3524 944 3710 984 trans-

2158 998 2400 1068 firniavi.
2436 998 2534 1049 Sed
2582 1010 2754 1065 postea
2805 1015 2917 1050 mea
2951 1000 3044 1052 fuit
3069 1003 3272 1068 petitio,
3306 1011 3358 1054 et
3386 998 3559 1054 vestra
3596 1019 3704 1051 non

2156 1066 2428 1131 denegavit
2476 1068 2733 1126 voluntas,
2760 1078 2814 1118 iit
2856 1070 3018 1132 ipsam
3064 1066 3212 1131 rein,
3265 1070 3383 1122 dum
3427 1071 3708 1129 advixero,

2159 1149 2250 1198 per
2278 1144 2506 1206 vestrum
2544 1135 2865 1206 beneficium
2893 1139 3279 1191 usufructuario
3332 1140 3455 1190 milii
3497 1141 3708 1206 prmsti-

2158 1206 2350 1255 tisselis
2376 1204 2438 1255 ad
2471 1204 2681 1256 habere.
2740 1205 2885 1267 Quod
2910 1206 2976 1257 ita
3006 1218 3055 1259 et
3080 1207 3297 1260 fecistis.
3339 1204 3509 1259 Simili
3540 1209 3702 1259 etiam

2158 1274 2311 1342 modo
2336 1274 2560 1338 evpctlvi
2597 1288 2622 1323 a
2659 1272 2804 1324 vobis
2827 1275 3049 1341 aliquam
3094 1292 3202 1327 rem
3230 1286 3455 1328 vestram
3488 1280 3535 1327 in
3569 1292 3709 1342 pago

2158 1340 2267 1410 illo,
2299 1342 2349 1392 iu
2383 1342 2496 1393 loco
2529 1350 2824 1405 nuncupato
2848 1340 2925 1393 ill.
2946 1357 3102 1410 super
3129 1344 3286 1397 ﬂuvio
3316 1346 3420 1409 illo,
3447 1340 3593 1397 illam
3628 1345 3704 1397 ti-

2156 1408 2345 1460 ilelieet
2384 1424 2492 1461 rem
2541 1423 2694 1471 quam
2718 1412 2982 1475 quondam
3014 1408 3109 1465 ille
3156 1416 3311 1466 homo
3341 1408 3431 1476 per
3462 1426 3704 1466 vestrum

2157 1476 2465 1530 benclicium
2519 1489 2696 1529 tenere
2743 1478 2882 1529 visus
2928 1491 3026 1542 est,
3074 1491 3126 1531 ut
3151 1496 3263 1533 eam
3297 1484 3421 1533 mibi
3459 1484 3513 1533 in
3547 1499 3708 1534 nsum

2156 1546 2446 1616 concedere
2498 1546 2860 1616 dignaremini.
2910 1550 2971 1599 Et
2997 1564 3089 1616 pro
3112 1550 3224 1615 ipso
3248 1565 3343 1602 usu
3371 1554 3573 1603 ccusivi
3611 1567 3710 1602 vo-

2156 1614 2239 1665 bis
2268 1616 2419 1666 annis
2466 1615 2685 1681 singulis
2734 1614 3354 1670 deuariosiseusolidos
3400 1628 3603 1680 tantos,
3651 1630 3710 1671 ut

2156 1684 2300 1749 ipsos
2328 1682 2391 1735 ad
2422 1683 2750 1736 festivitatem
2793 1687 2955 1739 sancti
2999 1685 3165 1747 illius,
3196 1686 3281 1739 die
3312 1691 3508 1740 mensis
3538 1688 3706 1749 illius,

2091 1773 2132 1830 Β
2160 1754 2400 1830 exolvere
2450 1755 2712 1830 facerem._
2761 1752 2910 1830 Ethsi
2961 1755 3027 1807 de
3205 1770 3373 1830 censu
3407 1756 3588 1809 tardus
3617 1770 3710 1808 aut

2161 1822 2793 1889 negligensapparuerim,
2822 1824 2973 1875 Iidem
2991 1824 3177 1878 exinde
3200 1824 3407 1884 faciam,
3441 1836 3492 1878 et
3516 1839 3705 1877 contra

2159 1890 2320 1955 ipsam
2351 1905 2523 1943 casam
2559 1890 2647 1942 Dei
2672 1906 2986 1957 componere
3035 1893 3277 1945 debeam.
3342 1896 3406 1947 Et
3434 1898 3516 1947 sic
3546 1895 3708 1947 nobis

2156 1958 2467 2024 complacuit
2502 1968 2656 2025 atque
2696 1961 2937 2011 convenit
2962 1962 3184 2027 ut—ipsas
3208 1976 3291 2014 res
3318 1979 3413 2016 nec
3443 1964 3705 2023 vendere,

2157 2041 2252 2099 nec
2286 2028 2512 2090 donare,
2544 2042 2638 2099 nec
2677 2028 3040 2099 concamliiare
3062 2069 3075 2089 ,
3111 2044 3207 2083 nec
3246 2034 3296 2082 in
3328 2033 3489 2084 ullum
3523 2034 3703 2099 quod-

2155 2096 2283 2149 Iibet
2338 2097 2658 2162 naufragium
2702 2097 2969 2162 imponere
3007 2100 3268 2151 licentiam
3311 2116 3411 2152 non
3453 2096 3705 2161 habeam.

2157 2166 2252 2215 nisi
2284 2175 2515 2229 tantum,’
2543 2166 2663 2217 dum
2694 2166 2971 2228 advixero,
3004 2170 3197 2219 usitare
3222 2177 3275 2220 et
3312 2171 3591 2223 melioraie
3620 2172 3701 2221 fa-

2155 2233 2304 2285 ciam.
2354 2236 2417 2286 Et
2462 2246 2575 2301 post
2622 2250 2790 2286 meum
2840 2250 2903 2289 ex
2957 2236 3191 2289 liacluce
3212 2237 3534 2299 discessum,
3563 2241 3706 2291 titius

2158 2317 2301 2372 meus
2332 2304 2545 2355 nomine
2582 2303 2652 2353 ill.
2695 2306 2743 2355 in
2786 2303 2893 2369 ipsa
2923 2306 3153 2369 precaria
3193 2307 3272 2358 vel
3305 2309 3354 2359 in
3396 2309 3510 2372 ipso
3536 2322 3703 2359 censu

2154 2370 2609 2441 adStare‘d‘ebeat.
2675 2372 2743 2441 At
2794 2382 2907 2438 post
2961 2374 3077 2439 ejus
3122 2370 3581 2441 dieressum'ipsas
3615 2392 3703 2428 res

2156 2454 2273 2491 cum
2306 2439 2448 2492 omni
2476 2439 2823 2505 supraposito,
2879 2443 3119 2507 quicquid
3164 2443 3358 2495 ibidem
3397 2439 3701 2497 adtractum

2155 2508 2622 2580 emelioratumque
2664 2520 2923 2580 repertum
2947 2512 3151 2575 inerit,
3190 2515 3268 2564 vel
3301 2514 3553 2565 transitus
3581 2514 3705 2580 ejus

2155 2578 2342 2629 ibidem
2373 2579 2731 2644 dereliquerit,
2760 2579 2956 2646 absque
2984 2580 3136 2632 ullius
3166 2583 3580 2634 contradictione
3615 2578 3701 2636 vel

2148 2645 2421 2711 iudiciaria
2450 2645 3128 2713 consignatione,revocare
3153 2649 3356 2702 faciatis
3383 2654 3433 2702 in
3466 2663 3702 2704 vestrum

2152 2716 2459 2767 dominium.
2502 2716 2566 2769 Et
2596 2728 2647 2769 ut
2674 2718 2784 2769 hac
2816 2718 3044 2783 precaria
3091 2719 3292 2771 firmior
3321 2718 3599 2783 habeatur,
3636 2724 3703 2774 de

2151 2786 2511 2850 quinquennio
2559 2787 2609 2837 in
2663 2786 3069 2857 quinquennium
3113 2789 3181 2840 sit
3216 2800 3483 2852 renovata,
3517 2802 3702 2857 quate~

2152 2869 2251 2928 nus
2274 2858 2350 2905 sic
2376 2869 2590 2928 semper
2613 2869 2926 2928 permanere
2960 2856 3127 2928 valeat
3160 2860 3207 2907 iu
3231 2856 3496 2919 effectum,
3530 2856 3699 2928 Stipa-

2152 2924 2343 2976 latioue
2375 2924 2701 2990 interposita.
2735 2926 2939 2976 Actum.
2972 2924 3035 2976 Et
3066 2928 3281 2992 reliqua.

2458 3011 2572 3065 XX.
2615 3011 2888 3065 Prwslaria
2937 3014 3015 3067 ad.
3057 3028 3223 3064 casam
3268 3012 3384 3068 Dei.

2222 3101 2331 3168 Ego
2386 3103 2437 3155 in
2482 3101 2573 3154 Dei
2601 3103 2809 3155 nomine
2849 3102 2955 3166 ille,
2979 3104 3109 3154 abba
3140 3106 3206 3157 de
3240 3105 3563 3158 monasterio
3608 3106 3699 3158 illo

2154 3176 2291 3236 quod
2316 3181 2394 3223 est
2424 3181 2778 3223 Constructuin
2811 3172 2860 3223 in
2885 3172 3079 3224 honore
3105 3174 3268 3226 Sancti
3300 3174 3461 3238 illius,
3493 3176 3694 3227 dilectu

2151 3241 2317 3291 amico
2345 3250 2521 3292 nostro
2550 3244 2757 3294 nomine
2796 3240 2869 3294 ill.
2912 3252 2963 3293 et
3012 3246 3157 3293 uxori
3189 3257 3297 3293 su:e
3348 3245 3560 3297 nomine
3617 3245 3691 3295 ill.

2155 3308 2279 3378 Qum
2309 3326 2409 3361 non
2441 3319 2521 3361 est
2550 3311 2865 3375 incognitum
2896 3311 3118 3377 qualiter
3148 3310 3347 3375 aliquas
3374 3326 3456 3362 res
3485 3326 3696 3371 veStras

2152 3382 2199 3427 in
2241 3392 2367 3444 pago
2399 3380 2508 3441 illo,
2536 3378 2584 3429 iu
2618 3378 2731 3430 Ioco
2763 3389 3056 3441 nuncupato
3079 3379 3188 3439 illo,
3216 3394 3372 3441 super
3394 3380 3554 3432 ﬂuvio
3582 3383 3691 3441 illo,

2149 3444 2246 3497 hoc
2274 3455 2371 3509 est,
2405 3460 2612 3497 mansos
2640 3454 2828 3508 tantos,
2854 3461 2970 3499 cum
2993 3446 3253 3510 domibus,
3284 3448 3543 3511 mdiliciis,
3577 3463 3693 3502 cur-

2151 3513 2334 3583 til'eris,
2384 3529 2499 3565 eum
2531 3514 2741 3583 wadris,
2774 3515 2989 3583 eampis,
3022 3524 3193 3583 terris,
3251 3516 3431 3582 pratis,
3464 3520 3691 3583 pascuis,

2150 3596 2263 3632 cum
2297 3581 2466 3642 inviis,
2515 3582 2723 3648 perviis,
2748 3592 2801 3635 et
2833 3581 3100 3648 tiiancipiis
3132 3582 3320 3637 ibidem
3353 3581 3693 3637 comitiatien-

2152 3651 2289 3701 tibus
2323 3652 2400 3703 vel
2446 3651 2851 3717 adspicientilius
2874 3652 2953 3704 his
2985 3653 3281 3706 nominibus
3312 3654 3387 3706 ill.
3420 3665 3472 3708 et
3500 3654 3572 3706 ill.
3611 3657 3691 3708 vel

2150 3730 2543 3788 quantacunque
2566 3722 2617 3771 iu
2663 3722 2775 3787 ipso
2809 3722 2941 3788 loco
2968 3734 3136 3774 vestra
3158 3722 3554 3786 fuitpossessio
3611 3727 3687 3776 vel

2152 3788 2433 3841 dominatio
2451 3787 2472 3847 ,ί
2525 3790 2672 3842 nobis
2703 3788 2765 3842 ad
2800 3787 3142 3855 jam‘dictum
3192 3802 3569 3843 monasterium
3626 3794 3689 3845 ad

2151 3872 2282 3923 opus
2332 3858 2495 3909 sancti
2536 3859 2613 3910 ill.
2661 3858 2947 3909 tradidistis
2993 3867 3146 3923 atque
3173 3858 3541 3913 confirmastis.
3588 3861 3690 3914 Sed

2154 3940 2326 3992 postea
2358 3936 2527 3977 vestra
2567 3928 2661 3978 fuit
2706 3926 2883 3991 petitio
2911 3964 2925 3989 ,
2957 3935 3010 3976 et
3040 3936 3211 3977 nostra
3261 3941 3362 3978 non
3414 3929 3691 3995 denegavit

2153 3995 2412 4056 voluntas,
2448 4006 2500 4045 ut
2525 3996 2662 4060 ipsas
2708 4008 2810 4055 res,
2839 3995 2960 4045 dum
3004 3995 3325 4053 advixeritis.
3357 3997 3688 4051 usufructua-

2154 4064 2231 4114 rio
2254 4063 2371 4129 jure
2400 4063 2820 4127 prtestitissemus
2847 4062 2909 4113 ad
2943 4063 3151 4115 habere.
3209 4064 3355 4127 Quod
3384 4068 3450 4116 ita
3482 4076 3534 4118 et
3564 4067 3691 4119 feci-

2153 4146 2289 4182 mus.
2346 4130 2407 4181 Et.
2445 4146 2537 4195 pro
2568 4132 2680 4197 ipso
2712 4144 2806 4199 usu
2844 4131 3083 4184 censistis
3114 4133 3274 4183 nobis.
3295 4137 3513 4199 singulis
3536 4140 3689 4187 annis

2152 4200 2397 4249 denarios
2432 4208 2621 4262 tantos,
2668 4208 2721 4250 ut
2763 4197 2905 4262 ipsos
2950 4200 3012 4251 ad
3056 4197 3398 4253 feSIivitateni
3417 4212 3579 4255 sancti
3613 4208 3686 4255 ill.

2151 4269 2235 4317 die
2264 4266 2459 4337 mensis
2488 4269 2559 4319 ill.
2593 4271 2839 4319 exolvere
2870 4268 3087 4320 faciatis.
3130 4268 3198 4320 Et
3220 4270 3262 4337 si
3288 4272 3353 4321 de
3388 4272 3499 4337 ipso
3527 4286 3688 4326 censu

2153 4336 2283 4388 tardi
2307 4346 2395 4387 aut
2424 4337 2743 4403 negligentes
2787 4337 3133 4403 apparueritis
3153 4377 3168 4399 ,
3211 4336 3366 4388 fidem
3399 4340 3585 4393 exinde
3616 4348 3689 4391 Ia-

2078 4403 2125 4459 D
2153 4404 2330 4467 ciatis,
2383 4414 2434 4456 et
2480 4416 2657 4457 contra
2708 4406 2871 4474 ipsam
2918 4418 3089 4474 casam
3129 4405 3220 4455 Dei
3250 4418 3570 4471 compoaere
3598 4412 3685 4461 de-

2159 4476 2341 4525 beatis.
2399 4476 2463 4525 Iit
2490 4476 2563 4525 sic
2598 4473 2746 4525 nobis
2770 4471 3096 4536 ‘complaciiit
3135 4484 3291 4537 atque
3333 4479 3596 4538 contenit,
3624 4489 3685 4529 ut

2159 4542 2293 4609 ipsas
2319 4557 2399 4594 res
2431 4557 2523 4593 nec
2557 4542 2796 4602 vendere,
2825 4554 2918 4609 nec
2940 4541 3155 4601 donare,
3189 4555 3287 4593 nec
3309 4544 3561 4607 alienare,
3592 4560 3686 4597 nec

2156 4608 2559 4669 cuncaiubiare,
2609 4622 2702 4660 nec
2742 4623 2791 4658 in
2842 4608 3001 4678 ullum
3043 4609 3307 4678 quodlibet
3357 4615 3683 4678 uautragium

2159 4693 2349 4743 ponere
2396 4679 2653 4728 licentiam
2702 4689 2801 4727 nou
2844 4675 3106 4740 habeatis;
3158 4677 3254 4729 nisi
3304 4675 3683 4737 tantumfdum

2156 4745 2479 4806 advixeritis,
2510 4746 2701 4795 esitare
2728 4754 2779 4794 et
2806 4747 3080 4798 meliorare
3110 4744 3336 4808 faciatis;
3366 4760 3415 4798 et
3445 4758 3561 4812 post
3592 4762 3682 4802 ve-

2157 4822 2321 4864 sti-uni
2374 4819 2641 4863 amborum
2698 4814 2981 4865 discessum
3031 4814 3169 4879 ipsas
3224 4827 3308 4864 ies
3346 4816 3684 4871 enieiioratas

2158 4890 2351 4946 absque
2391 4882 2541 4933 ullius
2584 4882 2994 4935 contradicdone
3034 4883 3111 4932 vel
3151 4879 3406 4945 judicaria
3453 4884 3684 4951 assignao

2160 4954 2297 5002 tione
2327 4966 2571 5002 revocare
2616 4952 2862 5001 faciamus
2902 4951 2953 4999 in
2994 4956 3225 4999 nostrum
3263 4950 3585 5005 dominium.
3624 4955 3686 5007 Et

2160 5020 2219 5067 Ιι.ι
2241 5034 2267 5069 c
2298 5018 2562 5083 praastaria
2592 5023 2656 5068 de
2686 5019 3035 5083 quinquennio
3074 5016 3124 5067 iii
3162 5017 3576 5083 quinquennium
3619 5022 3686 5075 sit

2158 5098 2399 5138 renovata
2428 5126 2441 5149 ,
2491 5096 2748 5153 quatenus
2796 5099 3101 5150 permanere
3135 5094 3303 5137 valeat
3337 5087 3389 5139 in
3416 5087 3682 5151 effectum,

2156 5158 2486 5222 siipulatioue
2516 5161 2799 5217 composrta
2820 5192 2834 5215 ,
2864 5153 3108 5205 diuturno
3144 5162 3381 5221 tempore
3409 5157 3685 5211 incomiti-

2155 5241 2231 5277 sa.
2274 5230 2478 5277 Actum.
2508 5222 2571 5273 Et
2600 5222 2814 5287 reliqua.

2501 5312 2638 5364 XXI.
2678 5312 2896 5366 Donatio
2923 5314 2992 5364 ad
3021 5328 3190 5365 casam
3224 5314 3337 5368 Dei.

2228 5406 2445 5459 Domino
2475 5420 2597 5457 vere
2623 5419 2803 5459 sancto
2828 5420 2888 5458 ac
2912 5405 3353 5460 reverendissiuio
3384 5418 3685 5471 monasterii

2156 5477 2292 5529 illius
2312 5513 2327 5538 ,
2360 5485 2461 5525 etc.
2515 5473 2805 5542 (Marcut[.,
2831 5476 3071 5539 append.,
3102 5488 3147 5524 c.
3180 5474 3290 5545 dli.)

2476 5562 2636 5617 XXII.
2690 5565 2928 5617 Rrecaria
2958 5565 3023 5615 ad
3048 5580 3219 5618 casam
3249 5565 3364 5621 Dei.

2225 5651 2457 5706 Dominis
2489 5667 2610 5706 vere
2638 5654 2835 5706 sanctis
2864 5653 3168 5708 monasterii
3204 5646 3257 5707 in
3288 5655 3544 5711 honorem
3571 5674 3693 5714 san-
