3820 6410
30 122 230 164 IMR-“'2',
237 122 274 140 ὀῖ

120 530 193 580 813

1216 521 1566 578 Ρυιιιιιλμιε
1609 520 2102 576 ιιΝιιιεΝιιιιυϐιι.

3147 521 3243 573 ΜΕ

115 614 188 693 cui
208 636 349 690 uariat
376 644 429 687 et
455 636 624 688 sancti
660 633 794 686 Petri
823 644 870 684 et
901 633 1065 685 sancti
1099 631 1241 684 Pau‘i
1263 674 1276 693 ,
1311 633 1600 698 principum
1631 637 1675 690 Α
1707 633 2006 683 monasterii
2039 632 2193 685 vestri
2223 645 2310 684 eas
2349 631 2412 681 ad
2453 631 2707 696 integrum
2755 631 3000 697 recipiat,
3032 631 3244 696 insuper

116 708 443 772 apostolorum,
486 703 776 772 constructi
827 702 878 772 in
927 718 1057 769 pago
1102 701 1451 761 Wastiiieiisi,
1512 702 1597 751 tibi

117 770 288 830 illitatris
311 773 564 825 abbatissa
610 770 686 822 ill.
719 771 912 822 custrix
957 785 1182 835 pra'esse
1225 773 1451 830 Videtur,
1500 783 1601 820 una

113 861 205 897 cum
240 857 400 896 norma
445 841 671 906 plurima
715 840 1017 890 ancillarum
1066 840 1256 890 ibidem
1298 841 1598 899 consisto-ii-

116 919 241 977 tium,
275 926 360 976 ego
404 910 492 961 illa
539 909 754 960 femina.
803 907 940 977 Dom
974 922 1076 958 non
1119 909 1339 977 habetur
1371 908 1601 966 iuro-gni-

116 974 332 1042 iiiiii,'sed
362 977 600 1045 plurimis
648 987 727 1027 est
776 974 1137 1035 manifestum,
1190 976 1326 1039 quod
1372 988 1472 1041 ego
1520 989 1604 1025 res

115 1050 394 1116 proprietatis
421 1061 552 1098 mea:
600 1045 810 1116 inloco
849 1046 936 1112 qui
983 1045 1173 1096 dicitur
1221 1045 1296 1095 ill.
1347 1059 1439 1109 per
1485 1046 1600 1104 epi-

115 1113 263 1168 stolam
287 1116 570 1166 donationis
615 1113 678 1164 ad
729 1114 895 1178 ipsum
949 1116 1320 1166 monasterium
1370 1120 1601 1163 vestrum

112 1185 319 1252 delegavi.
352 1183 629 1252 Propterea
656 1179 855 1252 expetii
889 1195 918 1231 a
962 1181 1107 1232 vobis
1127 1221 1141 1242 ,
1174 1193 1224 1233 et
1255 1196 1347 1232 vos
1390 1179 1602 1252 petitio-

113 1248 225 1306 neiii'
245 1266 397 1315 meam
439 1266 543 1303 non
587 1250 921 1312 denegastis,
969 1260 1021 1300 iit
1051 1252 1189 1314 ipsas
1221 1262 1304 1302 res
1326 1290 1340 1309 ,
1372 1248 1602 1314 qiiaridiu

111 1324 286 1380 ailvivo,
327 1321 420 1381 sub
459 1334 560 1371 usu
607 1317 841 1369 beiielicii
887 1321 1042 1369 vestri
1096 1328 1273 1369 tenere
1313 1327 1367 1369 et
1413 1329 1604 1366 ueiiare

109 1391 288 1442 debeam
307 1429 318 1450 ,
337 1399 389 1439 et
425 1389 586 1440 aliubi
613 1387 753 1453 ipsiis
786 1400 867 1438 res
895 1387 1122 1438 alienare
1153 1386 1472 1452 pontificium
1502 1401 1603 1436 non

109 1462 291 1510 liabeim
309 1498 320 1518 ,
347 1466 400 1510 et
425 1465 540 1523 post
568 1470 737 1507 meum
766 1469 974 1522 quoque
1004 1457 1287 1507 discessum
1313 1470 1430 1506 cum
1461 1455 1602 1504 omni

111 1529 465 1578 reemeliorata
509 1527 574 1576 ad
623 1524 790 1591 ipsum
839 1523 1211 1574 mouaSterium
1261 1523 1458 1587 absque
1503 1523 1604 1572 ulla

107 1604 360 1660 exspectata
405 1594 688 1644 traditione
730 1606 840 1651 vos,
885 1594 962 1643 vel
1009 1600 1239 1644 rectores
1291 1591 1452 1651 ipsius
1497 1607 1607 1640 lltn-

109 1665 306 1726 iiastrrii,
351 1664 398 1714 in
448 1677 634 1715 eorum
685 1661 874 1712 faciant
903 1675 1150 1713 revocare
1198 1668 1508 1726 potestatem
1557 1667 1608 1710 et

109 1732 499 1784 dominationem.
552 1731 614 1783 Et
665 1740 720 1781 ut
757 1729 808 1780 iii
849 1730 1177 1794 postmodum
1221 1729 1428 1795 aliquod
1477 1742 1607 1791 prai-

109 1803 316 1858 [UiIlCltltll
351 1815 410 1852 ex
454 1803 554 1852 hoc
595 1813 847 1866 generare
891 1813 992 1849 non
1033 1799 1282 1861 debeam,
1330 1804 1610 1864 propterea

109 1871 218 1920 IMIIC
261 1869 540 1935 precariam
595 1865 742 1920 vobis
786 1866 866 1918 vel
919 1867 1015 1932 ipsi
1066 1865 1381 1918 mmiasterio
1433 1873 1609 1917 vestro

108 1939 406 1990 mittendam
458 1939 712 1997 decrevi,
768 1944 824 1986 ut
878 1948 1048 2001 neque
1099 1947 1215 2000 ego,
1257 1945 1424 2000 neque
1474 1935 1608 1985 ullus

103 2007 157 2056 de
202 2005 466 2058 heredibus
513 2005 675 2066 meis,
724 2003 959 2070 quamvis
989 2016 1105 2071 per
1157 2003 1604 2071 Ioiiginquaispa;

104 2087 188 2132 tu,
217 2073 345 2135 ipsas
389 2088 476 2126 res
524 2069 764 2138 repetere
814 2084 918 2124 non
970 2069 1271 2124 debeamus}
1319 2070 1467 2136 Quod
1518 2069 1603 2135 qui

109 2142 268 2194 iecerit
287 2183 300 2203 ,
327 2140 516 2194 inferat
540 2141 690 2194 vobis
719 2139 798 2193 vel
831 2139 1064 2204 partibus
1093 2139 1255 2206 ipsius
1305 2138 1607 2191 monasterii

103 2209 293 2276 suisque
339 2211 635 2263 rectoiibus
665 2211 774 2260 auri
809 2209 995 2260 libram
1024 2223 1176 2261 uuam
1208 2212 1410 2276 argenti
1441 2207 1612 2273 pondo

101 2279 550 2344 duo.etpricsens
582 2280 817 2345 precaria
866 2277 1015 2329 ﬁrma
1067 2289 1388 2345 permaneat.
1445 2276 1512 2345 Et,
1558 2283 1611 2325 ut

104 2349 204 2398 alia:
250 2343 505 2411 prmcariie
553 2343 619 2399 de
671 2345 1030 2413 quinquennio
1084 2344 1135 2396 iii
1192 2343 1608 2413 quinquennium

104 2425 418 2476 renovantur,
450 2415 603 2466 istam
649 2429 774 2466 veru
816 2427 919 2466 non
959 2416 1026 2465 sit
1069 2427 1282 2465 necesse
1327 2426 1611 2470 renovare.

101 2488 181 2533 sed
212 2498 300 2547 per
327 2487 665 2550 seoietipsani
692 2485 834 2534 omni
867 2492 1099 2547 tempore
1127 2481 1359 2550 obtineat
1391 2480 1609 2531 ﬁrmita—

107 2560 228 2614 tem,
256 2565 372 2604 cum
403 2549 749 2620 stipulatione
775 2550 1029 2602 subnexa.
1063 2553 1271 2602 Actum.
1304 2549 1364 2601 Et
1395 2550 1612 2614 reliqua.

592 2639 776 2691 XXIII.
812 2636 1102 2692 Prtﬂlaria.

159 2727 470 2782 Dulcissimae
495 2729 702 2782 femina:
729 2729 800 2780 ill.
826 2742 925 2796 ego
947 2727 1029 2780 illa
1051 2727 1334 2777 abbatissa.
1363 2725 1488 2775 Dum
1513 2740 1614 2775 non

89 2810 161 2848 est
204 2798 519 2864 ittCogttitum
557 2798 782 2862 qualiter
825 2806 877 2847 tu
917 2805 1040 2848 ante
1070 2796 1165 2845 hos
1189 2796 1308 2864 dies
1352 2810 1457 2845 rein
1482 2811 1618 2864 Apin:

91 2862 330 2929 prietatis'
355 2874 455 2917 tua:
501 2867 551 2915 in
598 2878 729 2929 pago
758 2865 835 2915 ill.
864 2865 920 2915 in
953 2864 1069 2915 loco
1097 2866 1182 2930 qui
1215 2863 1406 2914 dicitur
1440 2862 1514 2914 ill.
1550 2862 1614 2912 ad

92 2938 448 2985 monasterium
491 2946 689 2984 sancta:
731 2932 904 2984 Maris
940 2932 1226 2982 adfirmasti
1252 2968 1268 2991 ,
1308 2932 1447 2982 unde
1503 2945 1615 2994 pre-

86 3005 269 3052 cariam
298 3017 326 3051 a
359 3002 510 3053 nobis
543 3005 622 3053 iet
649 3001 716 3050 ab
746 3003 860 3066 ipso
891 3005 1211 3052 monasterio
1241 2999 1464 3064 petiisti,
1497 3013 1616 3066 pro-

89 3080 248 3131 pterea
281 3071 376 3122 bas
407 3071 604 3122 litteras
633 3074 682 3120 iii
711 3079 759 3121 te
782 3068 1202 3131 adﬁrinaviinus,
1232 3076 1285 3118 ut
1313 3069 1434 3118 dum
1464 3067 1616 3117 advi-

87 3139 159 3188 vis
185 3140 436 3191 iisualiter
461 3152 627 3204 ipsam
657 3151 764 3189 rem
795 3147 975 3190 tenere
1003 3145 1058 3190 et
1086 3138 1359 3190 dominare
1383 3135 1580 3188 debeas
1600 3172 1615 3194 ,

83 3217 130 3256 et
162 3208 320 3259 aliubi
360 3208 529 3274 ipsam
567 3206 797 3274 alienare
829 3205 1152 3272 pontificium
1183 3221 1285 3256 non
1320 3206 1532 3262 habeas,
1567 3214 1642 3255 et.

1701 712 1755 753 et
1784 703 1911 750 alias
1941 711 2108 751 tantas
2154 715 2236 751 res
2287 699 2516 765 partibus
2546 700 2707 766 ipsius
2754 700 3055 752 monasterii
3101 714 3246 751 corn-

1703 784 1895 831 poui-re
1939 779 1991 819 et
2038 769 2326 834 adimplere
2378 769 2546 820 faciat.
2593 768 2656 820 Et
2701 769 2818 835 quia
2868 769 3111 821 consistis
3158 783 3241 818 tne

1700 840 1851 887 annis
1881 837 2099 902 singulis
2129 853 2222 901 pro
2253 837 2380 900 ipsis
2409 837 2564 888 rebus
2593 838 2642 887 in
2677 836 2810 888 festo
2839 837 3002 888 sancti
3049 837 3124 889 ill.
3157 853 3244 886 a1-

1701 917 1913 968 gentiiin
1970 906 2048 957 vel
2101 905 2353 971 quidlibet
2403 904 2609 956 solvere
2661 905 2882 968 faciam,
2935 905 2978 956 si
3025 908 3090 956 de
3137 905 3249 973 ipso

1701 989 1861 1025 censu
1891 974 1954 1024 ad
1987 988 2105 1025 eum
2137 975 2382 1040 placitum
2413 975 2679 1039 negligens
2709 975 2888 1035 fuero,
2931 974 3165 1037 spondeo
3194 990 3246 1024 ιιι

1704 1044 1871 1105 ipsum
1907 1044 1956 1092 in
1987 1041 2204 1107 duplum
2233 1043 2450 1093 solvam.
2487 1047 2552 1092 At
2579 1042 2703 1095 dum
2732 1044 2842 1094 lirec
2871 1043 3047 1092 omnia
3088 1057 3245 1107 supra

1703 1118 1991 1162 memorata
2023 1111 2229 1162 inlibata
2260 1125 2572 1170 servavero,
2607 1126 2702 1164 nec
2746 1125 2836 1161 vos
2879 1125 2973 1162 nec
3014 1110 3249 1176 jiinioi'es

1701 1189 1790 1229 aut
1820 1193 2153 1231 successores
2184 1179 2337 1230 vestri
2368 1179 2433 1230 de
2465 1179 2590 1244 ipsis
2625 1180 2780 1232 rebus
2812 1180 2966 1230 ullam
3009 1180 3241 1230 diminu-

1703 1244 1897 1300 tionem
1930 1248 2008 1299 vel
2035 1246 2461 1299 contrarietatem
2480 1248 2568 1308 ,'si
2597 1251 2822 1312 spatium
2852 1249 2968 1298 vita:
2996 1245 3248 1300 Dominus

1707 1315 1832 1366 milii
1864 1319 2175 1383 prolongare
2202 1317 2446 1384 dignatus
2474 1314 2630 1367 fuerit
2649 1354 2664 1375 ,
2695 1317 2868 1368 facere
2895 1319 3245 1381 pratsumaiis.

1705 1384 1824 1434 Post
1854 1400 2026 1435 meum
2057 1400 2263 1452 quoque
2291 1387 2793 1437 discessumoinnes
2823 1386 2962 1450 ipsas
2990 1400 3095 1444 res,
3129 1401 3247 1437 eum

1703 1452 1842 1502 omni
1874 1452 2046 1503 addita
2078 1454 2438 1506 melioratione
2465 1452 2545 1504 vel
2574 1455 2821 1504 omnibus
2859 1455 3206 1518 supi-apositis
3230 1493 3243 1511 ,

1705 1535 1820 1572 Cum
1863 1521 2106 1591 omnibus
2140 1523 2293 1575 rebus
2325 1531 2486 1591 atque
2514 1523 2850 1585 corporibus,
2877 1525 3063 1588 Opibus
3094 1533 3248 1591 atque

1708 1590 1995 1655 przrsidiis.
2027 1591 2224 1655 absque
2252 1591 2406 1644 ullius
2442 1590 2634 1656 judicis
2672 1597 2760 1641 aut
2809 1593 3054 1642 heredum
3102 1590 3250 1643 ineo-

1707 1674 1819 1710 rum
1850 1667 2148 1724 exspectata
2181 1659 2576 1724 consignatione
2605 1668 2692 1710 aut
2729 1658 3004 1710 traditione
3047 1673 3140 1709 νος
3164 1671 3251 1710 aut

1707 1739 1920 1794 agentes
1950 1730 2106 1780 vestri
2133 1727 2240 1793 jam
2271 1727 2393 1779 dicti
2425 1729 2726 1779 monasterii
2771 1727 2926 1778 vestri
2973 1727 3024 1777 in
3064 1741 3248 1779 eorum

1710 1796 1897 1849 faciant
1929 1811 2176 1849 revocare
2205 1795 2284 1849 vel
2317 1796 2550 1861 recipere
2579 1796 2986 1848 dominationem
3033 1794 3114 1850 vel
3158 1814 3250 1860 po.

1709 1875 1945 1917 testatem
1965 1907 1980 1928 ,
2009 1865 2145 1917 sicut
2184 1878 2366 1918 eorum
2397 1865 2631 1916 continet
2671 1866 2890 1931 epistola
2915 1902 2928 1920 .
2975 1880 3035 1931 pe
3068 1875 3249 1928 petua-

1643 1967 1684 2026 Β
1713 1935 1828 1987 liter
1861 1933 2102 1988 faciendo
2130 1933 2269 2004 quod
2299 1934 2523 2000 egerint.

2098 2021 2281 2074 XXVI.
2316 2019 2554 2087 Sequitur
2581 2019 2859 2086 prmum-iu.

1781 2116 1833 2167 lu
1869 2115 1957 2166 Dei
1989 2117 2198 2167 nomine
2228 2115 2315 2166 ille
2344 2114 2474 2164 abba
2507 2123 2560 2165 et
2588 2111 2760 2163 omnis
2787 2112 3124 2178 congregitio
3153 2112 3253 2162 fin.

1713 2194 1848 2233 truni
1883 2194 2179 2235 nostrorum
2208 2192 2300 2233 aut
2329 2181 2704 2240 monachorum
2737 2180 2787 2231 in
2832 2183 3150 2231 monastu-rio
3181 2184 3254 2232 ill.

1714 2252 1932 2301 nomino
1973 2252 2415 2310 deservientiiim,
2466 2253 2514 2300 in
2558 2248 2770 2300 Christo
2814 2248 2919 2300 ﬁlio
2966 2250 3074 2300 illo.
3127 2251 3254 2302 Dum

1716 2331 1798 2370 tua
1842 2317 1935 2370 fuit
1978 2319 2159 2386 petitio
2196 2319 2276 2370 vel
2318 2317 2664 2386 supplicatio.
2709 2325 2984 2386 et_nostra
3028 2318 3257 2372 decrevit

1715 2383 1991 2449 voluntas,
2017 2397 2074 2440 ut
2103 2383 2395 2454 praestitum
2420 2384 2731 2437 beneficium
2762 2383 2829 2436 de
2858 2387 3015 2454 rebus
3060 2390 3254 2439 nostris

1716 2457 1804 2505 tibi
1852 2455 2024 2508 facere
2069 2452 2597 2522 deberemushquod
2645 2455 2712 2505 ita
2759 2462 2811 2504 et
2857 2452 3113 2516 fecimus,
3143 2470 3258 2522 qui»

1716 2505 2263 2592 siiiitinpagoilliin
2295 2505 2502 2576 condita
2535 2522 2622 2574 illa
2645 2561 2659 2584 ,
2695 2522 2744 2574 iti
2775 2523 2888 2592 loco
2919 2521 3008 2588 qui

1714 2591 1820 2653 sic,
1852 2590 2093 2656 quem'tu
2123 2605 2209 2644 aut
2240 2592 2312 2644 ill.
2350 2607 2441 2656 per
2482 2592 2754 2657 epistolam
2795 2590 3090 2644 donationis
3118 2607 3147 2644 ει
3177 2595 3256 2644 die

1718 2673 1973 2722 pra-sente
2001 2661 2063 2713 ad
2094 2661 2202 2727 jam
2248 2660 2442 2714 dictum
2491 2660 2869 2712 monasterium
2915 2669 3152 2713 uestrum
3186 2662 3257 2713 ill.

1715 2731 2081 2790 cinlirinavit,
2115 2730 2163 2782 id
2194 2741 2309 2789 eat.
2357 2743 2594 2780 mansum
2637 2743 2756 2780 cum
2796 2742 2951 2789 casa,
3008 2730 3086 2782 vel
3133 2732 3258 2782 alias

1717 2807 1913 2858 terras,
1945 2800 2023 2850 vel
2052 2808 2301 2864 quantum
2332 2799 2444 2864 ipsa
2474 2796 2691 2862 epistola
2721 2797 2996 2860 continere
3026 2799 3257 2861 videtur,

1718 2875 1770 2932 iit
1797 2866 2024 2932 qiiandiu
2051 2867 2331 2925 advixei'is.
2361 2876 2452 2917 aut
2478 2867 2541 2917 ad
2575 2879 2626 2928 v,
2657 2875 2744 2917 aut
2773 2882 2831 2928 x,
2863 2876 2952 2917 aut
2983 2882 3066 2927 xv,
3097 2881 3256 2920 annos

1717 2931 1858 2998 ipsas
1887 2948 1971 2985 res
2004 2935 2257 2987 usualiter
2279 2933 2482 2986 habere
2509 2941 2562 2985 et
2590 2935 2865 2999 possidere
2909 2936 2986 2986 vel
3017 2938 3256 2988 excolere

1715 3002 1938 3061 debeas,
1989 3014 2040 3053 at
2085 3003 2209 3053 niliil
2255 3002 2443 3067 exinde
2486 2999 2788 3064 minuendi,
2833 3011 2925 3053 aut
2969 3004 3257 3066 alieiiaiidi,

1721 3069 1798 3120 vel
1842 3070 2180 3133 detrahendi,
2225 3079 2314 3123 aut
2363 3071 2413 3120 in
2457 3071 2602 3136 pejus
2641 3071 2874 3122 vertendi
2925 3087 3028 3122 non
3069 3073 3257 3124 habeas

1721 3148 2062 3203 potestatem,
2099 3154 2263 3204 neque
2295 3137 2637 3192 transferendi
2681 3142 2994 3206 quicquam,
3037 3144 3171 3206 quod
3207 3137 3250 3187 si

1719 3208 1934 3270 feceris,
1969 3219 2053 3259 aut
2085 3213 2136 3260 in
2165 3207 2266 3260 alio
2293 3207 2558 3260 contrario
2585 3220 2672 3259 aut
2701 3209 2882 3274 iniquo
2922 3208 3130 3276 ingenio
3177 3206 3255 3260 vel

82 3290 120 3323 si
162 3275 256 3326 lioc
293 3273 516 3328 conatus
551 3275 658 3326 eris
695 3273 897 3344 facere,
937 3274 1102 3344 ipsam
1140 3287 1250 3344 rem
1295 3287 1323 3323 a
1362 3275 1448 3325 die
1482 3289 1613 3337 pric—
1641 3281 1684 3339 (ζ
1717 3280 2085 3330 contrarietate
2125 3287 2213 3329 aut
2256 3289 2307 3328 tu
2355 3279 2486 3343 ipse,
2521 3289 2607 3329 aut
2650 3273 3163 3344 aliqiiislibet'limiio
3193 3281 3256 3330 de

81 3353 222 3393 serite
250 3347 460 3408 perdas.
496 3345 560 3394 Et
589 3353 645 3393 ut
674 3346 766 3393 tias
798 3343 999 3394 litteras
1040 3342 1299 3394 ﬁrmiores
1338 3343 1576 3399 obtineas
1595 3381 1608 3401 ,

80 3426 241 3476 manu,
259 3421 440 3462 nostra
469 3415 649 3463 subter
677 3410 1070 3463 adfirmavimus
1091 3452 1106 3470 ,
1137 3423 1256 3461 cuin
1287 3411 1623 3476 stipulatione

81 3475 328 3530 subnexa.
361 3481 569 3531 Actum.
606 3479 666 3529 Et
697 3478 770 3530 rel
793 3492 914 3543 qua.

458 3566 644 3621 XXIV.
679 3566 967 3619 'I'radi'ioria
995 3568 1057 3617 de
1084 3578 1214 3617 terra

142 3658 345 3710 Notitia
395 3660 620 3726 qualiter
666 3669 718 3710 et
766 3659 953 3727 quibus
1011 3658 1620 3727 praesciitibiis__ven'-ens

79 3729 232 3779 homo
260 3724 455 3794 aliquis
483 3729 769 3781 advocatus
783 3724 961 3779 sancti
993 3729 1163 3780 illius.
1191 3737 1291 3780 etc.
1325 3724 1613 3793 (Μαγαίῳ,

72 3799 311 3859 oppetat,
345 3811 396 3848 ε.

269 3883 440 3937 ην.
474 3885 717 3936 Precaria
747 3884 808 3937 de
837 3885 948 3952 ipsa
976 3883 1244 3959 villa'ditm
1286 3887 1418 3940 vivit.

138 3972 365 4025 Domino
396 3973 684 4026 venerabili
718 3975 768 4025 in
795 3971 1004 4026 Clirislo
1031 3971 1167 4025 Patri
1198 3973 1393 4026 domno
1423 3973 1497 4026 ill.
1529 3973 1619 4026 ab-

71 4041 172 4092 bati
207 4042 278 4094 de
319 4046 648 4095 monasterio
685 4042 759 4094 ill.
792 4041 871 4095 vel
911 4042 1052 4094 omni
1082 4045 1470 4110 congregationi
1502 4058 1616 4094 mo-

70 4112 361 4162 nacbnrum
407 4113 458 4162 in
501 4111 818 4163 monasterio
856 4111 944 4162 illo
979 4111 1117 4178 quod
1145 4120 1226 4163 est
1253 4112 1302 4161 iii
1335 4124 1465 4178 pago
1495 4112 1612 4174 illo,

68 4183 114 4228 iu
166 4183 433 4232 honorem
479 4194 782 4232 sauciorum
822 4179 1025 4231 illorum
1063 4189 1394 4242 constructo,
1427 4181 1612 4231 ibidem

69 4253 171 4298 lleo
204 4249 567 4308 deservieuti.
607 4262 706 4312 ego
744 4248 883 4300 enim
925 4248 1030 4300 ille.
1076 4246 1204 4299 Diiin
1246 4261 1348 4298 non
1389 4248 1613 4300 liabeiur

65 4317 430 4384 iii-cognitum.
459 4318 551 4369 sed
595 4318 729 4381 inter
770 4318 942 4384 plures
982 4314 1309 4380 cognoscitur
1345 4321 1480 4382 quod
1518 4331 1615 4384 ego

65 4399 150 4437 res
203 4399 360 4437 meas
398 4384 536 4450 juris
574 4398 636 4435 ac
675 4385 1005 4450 proiirietatis
1054 4399 1216 4447 meat,
1255 4399 1370 4450 quae
1413 4397 1529 4437 sunt
1564 4403 1613 4438 in

63 4467 192 4518 pago
234 4453 330 4506 illo
359 4461 422 4506 et
467 4454 572 4503 illis
613 4452 837 4504 conditis
876 4453 955 4505 vel
995 4451 1184 4504 finibus
1223 4452 1352 4509 illis.
1386 4453 1532 4506 villas
1563 4463 1616 4505 et

60 4523 170 4571 loca
207 4528 522 4588 nuncupata
568 4521 641 4571 ill.
672 4531 724 4572 et
766 4521 840 4571 ill.
870 4534 985 4572 cum
1012 4520 1154 4572 omni
1183 4522 1369 4573 merito
1398 4523 1475 4573 vel
1505 4531 1612 4572 tier-

1728 3345 1852 3408 ipsis
1883 3348 2035 3398 rebus
2065 3347 2248 3399 adesse
2277 3354 2365 3397 aut
2394 3347 2603 3397 adstare
2629 3356 2846 3398 conatus
2878 3345 3028 3397 fuerit
3060 3346 3109 3396 iii
3154 3347 3257 3410 pri-

1727 3412 1824 3464 mis
1855 3411 1993 3478 ipsas
2027 3428 2110 3465 res
2137 3416 2344 3465 amitias
2377 3419 2452 3465 vel
2486 3414 2671 3478 perdas
2692 3453 2706 3474 ,
2738 3424 2788 3464 et
2818 3413 2948 3464 alias
2981 3421 3148 3463 tantas
3180 3417 3257 3465 Vcl

1725 3485 1852 3530 tales
1899 3482 2126 3542 partibus
2165 3481 2272 3547 jain
2320 3481 2440 3533 dicti
2493 3481 2793 3532 monasterii
2843 3495 3160 3547 Cillllptlltcre
3208 3494 3258 3533 et

1723 3549 1928 3617 solvere
1958 3549 2134 3599 facias.
2169 3550 2231 3617 bit
2259 3549 2557 3601 censuimus
2599 3549 2664 3602 de
2708 3551 2859 3600 annis
2900 3547 3118 3616 singulis
3163 3567 3257 3617 pro

1724 3615 1846 3679 ipsis
1895 3617 2048 3686 rebus
2090 3618 2149 3686 in
2180 3616 2312 3669 festo
2355 3619 2521 3668 sancti
2563 3617 2638 3669 ill.
2669 3634 2842 3670 ceram
2870 3630 2957 3669 aut
2986 3615 3255 3686 argentum

1724 3693 1851 3734 tant.
1886 3685 2117 3749 partibus
2143 3685 2303 3754 ipsius
2343 3688 2641 3737 monasterii
2672 3688 2876 3739 solvere
2906 3685 3085 3739 laeuis.
3121 3689 3184 3740 Et
3216 3691 3257 3738 si

1724 3755 1787 3822 de
1819 3754 1932 3818 ipso
1961 3770 2116 3807 sensu
2147 3756 2416 3822 negligens
2463 3755 2647 3813 fueris,
2697 3757 2861 3818 ipsum
2894 3757 3108 3820 duplum
3141 3761 3255 3809 rcd-

1720 3820 1815 3872 das
1843 3839 1855 3882 ;
1887 3832 1940 3874 et
1985 3829 2091 3875 haec
2139 3820 2402 3889 pimsmria
2449 3831 2624 3874 nostra
2671 3839 2832 3888 usque
2870 3827 2932 3874 ad
2978 3838 3097 3875 cum
3147 3828 3256 3889 pla-

1719 3891 1879 3962 cituiii
1906 3891 2052 3962 liriiia
2087 3906 2410 3958 permaneat,
2459 3891 3085 3962 stipulationesubnixa.
3131 3899 3258 3944 Acta

1720 3957 1813 4010 ibi.
1846 3959 1904 4010 Et
1936 3961 2148 4026 reliqua.

2164 4068 2364 4120 xxvu.
2407 4069 2522 4119 Alia
2548 4033 2798 4136 precaria.

1790 4178 2006 4231 Domino
2047 4190 2227 4231 sancto
2265 4189 2319 4231 et
2343 4180 2624 4246 apostolica
2657 4180 2781 4233 sede
2806 4180 3029 4234 colendo
3059 4183 3254 4236 domno

1715 4251 1848 4317 etin
1891 4246 2097 4300 Christo
2145 4247 2276 4311 patri
2327 4249 2399 4300 ill.
2447 4263 2547 4317 ego
2586 4249 2659 4301 ill.
2704 4259 2755 4301 et
2783 4251 2970 4316 conjux
3003 4267 3114 4304 mea
3149 4250 3274 4307 ilh.‘

1717 4315 1954 4368 Pluribus
1987 4331 2089 4369 non
2115 4328 2194 4370 est
2226 4315 2540 4384 incognitum
2570 4317 2792 4384 qualiter
2821 4315 3032 4382 propter
3065 4336 3252 4373 nomen

1717 4383 1918 4438 Domini
1958 4386 2021 4436 ad
2062 4383 2510 4439 ecclesiaiiiillam
2541 4383 2597 4435 iii
2619 4385 2869 4436 honorem
2909 4388 3076 4439 sancti
3120 4390 3256 4441 ilbns

1717 4454 1891 4505 villain
1945 4466 2175 4506 nostrain
2221 4461 2564 4522 nuncupatam
2608 4454 2679 4522 illi.
2720 4456 2872 4505 sitam
2916 4457 2963 4505 in
3008 4471 3136 4522 pago
3176 4457 3250 4510 ill.

1716 4536 1808 4588 per
1864 4523 2135 4587 epistolam
2193 4524 2443 4573 cessionis
2496 4520 2590 4572 visi
2649 4521 2840 4573 fuimus
2893 4520 3255 4590 concessisse,

59 4605 206 4660 iunio
228 4605 363 4660 suo,
395 4604 527 4660 cum
554 4592 693 4639 omni
723 4591 1018 4660 integritate
1044 4589 1123 4640 vel
1151 4588 1496 4652 appeiidiciis,
1526 4594 1607 4643 vel
1646 4595 1690 4652 ι)
1718 4592 1876 4660 etiam
1901 4605 1992 4641 vos
2019 4590 2080 4641 ad
2115 4600 2286 4654 partes
2315 4590 2685 4655 siiprascriptze
2713 4592 2948 4644 ecclesiis
2976 4588 3255 4660 recepisse.

55 4657 416 4722 adjaeeoiiis,
450 4659 533 4710 vel
565 4659 937 4722 suprapesitis,
968 4669 1060 4710 seu
1087 4668 1266 4707 servos
1295 4666 1350 4708 et
1377 4662 1612 4720 ancillas,

53 4725 296 4789 accolas,
351 4728 600 4787 libertos,
642 4732 887 4786 libertas,
931 4740 1048 4776 cum
1088 4724 1232 4776 omni
1278 4727 1523 4790 peculiari
1562 4738 1618 4778 et

57 4795 256 4846 merito
294 4810 533 4856 eorum,
575 4797 638 4845 ad
680 4793 788 4861 jam
824 4796 1016 4847 dictum
1057 4794 1427 4846 monasterium
1463 4808 1491 4844 a
1532 4795 1619 4847 die

59 4864 311 4922 prm‘senti
363 4877 467 4928 per
507 4877 676 4913 meam
722 4863 993 4927 epistolam
1036 4863 1381 4923 conﬁrmavi,
1429 4869 1483 4914 et
1526 4877 1617 4913 vos

50 4931 234 4986 omnia
277 4943 457 4999 alipta
498 4938 785 4982 memorata
831 4933 908 4982 vel
953 4941 1200 4996 quantum
1244 4931 1353 4997 ipsa
1399 4931 1616 4996 epistola

49 5007 493 5064 commemorat,
550 5011 641 5064 per
692 5012 863 5050 meam
919 4999 1248 5050 traditionem
1301 4999 1365 5051 ad
1420 5009 1617 5065 partem

49 5085 158 5132 μιιι
184 5069 326 5123 dicti
359 5067 675 5121 monasterii
706 5068 755 5117 in
785 5076 960 5119 vestro
983 5066 1099 5131 jure
1137 5067 1213 5116 vel
1251 5077 1506 5130 potestate
1536 5084 1616 5120 re-

49 5138 270 5202 cepistis
298 5151 318 5200 ;
351 5135 459 5190 sed
485 5137 610 5187 dum
645 5145 821 5202 postea
853 5149 966 5187 mea
1009 5132 1102 5185 fuit
1144 5135 1324 5199 petitio
1368 5138 1450 5196 vel
1491 5152 1617 5203 sup-

49 5206 297 5269 piicatio,
331 5212 398 5256 es
428 5217 602 5257 vestra
634 5205 870 5268 ιιι-ωδιὶιὶι
913 5204 1047 5255 bona
1085 5206 1319 5255 voluntas
1339 5241 1356 5264 ,
1387 5215 1442 5254 ut
1484 5207 1622 5271 ipsas

49 5286 170 5342 res,
201 5272 768 5342 quandinadvixoro,
804 5288 894 5342 per
924 5283 1153 5326 vestrum
1199 5272 1482 5336 prtcsiitim‘i
1533 5277 1622 5325 be~

45 5341 302 5395 udicium
337 5342 717 5392 tantummodo
757 5341 1139 5397 usufructuaiio
1179 5342 1360 5392 ordine
1402 5343 1618 5392 habeam

45 5416 127 5463 vel
183 5411 559 5478 possideam,
605 5424 668 5477 eo
715 5409 954 5478 videlicet
1003 5409 1188 5471 modo,
1242 5416 1297 5478 ut
1343 5411 1619 5473 ψιιειίιιίιιιι

43 5475 246 5533 uini—Ie
290 5477 583 5532 minuendi
615 5475 714 5526 aut
749 5475 1072 5530 distralientli
1114 5477 1486 5529 autalietiandi
1519 5494 1619 5529 iioii

41 5551 279 5599 liabeaan
313 5553 673 5613 potestatem.
705 5544 850 5608 Quod
879 5548 922 5597 si
954 5548 1144 5608 fuerit,
1173 5547 1307 5614 quod
1334 5547 1467 5596 ali~it
1488 5585 1500 5606 ,
1532 5556 1623 5595 aut

39 5635 137 5672 θ’,ςιι
164 5619 289 5679 ipse
313 5656 330 5679 ,
366 5629 471 5664 aut
512 5614 704 5678 aliquis
730 5615 794 5665 de
821 5615 1098 5665 heredibus
1127 5631 1255 5666 meis
1275 5654 1286 5672 .
1323 5618 1398 5665 vel
1439 5615 1621 5680 quisli-

41 5695 124 5735 iiet
158 5695 256 5750 qui
290 5685 349 5734 in
385 5685 583 5750 aliqua
605 5684 974 5734 contrarietate
1012 5696 1100 5732 aut
1143 5686 1484 5734 diminutione
1524 5699 1615 5732 seu

33 5747 312 5804 ratiuimia
376 5764 506 5800 orta
559 5747 748 5813 fuerit,
800 5763 889 5802 aut
935 5752 1254 5810 surrexerit,
1301 5763 1390 5803 aut
1436 5752 1619 5802 adesse

37 5830 265 5874 enitatus
297 5819 512 5882 fuerit,
543 5816 598 5868 in
631 5819 810 5882 primis
838 5823 976 5887 ipsas
1005 5834 1088 5872 res
1113 5830 1348 5887 amittat,
1381 5831 1432 5873 et
1459 5824 1618 5874 abbas

1717 4659 1818 4710 Sed
1849 4659 1970 4708 dum
2001 4667 2172 4721 postea
2206 4671 2384 4726 nostra
2415 4660 2507 4709 fuit
2546 4661 2727 4724 petitio
2747 4704 2760 4726 ,
2806 4672 2858 4712 et
2896 4670 3067 4712 vestra
3099 4659 3254 4715 benc-

1719 4727 1943 4796 volcntia
1985 4736 2036 4777 et
2079 4737 2273 4792 pietas,
2315 4725 2478 4791 ipsam
2520 4727 2726 4790 villam,
2768 4728 3255 4796 duni_advivimus,

1715 4803 1806 4843 aut
1853 4793 1938 4857 qui
1971 4785 2116 4857 parte
2166 4785 2269 4846 sua
2301 4785 2364 4846 ex
2408 4796 2557 4846 nobis
2594 4785 2800 4861 siiperst
2834 4809 2859 4845 s
2901 4785 3046 4848 fuerii
3071 4837 3086 4860 ,
3133 4785 3254 4852 Illtlti

1717 4861 1941 4924 adviwt,
1976 4863 2123 4915 IIOIJ‘S
2165 4867 2227 4914 ad
2277 4864 2588 4915 beneficium
2636 4863 3021 4918 usufi-iictuaiio
3051 4869 3252 4920 ‘ordiiie

1717 4930 2057 4982 excolendam
2088 4942 2266 4983 temre
2295 4931 2630 4997 permisistis,
2661 4945 2719 4982 ea
2747 4931 2944 4985 scilicet
2970 4946 3166 4988 rat.oiie
3200 4947 3250 4987 iii

1721 4999 1846 5048 niliil
1877 5002 2068 5052 exinde
2098 5010 2302 5064 penitus
2323 5002 2388 5050 de
2411 5001 2639 5064 qualibet
2669 5016 2722 5050 rc
2751 5002 3009 5052 allellzllllll
3041 5015 3123 5052 aut
3148 5007 3248 5053 Illi-

1721 5070 1908 5119 iiueiidi
1943 5068 2258 5132 pontificium
2309 5081 2410 5118 non
2443 5068 2751 5130 habeamus,
2781 5071 2872 5121 sed
2910 5071 3102 5135 absque
3142 5075 3248 5124 ullo
3285 5080 3288 5084 ‘

1721 5136 2020 5202 pra-judicio
2064 5137 2431 5201 Suprascripta:
2500 5137 2735 5189 ecclesiae
2789 5141 2864 5188 vel
2912 5152 3082 5188 vestro
3131 5157 3244 5191 cam

1723 5205 2080 5273 tantumiiioilo
2110 5205 2346 5273 excolere
2377 5203 2692 5265 debeamus,
2729 5206 2841 5256 ideo
2885 5205 3020 5256 lianc
3065 5222 3244 5273 preca-

1722 5275 1848 5322 riam
1900 5270 2044 5323 vobs
2090 5272 2410 5335 emittimus,
2461 5285 2511 5321 ut
2565 5276 2704 5324 nullo
2749 5287 2974 5342 unqii..ni
3017 5270 3248 5342 teiiipui'e

1723 5350 1899 5390 tio-tra
1933 5343 2223 5404 possessio,
2256 5343 2459 5393 etiamsi
2491 5344 2713 5406 spatium
2747 5341 2861 5391 vita:
2894 5343 3041 5396 nobis
3075 5341 3242 5396 Doiiii-

1722 5423 1817 5457 iius
1849 5410 2253 5474 prolongaverit,
2287 5411 2479 5461 nullum
2513 5408 2869 5473 prmjudicium
2898 5423 2986 5462 aut
3023 5415 3238 5463 diminu-

1723 5476 1913 5545 tionem
1959 5479 2186 5543 aliquam
2237 5478 2302 5530 de
2348 5484 2454 5541 ipsa
2505 5477 2625 5528 villa
2667 5480 2812 5531 vobis
2850 5495 3098 5545 generare
3143 5497 3244 5531 non

1721 5544 1945 5605 debeat;
1991 5547 2086 5597 nisi
2131 5561 2222 5598 usu
2267 5556 2498 5607 tantum,
2539 5553 2660 5598 dum
2702 5544 3022 5608 advivimus,
3059 5548 3245 5600 habere

1722 5614 2025 5666 debeamus.
2083 5617 2142 5666 Et
2184 5624 2298 5680 post
2340 5612 2575 5664 ιιοδιιυιιι
2614 5618 2883 5667 aiiilioiiim
2927 5615 3240 5672 discessUin,

1723 5693 1840 5732 cum
1883 5699 2022 5735 omni
2067 5701 2121 5735 ie
2164 5685 2468 5744 ineliorata,
2508 5686 2751 5749 quicquid
2791 5685 2979 5735 ibidem
3022 5687 3248 5745 nudique.

1722 5751 1998 5804 adii-abere
2028 5763 2116 5802 aut
2144 5750 2417 5802 lttCIlOl'tll'e
2449 5753 2752 5816 poterimus,
2787 5767 2874 5816 per
2905 5756 3034 5801 liam:
3069 5770 3247 5814 pici-a-

1725 5823 1937 5884 lorieim,
1982 5835 2040 5872 ac
2081 5820 2122 5870 Si
2165 5832 2371 5884 Scllipi‘r
2415 5837 2505 5886 per
2548 5821 2951 5885 quinquennium
3002 5834 3250 5872 renovata
