3820 6368
118 398 201 450 529

355 504 466 557 CX.
505 507 947 559 Commonitorium
974 510 1038 558 ad
1064 509 1368 575 episcopum.

170 596 380 647 Domino
406 607 594 649 saneto
622 609 672 650 et
701 599 987 663 apostolica
1018 599 1144 652 sede
1183 601 1408 652 colendo
1445 602 1644 652 domno

113 675 154 738 et
181 665 461 738 in‘Chrtsto
502 667 633 738 patri
679 667 748 720 illi
779 671 1026 738 episcopo
1059 670 1142 721 ille
1176 685 1286 721 res.
1332 670 1440 724 Deo
1472 686 1646 738 prop.-

115 737 192 796 tio,
222 735 385 787 ﬁdelis
415 748 595 788 noster
625 737 732 800 ille,
759 746 864 789 etc.
897 735 1079 802 (Mitt,
1110 753 1152 787 c.
1185 739 1297 804 26.)

489 825 622 878 CXI.
664 825 930 878 lndiculus
953 830 1016 878 ad
1042 827 1244 880 Iaicum.

174 916 255 968 Ille
281 931 370 969 rex
400 917 479 967 vir
512 916 729 968 inluster
757 916 849 968 illi.
881 916 1073 970 Fidelis
1103 927 1280 970 noster
1307 916 1394 970 ille
1421 917 1484 968 ad
1516 923 1648 983 prm-

114 987 316 1037 sentiant
360 997 588 1038 nostram
619 985 832 1038 veniens
875 986 1023 1037 nobis
1062 986 1326 1054 suggessit
1366 987 1512 1050 quasi
1554 1002 1648 1037 vos

114 1069 252 1174 enin“,
293 1056 456 1175 null;9
487 1067 728 1190 ptauente
765 1069 918 1108 causa
947 1057 999 1108 in
1029 1056 1107 1108 via
1137 1056 1513 1118 adsallissetis,
1545 1066 1639 1108 etc.

116 1135 126 1186 (
192 1141 204 1172 I
243 1164 280 1186 .,
310 1141 360 1176 c.
464 1163 477 1175 .

116 1135 280 1186 (mm,
310 1141 360 1176 ι’.
391 1135 477 1175 zu.

113 1213 247 1265 CXII.
287 1213 554 1266 lndiculns
593 1214 660 1264 ad
696 1214 978 1281 spiscOpum
1011 1231 1101 1283 pro
1139 1215 1242 1268 alio
1281 1215 1648 1283 distrittgcndo.

178 1304 392 1355 Domino
430 1313 611 1355 sant-to
650 1312 702 1356 et
745 1303 1036 1369 apostolico
1077 1303 1272 1356 domno
1309 1315 1360 1356 et
1402 1305 1534 1368 patri
1576 1305 1649 1356 illi

113 1377 343 1437 episeopo
377 1373 462 1424 ille
482 1388 572 1425 rex
601 1373 815 1426 veniens
847 1374 931 1426 ille
961 1373 1025 1423 ad
1058 1375 1392 1436 νηιέειιιὶωη
1420 1382 1649 1424 nostram

116 1442 356 1578 magis“
383 1442 528 1509 quasi
569 1443 699 1496 abba
731 1451 904 1496 vester
931 1452 1019 1496 aut
1048 1442 1294 1504 clericus,
1325 1453 1428 1496 etc.
1462 1440 1652 1512 (ΗΜΛ,

117 1529 154 1562 τ.
187 1535 256 1562 -t.

144 1535 256 1562 .11.

231 1601 427 1654 CXIII;
451 1598 711 1655 Iudiculus
736 1604 802 1655 ad
829 1605 1056 1656 comitem
1081 1620 1172 1670 pro
1200 1603 1302 1657 alio
1330 1603 1525 1658 homin.

705 1675 1067 1742 distringendo.

181 1759 261 1812 Ille
292 1773 381 1810 rex
412 1759 490 1810 vir
516 1760 734 1812 inluster
762 1760 830 1813 illi
860 1763 1061 1814 comiti.
1097 1761 1294 1815 Fidelis
1377 1776 1442 1814 eo
1487 1762 1658 1828 propi-

117 1836 181 1880 tio
208 1843 384 1880 uoSLer
414 1830 501 1905 ille
537 1830 600 1879 ad
646 1832 988 1905 prasentiam
1025 1839 1254 1905 nostram
1295 1831 1508 1905 veniens
1549 1832 1656 1888 cle-
1691 1847 1731 1905 Β

118 1907 312 2034 ξιὶῐξὲιε
359 1896 511 2030 reggsni)
545 1899 709 1950 nosu‘i
753 1899 1013 1966 suggessit
1059 1901 1196 1968 quod
1242 1901 1504 1968 pagettsis,
1549 1912 1653 1952 etc.

197 1984 210 2018 I
250 2006 286 2029 .,
317 1981 363 2015 c.
471 2006 483 2017 .
947 2019 955 2026 .

197 1981 286 2029 ια..
317 1981 363 2015 c.
397 1981 483 2018 zu.

299 2057 480 2113 CXIV.
521 2057 595 2111 De
620 2059 860 2112 divisione
887 2061 972 2113 ubi
999 2060 1178 2116 missus
1207 2069 1278 2111 est
1302 2059 1449 2127 regis.

181 2150 304 2202 Dum
335 2160 388 2203 et
424 2151 613 2204 divisio
653 2162 701 2204 et
733 2151 1028 2218 exmquatio
1067 2151 1200 2206 inter
1238 2153 1383 2205 illum
1419 2161 1469 2203 et
1516 2151 1656 2203 illum

115 2234 200 2270 seu
225 2230 496 2290 consortes
525 2235 704 2272 eorum
747 2222 810 2272 de
855 2221 1138 2290 alodeillo
1180 2229 1271 2274 aut
1299 2223 1365 2275 de
1404 2237 1529 2290 agro
1571 2222 1660 2272 ido

114 2289 354 2343 celebrari
384 2289 557 2352 debet,
587 2301 688 2344 etc.
720 2290 903 2358 (Ibid.,
933 2306 979 2342 c.
1005 2289 1120 2357 20.)

377 2379 534 2435 CXV.
576 2379 647 2431 De
676 2381 839 2432 causis
865 2382 1070 2434 alterius
1095 2382 1388 2450 recipiendi.

181 2469 370 2522 Fidelis
400 2470 621 2523 Domino
649 2473 870 2536 propitio
900 2481 1079 2526 noster
1106 2473 1194 2527 ille
1222 2475 1284 2524 ad
1314 2485 1541 2525 nonam
1574 2490 1672 2528 VL".

117 2541 259 2592 treus
299 2549 629 2603 [trasennam
676 2545 936 2608 suggessit
981 2545 1132 2595 nobis
1171 2557 1236 2594 eo
1264 2543 1400 2607 quod
1448 2554 1661 2607 promer

118 2609 494 2674 simplicitatem
532 2624 677 2662 suam
707 2625 892 2663 causas
935 2627 1056 2664 snas
1095 2613 1309 2664 minime
1351 2614 1507 2677 po~sit
1537 2631 1658 2679 ριυ-

115 2687 326 2744 sequcre
352 2678 436 2731 Vel
463 2679 769 2743 admaIIare,
798 2690 900 2733 etc.
937 2679 1119 2748 (lbid.,
1153 2695 1199 2731 c.
1228 2681 1342 2748 EI.)

499 2761 681 2819 CXVI.
723 2763 971 2818 Formuta
998 2766 1268 2839 citationis.

177 2852 431 2915 Quooiam
475 2848 830 2920 imperialibus
871 2857 1229 2908 sanCtiOnihus
1257 2864 1464 2908 cautum
1495 2864 1577 2910 est
1607 2866 1659 2909 ut

115 2923 380 2986 absentes,
409 2936 588 2976 comra
621 2938 752 2988 quos
782 2924 1014 2978 actiones
1041 2940 1294 2977 exercere
1323 2927 1533 2988 Cupiunt
1558 2968 1570 2988 ,
1607 2928 1658 2978 itt

107 2990 298 3055 judicio
323 2994 529 3059 eopiam
557 2994 635 3044 sui
664 2994 837 3046 facere
859 2994 1044 3046 edictis
1068 2995 1314 3057 citentur,
1344 2994 1539 3048 idcirco
1561 3011 1660 3061 ego

109 3061 259 3126 judex
291 3064 384 3114 has
413 3062 790 3115 admonitorias
817 3063 911 3115 tibi
942 3065 1150 3129 delega,
1179 3075 1442 3130 quatenus
1483 3069 1532 3117 in
1570 3064 1657 3131 ju-

111 3131 242 3181 dcio
283 3132 612 3197 pm'seutitm
646 3133 716 3183 tui
759 3131 937 3196 facias,
981 3132 1425 3200 intentionemqne
1463 3136 1657 3187 aetoris

109 3202 380 3271 suscipias,
412 3204 570 3267 eique
598 3204 957 3268 oppositiones
986 3204 1155 3271 legum
1198 3210 1355 3271 atque
1383 3205 1658 3271 exceptio-

109 3281 198 3319 nes
224 3268 348 3336 obju
365 3270 462 3321 ias.

361 3355 568 3411 CXVII.
612 3357 781 3412 Editio
805 3358 995 3430 legibus
1022 3361 1398 3430 comprehensa.

174 3445 279 3519 Lex
309 3445 546 3519 Romana
578 3462 669 3515 pro
698 3449 916 3502 utilitate
945 3449 1154 3501 humani
1184 3450 1395 3519 generis
1424 3450 1659 3515 exposcit

108 3526 158 3567 ut
189 3517 233 3570 si
259 3517 477 3582 quando
505 3519 862 3587 cujuscunque
891 3519 1079 3586 iujustn
1111 3517 1391 3583 appellatio
1419 3533 1658 3584 conmm-

109 3589 272 3650 batur,
298 3600 541 3652 sumptus
561 3602 691 3655 quos
717 3598 834 3653 post
860 3589 1657 3656 appellatitanetn'adver-ariutn

107 3670 251 3707 suum
301 3668 585 3778 agcgusator
629 3660 882 3724 c0tnpulit
924 3669 1207 3723 sustinere,
1253 3668 1356 3712 etc.
1400 3656 1658 3726 (Forntul.

107 3736 175 3774 rct
207 3767 221 3778 .
253 3740 300 3777 ε.
334 3729 344 3738 ’
406 3732 451 3778 .I

106 3736 175 3774 cct
207 3767 221 3785 ,
253 3740 300 3777 ε.
331 3728 451 3791 29.)

105 3811 321 3868 LXVIII.
370 3813 431 3867 Si
460 3815 522 3866 de
562 3815 828 3869 homicidio
857 3816 1108 3869 accusatio
1147 3825 1459 3883 processerit,
1487 3832 1661 3870 secun-

283 3887 406 3936 dum
431 3885 563 3936 hanc
588 3888 884 3939 sententium‘
911 3889 1168 3952 inscn'ptio
1196 3887 1482 3939 cilebrctur.

171 3974 487 4042 Quicunque
515 3977 672 4034 altum
706 3977 774 4028 de
814 3977 1080 4036 homicidii
1119 3975 1338 4030 crimine
1371 3977 1660 4040 periculosa

105 4046 179 4096 vel
210 4047 426 4111 capitali
452 4045 748 4112 obiectione
777 4047 1078 4113 pulsaverit,
1111 4057 1213 4099 etc.
1245 4045 1436 4128 (Ibid.)

489 4133 667 4188 CXIX.
714 4136 908 4188 Retatio
933 4147 1044 4188 cum
1073 4135 1281 4202 iudicio.

171 4225 506 4278 Auctoritate
545 4226 671 4293 legis
720 4237 1036 4295 praeceptum
1085 4235 1165 4281 est
1214 4236 1268 4278 ut
1307 4227 1357 4280 in
1404 4237 1514 4281 toto
1563 4226 1664 4280 Iit?s

104 4297 326 4346 termino
358 4295 659 4360 requiratur
697 4311 787 4363 per
824 4312 979 4362 quem
1011 4306 1124 4350 orta
1164 4306 1242 4350 est
1283 4299 1570 4364 contentio,
1611 4307 1664 4348 et

103 4366 145 4435 si
193 4366 360 4416 alium
396 4366 482 4435 _ad
539 4366 768 4432 rapinam
823 4366 1116 4419 faciendam
1168 4367 1502 4435 adgreditur,
1559 4377 1660 4419 etc.

103 4433 281 4499 (ibid,
311 4452 360 4494 ς,

545 4501 704 4556 CXX.
741 4501 898 4557 Breve
925 4505 1258 4557 sacramenti;

168 4592 581 4644 Sarratncntnm
612 4594 837 4659 qualiter
876 4598 1138 4661 ingressus
1167 4603 1248 4646 est
1289 4593 1372 4646 ille
1412 4592 1463 4646 in
1493 4592 1663 4646 eccle-

100 4662 230 4712 siam
260 4664 435 4713 sancti
468 4661 607 4713 illius
633 4665 684 4712 in
716 4665 832 4713 loco
860 4674 1154 4730 nuncupata
1181 4663 1272 4714 illo
1296 4664 1393 4716 sub
1431 4678 1535 4730 prae
1568 4678 1665 4716 en-

102 4733 168 4782 lia
197 4731 346 4783 illius
375 4730 571 4797 jndicis
602 4731 678 4783 vel
719 4732 974 4800 bonorum
1002 4737 1228 4784 virorum
1258 4736 1343 4800 qui
1382 4737 1558 4787 subter
1588 4743 1664 4784 te-

101 4810 291 4853 nentur
322 4801 534 4865 inserti,
564 4810 666 4854 etc.
699 4797 884 4868 (lbid.,
910 4818 955 4852 c.
982 4801 1097 4869 5t.)
1276 4797 1289 4800 ⁷
1450 4821 1464 4835 ·

101 4887 285 4944 CXXI.
317 4889 582 4944 Securitas
603 4906 692 4958 pro
713 4890 982 4942 homicidio
1005 4895 1158 4959 facto,
1175 4893 1216 4944 si
1238 4907 1289 4944 sc
1313 4892 1666 4958 puciﬁcaverit.

172 4981 403 5033 Domino
427 4981 575 5034 fratri
600 4982 692 5034 illi.
727 4980 857 5034 Dum
881 4979 1160 5048 instigante
1182 4982 1505 5043 adversario,
1530 4978 1668 5048 quod

102 5066 203 5101 non
231 5049 526 5112 debueras,
553 5065 860 5118 germanum
893 5060 1128 5103 nostrum
1161 5052 1308 5103 illum
1339 5053 1478 5103 visus
1506 5064 1564 5103 es
1592 5053 1671 5104 iu-

102 5121 400 5182 tcrfecisse,
430 5130 533 5172 etc.
568 5119 863 5188 (Marculf.,
896 5121 933 5174 Ι.
958 5133 1012 5186 It,
1043 5135 1091 5171 ε.
1124 5118 1235 5189 I8.)

566 5207 774 5262 CXXII.
817 5209 931 5263 Alia
956 5210 1218 5262 securitas.

169 5301 285 5356 Non
319 5301 546 5356 minima
587 5301 678 5354 sed
711 5303 938 5356 maxima
969 5311 1205 5357 vertente
1234 5302 1490 5355 discordia
1535 5303 1671 5355 inter

103 5373 245 5423 iIIutIt
278 5383 332 5422 et
365 5372 535 5432 illum,
562 5384 614 5424 et
642 5373 728 5425 ille
754 5373 969 5425 veniens
991 5381 1114 5426 ante
1143 5371 1220 5424 ill.
1246 5385 1299 5426 et
1328 5375 1403 5425 dl.
1433 5375 1672 5438 repetivrt

106 5445 215 5500 i,-se
277 5440 358 5494 iIl.
421 5442 674 5510 adversus
729 5443 897 5508 ipsum
953 5442 1026 5495 ill.
1077 5456 1142 5494 eo
1191 5442 1328 5508 quod
1379 5445 1670 5510 genitorem

103 5527 281 5575 suum,
311 5518 422 5564 etc.
456 5509 750 5578 tMarcut{.,
778 5513 1022 5580 append.,
1051 5527 1098 5563 c.
1126 5511 1240 5578 23.)

562 5600 794 5655 CXXIII.
836 5602 948 5651 Alia
976 5602 1232 5654 securitas.

173 5691 288 5746 Non
332 5691 558 5744 minima
599 5693 689 5743 St‘tI
724 5690 948 5745 maxima
980 5701 1217 5744 vertente
1251 5691 1508 5746 discordia
1541 5694 1673 5744 inter

106 5763 170 5814 ill.
213 5775 266 5815 et
307 5765 390 5815 ill.
425 5764 638 5814 vettit'us
678 5763 727 5812 in
773 5764 940 5815 Iot'ttnt
973 5762 1043 5814 iII.
1079 5771 1200 5815 ante
1230 5761 1391 5815 bonos
1434 5763 1672 5814 homines

1249 401 1595 456 ρυηδιυως
1642 401 2136 458 LINDICNBIIUCII.

3203 420 3305 473 330

1669 513 1715 570 Α
1747 512 2172 593 repeti-.bat_ips_e
2221 514 2290 567 ill.
2339 529 2548 569 causam
2590 532 2738 573 sitam
2782 523 2862 576 vel
2899 522 3156 593 conjugis,
3199 539 3301 580 etc.

1746 581 1931 646 (1nd,,
1958 597 2002 632 c.
2033 582 2146 648 tt.)

2191 671 2277 724 (ΣΧ
2290 672 2419 726 XIV.
2461 674 2573 726 Alia
2601 678 2858 730 secoritas.

1819 759 1947 810 Dum
1974 768 2026 811 et
2057 761 2317 825 plerisque
2360 765 2439 815 vel
2471 766 2713 818 omnibus
2757 784 2856 819 non
2902 769 3125 822 habetur
3155 773 3302 826 inco-

1746 829 1944 900 gnitum
1976 828 2199 893 qualiter
2241 832 2397 883 homo
2439 834 2628 900 aliquis
2669 837 2876 888 nomine
2921 840 3006 891 ille
3038 839 3302 893 hominem

1749 899 1881 972 ilius
1909 900 2139 972 episcopi
2185 902 2296 972 sive
2340 899 2543 972 abbatis
2585 907 2796 958 noluine
2822 907 2986 972 illum,
3026 908 3304 972 instigante

1749 968 1975 1041 diabolo,
2013 970 2244 1041 peccatis
2271 970 2605 1034 facientibus,
2641 974 2776 1025 malo
2807 968 2990 1027 ordine
3023 968 3301 1041 intan'ecit,

1751 1035 1887 1112 unde
1913 1039 2026 1112 vitae
2058 1040 2341 1112 periculum
2375 1042 2640 1112 incurrere
2666 1043 2866 1095 debuit.
2896 1045 2997 1096 Sed
3032 1035 3300 1112 postquam

1756 1105 1897 1176 venit
1919 1105 2080 1156 isdem
2105 1105 2363 1158 homicida
2387 1123 2564 1161 coram
2593 1111 2706 1174 ipso
2735 1113 2996 1176 pontiﬁce,
3024 1105 3100 1165 vel
3127 1105 3301 1167 coram

1754 1174 1841 1224 illo
1869 1178 2057 1250 comite
2076 1218 2090 1236 ,
2123 1190 2214 1250 seu
2243 1179 2638 1250 quampluribus
2674 1174 2967 1246 magniﬁcis
2995 1184 3138 1244 viris,
3171 1199 3301 1250 quo-

1753 1259 1865 1314 rum
1893 1244 2098 1294 nomina
2121 1245 2298 1314 subter
2326 1255 2567 1298 tenentur
2592 1244 2807 1311 inserta,
2833 1253 3152 1314 percttuctati
3183 1244 3305 1304 sunt

1753 1312 1817 1360 ab
1847 1326 1908 1360 eo
1939 1321 2109 1364 utrum
2146 1311 2234 1384 ille
2265 1314 2363 1366 hoc
2394 1315 2702 1382 quandoque
2746 1311 3098 1384 perpetratum
3146 1324 3305 1374 habe-

1754 1390 1861 1454 ret,
1893 1394 1958 1431 an
1991 1397 2114 1432 non.
2151 1383 2317 1434 Isdem
2349 1398 2472 1435 vero
2516 1385 2692 1454 homo,
2722 1383 2806 1454 qui
2845 1383 2906 1439 ex
2951 1387 3046 1440 hoc
3076 1391 3304 1454 inquire-

1754 1448 1923 1511 batur,
1961 1464 2192 1512 prteseus
2230 1454 2439 1514 aderat,
2482 1464 2533 1504 et
2580 1451 2714 1506 hanc
2739 1448 2964 1508 causam
3009 1448 3304 1509 nulla-tenus

1665 1555 1676 1558 -
1753 1518 2076 1581 denegabat;
2109 1517 2198 1571 sed
2233 1523 2396 1582 magis
2426 1522 2614 1575 exinde
2641 1525 2917 1577 confessus
2946 1525 3040 1577 fuit
3062 1567 3075 1586 ,
3109 1528 3306 1578 scilicet

1757 1587 1888 1650 quod
1944 1587 2205 1638 hominem
2258 1590 2421 1654 ipsius
2470 1592 2700 1656 episcorti
2756 1596 2832 1644 vel
2892 1594 3028 1646 illius
3079 1598 3304 1656 abbatis,

1759 1657 1893 1729 unde
1925 1655 2304 1729 ittquirebatttr,
2338 1655 2704 1712 interIerisset.
2741 1662 2844 1714 lIac
2877 1664 3032 1729 igitur
3058 1666 3122 1718 de
3151 1655 3305 1716 eausa

1753 1722 2037 1788 judicatum
2059 1736 2149 1798 est
2176 1726 2224 1798 ei
2255 1727 2320 1798 ab
2356 1729 2468 1798 ipso
2495 1729 2683 1781 comite
2715 1731 2790 1783 vel
2833 1722 3053 1798 abvt‘psis
3080 1735 3308 1786 scabinis

1757 1795 2150 1867 etpagenstbus
2186 1795 2282 1847 loci
2316 1796 2451 1849 illius
2475 1809 2537 1867 rut
2566 1799 2706 1849 illam
2747 1795 2985 1862 lendem‘,
3016 1803 3153 1867 quod
3185 1811 3308 1853 sunt

1758 1864 1906 1934 sotidi
1929 1861 2097 1934 tanti,
2131 1878 2222 1928 pro
2247 1879 2342 1916 suo
2371 1866 2540 1916 wudio
2572 1880 2763 1930 ponere
2789 1861 3200 1934 deberet.'Quod
3233 1871 3301 1921 ita

1758 1940 1812 1980 et
1843 1932 1982 2005 fecit.
2017 1931 2198 2005 Postea
2231 1949 2353 1985 vero
2385 1948 2600 2005 necesse
2629 1935 2720 1987 fuit
2749 1947 2804 1988 ut
2834 1937 2931 2004 ipsi
2960 1931 3154 1990 homini
3173 1978 3186 1999 ,
3219 1940 3304 2005 qui

1762 2015 1810 2062 Ip
1841 2014 1924 2050 ain
1952 2002 2160 2070 lendem
2204 2017 2398 2068 ponere
2431 2004 2568 2055 visus
2597 2013 2703 2065 est,
2743 2002 2898 2058 talem
2930 2009 3198 2070 epistolam
3227 2002 3305 2060 Se-

1759 2082 1801 2141 c-
1828 2084 1850 2117 r
1875 2067 2002 2141 tatis
2027 2085 2119 2141 per
2147 2083 2332 2121 manus
2361 2087 2541 2123 eorum
2588 2074 2842 2126 Iirmatam
2887 2067 3098 2139 aII-IIIS"
3139 2081 3309 2141 ponti-

1763 2140 1857 2188 lice
1879 2177 1893 2198 ,
1915 2139 2006 2209 νυνι
2037 2139 2102 2189 ab
2135 2141 2248 2205 ipso
2278 2146 2502 2200 comite,
2534 2156 2626 2193 seu
2657 2146 2722 2193 ab
2763 2140 2880 2195 aliis
2925 2145 3062 2196 illius
3093 2139 3188 2197 loci
3225 2161 3311 2209 pa-

1733 2208 2006 2286 __§ensibns
2034 2209 2272 2286 accipere
2298 2209 2547 2270 deberet,
2582 2219 2636 2261 ut
2679 2212 2728 2262 itt
2760 2214 3090 2276 postmodum
3123 2215 3187 2265 de
3219 2208 3308 2264 illo

1763 2273 2066 2337 Itotntdicio,
2099 2278 2235 2341 quod
2281 2288 2402 2330 tunc
2431 2273 2916 2343 CttlltpOIlereXIrUS
2954 2293 3066 2343 est,
3095 2295 3309 2334 securus

1763 2351 1928 2400 tati-at
1959 2345 2211 2398 residere.
2252 2345 2313 2396 Et
2351 2347 2393 2397 si
2436 2361 2609 2414 postea
2641 2350 2827 2415 aliquis
2855 2351 3142 2411 exstiterit,
3171 2367 3310 2412 qua:-

1762 2428 1964 2480 cunque
2011 2416 2134 2467 libet
2180 2430 2433 2480 μιτνδοηίι,
2469 2416 2553 2480 qui
2597 2419 2762 2483 ipsum
2807 2419 3070 2472 hominem
3114 2421 3178 2471 tle
3209 2420 3308 2472 hoc

1763 2484 2032 2536 remaIlare
2056 2483 2298 2547 voluerit,
2328 2487 2420 2550 ipsi
2452 2487 2638 2538 I'ratres
2664 2488 2739 2539 vel
2764 2501 3095 2540 Siti-ceSsures
3125 2494 3304 2553 ips-ius,

1759 2565 1852 2604 seu
1881 2564 2096 2620 agentes
2121 2554 2264 2619 eius,
2306 2557 2399 2622 qui
2437 2558 2569 2608 hanc
2605 2570 2772 2621 comp'
2794 2556 3038 2610 sitionem
3069 2573 3309 2622 accipere

1760 2624 1854 2673 v.si
1895 2631 2048 2682 sunt.
2093 2623 2261 2688 ipsum
2306 2625 2569 2676 hominem
2601 2636 2782 2678 contra
2821 2628 3104 2692 quemlibet
3130 2629 3308 2678 delen-

1760 2705 1877 2741 sare
1907 2694 2164 2751 debeant;
2200 2704 2251 2744 et
2277 2696 2318 2743 si
2355 2695 2452 2747 hoc
2479 2693 2651 2748 facere
2680 2711 2782 2748 non
2831 2697 3088 2762 potuerint
3109 2735 3124 2758 ,
3158 2707 3309 2747 re~tt-

1763 2771 1909 2812 tuere
1956 2762 2190 2831 debeant
2222 2771 2419 2812 tantum
2467 2774 2716 2830 quantum
2770 2765 2934 2819 dedit.
2986 2766 3312 2831 Complacnit

1762 2831 1932 2894 itaque
1963 2840 2065 2900 tam
2098 2829 2194 2895 ipsi
2227 2832 2455 2900 tantilici
2477 2829 2496 2891 ,ί
2523 2848 2677 2898 quam
2709 2834 2806 2900 ipsi
2835 2834 3050 2899 comiti,
3079 2829 3169 2887 seu
3199 2834 3314 2886 aliis

1760 2899 2153 2963 quampluribus
2193 2899 2482 2967 magniliris
2512 2904 2633 2954 viris
2676 2899 2740 2953 uti
2775 2901 2930 2954 talem
2976 2904 3309 2955 securitatem

1760 2967 1857 3034 ipsi
1887 2969 2079 3020 homini
2112 2969 2380 3032 Iacerent,
2408 2972 2556 3037 sicuti
2586 2979 2637 3022 et
2667 2969 2918 3024 fecerunt.
2954 2970 3019 3022 Et
3047 2970 3089 3023 si
3121 2973 3191 3023 ali
3215 2974 3315 3033 ,uis

1763 3042 2088 3104 postmodum
2112 3053 2230 3089 enin
2260 3037 2325 3091 de
2348 3041 2727 3104 compositione
2755 3042 3032 3093 remallare
3062 3041 3304 3100 voluerit,

1762 3116 1816 3178 ut
1857 3110 1966 3178 ipse
2007 3111 2278 3171 episcopus
2310 3110 2389 3178 vel
2428 3123 2756 3162 successores
2779 3109 2912 3175 ejus,
2936 3125 3029 3162 seu
3073 3123 3316 3178 agentes.

1683 3171 1729 3236 C
1761 3175 1927 3242 ipsum
1957 3176 2221 3228 hominem
2254 3178 2319 3230 de
2349 3176 2446 3229 hac
2474 3192 2630 3230 causa
2657 3171 2872 3231 omnino
2900 3171 3174 3232 deiensai-e
3215 3181 3310 3229 de-

1759 3251 2085 3316 beant,aut
2136 3245 2410 3316 restituere
2451 3251 2497 3299 ei
2543 3248 2774 3303 debeant
2819 3257 3016 3303 tantum
3062 3244 3324 3316 quantum.

1758 3313 1919 3367 dedit.
1953 3315 2159 3367 Actum.
2192 3315 2258 3367 Et
2283 3327 2493 3368 cmtera.
3022 3319 3029 3326 '

2210 3424 2415 3479 CXXV.
2443 3425 2556 3479 Alia
2583 3429 2848 3481 securitas.

1827 3516 1954 3569 Cum
1979 3516 2261 3569 resedisset
2286 3516 2510 3569 inluster
2532 3518 2611 3568 vir
2642 3518 2732 3570 ille
2756 3528 2935 3568 comes
2966 3516 3017 3567 in
3049 3514 3136 3566 illo
3158 3513 3324 3565 mallo

1763 3588 1969 3651 publico
1998 3587 2058 3636 ad
2092 3586 2452 3646 universorum
2499 3601 2682 3639 causas
2721 3585 3008 3638 audiendas
3051 3586 3128 3634 vel
3172 3593 3313 3635 recta

1755 3656 1954 3724 judicia
1987 3657 2346 3720 terntinanda,
2398 3656 2574 3724 ibique
2621 3671 2837 3710 venens
2865 3695 2879 3718 ,
2907 3664 3010 3708 etc.
3053 3651 3311 3718 (l’orruut.

1760 3725 2046 3790 Bignon.,c
2105 3739 2123 3773 δ
2158 3726 2178 3790 )
2631 3779 2634 3782 ξ

1807 3742 2002 3791 tunam,
2023 3743 2046 3776 ι
2105 3739 2123 3773 δ

1758 3833 1987 3889 CXXVI.
2021 3835 2275 3890 Securitas
2295 3837 2343 3887 in
2366 3852 2476 3887 eum
2503 3837 2596 3916 qui
2617 3852 2702 3898 per
2723 3838 2922 3904 jussum
2943 3835 3072 3902 regis
3093 3832 3310 3899 aliquem
3335 3838 3337 3840 ’

2374 3917 2700 3974 persequitur.

1830 3997 1930 4062 Qui
1960 3998 2119 4065 regia:
2147 3997 2476 4061 obtemperat
2500 3996 2752 4064 iussioni,
2785 3995 3009 4062 experiri
3036 3996 3226 4048 malum
3260 3995 3311 4047 in

1762 4081 2026 4134 posterum
2076 4083 2102 4118 a
2149 4067 2382 4134 quolibet
2427 4082 2531 4119 non
2585 4067 2762 4120 debet.
2790 4066 2950 4133 Igitur
2997 4081 3114 4118 cum
3145 4079 3196 4119 et
3229 4066 3315 4118 ille

1762 4152 1876 4188 cum
1912 4139 2126 4203 reliquis
2156 4136 2364 4201 paribus
2407 4138 2550 4196 suis,
2586 4138 2668 4200 qtti
2703 4150 2820 4188 eum
2863 4138 3027 4188 secuti
3072 4137 3312 4195 fuerunt,

1765 4206 1986 4341 tacita-nr
2013 4206 2210 4258 rebello
2231 4241 2246 4266 ,
2279 4205 2423 4256 illum
2451 4203 2727 4273 interiecit,
2760 4214 2862 4257 etc.
2897 4203 3188 4273 (Marcul/l,
3214 4206 3247 4254 ι.
3276 4220 3310 4265 ι,

1763 4291 1807 4327 c.
1839 4287 1890 4325 ον
1913 4313 1925 4326 .
2393 4295 2398 4301 -
2580 4328 2586 4339 ,
3273 4336 3276 4338 γ

2180 4361 2433 4416 cxxvn.
2475 4328 2708 4413 Venditio
2736 4362 2798 4413 de
2822 4377 2896 4413 re.

1839 4449 2109 4528 Magnith
2137 4451 2189 4503 in
2215 4449 2595 4528 Christotratri
2625 4450 2977 4528 illi_emptort,
3009 4465 3108 4528 ego
3135 4451 3312 4528 vendi:

1696 4501 1743 4560 D
1769 4501 1980 4572 tuenti.
2012 4501 2365 4573 consortia
2405 4501 2500 4573 tibi
2537 4501 2674 4572 uti
2699 4501 3190 4586 augendarum,
3221 4519 3310 4570 sed

1769 4592 1972 4655 propria
2023 4591 2102 4642 vel
2149 4599 2439 4644 snontanea
2486 4591 2754 4641 voluntate
2796 4590 3128 4647 vendidisse,
3159 4599 3210 4638 et
3243 4590 3310 4638 ita

1768 4659 2010 4720 vendidi,
2057 4657 2359 4722 tradidisse,
2394 4665 2447 4709 et
2475 4661 2543 4711 ita
2571 4658 2793 4720 tradidi,
2823 4658 2918 4709 hoc
2947 4665 3027 4709 est
3048 4695 3062 4716 ,
3089 4656 3316 4722 aliquam

1769 4741 1877 4779 rem
1907 4742 2075 4779 int-am
2109 4730 2160 4778 in
2190 4721 2319 4793 pago
2350 4727 2437 4778 illo
2458 4765 2473 4790 ,
2504 4729 2554 4781 in
2597 4729 2710 4781 loco
2741 4735 3036 4791 nuncupato
3065 4725 3154 4776 illo
3179 4721 3314 4787 ,-su-

1773 4810 1864 4861 per
1910 4796 2065 4848 IIuvio
2108 4797 2225 4859 illo,
2269 4797 2316 4848 id
2360 4807 2474 4856 est.
2510 4810 2745 4848 mansum
2792 4797 2950 4846 unum
2978 4795 3062 4862 qui
3096 4795 3220 4844 mihi
3251 4809 3314 4846 ex

1771 4878 1914 4930 parte
1935 4865 2185 4932 genitoris
2213 4881 2303 4915 seu
2333 4867 2597 4932 genitricis
2627 4865 2942 4916 hereditario
2968 4864 3086 4930 jure
3107 4875 3311 4914 succes—

1767 4936 1856 4996 sit,
1887 4948 2004 4985 cum
2033 4935 2175 4986 omni
2205 4934 2426 4986 aedilicio
2455 4935 2784 5001 supraposito
2810 4974 2822 4994 ,
2849 4947 3050 4986 necnon
3078 4933 3142 4984 de
3175 4939 3318 4984 terra

1768 5003 1948 5054 arabili
1977 5007 2038 5054 ad
2068 5005 2234 5070 ipsum
2266 5017 2506 5055 mansum
2537 5002 2860 5063 adsuiciente
2898 5004 2982 5055 vel
3018 5001 3319 5070 pertinente

1770 5073 2016 5123 bunuaria
2045 5069 2206 5133 tanta,
2236 5072 2466 5124 similiter
2501 5082 2553 5123 et
2583 5072 2649 5124 de
2680 5083 2827 5138 prato
2861 5069 3111 5123 bunuaria
3144 5078 3309 5131 tanta,

1771 5143 1848 5192 vel
1871 5141 2108 5206 quicquid
2140 5141 2201 5190 ad
2233 5142 2398 5206 ipsum
2431 5155 2668 5193 mansum
2700 5141 2962 5207 pertinere
2993 5139 3309 5207 dinoscitur,

1772 5205 1936 5260 totum
1963 5220 2014 5262 et
2039 5211 2101 5260 ad
2136 5205 2390 5277 integrum
2423 5213 2508 5263 tibi
2544 5225 2633 5277 per
2659 5205 2790 5261 hanc
2818 5210 3105 5261 chartulam
3136 5205 3316 5259 vendi-

1771 5278 1925 5330 tionis
1955 5281 2064 5331 sive
2093 5294 2181 5345 per
2211 5278 2459 5332 festucam
2484 5292 2640 5348 atque
2669 5293 2762 5344 per
2783 5279 3126 5342 andelangum
3151 5277 3322 5348 dono,.

1771 5348 1952 5420 trado.
1995 5355 2150 5420 atque
2195 5346 2568 5414 perpetualiter
2608 5350 2665 5420 in
2713 5349 2973 5420 omnibus
2997 5346 3313 5420 transﬁrnto.

1774 5413 1922 5470 Unde
1949 5413 2235 5483 acciperes
2270 5413 2320 5471 te
2351 5421 2492 5470 visus
2520 5418 2634 5473 stnr‘t
2663 5418 2925 5482 pretium,
2964 5416 3012 5466 id
3041 5425 3154 5477 est,
3187 5413 3314 5465 soli-

1772 5485 1868 5537 dos
1895 5487 2124 5550 valcrues
2167 5496 2339 5539 tantos
2366 5525 2380 5545 .
2414 5489 2461 5539 in
2501 5501 2602 5552 quo
2633 5485 2756 5537 mihi
2804 5483 3119 5550 complacuit
3163 5491 3327 5552 atque

1773 5565 2032 5628 convenit.
2082 5556 2143 5606 Et
2192 5556 2435 5628 prcﬂipso
2485 5550 2668 5628 pretio,
2710 5555 2845 5628 sicut
2895 5552 3133 5628 superius
3176 5550 3318 5628 disi,

1773 5625 1941 5689 ipsum
1992 5619 2228 5677 mansum
2263 5619 2355 5676 tibi
2399 5639 2574 5675 coram
2622 5624 2853 5688 pluribus
2885 5619 3101 5674 testibus
3132 5619 3319 5670 tradidi

1775 5703 1931 5758 atque
1956 5693 2221 5762 delegavi;
2252 5694 2300 5744 in
2332 5708 2390 5744 ea
2421 5707 2546 5743 vero
2577 5697 2775 5744 ratione
2804 5703 2856 5742 ut
2882 5707 2911 5743 tt
2935 5690 3026 5762 die
3063 5702 3321 5762 prmsrnte

1779 5764 1874 5814 hoc
1919 5759 2107 5816 habe-1's
2129 5804 2144 5828 ,
2179 5774 2352 5816 teneas
2383 5802 2394 5829 ,
2423 5773 2576 5830 atque
2610 5779 2640 5830 μ
2664 5762 2878 5816 :ssidcas
2905 5803 2916 5823 ,
2951 5760 3028 5812 vel
3076 5759 3318 5827 qun-quid
