3848 6234
466 391 563 443 ειη

1451 389 1538 440 ΑΒ
1580 385 1929 441 MAIICULFI
1972 382 2342 439 ιτοιιιιυιΑε
2383 382 2741 437 ΑΡΡΕΝΟΙΧ.

3566 376 3659 432 832

464 502 653 553 exinde
700 500 871 555 facere
918 500 1145 553 volueris
1170 538 1182 559 ,
1238 499 1454 551 liberam
1486 514 1545 550 ac
1590 498 1940 551 firmissimam
1974 497 2023 549 in
2055 504 2097 555 Α
2131 496 2460 562 disciplinam
2490 473 2827 559 imponendo,
2861 492 2930 544 ita
2961 502 3013 545 et
3038 491 3101 544 de
3125 505 3209 544 me
3229 488 3296 543 ab
3320 489 3557 543 hodierno
3576 492 3656 544 die

464 571 706 623 omnibus
730 572 919 623 habeas
942 580 1272 637 potestatem.
1300 571 1359 619 lit
1388 572 1429 621 si
1456 568 1715 631 quisniztin
1738 568 2016 635 deinceps,

465 642 601 704 quod
653 640 875 691 futurum
921 656 1040 692 esse
1080 655 1184 691 non
1213 638 1403 699 credo,
1437 639 1548 689 sive
1570 652 1667 699 ego
1695 638 1807 701 ipse
1828 678 1845 701 ,
1878 638 2016 704 quod

467 711 619 769 absit,
651 720 738 759 aut
771 711 904 762 ullus
932 710 998 761 de
1029 709 1339 768 heredibus,
1365 721 1456 759 seu
1484 706 1733 774 qttailibet
1767 722 2018 773 persona,

464 785 641 829 contra
692 779 828 830 hanc
872 778 1162 829 chartulam
1213 776 1527 828 venditionis
1560 790 1621 825 ve
1646 776 1740 828 tire
1770 787 1861 826 aut
1899 790 2017 827 eam

462 847 767 911 calumniari
812 847 1232 912 przesumpserit,
1264 848 1345 896 cui
1390 846 1535 896 litem
1584 846 1855 906 intulerit,
1891 858 2019 895 auro

466 916 646 966 uncias
677 927 866 975 tantas,
898 927 1117 979 argento
1148 914 1266 966 libr.
1301 924 1471 966 tantas
1501 926 1716 965 coactus
1741 916 2015 975 exsolvat,

462 994 514 1033 et
569 985 784 1049 insuper
828 986 968 1051 quod
1014 986 1205 1049 repetit
1238 984 1434 1035 nullum
1466 984 1701 1035 obtineat
1746 983 2015 1045 effectum,

461 1052 552 1102 sed
580 1069 809 1115 ιιι-δέδυκε
843 1054 1073 1106 venditio
1104 1056 1198 1104 ista
1228 1062 1332 1104 tam
1377 1068 1403 1103 a
1450 1067 1532 1103 tne
1557 1066 1727 1118 .qnam
1773 1054 1836 1104 ab
1867 1053 2017 1103 here-

460 1122 614 1172 dibus
646 1124 775 1175 meis
822 1124 1089 1175 delettsata
1133 1125 1271 1175 omni
1326 1131 1562 1185 tempore
1613 1122 1760 1172 lirtna
1810 1132 1863 1172 et
1911 1131 2021 1170 sta-

462 1190 585 1242 bilis
608 1206 940 1259 permaneat,
977 1206 1095 1243 cum
1123 1192 1466 1258 Stipulatione
1512 1192 1768 1242 subnexa.
1806 1196 2013 1242 Actum.

853 1280 1123 1336 CXXVIII.
1154 1281 1387 1334 Venditio
1417 1283 1477 1332 de
1501 1281 1638 1332 villa.

537 1370 756 1423 Domino
788 1373 930 1425 fratri
965 1374 1061 1437 illi,
1093 1388 1192 1440 ego
1223 1372 1330 1424 ille.
1364 1372 1507 1424 Licet
1534 1362 1693 1437 empti
1721 1371 2022 1440 venditique

460 1452 763 1493 Contractus
811 1446 919 1493 Sola
974 1444 1123 1508 pretii
1173 1444 1602 1509 adnumeratiwnc
1649 1452 1699 1492 et
1745 1445 1817 1494 rei
1861 1443 2022 1509 ipsius

464 1509 743 1564 traditione
768 1514 1047 1577 consistat,
1074 1524 1181 1565 etc.
1211 1511 1499 1579 (.lIurcul/I,
1527 1511 1562 1563 l.
1586 1526 1645 1574 tt,
1675 1528 1719 1561 ε.
1758 1512 1864 1580 19.)

638 1603 872 1657 CXXIX.
916 1602 1148 1655 Venditio
1178 1602 1239 1653 de
1264 1618 1383 1653 area
1408 1602 1541 1667 infra
1570 1602 1837 1655 civitatem.

537 1694 759 1746 Domino
797 1701 981 1746 sancto
1021 1704 1068 1746 et
1100 1692 1388 1757 apostolico
1419 1690 1641 1742 Domino
1681 1699 1733 1743 et
1776 1687 1907 1754 pat'ri
1954 1688 2026 1742 illi

466 1764 737 1831 episeopo.
762 1763 980 1815 Constat
998 1777 1081 1814 me
1105 1762 1296 1831 nullius
1318 1769 1558 1831 coactum
1585 1760 1828 1824 imperio,
1856 1773 2027 1826 neque

465 1826 772 1902 iit-aginario
804 1832 937 1900 iure,
970 1840 1073 1883 etc.
1098 1828 1288 1895 (Ibid,
1320 1846 1363 1880 c.
1392 1826 1513 1894 ‘20.)

872 1920 1086 1975 CXXX.
1123 1919 1356 1971 Venditio
1382 1922 1441 1971 de
1461 1928 1614 1971 terra.

539 2016 761 2068 Domino
810 2014 1087 2081 magnifico
1116 2014 1263 2067 fratri
1307 2015 1376 2066 illi
1410 2015 1671 2080 emptori,
1703 2028 1803 2080 ego
1841 2015 1889 2066 in
1933 2012 2025 2065 Dei

467 2087 681 2137 nomine
711 2086 799 2138 ille
829 2086 1088 2139 venditor.
1115 2082 1334 2136 Constat
1363 2099 1447 2136 me
1474 2099 1576 2135 non
1618 2083 1923 2149 imaginario
1942 2083 2027 2151 ju-

470 2171 547 2215 re,
584 2170 678 2208 nec
709 2156 863 2207 UIIIIIS
901 2166 1141 2208 coactum
1175 2153 1423 2217 imperio,
1456 2155 1547 2206 sed
1584 2156 1805 2221 propriae
1833 2155 2027 2205 Vttltltt-

468 2228 589 2275 tatis
633 2241 780 2349 metes
802 2226 1022 2349 arbitrio
1071 2225 1165 2279 tibi
1198 2224 1426 2278 vendere
1450 2264 1464 2290 ,
1506 2232 1607 2277 etc.
1645 2222 1902 2291 (Formut.
1933 2223 2023 2274 Βί-

468 2312 641 2349 auom.
670 2312 716 2348 ε.
783 2336 796 2349 .

466 2312 641 2362 gnam,
670 2312 716 2348 c.
746 2297 825 2361 5.)

467 2405 701 2461 CXXXI.
756 2404 990 2460 Venditio
1050 2406 1185 2478 infra
1215 2413 1611 2478 Aemmumtatem
1664 2401 1901 2456 Ecclesia
1954 2402 2030 2455 rel

1189 2476 1320 2544 ﬁsci.

541 2570 817 2636 Magniﬁca
843 2568 988 2621 fratri
1017 2568 1126 2630 illi,
1157 2581 1255 2632 ego
1286 2566 1392 2619 ille.
1416 2564 1630 2618 Con5tat
1660 2577 1743 2616 me
1780 2559 1867 2614 tibi
1898 2577 2029 2614 ven-

470 2638 688 2703 didisse,
721 2649 773 2692 et
802 2640 870 2691 ita
902 2637 1134 2699 vendidi,
1169 2637 1299 2688 int‘ta
1329 2636 1611 2688 terminum
1662 2644 1823 2685 terra:
1858 2636 2027 2686 sancti

472 2710 612 2760 illius
654 2712 705 2761 in
753 2711 868 2761 loco
912 2716 1212 2773 nuncupato
1242 2706 1368 2769 illo,
1415 2719 1660 2772 campum
1701 2704 1780 2755 vel
1827 2705 2028 2756 vineam

472 2776 601 2843 iuris
632 2779 732 2829 mei
765 2775 1041 2831 habentem
1071 2776 1352 2843 aripennes
1384 2783 1588 2839 tantos,
1621 2782 1805 2839 estque
1834 2773 1899 2826 de
1927 2789 2029 2827 uno

489 2858 635 2899 atere
677 2856 730 2899 et
777 2845 948 2898 fronte
998 2857 1132 2899 terra
1180 2846 1353 2907 illius,
1383 2844 1450 2898 de
1476 2844 1581 2896 alio
1621 2858 1746 2895 vero
1789 2845 1951 2896 latere
1979 2853 2032 2896 et

472 2918 646 2969 fronte
693 2928 827 2969 terra
875 2916 1032 2969 illius.
1070 2916 1218 2970 Unde
1244 2914 1423 2983 accepi
1468 2930 1495 2967 a
1537 2920 1587 2967 te
1620 2915 1843 2979 pretium
1889 2916 2028 2979 quod

477 2984 770 3039 ntihbbeue
800 2986 1132 3053 complacuit,
1164 2988 1398 3039 valentes
1424 2984 1623 3037 solidus
1654 2993 1855 3044 tantos;
1882 2984 1950 3034 ita
1976 2992 2034 3037 ut

476 3056 543 3108 ab
572 3055 829 3109 hodierno
866 3055 955 3109 die
1000 3056 1247 3124 quicquid
1296 3056 1361 3107 de
1409 3055 1705 3124 supradicta
1736 3068 1817 3124 _re
1862 3054 2035 3124 facere

480 3125 731 3186 volueris,
758 3125 971 3177 liberam
992 3120 1185 3177 habeas
1210 3132 1543 3192 potestatem,
1566 3122 1711 3173 salvo
1729 3120 1847 3189 jure
1866 3122 2031 3191 ipsius

474 3195 666 3249 sancti.
694 3196 758 3247 Et
783 3196 825 3247 si
854 3194 1008 3247 fuerit
1036 3205 1125 3251 aut
1153 3210 1251 3263 ego
1281 3195 1410 3261 ipse.
1440 3192 1503 3245 Et
1532 3192 1751 3258 reliqua.

855 3283 1110 3339 CXXXII.
1151 3283 1380 3337 Venditio
1401 3284 1465 3335 de
1490 3298 1648 3336 servo.

546 3369 771 3429 Domino
800 3378 1074 3444 magnifico
1106 3375 1252 3430 fratri
1302 3376 1376 3429 illi
1410 3374 1663 3442 emptori,
1706 3387 1805 3443 ego
1840 3373 1891 3424 in
1939 3372 2027 3425 Dei

476 3447 688 3499 nomine
718 3448 806 3498 ille
834 3447 1094 3501 venditor.
1119 3447 1338 3501 Constat
1368 3460 1448 3499 nte
1480 3462 1581 3497 non
1613 3447 1919 3513 imaginario
1949 3444 2033 3510 ju-

476 3531 677 3655 re,2n;:c
709 3520 811 3570 ullo
832 3519 1065 3588 cogentis
1087 3518 1327 3585 imperio,
1356 3525 1456 3570 etc.
1492 3512 1753 3586 (Formm.
1782 3513 2029 3583 Biguan.,

473 3601 521 3636 c.
595 3625 607 3637 .
1841 3602 1845 3607 λ

614 3675 895 3731 CXXXIII.
925 3678 1041 3729 Alia
1069 3676 1285 3730 venditio
1313 3676 1376 3727 de
1402 3690 1539 3726 servo
1565 3683 1652 3725 aut
1680 3674 1888 3725 ancilla.

554 3769 755 3821 Domno
788 3768 933 3821 fratri
970 3768 1063 3832 illi,
1096 3782 1194 3835 ego
1224 3768 1334 3822 ille.
1363 3764 1580 3820 Constat
1616 3778 1698 3818 me
1727 3763 1873 3817 vobis
1901 3778 2028 3816 vett-

476 3837 692 3901 didisse,
718 3850 767 3892 et
798 3840 865 3891 ita
898 3834 1361 3903 vendidi,servnm
1382 3838 1517 3903 juris
1540 3852 1640 3889 mei
1667 3845 1755 3886 aut
1786 3834 2031 3887 ancillam

476 3924 619 3960 noui.
652 3910 729 3962 ill.
761 3925 863 3961 nun
892 3910 1075 3972 furem,
1110 3926 1211 3962 non
1246 3908 1542 3977 fugitivum,
1574 3920 1740 3976 neque
1766 3906 2029 3969 cadtvom,

473 3990 575 4029 etc.
608 3978 896 4047 (Murculf.,
929 3980 967 4032 ι.
998 3994 1057 4043 ll,
1088 3996 1133 4031 c.
1164 3978 1279 4049 '22.)

474 4066 755 4121 CXXXIV.
809 4069 1043 4131 Qualiter
1090 4069 1242 4121 homo
1270 4068 1537 4189 dirigenqu
1585 4066 1905 4131 semetipsum
1950 4082 2035 4119 ve-

1149 4155 1266 4189 num
1306 4149 1373 4189 et.

1149 4149 1373 4191 numaet.

552 4228 773 4283 Domino
799 4244 1011 4296 semper
1042 4244 1159 4282 meo
1188 4228 1293 4293 illi,
1320 4243 1417 4295 ego
1459 4225 1565 4280 ille.
1600 4223 1796 4278 Placuit
1822 4225 1946 4277 mihi
1981 4236 2034 4278 ut

476 4310 667 4352 statum
720 4302 1062 4368 ingenuitatis
1122 4312 1253 4351 ntrte
1308 4300 1359 4350 itt
1415 4297 2034 4368 vestrunt_ttbtto.\iarettt

478 4364 799 4505 serlvann.‘
825 4373 971 4437 Quod
1020 4372 1091 4424 ita
1148 4380 1203 4423 et
1252 4370 1387 4434 feci,
1436 4378 1540 4421 etc.
1596 4364 1857 4433 tFarmul.
1888 4376 2037 4433 νει,

477 4455 522 4490 c.
622 4478 633 4488 .

583 4526 840 4580 CXXXV.
871 4528 968 4591 Qui
991 4529 1043 4580 in
1071 4527 1327 4587 servitium
1359 4524 1565 4577 alterius
1593 4540 1644 4577 se
1669 4523 1926 4575 abnoxiat.

553 4618 772 4669 Domino
802 4619 927 4668 milli
959 4622 1170 4683 protirtu
1192 4617 1288 4678 illi,
1321 4614 1428 4667 ille.
1460 4614 1590 4666 Dum
1635 4614 1915 4679 ittSIIgaltle
1941 4611 2033 4664 nd-

483 4691 729 4745 versarfo.
766 4688 1041 4755 fragilitate
1070 4700 1183 4737 mea
1216 4689 1553 4750 prtevalente,
1588 4686 1634 4734 itt
1663 4698 1817 4735 casus
1847 4698 2034 4750 graves

480 4757 680 4819 cecidi,
715 4759 850 4810 unde
903 4757 1086 4809 mortis
1120 4756 1406 4822 periculum
1457 4756 1730 4806 incurrere
1772 4767 2030 4819 pateram.

481 4830 580 4879 Sed
613 4828 734 4879 dum
768 4839 936 4880 vestra
986 4830 1180 4896 pietate
1230 4839 1350 4889 me,
1401 4836 1507 4878 etc.
1552 4823 1849 4893 (Marcutf.,
1889 4823 1924 4874 ι.
1968 4837 2033 4885 ιι,

482 4912 525 4950 c.
559 4897 673 4963 2S.)
1046 4906 1051 4909 ‘

882 4984 1161 5038 CXXXVI.
1193 4984 1305 5036 Alia
1330 4983 1635 5036 obnoxiatio.

556 5076 779 5129 Domino
812 5078 955 5127 fratri
987 5078 1059 5129 ill.
1093 5086 1145 5129 et
1176 5077 1250 5128 ill.
1284 5076 1539 5128 Omnibus
1566 5089 1667 5129 non
1700 5072 1922 5124 habetur
1957 5073 2036 5123 in-

484 5148 748 5213 rognitum
781 5149 1005 5214 qualiter
1058 5161 1141 5199 me
1188 5148 1363 5212 gravis
1416 5146 1705 5214 necessitas
1752 5152 1804 5193 et
1853 5150 2037 5214 anatas

486 5212 711 5283 peésitna
745 5212 1144 5283 oppres~erunt,
1180 5228 1233 5267 ul
1264 5216 1477 5267 minime
1510 5213 1723 5264 habeam
1778 5213 1915 5263 umle
1964 5212 2035 5263 vi-

487 5282 607 5338 vere
640 5291 717 5339 vel
752 5282 832 5338 me
865 5288 1055 5339 vestite
1088 5287 1302 5353 possim.
1336 5286 1615 5350 Propterea
1640 5286 1700 5332 ad
1732 5282 2035 5345 petitionem

488 5370 654 5408 meam
690 5360 813 5408 mihi
846 5372 945 5407 non
978 5359 1292 5423 denegastis,
1328 5356 1423 5406 ιιιδὶ
1456 5365 1510 5405 ut
1541 5357 1815 5423 insumunt
1849 5365 2035 5423 neces-

488 5436 638 5477 Sttute
684 5441 795 5479 nica
836 5418 1216 5491 argentuutvvel
1250 5418 1497 5475 atttictum
1535 5420 1793 5474 Valentem
1842 5418 2037 5472 solidos

488 5506 657 5548 tantos
688 5496 737 5547 in
772 5510 927 5546 tuauu
956 5510 1065 5546 mea
1094 5497 1219 5547 mihi
1246 5494 1454 5555 dedisti,
1484 5502 1535 5544 et
1564 5506 1658 5555 ego
1689 5493 1899 5544 minime
1940 5493 2035 5541 Ita-

491 5568 585 5617 bco
628 5568 765 5619 unde
814 5566 955 5629 ipsos
1003 5565 1198 5617 solidos
1250 5576 1365 5616 tuos
1420 5562 1511 5614 tibi
1561 5562 1779 5613 reddere
1824 5575 2034 5627 queam.

492 5634 773 5701 l'ropterea
802 5634 1223 5688 obnoxiationem
1257 5635 1322 5686 de
1344 5638 1516 5699 capite
1540 5632 1879 5697 ingenuitatis
1909 5646 2037 5682 meae

491 5708 539 5755 ιιι
571 5714 619 5757 te
654 5710 761 5759 licri
804 5714 854 5755 et
885 5704 1165 5755 atllirtnare
1198 5703 1396 5770 rogavi,
1431 5714 1485 5754 ut
1512 5704 1756 5769 quicquid
1801 5702 1865 5751 de
1888 5714 2039 5770 utan-

494 5774 627 5840 Upio
650 5788 735 5830 tuo
752 5776 995 5845 originali
1022 5774 1170 5839 facis,
1194 5768 1295 5827 tam
1322 5768 1611 5831 vendendo,
1642 5768 2031 5831 conuuutando,

2126 566 2346 616 liberam
2377 572 2429 616 et
2469 564 2821 615 Ill'lltlSaIlllatll
2870 564 2919 613 itt
2959 562 3204 613 omnibus
3244 568 3538 625 potestatem
3581 563 3653 611 fa-

2118 635 2289 755 ciendi
2324 635 2539 686 habeas.
2572 632 2626 686 Si
2654 634 2768 699 quis
2792 645 2935 695 vero,
2966 630 3106 699 quod
3137 642 3235 682 nec
3259 628 3370 681 fieri
3401 629 3567 682 credo.
3598 630 3654 682 Et

2120 719 2175 755 re
2202 718 2340 772 tqua.

2499 787 2806 843 CXXXVII.
2836 787 2954 840 Alia
2982 787 3275 839 obnoxiatto

2190 882 2414 934 Domino
2446 895 2563 933 meo
2593 896 2820 944 semper,
2854 894 2952 946 ego
2980 877 3087 931 ille.
3121 878 3334 929 Nonest
3357 875 3654 946 incognitum

2120 952 2346 1014 qualiter
2376 952 2658 1017 instigante
2692 961 2837 1013 parte
2877 944 3098 1001 adversa
3130 946 3258 1000 mihi
3280 949 3497 1017 contigit
3530 944 3655 1011 quod

2119 1011 2218 1077 ego
2246 1011 2525 1070 caballum'
2551 1020 2617 1070 ab
2661 1011 2873 1071 homine
2901 1017 3112 1084 aliquo,
3137 1025 3241 1069 etc.
3266 1011 3547 1085 (Marcelli,
3572 1030 3659 1081 ap-

2122 1090 2298 1153 pettd.,
2325 1105 2370 1141 c.
2397 1088 2511 1156 58.)

2257 1128 2298 1152 ι)
2325 1127 2370 1141 υ.
2397 1127 2481 1140 vv.

2429 1174 2752 1227 CXXXVIII.
2787 1173 3016 1239 Epistola
3046 1170 3373 1225 collectionis.

2202 1263 2306 1317 Nos
2327 1279 2533 1331 quoque
2558 1268 2606 1317 in
2630 1265 2717 1317 Dei
2743 1267 2953 1317 nomine
2970 1262 3305 1315 tnatricularii
3327 1261 3487 1314 sancti
3513 1261 3656 1323 illius,

2124 1336 2246 1386 dum
2274 1336 2547 1388 matutinis
2576 1337 2721 1388 horis
2748 1336 2812 1386 ad
2844 1332 2976 1385 ostia
3019 1334 3184 1401 ipsius
3220 1332 3457 1385 coclesia
3491 1332 3660 1383 obser-

2130 1404 2295 1455 vanda
2342 1404 2799 1465 convenisstemus,
2848 1404 2916 1456 ibi
2966 1406 3273 1455 inl‘atttulutu
3316 1402 3663 1469 sanguinulen-

2131 1482 2260 1537 tuut,
2287 1484 2389 1527 etc.
2426 1471 2682 1543 (Formul.
2710 1483 2829 1534 vet.,
2861 1489 2906 1524 c.
2945 1472 3053 1540 II.)

2442 1563 2722 1619 CXXXIX.
2763 1562 3115 1616 Concambium
3145 1564 3207 1615 de
3230 1562 3371 1614 villa.

2204 1656 2343 1708 Inter
2370 1669 2501 1724 quos
2531 1654 2723 1706 caritas
2752 1652 2967 1705 inlibata
2995 1649 3375 1724 permanserit,
3404 1663 3515 1715 pars
3539 1648 3663 1714 parti

2094 1724 2101 1730 ’
2135 1718 2703 1791 ιιυιιείὶειίιόρροηιιιιιι
2736 1732 2968 1787 praestat.
2999 1718 3122 1775 Ideo
3152 1718 3342 1782 placuit
3366 1728 3513 1785 atque
3539 1734 3660 1791 con-

2058 1828 2104 1886 n
2134 1789 2463 1886 ξειίξλξῑιθὶ
2484 1791 3389 1886 .39“.‘?.'3"1'.‘i‘“.£‘IEJB..‘“‘:‘“..°£
3430 1789 3665 1886 εξτιηίεδο

2130 1866 2419 1931 apostolico
2449 1865 2562 1917 viro
2594 1864 2703 1928 illo,
2735 1871 2839 1915 etc.
2873 1860 3169 1931 (Marculf.,
3197 1862 3237 1912 ι.
3273 1874 3333 1924 ιι,
3360 1873 3408 1911 c.
3430 1858 3536 1927 23.)

2509 1954 2660 2009 CXL.
2694 1952 3024 2007 Commutatio
3045 1951 3108 2005 de
3137 1961 3296 2006 terra.

2201 2048 2342 2101 Inter
2367 2061 2498 2114 quos
2522 2046 2715 2100 caritas
2747 2044 2956 2114 inlibata
2989 2041 3371 2114 permanserit,
3400 2053 3519 2114 pars
3562 2040 3665 2114 pari

2130 2132 2230 2172 suo
2250 2109 2540 2185 Opportuna
2571 2130 2621 2169 et
2652 2128 2882 2184 congrua
2911 2109 3184 2185 beneficia
3232 2125 3336 2185 non
3380 2109 3664 2185 denegabit.

2126 2179 2387 2254 Ideoque,
2441 2185 2724 2238 auxiliante
2761 2179 2993 2236 Domino
3043 2192 3256 2254 nostra,
3289 2179 3479 2254 placuit
3523 2190 3666 2254 atque

2127 2250 2377 2377 cuinepit
2402 2255 2537 2311 inter
2554 2257 2697 2309 illum
2719 2265 2772 2307 et
2801 2254 2968 2317 illum,
2991 2261 3096 2306 etc.
3122 2250 3412 2320 (Marcelli,
3438 2252 3663 2319 append.,

2129 2345 2173 2377 c.
2269 2365 2284 2377 .

2129 2345 2173 2379 ε.
2204 2328 2317 2395 17.)

2314 2411 2489 2468 CXLI.
2520 2410 2940 2465 Concambiatura
2967 2410 3097 2462 inter
3127 2408 3255 2459 duo:
3286 2405 3504 2458 abbatea.

2203 2506 2421 2568 Placuit,
2450 2501 2733 2556 auxiliante
2766 2499 2981 2555 Domino
3004 2541 3018 2562 .
3067 2509 3223 2564 atque
3264 2496 3500 2550 convenit
3541 2497 3667 2568 inter

2130 2566 2481 2629 venerabilem
2509 2576 2675 2626 virum
2709 2572 2854 2624 illum
2896 2571 3136 2623 abbatem
3158 2569 3225 2621 de
3247 2569 3555 2620 monasterio
3583 2566 3667 2617 illo

2132 2648 2213 2698 vel
2261 2645 2715 2713 congregationem
2770 2641 3069 2713 monasterii
3114 2639 3237 2703 sui,
3285 2650 3520 2700 necnon,
3565 2643 3677 2688 etc.

2131 2709 2389 2785 (Formati
2415 2713 2658 2784 Bignon.,
2685 2727 2729 2765 ε.
2766 2709 2878 2778 14.)

2362 2803 2562 2857 CXLII.
2594 2801 2855 2856 Contiones
2879 2800 3073 2853 diverso
3098 2798 3249 2852 modo
3282 2800 3449 2865 facte.

2204 2893 2422 2948 Domino
2466 2893 2593 2946 ntihi
2641 2892 2867 2960 propitio
2894 2892 2985 2944 illi.
3014 2890 3143 2943 Dum
3175 2890 3239 2943 ad
3273 2903 3438 2942 meam
3472 2886 3668 2960 petitio-

2133 2982 2274 3029 nem,
2304 2965 2667 3018 necessitatem
2717 2958 2887 3015 meam
2927 2960 3239 3029 supplendo,
3273 2968 3444 3029 vestra
3476 2958 3667 3010 bonitas

2134 3028 2313 3087 habuit
2336 3042 2391 3085 ut
2415 3035 2611 3087 solidos
2638 3043 2808 3085 tantos
2830 3032 2895 3083 de
2918 3030 3074 3083 rebus
3091 3028 3288 3081 vestris
3311 3028 3433 3079 mihi
3463 3034 3667 3091 praesta-

2136 3106 2285 3167 retis,
2321 3104 2435 3155 ideo
2461 3116 2553 3167 per
2582 3102 2695 3171 hoc/
2711 3101 2970 3154 vinculum
2995 3099 3251 3155 cautionis
3278 3097 3505 3165 spondeo
3524 3136 3538 3161 ,
3569 3106 3664 3149 etc.

2058 3161 2103 3223 C
2134 3161 2431 3243 (Marcum,
2457 3161 2496 3223 l.
2520 3186 2576 3235 tt,
2606 3161 2800 3239 είίὅ.)

2647 3258 2871 3314 CXLIII.
2900 3257 3027 3311 Item
3048 3256 3175 3309 alia.

2206 3354 2424 3407 Ποπιιὶηο
2450 3367 2546 3406 suo
2574 3352 2667 3405 illi.
2699 3351 2915 3404 Constat
2941 3363 3023 3400 me
3061 3364 3089 3400 a
3120 3346 3268 3399 vobis
3302 3344 3556 3411 accepisse
3576 3384 3592 3406 ,
3619 3352 3667 3395 et

2131 3426 2330 3489 accepi,
2359 3424 2553 3477 debere
2580 3431 2635 3477 et
2662 3424 2847 3483 debeo,
2884 3421 2981 3470 hoc
3010 3427 3108 3479 est,
3140 3416 3336 3489 solidos
3366 3425 3551 3489 tantos.
3575 3414 3667 3464 Pro

2136 3484 2325 3559 quibus
2354 3494 2536 3547 soltdis
2564 3490 2799 3556 Spondeo
2845 3504 2959 3547 me,
2999 3487 3228 3559 quandiu
3275 3494 3389 3559 post
3422 3500 3499 3559 me
3535 3484 3667 3559 ipsos

2136 3553 2422 3624 retinuero,
2444 3553 2832 3627 annissingnlis
2865 3572 2955 3623 per
2977 3556 3210 3624 singulos
3231 3554 3427 3608 solidos
3445 3553 3667 3622 singulos

2138 3636 2375 3695 triantes,
2408 3642 2509 3685 etc.
2535 3629 2719 3702 (Ibid,
2744 3645 2791 3680 ε.
2822 3628 2936 3697 26.)

2644 3720 2868 3783 CXLIV.
2896 3718 3030 3772 Item
3058 3718 3183 3772 alia.

2206 3812 2426 3866 Domino
2454 3806 2599 3865 fratri
2627 3811 2730 3875 illi,
2759 3825 2857 3875 ego
2890 3810 2997 3861 ille.
3023 3808 3292 3874 Quatenus
3321 3806 3663 3859 necessitatem

2138 3897 2311 3935 nteant
2338 3884 2628 3951 supplendo
2656 3882 2852 3933 solidos
2880 3889 3084 3951 vestros
3116 3891 3333 3951 ttutuero
3361 3887 3527 3951 tantos
3550 3876 3666 3925 mihi

2137 3954 2198 4003 ad
2254 3945 2564 4005 beneficium
2616 3949 2977 4019 praestitistis,
3022 3947 3139 4000 ideo
3180 3945 3327 4015 juxta
3368 3947 3537 4013 quod,
3573 3953 3665 3997 etc.

2139 4021 2399 4087 (lbid.,‘c.
2433 4021 2547 4088 27.)

2298 4141 2304 4145 -
2388 4116 2394 4122 ’
2657 4108 2858 4164 CXLV.
2892 4108 3023 4162 Item
3049 4109 3178 4163 alia.

2212 4200 2431 4253 Domino
2462 4199 2605 4253 fratri
2649 4201 2743 4253 illi.
2772 4198 2845 4251 Ad
2879 4197 3183 4261 petitionem
3225 4211 3391 4251 meam
3419 4194 3541 4248 mihi
3574 4206 3663 4245 non

2138 4272 2428 4337 denegasti,
2459 4271 2555 4323 nisi
2588 4280 2642 4321 ut
2676 4271 2725 4339 in
2756 4283 2960 4320 summa
2992 4270 3306 4321 necessitate
3347 4281 3459 4339 mea
3501 4279 3665 4331 argen-

2141 4353 2247 4393 tnnt
2282 4336 2375 4394 λεί
2417 4341 2537 4393 υωίι
2559 4350 2662 4392 tum
2694 4336 2950 4392 valentem
2997 4339 3194 4392 solidos
3240 4346 3407 4389 tantos
3440 4336 3490 4386 in
3525 4348 3663 4384 manu

2141 4428 2255 4463 mea
2287 4412 2349 4463 ad
2381 4412 2665 4478 praestitum
2712 4409 3021 4463 beneficium
3068 4409 3193 4462 unhi
3239 4404 3543 4475 prwstttisti,
3573 4414 3663 4455 etc.

2062 4501 2115 4560 ι)
2142 4481 2433 4550 (Murcutf.,
2461 4480 2702 4547 appetiti,
2731 4496 2771 4531 c.
2811 4480 2921 4546 I5.)

2708 4568 2932 4622 CXLVI.
2962 4569 3099 4620 Alia.

2206 4658 2479 4729 Magnifica
2511 4658 2653 4711 fratri
2690 4659 2783 4719 illi,
2810 4673 2906 4727 ego
2937 4658 3144 4729 ille.gAd
3177 4671 3345 4729 meam
3381 4652 3662 4729 petitionem

2134 4726 2311 4784 vestra
2335 4732 2565 4783 decrevit
2591 4732 2826 4781 voluntas
2852 4726 2911 4781 ut
2937 4727 3064 4781 mihi
3095 4728 3404 4780 beneficium
3438 4726 3505 4776 de
3529 4730 3666 4774 rebus

2134 4801 2323 4853 vestris
2371 4800 2472 4852 illis
2520 4800 2570 4852 in
2618 4814 2783 4852 annos
2831 4808 3003 4851 tantos
3046 4800 3222 4851 facere
3262 4796 3664 4864 juberetts,elc.

2138 4869 2393 4942 (Fortitul.
2427 4883 2545 4935 vet.,
2577 4884 2622 4919 ο.
2662 4867 2773 4935 15.)
3368 4867 3372 4871 “

2557 4979 2797 5034 CXLVII.
2830 4980 3005 5033 Cautio
3034 4980 3097 5034 de
3123 4980 3283 5032 uinea.

2210 5095 2426 5149 Domino
2468 5093 2607 5145 fratri
2641 5091 2735 5155 illi,
2766 5108 2863 5161 ego
2894 5093 3001 5147 ille.
3050 5091 3127 5144 Ad
3171 5091 3472 5160 petitionem
3515 5101 3662 5157 meam

2138 5166 2265 5218 mihi
2318 5180 2418 5217 non
2468 5164 2733 5230 denegasti
2763 5205 2776 5225 ,
2806 5160 2919 5214 nisi
2951 5170 3006 5213 ut
3049 5164 3097 5214 itt
3127 5177 3326 5215 summa
3373 5160 3661 5211 necessitate

2140 5252 2251 5287 utea
2284 5245 2553 5301 argentum
2600 5243 2651 5283 et
2703 5236 2947 5283 amictum
2982 5233 3236 5284 valentem
3286 5231 3666 5301 solidostantos

2138 5305 2187 5355 in
2220 5297 2372 5355 manu
2400 5316 2513 5354 mea
2543 5304 2604 5352 ad
2639 5313 2926 5368 prmstttutn
2959 5303 3267 5355 beneficium
3309 5300 3431 5350 tttibi
3477 5297 3663 5368 dedisti.

2141 5374 2419 5442 Propterea
2445 5363 2753 5440 Oppignoro,
2782 5381 2884 5422 etc.
2920 5369 3213 5438 (Marcum,
3236 5369 3478 5435 append.,
3500 5384 3542 5419 c.
3571 5363 3667 5429 δυ.)

2583 5461 2850 5516 CXLVIII.
2894 5462 3246 5517 Evacuatoria.

2210 5556 2429 5609 Domino
2461 5554 2600 5607 fratri
2633 5554 2727 5605 illi.
2756 5554 3012 5606 Omnibus
3059 5568 3159 5603 non
3204 5552 3424 5603 habetur
3460 5542 3667 5611 incogtti-

2140 5638 2245 5679 tum
2275 5629 2499 5693 qualiter
2527 5636 2645 5677 ante
2676 5625 2771 5675 hos
2800 5640 2963 5675 annos
2991 5622 3187 5675 solidos
3229 5634 3437 5693 nostros
3474 5630 3667 5693 numero

2140 5688 2330 5832 tantalus)
2358 5696 2421 5750 ad
2452 5696 2759 5749 beneficium
2806 5694 3075 5762 accepisti,
3118 5701 3224 5747 etc.
3266 5688 3525 5763 (Furiani.
3565 5694 3666 5746 νει..

2140 5784 2182 5817 ε.
2217 5792 2225 5804 '
2254 5786 2299 5815 ι).

2140 5784 2182 5817 ε.
2217 5784 2299 5815 ιιι).
