3820 6380
130 467 207 520 till
1206 455 1556 513 FORMULE
1596 455 2150 512 ANDEGAVENSES.

3207 459 3314 513 81-2

2947 545 3128 576 ’,ηερε

128 577 233 634 inihi
254 571 559 645 conplacuit,
592 575 690 628 hoc
733 581 815 628 est
860 571 1069 627 soledns
1099 579 1299 645 tantus,
1333 581 1408 645 _ut
1428 572 1532 645 _de
1573 573 1641 625 ab
1672 574 1718 630 Α
1752 570 1917 645 disse,
1940 583 1992 625 et
2021 573 2090 645 ita
2122 571 2327 645 rindedi
2361 571 2505 645 vobis
2523 572 2797 625 vernacula
2811 571 2949 640 juris
2968 570 3307 636 meiTnomen

129 641 395 702 hodiernum
424 647 867 698 die'memoratus
893 653 1101 711 emptor
1137 642 1381 710 quicquid
1409 641 1478 696 de
1521 642 1632 708 ipsa

125 722 251 771 vinea
280 718 442 769 iacere
469 714 726 772 volueris,
772 715 990 766 liberam
1041 715 1091 766 in
1139 715 1384 766 omnibus
1438 712 1636 765 habeas

126 795 397 852 puiesiatem
427 784 672 839 faciendi.
701 783 757 838 Si
785 784 906 852 quis
927 796 1054 836 vero
1079 781 1238 850 (quod
1255 796 1493 837 essenon
1518 796 1638 834 cre-

123 851 200 920 do)
218 870 269 909 se
287 854 433 908 fuerit
455 866 543 908 aut
561 868 660 922 ego
677 854 796 920 ipsi,
810 851 912 906 aut
937 852 1075 907 ullus
1089 853 1154 906 de
1176 852 1458 906 heredibus
1477 851 1636 922 meis,

123 939 198 978 ain
221 925 451 991 qna-libet
478 920 716 992 ubpﬁsita
751 936 1003 992 persona,
1024 923 1112 986 qui
1141 933 1322 992 contra
1354 924 1486 992 hanc
1518 920 1634 992 vin-

121 990 365 1056 ilitioiiein,
410 990 564 1059 quem
614 1009 711 1060 ego
753 997 885 1045 bona
925 991 1195 1045 voluntate
1259 991 1370 1046 fieri
1431 990 1629 1059 rogavi,

123 1066 273 1117 venire
298 1071 381 1115 aut
420 1059 673 1116 resultare
728 1061 1148 1132 praesumpserit,
1195 1059 1402 1132 dupplit
1430 1071 1631 1114 tantum

121 1149 162 1186 ei
188 1134 277 1185 alio
295 1145 488 1187 tantum
516 1130 764 1199 quantum
833 1133 945 1184 lucc
969 1131 1189 1182 vinditio
1233 1130 1330 1182 ista
1373 1133 1632 1191 centenit,

119 1214 163 1255 et
187 1206 308 1266 qtiml
337 1204 524 1270 repetit
551 1204 816 1256 vindicare
854 1215 956 1254 non
985 1200 1178 1262 valeat,
1205 1209 1260 1252 et
1280 1201 1394 1252 haec
1414 1200 1635 1270 vinditio

118 1273 236 1325 omni
266 1269 494 1338 tempore
518 1274 666 1326 lirina
714 1280 1038 1340 permaneat.
1070 1270 1257 1323 Actum
1313 1269 1634 1322 Andecavis.

230 1359 284 1412 ν.
311 1357 492 1428 Incipit
518 1363 760 1415 securitas
784 1361 845 1414 de
864 1361 1278 1425 supersallicione
1309 1359 1388 1410 hic
1419 1367 1513 1412 est.

176 1448 292 1502 Dum
323 1461 536 1514 nonrest
569 1453 923 1518 incoguetum,
955 1451 1182 1518 qualiter
1207 1450 1418 1518 aliquos
1452 1449 1631 1509 homo,

117 1535 281 1572 nomen
312 1521 406 1580 illi,
451 1522 624 1587 aliquo
665 1522 896 1581 homine,
933 1536 1124 1572 nomen
1158 1521 1267 1582 illo,
1300 1520 1540 1572 mallavit
1566 1520 1634 1573 de

112 1605 182 1642 res
201 1603 328 1651 suas,
347 1604 400 1643 ei
426 1591 535 1656 ipse
558 1591 634 1642 illi
654 1595 790 1643 male
813 1593 857 1642 ei
889 1591 1076 1642 exinde
1101 1605 1386 1654 numquam
1413 1590 1629 1642 fecissit.

113 1659 306 1712 Proinde
333 1661 430 1725 ipsi
480 1661 553 1712 illi
585 1668 706 1712 ante
751 1659 902 1710 bonis
935 1657 1232 1710 hominibus
1275 1659 1542 1717 convenit.
1579 1669 1638 1712 ut

110 1727 227 1782 lianc
246 1731 509 1793 epistolam
541 1729 710 1784 facere
727 1729 952 1788 deberit,
984 1739 1037 1780 nt
1065 1729 1210 1780 nullo
1237 1743 1467 1794 unquam
1501 1738 1629 1780 tein-

109 1814 216 1862 piire
239 1811 414 1852 contra
444 1800 556 1866 ipso
593 1814 749 1867 agere
779 1814 879 1851 non
905 1809 1210 1863 prtesnmat.
1241 1799 1391 1860 Quod
1435 1798 1478 1850 si
1515 1796 1624 1859 iiii,

108 1876 185 1918 aut
210 1869 374 1935 aliqua
409 1884 624 1936 persona
657 1872 720 1919 ad
743 1868 910 1922 vicem
941 1883 1086 1920 suain
1123 1869 1231 1934 ipsa
1261 1881 1415 1919 causa
1461 1868 1628 1919 resul-

107 1947 203 1990 tare
236 1939 634 2002 prasempserh,
667 1939 878 1990 soledus
907 1947 1081 1992 tantus
1113 1939 1247 1988 inter
1295 1937 1389 1990 tibi
1420 1945 1474 1988 et
1505 1938 1630 1988 lisco

106 2020 381 2071 conponere
403 2008 592 2068 debiat,
625 2011 839 2072 etquod
872 2010 1060 2068 repetit
1097 2005 1367 2060 vindicare
1400 2021 1504 2059 nou
1538 2022 1626 2059 va-

106 2077 211 2136 leat,
237 2088 284 2129 ct
311 2078 422 2130 hac
443 2078 699 2130 seruritas
724 2081 871 2128 tirma
899 2086 1228 2142 permaneat.

481 2165 564 2218 Vl.
608 2163 794 2230 Incipit
820 2165 935 2215 item
959 2164 1224 2216 securitas.

165 2257 282 2310 Dum
309 2271 413 2310 non
435 2267 513 2310 est
540 2257 884 2320 incognitum,
911 2255 1031 2322 quia
1080 2263 1202 2306 ante
1235 2254 1331 2306 hos
1378 2253 1491 2306 dies
1533 2253 1636 2305 ali-

101 2344 218 2396 quos
245 2330 397 2380 homo
423 2343 608 2380 nomen
637 2327 731 2388 illi,
764 2327 904 2396 lit_eni
936 2327 987 2396 iii
1027 2326 1104 2375 via
1132 2325 1355 2396 publica
1395 2323 1634 2396 aputillo

102 2393 142 2449 ei
173 2399 356 2456 habuit.
394 2409 443 2450 ct
490 2398 719 2450 cobebus
771 2394 886 2464 [F.,
910 2393 1146 2463 colietus]
1197 2409 1355 2457 super
1381 2408 1500 2445 enin
1533 2393 1630 2464 ipsi

103 2468 165 2519 illi
193 2469 235 2520 ei
263 2473 431 2532 posuit
465 2485 476 2518 :
507 2468 587 2520 sic
640 2467 816 2518 taliter
849 2466 1099 2518 cenvenit
1154 2464 1331 2532 ipsius
1370 2465 1524 2514 liiiiiio
1571 2463 1636 2514 ad

104 2538 361 2589 taediantis
389 2537 536 2589 bonis
567 2537 884 2594 hominibus.
911 2544 968 2586 ut
1001 2538 1137 2585 hunc
1165 2531 1447 2586 securitate
1489 2532 1635 2600 ipsus

103 2609 239 2656 lioiiiu
266 2609 330 2656 de
353 2607 498 2672 ipsus
522 2605 754 2658 coliebus
772 2619 864 2657 seu
887 2615 939 2657 et
963 2605 1034 2657 de
1057 2607 1164 2669 ipsa
1198 2603 1306 2664 lite,
1331 2617 1490 2668 quem
1511 2612 1640 2668 aput

105 2675 213 2725 inihi
261 2676 425 2737 abuit,
484 2675 656 2728 facere
702 2673 950 2726 deberit:
981 2673 1118 2738 quod
1170 2671 1237 2722 ita
1289 2682 1341 2722 et
1398 2671 1537 2723 iecit.
1577 2671 1641 2723 Et

105 2747 250 2808 (quod
280 2745 507 2796 futurum
537 2757 655 2797 esse
683 2759 786 2795 non
813 2743 994 2810 credo)
1017 2741 1059 2792 si
1089 2740 1241 2792 luerit
1295 2750 1350 2791 ut
1372 2755 1476 2806 ego
1508 2741 1637 2805 ipsi,

97 2825 173 2863 aut
194 2814 381 2878 aliquis
407 2815 469 2867 de
501 2813 782 2867 heredibus
811 2813 974 2871 meis,
1010 2811 1088 2864 vel
1122 2810 1352 2878 qualibet
1401 2811 1638 2874 obposita

100 2898 318 2946 persona,
355 2886 441 2951 qni
471 2894 653 2936 contra
705 2883 838 2935 hanc
883 2882 1165 2935 securitate
1212 2882 1470 2951 resultare
1504 2895 1640 2944 prir-

96 2950 386 3016 siiilipserit,
419 2955 629 3007 soledus
654 2963 830 3004 tantus
853 2953 898 3004 ei
915 2958 1193 3016 conponat.
1234 2959 1287 3002 et
1320 2950 1459 3014 quod
1490 2962 1641 3013 repe-

99 3031 149 3072 iii
168 3025 285 3075 nihil
305 3028 472 3075 valeat
495 3024 782 3084 vindicare,
808 3033 859 3076 et
887 3023 998 3076 haec
1023 3021 1280 3074 securitas
1303 3017 1398 3072 ista
1426 3018 1642 3086 perenni

97 3103 313 3160 tempore
343 3097 490 3147 tiruia
526 3101 849 3160 permaneat.

536 3183 662 3239 VII.
689 3183 880 3251 Incipit
922 3183 1183 3236 securitas.

161 3272 355 3326 Doniuo
382 3277 679 3330 venerabile
725 3287 777 3329 et
827 3277 877 3328 in
919 3277 1127 3330 Christo
1157 3277 1290 3342 patri
1322 3275 1411 3328 illo
1440 3275 1634 3329 Abbat.

93 3345 166 3414 rel
191 3347 359 3398 omnis
384 3347 730 3414 congregacio
758 3354 937 3398 nostra
957 3356 1010 3398 et
1031 3347 1211 3398 domui
1235 3346 1394 3408 illius,
1419 3360 1516 3412 ego
1538 3345 1634 3399 illi.

94 3413 149 3464 Et
176 3416 291 3481 quia
317 3417 381 3467 ad
415 3415 722 3479 peticinnciii
758 3429 925 3466 meam
955 3416 1135 3466 habuit
1160 3415 1325 3479 pietas
1354 3427 1522 3468 veSIra
1554 3417 1636 3470 ie-

92 3488 225 3535 t‘ialis
251 3487 378 3537 milii
407 3487 716 3539 beneliciuni
741 3487 807 3538 de
836 3500 943 3536 rem
970 3494 1162 3544 vestra,
1188 3495 1239 3535 ct
1267 3485 1445 3535 domui
1475 3486 1636 3546 illius,

90 3553 183 3604 hoc
207 3566 285 3606 est
315 3555 501 3608 locello
529 3565 968 3622 cognomenante,
1005 3555 1053 3605 in
1105 3568 1236 3620 pago
1264 3552 1378 3617 illo,
1407 3567 1525 3606 cum
1551 3570 1638 3605 ca-

87 3623 173 3684 sis,
229 3627 448 3690 eampis,
510 3627 697 3686 terris,
757 3625 1064 3690 mancipiis,
1124 3622 1390 3683 acolabus,
1451 3626 1636 3688 pratis,

87 3693 308 3755 pascuis,
341 3696 490 3759 aquis
519 3707 843 3761 aquarunive
868 3694 1198 3757 decursibus,
1243 3702 1474 3746 vestrum
1503 3707 1635 3758 prae-

83 3762 352 3822 iudicinm,
382 3773 436 3816 et
458 3764 638 3815 domui
671 3761 809 3815 illius
841 3764 1005 3814 teiiire
1033 3771 1090 3815 et
1124 3762 1397 3826 possedire
1424 3763 1637 3824 debuit;

85 3840 133 3880 et
160 3831 387 3896 spondio
416 3832 562 3885 vobis
589 3833 742 3884 annis
785 3831 1006 3897 singulis
1050 3831 1412 3884 cinsosolcdus
1443 3839 1638 3890 tantus,

90 3910 134 3948 et
160 3911 266 3966 post
291 3917 501 3969 quoque
532 3916 707 3955 meum
726 3902 1016 3954 discessum
1039 3899 1158 3966 jure
1179 3909 1354 3952 vestro
1379 3913 1430 3951 et
1458 3902 1637 3953 domui

87 3970 218 4022 illius
257 3986 378 4024 cum
423 3987 534 4024 rem
587 3973 878 4034 iiieliiiraia,
933 3979 1416 4037 quantumcumque
1442 3969 1492 4021 in
1526 3970 1641 4037 ipso

91 4041 201 4090 loco
228 4038 503 4093 inveniunt
524 4041 701 4106 inerit,
733 4050 1048 4099 revertatur,
1069 4047 1123 4092 et
1141 4039 1425 4103 accipiatur
1441 4038 1640 4103 absque

85 4108 239 4160 ullius
291 4112 667 4163 contrarietate
723 4119 810 4162 aut
861 4109 1174 4176 repetitione
1228 4109 1638 4176 propinquorum

85 4190 343 4240 meorum,
372 4191 642 4231 aiiuuante
675 4175 993 4240 Domino,ut
1010 4195 1124 4232 mus
1141 4175 1390 4247 [mos]est
1411 4177 1638 4229 virorum

80 4253 234 4312 atque
257 4260 571 4317 magnorum
602 4249 768 4314 opidi,
800 4248 1236 4300 confirmandum.

521 4336 652 4390 Vlll.
695 4337 880 4406 Incipit
910 4339 1212 4389 coiicumiiis.

152 4435 172 4460 ³
205 4427 258 4478 In
288 4427 382 4481 Dei
415 4441 610 4483 nomen
633 4429 823 4495 placuit
871 4437 1027 4492 atque
1065 4427 1313 4479 convenit
1358 4426 1492 4478 inter
1521 4429 1640 4481 illus

80 4505 131 4548 ct
160 4496 298 4560 illus,
329 4508 384 4549 ut
416 4499 549 4550 inter
599 4514 660 4551 se
714 4498 1001 4562 eainpelliis
1026 4495 1636 4562 cominutare'deberiut,

79 4563 214 4642 quod
267 4577 338 4633 ita
384 4577 448 4642 et
497 4567 774 4642 fecerunt.
809 4567 920 4620 lloc
941 4575 1041 4626 est,
1069 4563 1215 4618 dedit
1244 4563 1316 4615 illi
1345 4564 1407 4615 ad
1439 4566 1639 4620 ratione
1672 4583 1720 4642 ο

79 4637 164 4686 illo
187 4649 380 4700 campo
407 4637 607 4690 ferente
637 4637 844 4690 modius
875 4644 1067 4696 tantus,
1097 4642 1154 4686 et
1177 4642 1258 4686 est
1283 4647 1443 4696 super
1469 4642 1636 4686 terre-

80 4705 214 4756 iiirio
236 4703 410 4756 sancti
445 4705 612 4766 illius,
633 4716 688 4757 et
709 4705 1070 4774 subjuugatde
1092 4716 1226 4754 unus
1257 4704 1638 4774 latuscainpiis

79 4776 236 4827 illius.
269 4774 530 4826 Similiter
559 4774 612 4826 in
643 4774 748 4826 alio
780 4772 896 4828 loco
914 4772 1070 4826 dedit
1094 4775 1168 4826 illi
1211 4786 1368 4839 super
1395 4772 1506 4836 ipso
1530 4782 1635 4822 ter-

81 4852 277 4895 ieturio
296 4844 366 4896 ad
397 4845 600 4896 ratione
627 4843 717 4894 illo
742 4845 1001 4910 compello
1031 4843 1228 4896 ferente
1281 4842 1483 4894 modius
1525 4851 1641 4892 tan-

78 4923 178 4972 lus,
211 4922 267 4965 et
298 4913 584 4980 subiungat
632 4911 699 4963 de
744 4928 847 4962 uno
895 4913 1061 4980 latere
1100 4926 1318 4976 campus
1366 4911 1503 4964 illius
1540 4928 1550 4960 :
1586 4921 1639 4960 ut

78 4983 328 5044 quicquid
363 4979 555 5035 esinde
577 4983 754 5034 facere
782 4979 1027 5041 voluerit,
1051 4980 1248 5046 absque
1275 4979 1637 5045 praeiudicium

78 5053 244 5101 sancti
271 5050 438 5109 illius,
462 5051 613 5120 cujus
645 5047 1177 5120 terraiessevidelul'.
1197 5048 1413 5120 liberam
1443 5049 1494 5120 ill
1528 5065 1639 5100 "III-

77 5120 230 5170 uilnis
262 5121 458 5169 habeas
482 5117 814 5184 potestatem.
847 5119 904 5173 Si
923 5117 1076 5170 hierit
1104 5131 1238 5169 unus
1263 5119 1380 5179 quis
1404 5119 1491 5183 qui
1511 5133 1638 5171 con-

79 5202 154 5238 ira
185 5203 317 5256 pare
349 5201 446 5256 suo
472 5202 628 5249 agerc
654 5198 747 5240 aut
771 5185 1030 5242 resbltarc
1070 5188 1486 5254 praesumpserit,
1517 5202 1639 5254 par-

85 5255 193 5322 tem
215 5255 362 5320 quod
392 5265 636 5318 accepita
659 5270 781 5319 pare
802 5271 897 5308 suo
923 5260 1134 5320 amittit,
1162 5267 1212 5310 et
1246 5257 1638 5322 iusupermulta

78 5317 210 5388 legis
230 5317 493 5376 damnum
523 5317 762 5393 incurrit.
785 5325 848 5378 Et
875 5329 992 5380 hac
1011 5317 1262 5393 epistolas
1285 5317 1380 5378 uni
1397 5336 1639 5381 tenorum

75 5394 436 5463 (AZIOIIECIiPIIS,
498 5406 654 5460 quem
688 5391 840 5445 inter
887 5407 984 5445 nus
1008 5391 1149 5463 [nos]
1180 5397 1290 5446 heri
1323 5395 1638 5459 rogavimus,

79 5460 264 5515 ﬁrmas
294 5469 658 5528 permaneant.

129 5549 224 5604 IX.
270 5549 464 5618 Incipit
491 5552 730 5614 vindicia,
758 5566 913 5618 quam
935 5551 1057 5618 facit
1083 5552 1242 5620 quise
1267 5555 1375 5622 ipso
1405 5551 1581 5604 viridit.

147 5643 361 5697 Domno
391 5641 539 5694 iratri
569 5643 678 5704 illo,
713 5656 916 5696 necnon
970 5631 1256 5709 ef'conjux
1289 5660 1380 5697 sua
1413 5644 1516 5705 illa,
1545 5657 1642 5708 ego

73 5716 175 5778 illi,
208 5711 305 5781 qui
340 5725 652 5764 commaneo
681 5715 734 5765 iu
777 5725 910 5778 pago
939 5711 1046 5762 illo.
1078 5712 1293 5764 Constat
1335 5728 1416 5767 me
1462 5713 1642 5768 vinde-

145 5835 169 5861 ‘
204 5826 345 5882 Vide
366 5823 696 5886 Hareulrum,
731 5825 820 5877 lib.
853 5841 910 5885 ii.
934 5840 1048 5889 cap.
1082 5823 1168 5888 23‘,
1197 5839 1372 5892 supra.

363 5915 631 5976 Ριτιοι.
667 5913 1044 5977 LXXXVII.

1749 641 1859 700 illo.
1889 653 1942 695 et
1969 643 2134 708 accipi
2160 643 2280 695 inde
2306 644 2536 710 precium
2557 645 2605 695 in
2637 656 2859 708 argento
2886 645 3069 697 uncias
3095 655 3300 698 tantas:

1746 712 2162 778 ntquicqiiidah
2191 712 2440 766 hodierna
2488 712 2572 765 die
2629 714 2742 778 ipso
2786 715 3070 766 vernaculo
3127 713 3305 768 facere

1746 781 2036 843 volueritis,
2063 783 2306 843 habendi,
2341 782 2585 845 tenende,
2617 781 2876 843 donande,
2907 781 3182 847 vindende,
3207 799 3299 837 seu

1743 852 2122 910 commutandi,
2175 855 2438 918 quomodo
2491 851 2654 905 etde
2707 865 2764 905 re
2811 851 2984 920 aliqua
3040 854 3303 920 mancipia

1746 930 1917 971 Vestra
1950 921 2175 973 obnoxia
2199 922 2393 975 exinde
2422 922 2595 975 facere
2620 920 2915 984 volueritis,
2950 920 3167 976 liberam
3214 923 3308 976 ha-

1747 990 2282 1060 beatisqpotestatein.
2310 991 2370 1042 iit
2391 994 2433 1043 si
2463 991 2602 1060 quis.
2636 1006 2733 1059 ego
2765 990 2884 1054 ipsi,
2907 1001 2993 1043 aut
3022 991 3216 1059 aliquis
3243 997 3310 1045 de

1745 1056 2030 1110 heredibus
2058 1059 2209 1120 uicis,
2250 1064 2330 1113 vel
2384 1056 2618 1127 qualibet
2656 1056 2906 1114 extranea
2939 1056 3184 1125 persona,
3215 1067 3303 1130 qni

1743 1139 1923 1180 contra
1967 1130 2099 1183 hanc
2139 1130 2456 1190 vuidieione,
2498 1146 2654 1195 quem
2697 1143 2796 1197 ego
2846 1131 2978 1183 bona
3032 1133 3305 1185 voluntate

1744 1197 1854 1250 ﬁeri
1887 1197 2086 1265 rogavi,
2121 1213 2273 1264 agere
2299 1200 2588 1263 cunaverit,
2638 1201 2770 1252 inter
2804 1199 2894 1250 tibi
2924 1210 2978 1254 et
3006 1201 3133 1253 lisco
3164 1205 3304 1255 sole-

1743 1266 1841 1319 diis
1872 1276 2046 1318 tantus
2082 1270 2225 1320 vobis
2251 1278 2533 1333 conponat,
2577 1278 2631 1321 et
2661 1286 2795 1336 quoi.
2845 1271 3036 1335 repetit
3063 1271 3191 1324 nihil
3215 1285 3303 1322 va-

1744 1336 1844 1386 lieat
1876 1337 2157 1394 vindicare,
2181 1347 2233 1389 et
2261 1338 2368 1388 lutc
2403 1337 2635 1390 viudicio
2663 1343 2836 1403 adque
2887 1339 3133 1394 voluntas
3187 1356 3304 1395 mea

1743 1408 1959 1471 perenni
1986 1418 2218 1472 tempore
2245 1409 2393 1460 lirina
2429 1419 2749 1475 permaneat.
2826 1413 2833 1424 '
3225 1403 3237 1422 '

2239 1515 2285 1569 Χ
2298 1556 2309 1568 .
2352 1514 2541 1582 Incipit
2567 1517 2812 1586 udicius.

1815 1625 2037 1680 Veniens
2057 1626 2234 1688 homo,
2263 1641 2450 1681 noinoii
2485 1629 2576 1693 illi,
2610 1639 2731 1682 ante
2761 1632 3060 1686 venerabile
3110 1634 3192 1687 vir
3216 1635 3308 1688 illo

1740 1695 1928 1772 abbate
1953 1697 2032 1750 vel
2067 1699 2283 1772 reliquis
2310 1698 2860 1772 viris’venet‘abilibus
2897 1703 3067 1771 adque
3096 1708 3302 1772 magni-

1742 1766 1874 1822 licis.
1898 1782 2120 1830 quorum
2149 1770 2355 1819 uoniiua
2386 1769 2568 1821 subtus
2621 1780 2873 1823 tenuntur
2903 1766 3110 1835 inserti,
3140 1766 3304 1827 inier-

1743 1836 1966 1908 pellaliat
2007 1837 2184 1903 aliquo
2215 1839 2426 1889 homine
2457 1854 2646 1892 nomen
2694 1840 2803 1898 illo.
2836 1843 2984 1908 quasi
3017 1845 3300 1896 serviciuin

1669 1913 1711 1970 Β
1740 1905 1785 1974 ei
1813 1904 2109 1965 rcdeberit;
2144 1917 2194 1957 et
2229 1909 2299 1959 illi
2323 1909 2499 1961 talter
2529 1911 2592 1960 de
2618 1904 2876 1973 prteseiite
2907 1911 3112 1974 aderat,
3130 1924 3182 1966 et
3204 1913 3301 1966 hoi-

1745 1973 1954 2049 fortiter
1978 1976 2288 2042 denegabat,
2335 1977 2478 2049 quod
2522 1981 2794 2049 servitium
2844 1973 3128 2049 numquam
3153 1983 3302 2038 rede-

1743 2043 1915 2118 bebit._
1939 2041 2317 2118 Interrotgatuin
2350 2046 2443 2097 luit
2469 2047 2628 2118 ipsius
2656 2047 2744 2099 illii
2775 2050 2841 2102 de
2887 2041 3304 2118 sua-agnaeiOni-

1743 2113 1875 2163 alius
1905 2113 2141 2166 homines
2166 2117 2213 2165 in
2237 2130 2413 2174 suum,
2433 2117 2708 2168 serviciuui
2736 2119 2982 2179 habebat,
3003 2113 3071 2172 aii
3095 2137 3197 2174 non
3226 2134 3308 2174 :et

1744 2179 2133 2255 ipsiillitaliter
2164 2184 2365 2255 locutus
2380 2187 2578 2246 tuii,ut
2602 2190 2818 2238 hocuou
2852 2189 3159 2255 redebebat,
3180 2204 3301 2244 nam

1744 2249 1840 2324 ipsi
1859 2252 1930 2303 illi
1948 2254 2218 2305 servitium
2239 2254 2285 2324 ei
2306 2256 2736 2324 nonredcbcbat,
2754 2267 2805 2305 at
2823 2256 2887 2324 de
2904 2249 3194 2324 :igiiacioiie
3211 2271 3301 2310 aut

1742 2318 1809 2369 de
1857 2332 2160 2385 Comparate
2189 2330 2242 2373 nt
2272 2320 2368 2373 hoc
2415 2321 2552 2374 inter
2592 2337 2648 2375 se
2703 2318 3058 2385 iutenderiaut,
3089 2333 3145 2377 ut
3171 2325 3296 2378 dum

1743 2387 1841 2460 ipsi
1878 2387 1951 2460 illi
1977 2391 2109 2440 alius
2131 2387 2370 2443 homines
2398 2390 2468 2444 de
2491 2407 2584 2442 sua
2619 2393 2905 2456 agnacioue
2945 2408 3046 2446 non
3076 2395 3299 2448 redebe-

1743 2458 1850 2530 bat.
1883 2458 1972 2510 Sic
2014 2460 2328 2530 vismii_l'iiit
2377 2461 2538 2525 ipsius
2565 2461 2737 2514 abbati
2790 2465 2868 2516 vel
2901 2463 3090 2530 quibus
3122 2467 3173 2517 in
3206 2481 3302 2517 eus

1744 2529 1986 2602 aderant,
2005 2537 2057 2579 ut
2077 2529 2172 2602 ipsi
2201 2526 2502 2602 bonioaput
2523 2531 2760 2602 homines
2783 2532 2874 2597 xij,
2894 2526 3047 2586 iiiauu
3071 2550 3162 2587 sua
3185 2535 3300 2602 xiij,

1744 2595 2049 2671 iubasileca
2100 2597 2294 2671 domne
2345 2599 2504 2663 illius,
2539 2600 2586 2650 in
2621 2603 2787 2652 noctis
2818 2595 2978 2654 tantis
3024 2595 3306 2671 conjurare

1745 2665 1984 2727 deberet,
2014 2670 2150 2734 quod
2182 2670 2247 2719 de
2269 2681 2438 2720 annus
2486 2684 2712 2723 xu'seu
2745 2671 2989 2736 amplius,
3026 2665 3304 2727 seriitium

1744 2737 1795 2807 ei
1825 2751 2106 2807 numquam
2142 2737 2455 2799 reileliebat;
2488 2756 2546 2791 se
2597 2740 2694 2792 hoc
2723 2739 2894 2792 facere
2927 2743 3158 2807 petebat,
3206 2745 3301 2803 ipsi

1746 2805 1818 2877 illi
1849 2805 1916 2877 ile
1956 2805 2051 2877 hac
2091 2821 2246 2857 causa
2291 2821 2473 2871 contra
2522 2809 2635 2875 ipso
2688 2812 2776 2861 illo
2831 2805 3153 2877 ('oupascere
3178 2827 3184 2832 '
3211 2813 3303 2865 tle-

1745 2873 1878 2925 herit
1917 2891 1927 2925 :
1974 2875 2053 2928 sin
2099 2885 2274 2928 autem
2308 2892 2410 2928 non
2443 2873 2688 2942 potui-rit,
2726 2883 2824 2932 line
2852 2873 3161 2936 iniiiendare
3192 2892 3300 2937 stu-

1745 2945 1874 2996 dial.

2013 3035 2197 3104 Incipit
2226 3037 2402 3090 natitia
2433 3038 2493 3088 de
2519 3039 3042 3105 siiprinlictojudicio.

1817 3147 2006 3199 Notitia
2041 3152 2381 3212 sacramenti,
2435 3152 2661 3212 qualiter
2706 3154 2784 3203 vel
2816 3153 3004 3218 quibus
3035 3159 3305 3220 prseseuti-

1749 3216 1844 3270 btts
1868 3220 2244 3292 ingrcssnsdest
2277 3221 2344 3292 illi
2389 3223 2524 3292 apud
2559 3225 2796 3275 homines
2837 3216 3306 3292 tantus'iiigenuos

1746 3302 1904 3359 super
1931 3292 2097 3340 altare
2135 3288 2269 3341 illius
2320 3289 2615 3344 Andecavis
2661 3293 2908 3357 civctaie,
2940 3311 3031 3359 prii
3064 3288 3132 3348 εδ
3159 3299 3300 3357 quod

1745 3358 1979 3431 homine,
2006 3375 2192 3408 nomen
2225 3359 2337 3424 illo,
2363 3360 2477 3425 ipso
2511 3375 2603 3425 pro
2626 3367 2899 3414 servitium
2933 3358 3308 3431 interpellabat

1744 3429 1806 3479 ad
1833 3431 1996 3480 viceni
2027 3438 2276 3493 genetore
2299 3444 2395 3480 suo
2418 3445 2510 3482 seu
2541 3440 2592 3481 et
2643 3433 2909 3496 genetrice
2939 3449 3054 3486 sua.
3077 3429 3302 3489 duratus

1743 3498 1895 3570 dixit,
1921 3498 2064 3562 juxta
2099 3500 2237 3570 quod
2264 3497 2496 3564 judiciiis
2525 3514 2588 3570 ex
2640 3504 2738 3552 hoc
2771 3502 3000 3567 loquitur
3038 3518 3132 3570 per
3163 3507 3298 3559 hanc

1744 3568 1865 3640 loco.
1887 3575 2067 3618 sancto
2094 3577 2146 3619 et
2171 3569 2347 3640 divina
2395 3569 2570 3640 omnia
2630 3572 2767 3634 quod
2813 3572 2896 3623 hic
2946 3568 3197 3640 aguntur,
3239 3579 3306 3628 de

1744 3635 1897 3687 annis
1921 3650 2020 3686 xxx
2047 3651 2138 3687 seu
2157 3638 2383 3704 amplius
2404 3639 2502 3690 sub
2529 3640 2863 3703 iugenuetale
2883 3635 3072 3696 nouien
3099 3635 3303 3698 resedi:

1744 3719 1863 3756 nam
1896 3714 1950 3755 et
1992 3713 2087 3770 ipsi
2133 3721 2376 3771 superius
2427 3721 2738 3761 tiouienattts
2780 3713 3057 3766 servitium
3093 3730 3195 3767 non
3223 3732 3308 3769 re-

1744 3774 1885 3836 dedi,
1917 3787 2011 3851 nec
2036 3775 2247 3828 redebiu
2273 3791 2367 3843 pro
2386 3780 2680 3830 reverentia
2713 3780 2832 3832 loci.
2859 3782 2914 3834 ld
2937 3794 3058 3836 sunt
3083 3799 3302 3851 quorum

1749 3857 2045 3911 praesentia.

2238 3931 2322 3984 XI.
2369 3933 2552 4003 Incipit
2574 3936 2820 4006 judicius.

1823 4041 2052 4094 Veniens
2077 4042 2250 4104 hoino,
2273 4059 2464 4096 nomen
2499 4045 2592 4109 illi,
2614 4046 2906 4102 Audecavis
2927 4049 3158 4110 civitate,
3178 4063 3302 4104 ante

1745 4108 1847 4182 illo
1891 4121 2080 4182 agente
2108 4115 2195 4182 vel
2213 4114 2428 4179 reliquis
2457 4119 2541 4180 qui
2568 4108 2688 4168 cuin
2741 4133 2804 4170 eo
2851 4121 3095 4182 aderant,
3131 4108 3298 4175 inter-

1745 4175 2165 4255 pellabo-talique
2187 4175 2416 4255 homine,
2439 4175 2757 4255 uouienillo,
2771 4189 2918 4252 quasi
2937 4175 3180 4255 jumcnto
3201 4207 3300 4247 suo

1741 4245 1806 4296 ad
1835 4244 1986 4299 furtis
2013 4244 2409 4302 conditionibus
2450 4252 2687 4315 abuissit,
2732 4244 2911 4318 et'ipsi
2937 4244 3019 4309 illi
3055 4275 3154 4312 una
3180 4244 3298 4314 cuni

1742 4325 1988 4383 genetore
2014 4332 2111 4389 suo
2138 4319 2330 4389 ibidem
2361 4319 2561 4382 aderat,
2591 4329 2642 4371 et
2694 4321 2792 4375 hoc
2837 4324 3041 4376 toi-liter
3066 4325 3294 4389 denega-

1744 4389 1848 4448 bat,
1897 4389 2031 4452 quod
2082 4386 2194 4452 ipso
2238 4386 2477 4452 juineuto
2523 4403 2806 4454 numquam
2857 4393 3149 4448 habuisset.
3208 4386 3295 4450 Sic

1746 4457 1918 4533 visum
1949 4455 2043 4506 l'uit
2064 4454 2185 4533 ipso
2234 4465 2422 4533 agente
2448 4457 2532 4523 qui
2565 4473 2680 4533 cum
2712 4461 2827 4526 ipso
2852 4463 3093 4533 aderunt,
3133 4477 3187 4518 ut
3209 4482 3292 4533 ge-

1746 4526 2039 4601 nitorsuos
2064 4526 2133 4575 illi
2160 4539 2252 4590 pro
2284 4526 2391 4601 tilio
2429 4528 2832 4601 ειιιι-λιμιιιιῃιιιιι
2877 4546 2930 4585 et
2961 4532 3057 4600 ipsi
3092 4526 3296 4601 geniior

1744 4593 1880 4658 apud
1902 4594 2140 4646 homines
2169 4603 2343 4646 tantus
2370 4595 2469 4660 ipsi
2495 4595 2567 4648 illi
2593 4597 2645 4649 in
2688 4593 2916 4653 basileca
2942 4593 3122 4654 domui
3158 4605 3301 4658 illius

1740 4663 1791 4736 in
1826 4664 1992 4736 noctis
2039 4673 2337 4736 taiitusiiro
2366 4665 2474 4736 lilio
2520 4679 2622 4736 suo
2663 4683 2917 4721 excusare
2963 4670 3204 4736 deberit;
3238 4689 3297 4726 si:

1741 4731 1839 4783 hoc
1889 4732 2062 4804 facere
2095 4733 2328 4804 petebat,
2377 4733 2474 4798 ipsi
2518 4733 2589 4785 illi
2635 4748 2819 4789 contra
2872 4738 2987 4804 ipso
3035 4741 3126 4792 illo
3173 4731 3299 4795 eou-

1740 4815 1956 4874 pascere
1978 4801 2180 4874 deberit
2213 4817 2224 4850 :
2255 4802 2334 4874 sin
2359 4811 2531 4854 autem
2562 4818 2663 4857 nou
2691 4801 2937 4874 potuerit,
2977 4810 3076 4864 hoc
3106 4823 3289 4866 contra

1741 4871 1854 4936 ipso
1877 4870 2163 4923 emendare
2192 4870 2407 4924 stodiat.

2309 4976 2494 5048 Incipit
2528 4984 2730 5036 noticia.

1814 5087 2012 5162 Noticia
2043 5089 2381 5162 sacramenti,
2414 5092 2639 5162 qualiter
2688 5095 2766 5145 vel
2799 5095 2986 5160 quibus
3019 5097 3297 5162 praesenti-

1745 5158 1841 5234 bus
1872 5157 2136 5234 ingressus
2152 5158 2313 5234 estilli
2341 5158 2632 5234 iiibasileca
2656 5157 2846 5234 douiiie
2870 5157 3127 5226 illius'io-u
3151 5168 3292 5234 judi-

1743 5229 1846 5288 cio,
1881 5227 1968 5277 illo
1996 5237 2181 5290 agente
2206 5231 2411 5292 j‘nratus
2441 5228 2580 5282 dixit
2608 5245 2620 5280 :
2655 5231 2748 5282 l’er
2802 5235 2937 5284 hunc
2969 5236 3085 5288 loco
3111 5227 3294 5288 sancto

1744 5307 1797 5370 et
1825 5296 1998 5370 divina
2029 5296 2201 5348 omnia
2231 5301 2368 5370 quod
2395 5298 2480 5350 hic
2505 5309 2745 5370 aguntur,
2778 5318 2892 5369 qua:
2932 5306 3013 5356 hic
3045 5307 3148 5357 Deo
3177 5307 3296 5370 plc~

1745 5367 1862 5418 nius
1882 5363 2194 5445 plieruntur,
2227 5367 2370 5445 unde
2404 5381 2487 5445 ine
2512 5368 2586 5443 .llll
2641 5363 2909 5445 reputabat
2949 5363 3292 5445 [reputabat],

1744 5434 1893 5510 quasi
1915 5434 2158 5502 juuieuto
2185 5448 2282 5487 suo
2308 5435 2372 5486 ad
2386 5434 2556 5510 furtis
2583 5434 2903 5510 ciiiiditioiiis
2935 5434 3053 5510 post
3083 5457 3166 5494 me
3196 5434 3290 5493 ha?

1745 5503 1950 5578 biiissit,
1983 5513 2035 5555 et
2065 5519 2156 5570 per
2185 5518 2358 5578 meum
2386 5503 2649 5570 ingenium
2699 5509 2811 5576 ipso
2849 5503 3086 5578 juiiieiito
3113 5512 3294 5578 digere

1747 5573 2038 5633 habuisset,
2071 5587 2167 5646 nec
2195 5573 2308 5646 ipso
2339 5571 2578 5646 Ᾰιιιιιβιιιυ
2619 5571 2900 5646 ιιυιιίιιυειῖιι
2956 5581 3136 5645 habui,
3170 5571 3292 5635 'iiec

1747 5654 1838 5705 per
1860 5657 2039 5719 meum
2067 5641 2262 5719 nullum
2289 5642 2563 5719 nigerrimo
2592 5647 2704 5712 ipso
2739 5641 2977 5716 iumento
3008 5641 3291 5719 numquam

1747 5709 2004 5772 pcrdedit,
2039 5726 2148 5779 nec,
2173 5710 2308 5760 aliud
2343 5712 2430 5763 tibi
2462 5713 2525 5764 de
2555 5709 2651 5768 hac
2699 5709 2853 5770 causa
2901 5735 3005 5773 non
3056 5709 3291 5779 red-chio,

1747 5779 1846 5832 nisi
1873 5779 1972 5832 isto
2001 5778 2186 5832 edouio
2208 5792 2558 5838 sacramento.

2796 5918 2870 5977 2'1
