3848 6234
556 352 667 408 847

1508 349 1594 403 AD
1633 344 1973 402 ARCULFI
2008 348 2377 403 FORMULAS
2418 348 2778 404 APPENDIX.
3648 358 3725 415 ειξι

563 480 659 518 sua
692 464 854 518 fracta
874 502 887 524 .
918 466 971 517 et
1000 463 1160 532 portis
1197 474 1325 532 suas
1347 462 1743 532 conquassatis.
1775 461 1969 532 etipso
1999 459 2113 532 loco
2143 465 2193 523 Α
2223 444 2475 532 nientiis',
2506 459 2829 522 securitatis,
2876 460 3232 532 vacuatnrias.
3263 462 3493 531 judicins
3531 474 3582 518 et
3618 466 3727 525 noli.

568 536 794 599 graviter
819 528 1105 587 devastata.
1139 531 1364 585 Proinde
1395 531 1634 596 petiitrab
1665 534 1807 598 ipsos
1841 530 1989 599 bonis
2018 528 2115 582 ho-

570 598 838 657 minibus:
872 603 921 654 in
952 603 1191 655 eumdem
1234 611 1512 667 prospecto
1554 608 1923 660 accesserunt,
1969 598 2115 651 inve-

571 683 753 726 nerunt
805 674 940 727 sicut
969 682 1077 725 tutu
1109 680 1284 730 esset,
1317 670 1464 732 cujus
1508 670 1719 723 nomina
1765 671 1946 721 subter
1994 675 2120 721 sunt

566 742 758 795 inserta
783 783 796 807 ,
845 755 899 796 ut
947 744 1085 794 hunc
1129 739 1317 792 noticia
1361 739 1615 792 relatione
1646 747 1836 804 praesto
1866 738 1913 791 ci
1945 736 2117 790 adfir-

570 828 712 864 mare
739 812 1011 865 deberent.
1044 808 1191 873 Quod
1228 808 1298 861 ita
1340 818 1388 862 et
1433 808 1668 861 fecerunt
1694 848 1706 868 .,
1736 807 1961 875 qualiter
2003 820 2114 859 me-

568 881 665 933 lius
698 883 860 949 possit
892 877 1181 934 Andecavis
1207 877 1428 931 civetate
1457 876 1764 931 adfirmare.

898 990 1111 1045 XXXII.
1154 988 1339 1059 Incipit
1376 991 1490 1045 item
1518 989 1787 1058 appennis.

638 1103 961 1169 Quicumque
1003 1102 1065 1153 ad
1108 1101 1459 1164 latruncolus,
1489 1100 1937 1166 sceleratoribns‘
1968 1100 2112 1155 sedi-

571 1174 720 1225 tiosis
766 1188 856 1226 seu
905 1171 1271 1231 incendiariis,
1306 1171 1356 1222 in
1398 1186 1500 1237 qua
1548 1170 1818 1239 provincia
1866 1171 1969 1223 vim
2025 1180 2115 1224 aut

571 1246 819 1295 damnum
855 1243 1154 1307 pertulerit,
1185 1247 1392 1305 oportet
1424 1241 1521 1292 hoc
1559 1240 1727 1293 eidem
1766 1248 2004 1294 rectores
2030 1240 2113 1294 ci-

570 1313 711 1364 vium
742 1327 833 1364 seu
863 1312 1088 1364 curiales
1125 1309 1436 1377 provinciae,
1484 1310 1533 1361 in
1577 1324 1675 1376 qua
1761 1316 2108 1377 perpetratum

572 1381 731 1435 fuisse
762 1380 1081 1449 perhibetur,
1114 1379 1283 1447 palam
1311 1378 1627 1449 ostendere,
1669 1386 1723 1432 et
1763 1382 1970 1444 publica
2013 1382 2110 1434 de-

574 1447 897 1504 nuntiatione
927 1448 1280 1502 manifestam.
1311 1447 1470 1515 Igitur
1496 1462 1616 1501 cum
1648 1462 1742 1515 pro
1775 1448 1999 1503 utilitate
2027 1464 2117 1502 ec-

565 1520 744 1575 clesiae
789 1521 870 1573 vel
918 1518 1205 1587 principale
1254 1516 1461 1583 negotio
1513 1516 1829 1582 apostolicus
1878 1517 1985 1580 vir,
2037 1519 2115 1574 illi

575 1591 853 1659 episcopus
876 1602 903 1659 ;7
922 1602 1122 1640 necnon
1152 1595 1205 1639 et
1242 1587 1463 1659 inluster
1489 1589 1570 1639 vir
1602 1587 1673 1639 illi
1704 1600 1881 1659 comes
1904 1626 1921 1651 ,
1955 1588 2009 1639 in
2033 1589 2113 1641 cis

567 1655 772 1715 vetate'
796 1658 1071 1711 Andecave
1098 1672 1214 1708 cum
1248 1656 1465 1721 reliquis
1512 1655 1905 1726 venerabilibus
1957 1666 2113 1726 atque

567 1728 856 1796 magniﬁcis
898 1726 972 1781 rei
1020 1726 1409 1796 pupliczepviris
1457 1723 1744 1796 resedissit.
1798 1725 1971 1794 Ibique
2021 1723 2112 1784 ve-

570 1794 721 1851 nieiis
776 1798 966 1862 homo,
1021 1811 1209 1848 nomen
1257 1794 1364 1859 illi,
1417 1795 1586 1861 palam
1631 1806 1964 1864 Suggereret,
2017 1813 2114 1854 ceu
2147 1800 2194 1860 B

573 1881 695 1920 casa
728 1880 817 1919 sua
850 1868 900 1919 in
934 1868 1047 1918 loco
1075 1873 1404 1932 nuneupaute
1435 1865 1556 1928 illo,
1587 1879 1651 1917 eo
1677 1865 1815 1933 quod
1861 1866 1981 1920 mali
2023 1870 2119 1921 bo-

574 1938 745 1990 mines
785 1951 876 2003 per
905 1945 1092 1990 cacata
1135 1945 1284 1988 nocte
1320 1933 1384 1986 ad
1423 1948 1543 1987 casa
1569 1948 1660 1987 sua
1688 1936 1742 2003 in
1774 1935 1888 1987 loco
1916 1951 2116 1991 noncu-

572 2016 730 2074 pante
768 2001 855 2060 illo
890 2005 1255 2070 advenissent,
1291 2013 1345 2058 et
1380 2003 1511 2057 ostia
1550 2017 1643 2083 sua
1680 2001 1980 2084 frigissent,
2035 2008 2114 2063 vel

564 2091 655 2130 res
683 2091 826 2141 suas,
857 2090 1038 2129 aurum
1060 2115 1073 2139 ,
1106 2084 1374 2139 argentum
1397 2113 1413 2138 ,
1444 2086 1669 2145 spectes,
1705 2083 2110 2145 vestimentum,

573 2145 913 2201 fabricaturas
940 2159 1081 2207 suas,
1111 2158 1234 2196 vasa
1262 2157 1421 2207 terea,
1452 2142 1534 2195 vel
1565 2141 1791 2213 reliquas
1825 2158 1906 2196 res
1934 2141 2114 2213 etiam;

573 2215 785 2281 plures,
824 2230 941 2271 cum
982 2224 1269 2267 strumcnta
1308 2223 1568 2281 certarum
1619 2210 2112 2277 viridici0iiis,'.au-

570 2280 746 2345 tionis,
780 2283 1051 2355 cessionis,
1084 2283 1382 2336 donationis
1403 2322 1418 2346 ,
1447 2280 1620 2355 dotis,
1650 2284 2108 2355 composcionalis,

569 2353 974 2417 contulationis,
1008 2363 1170 2418 pact:s
1190 2395 1203 2419 ,
1235 2351 1642 2405 conmutationis
1663 2392 1677 2414 ,
1706 2351 2103 2419 convenentiis,

568 2424 900 2488 securitatis,
944 2423 1292 2486 vaciiaturiis,
1332 2423 1559 2492 judicius
1598 2430 1651 2474 et
1690 2420 1929 2485 uetitias,
1963 2423 2109 2478 oble-

571 2494 810 2559 cationis,
840 2495 919 2547 vel
951 2493 1178 2559 reliquus
1210 2507 1294 2546 res
1320 2491 1677 2561 quamplures,
1713 2505 1869 2557 quam
1898 2491 2109 2561 lengum

569 2572 651 2618 est
683 2579 771 2631 per
801 2564 999 2629 singula
1033 2560 1429 2627 ininustire,ad
1462 2560 1613 2613 furtis
1642 2562 1812 2613 causis
1838 2560 2111 2627 deportas-

566 2644 703 2686 sent.
738 2633 884 2687 Unde
915 2647 1006 2697 per
1038 2632 1175 2697 ipsas
1201 2641 1372 2684 cartas
1402 2632 1576 2697 pluras
1612 2638 1776 2683 terras
1803 2640 1919 2696 post
1948 2646 2005 2684 se
2032 2632 2110 2685 di-

568 2717 693 2756 cere
723 2702 1029 2756 venditum:
1064 2710 1115 2753 ct
1160 2701 1212 2753 in
1258 2712 1549 2754 crastenuni
1600 2698 1765 2753 locale
1810 2701 2110 2758 accessione

568 2786 666 2822 una
697 2787 814 2825 cum
846 2773 1006 2825 booas
1035 2780 1310 2825 extraneas
1337 2783 1585 2838 personas
1617 2769 1798 2822 vicinis
1828 2772 1964 2823 circa
1999 2788 2110 2825 nia-

565 2841 736 2894 uentis
782 2846 832 2894 in
880 2844 991 2906 ipso
1031 2842 1145 2893 loco
1186 2841 1424 2893 inanibus
1463 2853 1645 2892 eorum
1697 2840 1970 2892 roboratas
2020 2856 2109 2895 ac-

559 2911 823 2964 cessisse:
856 2922 906 2964 et
936 2912 1002 2963 ob
1032 2910 1128 2962 hoc
1159 2911 1364 2976 cognita
1393 2908 1646 2961 relatione
1676 2918 1795 2960 ante
1824 2910 2109 2975 suprascri-

574 2990 692 3041 ptus
746 2982 968 3034 senioris
1024 2981 1407 3046 pi'atsentabant
1464 2976 1528 3035 ad
1585 2976 1958 3046 relegendum,
2018 2993 2109 3045 per

570 3066 725 3115 quem
770 3052 935 3117 ipsum
976 3045 1209 3102 seniores
1238 3055 1591 3117 cognoverunt
1611 3086 1631 3117 ,ί
1655 3045 1790 3112 quod
1819 3047 1925 3112 ipsa
1954 3062 2106 3101 causa

571 3120 743 3192 taliter
775 3115 886 3170 acta
924 3117 1002 3192 tel
1038 3126 1334 3192 perpetrata
1366 3115 1568 3192 fuisset.
1619 3116 1746 3192 Dum
1781 3117 2103 3192 taliter‘dili-
2130 3130 2177 3192 ο

573 3189 747 3253 gentia
796 3184 1060 3254 inquirere
1100 3184 1343 3251 videtur,
1388 3185 1677 3240 subiectum
1726 3185 1820 3238 fuit
1856 3186 1919 3239 ad
1966 3188 2105 3255 ipsas

584 3260 748 3309 bonas
777 3271 1013 3309 straucas
1042 3270 1290 3323 personas
1316 3256 1497 3310 vicinis
1525 3257 1663 3326 circa
1696 3266 1987 3321 manentes,
2018 3258 2104 3326 qui

586 3326 721 3379 bene
748 3328 939 3393 optime
969 3341 1030 3379 ex
1061 3326 1161 3379 hoc
1199 3326 1453 3389 comperti
1498 3325 1743 3386 aderant,
1773 3326 1893 3394 quid
1918 3325 2107 3381 exinde

578 3396 983 3463 cogtiuscibant,
1011 3398 1268 3448 veraciter
1295 3410 1541 3448 enarrare
1580 3395 1861 3465 deberent,
1911 3410 1969 3450 se
2011 3396 2105 3465 ipsi

582 3467 739 3517 homo
767 3466 937 3518 taliter
968 3466 1300 3531 pra-buerunt
1371 3464 1722 3518 testiinonium
1747 3507 1759 3527 ,
1794 3474 1846 3517 ut
1877 3464 2107 3532 inspecta

578 3534 661 3586 illa
690 3535 904 3602 epistola
928 3574 941 3598 ,
974 3549 1126 3602 quem
1160 3534 1233 3587 illi
1268 3535 1647 3601 przcsentabat,
1691 3549 1785 3586 sua
1834 3538 2107 3589 denuntia-

581 3606 720 3657 tione
751 3604 1004 3658 vcracitcr
1043 3605 1447 3658 concordabant.
1492 3604 1621 3657 Dum
1663 3604 1738 3656 sic
1781 3604 1828 3656 in
1868 3606 2111 3659 omnibus

582 3675 849 3739 devolgata
881 3674 1099 3736 claruit,
1130 3676 1171 3726 si
1211 3673 1597 3740 suprascriptus
1640 3673 1868 3739 pontich
1916 3684 1969 3728 et
2012 3675 2109 3742 ipsi

582 3745 768 3807 contis,
798 3743 877 3795 vel
895 3742 978 3810 qui
1006 3758 1126 3796 eum
1149 3758 1212 3797 eo
1234 3745 1469 3809 aderant,
1490 3745 1927 3798 denuntiaverunt
1954 3744 2114 3810 ipsius

585 3812 679 3874 illi,
729 3822 784 3864 ut
816 3813 1057 3880 quicquid
1093 3829 1182 3879 per
1210 3828 1461 3865 annorum
1490 3814 1655 3879 spatia
1687 3814 1752 3865 de
1782 3827 1844 3865 eo
1882 3823 2114 3877 tempore

588 3895 749 3958 usque
797 3897 932 3958 nunc
977 3890 1115 3958 recte
1154 3891 1207 3933 et
1248 3881 1480 3958 Icgttliter
1526 3883 1862 3958 possederat,
1910 3892 2112 3958 mantea

586 3949 801 4001 obsolve
830 3950 1118 4019 principale
1144 3949 1353 4019 negotio
1384 3949 1760 4019 ιεοιιιμιιτιιιιὶιθ
1792 3957 1974 4019 testata
2005 3951 2115 4019 lege

579 4021 774 4081 servit,
821 4034 905 4070 res
945 4033 1065 4070 snas
1111 4018 1206 4086 ipsi
1247 4027 1337 4070 aut
1379 4016 1585 4070 heredis
1612 4019 1689 4068 sui
1722 4018 1886 4071 tenire
1913 4028 1965 4071 et
1996 4016 2117 4086 pos-

581 4089 753 4140 scdire
782 4087 995 4141 faciant.
1030 4087 1094 4140 Et
1134 4101 1227 4156 pro
1270 4098 1526 4154 praesente
1570 4096 1623 4139 et
1664 4087 1834 4139 l'utnra
1882 4096 2115 4156 tempora

581 4158 865 4220 convenit,
901 4169 954 4209 ut
986 4160 1119 4211 hanc
1160 4160 1392 4222 cartola,
1434 4156 1521 4224 qui
1564 4167 1785 4210 vocatur
1823 4158 2115 4225 appennis,

584 4228 916 4294 praefatorum
949 4228 1211 4281 seniorum
1242 4228 1321 4280 vel
1352 4227 1669 4293 reliquorum
1715 4225 1908 4280 civium
1938 4241 2118 4279 eorum

583 4298 837 4348 manebus
879 4296 1152 4349 roboratas
1199 4297 1493 4361 acciperet,
1541 4297 1817 4347 adlirinare
1866 4296 2116 4348 deberet:

582 4366 724 4429 quod
755 4365 825 4416 ita
854 4374 907 4418 et
935 4364 1095 4416 fecit:
1130 4366 1197 4416 ita
1229 4375 1284 4416 ut
1309 4367 1410 4416 duo
1451 4363 1704 4430 appennis
1749 4364 2029 4431 coaequalis
2057 4380 2118 4417 ex

588 4436 687 4484 hoc
716 4435 1007 4487 altirmatus
1034 4435 1249 4501 accipiat
1275 4472 1291 4497 ,
1323 4447 1478 4485 unum
1504 4473 1517 4496 ,
1549 4448 1702 4500 quem
1748 4433 1841 4496 ipsi
1887 4433 2022 4499 apud
2066 4448 2122 4487 se

584 4503 847 4575 retineat;
880 4513 934 4558 et
964 4505 1153 4575 alium,
1187 4520 1338 4572 quem
1372 4503 1422 4555 iit
1454 4502 1567 4575 lurp
1599 4502 1806 4569 puplico
1848 4504 2122 4571 snspendi—

585 4581 687 4625 tur.
718 4572 877 4627 Facto
904 4571 1165 4641 Appenui.

728 4660 958 4715 XXXIII.
988 4662 1174 4732 Incipit
1204 4664 1384 4715 noticia
1410 4664 1475 4715 ad
1505 4680 1736 4733 appenno
1762 4667 1983 4734 ﬁrmare.

656 4756 784 4808 Cum
816 4767 906 4820 per
934 4767 1067 4807 caeca
1098 4753 1379 4821 cupiditate
1411 4770 1502 4823 per
1531 4756 1645 4809 loca
1675 4757 1867 4811 orbana
1918 4772 2126 4823 semper

582 4825 755 4879 hostis
784 4823 1023 4887 antiquus
1054 4823 1189 4875 bella
1223 4834 1503 4892 consurget
1524 4864 1538 4888 ,
1584 4838 1636 4878 et
1677 4828 1848 4881 solent
1888 4826 2126 4880 homines

655 4893 769 4948 rlidi
800 4902 851 4946 et
882 4892 1093 4959 pessimi
1139 4906 1229 4957 per
1271 4895 1435 4945 malus
1481 4895 1831 4957 intolerabilia,
1874 4898 2007 4950 mala
2038 4913 2128 4949 su-

625 4966 735 5026 ire,
769 4972 870 5015 tam
905 4964 969 5012 ab
1003 4962 1271 5021 hostibus.
1314 4976 1468 5025 quam
1514 4966 1867 5029 latrunculus,
1916 4981 2010 5030 per
2052 4977 2128 5018 ta-

588 5036 665 5085 las
692 5042 743 5084 οι
771 5033 962 5093 fortes,
992 5046 1083 5096 per
1108 5040 1348 5097 captores
1373 5039 1428 5083 et
1460 5036 1662 5102 rapacis
1688 5048 2005 5089 conmovere
2027 5077 2041 5102 ,
2074 5043 2129 5086 et

588 5111 894 5159 eonmutare
920 5102 1091 5170 gravis
1120 5102 1340 5153 damnes
1368 5100 1558 5170 aetatis.
1609 5103 1767 5170 Igitur
1798 5118 1898 5156 non
1929 5100 2125 5156 estlin-

583 5171 855 5237 cognitum
876 5168 1104 5238 qualiter
1132 5172 1304 5238 aliquo
1346 5167 1591 5234 homine,
1632 5167 1821 5225 nomen
1846 5174 1957 5237 illo,
2000 5185 2130 5225 con-

588 5236 711 5308 tegit
742 5236 919 5313 gravis
952 5236 1282 5313 naul‘ragins,
1312 5241 1448 5307 quod
1483 5244 1532 5291 in
1578 5241 1714 5313 villa;
1738 5241 1823 5313 illa
1867 5236 1988 5294 casa
2036 5254 2129 5294 sua

588 5304 681 5376 per
708 5304 862 5361 nocte
896 5304 988 5356 fuit
1018 5304 1247 5371 effracta,
1272 5304 1536 5362 et'umues
1564 5310 1836 5377 praesidios
1861 5323 2002 5373 suos,
2035 5322 2130 5363 au-

588 5396 737 5441 rum,
770 5382 1039 5442 argentum
1062 5414 1074 5437 ,
1107 5387 1442 5430 ammentum
1465 5418 1479 5443 ,
1515 5379 1917 5442 vestimentum,
1972 5387 2162 5432 utenm

596 5451 707 5500 siha
729 5484 743 5510 ,
777 5446 1031 5516 pecunia;
1062 5458 1153 5495 seu
1186 5456 1473 5516 stramenta
1507 5458 1765 5502 cartarum
1808 5449 2123 5516 quampluri-

588 5530 704 5568 mas
723 5554 736 5576 ,
767 5515 1077 5567 vnidicionis
1096 5550 1113 5576 ,
1147 5514 1401 5585 cautionis
1422 5557 1438 5582 ,
1469 5519 1721 5571 cessionis
1740 5558 1755 5579 ,
1799 5514 2093 5572 donationis
2111 5558 2129 5585 ,

588 5590 753 5645 dotis,
784 5583 1222 5650 conposcioualis,
1258 5587 1439 5651 pactis,
1475 5591 1910 5652 conmutationes,
1943 5583 2130 5643 conveé

664 5724 685 5749 ³
724 5716 848 5773 Vide
880 5719 1177 5778 Marcellum
1198 5761 1211 5779 .
1245 5719 1335 5773 lib.
1372 5734 1433 5786 Il,
1464 5734 1579 5788 ezip.
1616 5717 1705 5786 I5,
1738 5734 1915 5787 supra.

2224 529 2355 609 tias,
2389 542 2481 581 seu
2520 537 2574 581 et
2606 542 2800 609 omnes.
2834 530 3163 609 solennitas,
3196 529 3286 596 per
3329 548 3485 609 quem
3532 550 3562 589 a
3601 537 3727 609 longo

2226 606 2470 675 tempore.
2488 596 2839 675 usqitemodo
2868 612 2952 651 res
2981 612 3107 675 suas
3131 596 3433 675 demens—vit
3451 644 3467 666 .
3510 618 3598 675 per
3634 596 3725 675 ne.

2228 666 2364 721 forte
2389 666 2582 721 exinde
2614 664 2708 719 fuit
2734 666 3024 731 deportata.
3056 668 3279 726 Proinde
3303 664 3524 727 necesse
3547 674 3629 727 fuit
3651 664 3730 732 se.

2226 735 2555 813 pedictojllo
2577 734 2627 788 in
2648 745 2949 813 craSIenum
2976 739 3229 813 maturius
3274 754 3427 813 mane
3463 741 3617 811 judici
3656 762 3731 813 pu.

2226 805 2376 870 pleco
2404 804 2587 876 vicinis
2615 804 2761 876 circa
2783 818 3053 861 manentes
3071 849 3084 869 .
3115 808 3181 862 ad
3208 807 3322 876 ipso
3354 804 3482 864 loco'
3506 804 3729 869 convoca-

2223 890 2281 928 re
2307 892 2327 948 :_
2350 883 2403 948 et
2431 874 2621 948 ibidem
2653 875 2918 948 venientes
2947 874 3261 948 invenerunt
3286 878 3365 933 sic
3389 894 3507 935 esse
3535 879 3730 948 factum.

2222 944 2358 997 seris
2388 943 2564 996 incisis
2593 945 2755 996 ostias
2779 946 3149 1023 concapolatas
3170 988 3186 1012 ,
3220 958 3393 1013 portas
3437 943 3730 1018 perforatas,

2221 1026 2508 1085 conscensa
2539 1026 2632 1067 seu
2659 1023 2713 1069 et
2735 1028 2976 1085 universa
3003 1029 3119 1085 quat
3144 1031 3303 1077 supra
3330 1023 3728 1085 memoravimus.

2224 1096 2315 1149 per
2343 1082 2456 1146 ipso
2480 1081 2617 1135 furto
2642 1083 2853 1151 perinde
2874 1081 3319 1140 essetahstracta.
3342 1085 3479 1141 Dum
3503 1089 3578 1143 sic
3600 1081 3733 1147 cessit

2223 1152 2480 1224 veraciis,
2519 1160 2576 1204 ut
2621 1153 2810 1224 melius
2849 1154 3014 1224 possit
3057 1153 3246 1208 exinde
3273 1171 3513 1224 appenne
3542 1159 3590 1213 in
3614 1164 3730 1215 cire-

2224 1229 2344 1296 tate_
2374 1221 2773 1296 reg_io_ne_ipse_
2799 1222 2961 1296 ipsius
3001 1221 3319 1296 prosequere
3345 1221 3424 1296 'et
3453 1228 3731 1296 adfirmare,

2221 1290 2370 1363 petiit
2397 1289 2476 1363 _ad
2519 1289 2683 1356 ipsius
2726 1290 2926 1363 vicinus
2963 1298 3019 1345 et
3057 1289 3269 1363 judice,
3298 1295 3386 1363 qui
3414 1295 3465 1349 in
3496 1297 3601 1363 ipsa
3628 1289 3729 1353 caui

2221 1362 2367 1434 tione
2391 1358 2627 1434 fuerunt,
2659 1362 2899 1434 manibus
2925 1358 3152 1434 propriis,
3175 1365 3225 1416 in
3258 1358 3397 1419 hunc
3426 1358 3728 1434 prospectum

2219 1428 2400 1549 potitia
2433 1429 2708 1549 ‘relatiouis
2751 1430 3031 1486 adﬁrmare
3071 1430 3369 1488 deberent:
3413 1428 3565 1504 quod
3592 1436 3656 1491 ita
3689 1452 3732 1493 et

2238 1512 2425 1549 ecerun
2454 1537 2470 1549 .

2238 1507 2470 1552 ecerunt.

2514 1587 2758 1643 XXXIV.
2787 1588 2974 1659 Incipit
3003 1589 3024 1660 [
3049 1590 3286 1662 libellus]
3316 1592 3468 1646 dotis.

2286 1677 2496 1733 Annum
2541 1680 2566 1707 ⁸
2609 1694 2661 1732 Iv
2710 1695 2925 1749 regnum
2974 1682 3171 1734 domini
3220 1684 3383 1736 nostri
3431 1683 3739 1741 Cliildebertu

2218 1762 2387 1818 reges.
2434 1749 2543 1818 Ego
2582 1750 2634 1802 in
2671 1749 2759 1803 Dei
2792 1765 2979 1803 nomen
3009 1752 3079 1804 illi
3111 1751 3277 1805 fateor
3304 1768 3388 1807 me
3431 1755 3567 1808 hunc
3606 1759 3735 1810 libel-

2222 1817 2327 1889 l_ui_n
2356 1820 2479 1889 dote
2507 1818 2740 1872 scribere
2766 1819 3046 1883 deberem,
3075 1822 3211 1883 quod
3240 1822 3306 1875 ita
3338 1832 3393 1877 et
3417 1823 3657 1889 fecerim,
3682 1828 3733 1879 ad

2215 1886 2533 1963 dulcessinia
2580 1901 2772 1955 Sponsa
2819 1889 2984 1963 mea.
3026 1904 3215 1963 nomen
3266 1892 3385 1956 illa,
3442 1908 3535 1959 pro
3580 1886 3737 1949 amore
3824 1920 3825 1963 ς

2220 1955 2595 2012 dulcitudinem
2649 1971 2834 2024 suam,
2884 1959 3067 2011 emitto
3116 1960 3207 2014 tibi
3256 1964 3306 2013 in
3355 1955 3550 2017 car'tola
3594 1965 3737 2019 libelli
3824 1955 3825 1985 ³

2214 2025 2366 2099 dotes
2393 2041 2515 2081 casa
2540 2025 2649 2099 jam
2680 2028 2820 2099 dicta
2855 2029 3025 2099 puella
3057 2043 3251 2096 sponsa
3282 2046 3398 2084 mea
3432 2032 3514 2084 illa
3549 2034 3735 2099 habiat,

2214 2097 2405 2160 teuiat,
2439 2096 2741 2171 possideat,
2765 2096 2932 2171 faciat
2970 2101 3123 2171 quod
3157 2101 3399 2152 voluerit.
3450 2103 3511 2153 Et
3553 2107 3593 2155 si
3637 2096 3739 2171 quis

2214 2179 2370 2238 vero,
2415 2176 2504 2218 aut
2542 2180 2641 2238 ego
2681 2168 2812 2238 ipsi,
2842 2167 2923 2220 vel
2953 2168 3199 2234 quislibet
3228 2171 3469 2238 opposita
3505 2167 3735 2238 persona,

2211 2234 2299 2354 gui
2345 2245 2525 2314 contra
2572 2235 2983 2314 hoe.voluntate
3025 2252 3195 2289 meam
3240 2234 3377 2290 facta
3409 2234 3732 2295 aut'libelluin

2248 2314 2334 2354 ote
2363 2312 2461 2354 ista
2502 2314 2796 2354 conscripta
2835 2315 2923 2354 aut
2958 2320 3115 2354 acere
3158 2312 3580 2354 nrznsumnserit.
3612 2314 3732 2354 mlo.

2248 2314 2334 2358 ote
2363 2312 2461 2357 ista
2502 2312 2796 2371 conscripta
2835 2315 2923 2357 aut
2958 2320 3115 2373 agere
3158 2312 3582 2375 praesumpserit.
3612 2314 3738 2364 sole-
3824 2372 3825 2375 η

2210 2371 2309 2425 dus
2336 2380 2511 2445 tantus
2531 2380 2748 2445 coactus
2777 2371 3032 2428 exsolvat.
3068 2375 3133 2428 Et
3157 2371 3337 2445 Siquis
3500 2395 3600 2434 non
3625 2381 3741 2435 obti-
3824 2372 3825 2445 ξ

2212 2452 2332 2496 neat
2359 2441 2627 2497 elleclbm.

2774 2532 2961 2603 Incipit
2987 2536 3218 2605 epistola.

2232 2626 2233 2629 “
2282 2622 2392 2687 Ego
2412 2624 2550 2678 enim
2572 2623 2649 2678 illi
2670 2624 2833 2678 fateor
2854 2640 2938 2679 me
2967 2628 3098 2679 hanc
3115 2628 3335 2694 epistola
3361 2628 3534 2681 facere
3554 2628 3745 2689 debere.

2208 2694 2344 2766 quod
2398 2695 2463 2766 ita
2494 2704 2547 2747 et
2575 2696 2698 2759 feci,
2736 2696 2798 2747 ad
2844 2697 3030 2766 coguje
3072 2712 3186 2750 mea
3217 2698 3303 2749 illa
3354 2708 3567 2766 propter
3588 2714 3747 2753 amore
3824 2746 3825 2763 η

2207 2762 2589 2816 dulcitudinem
2604 2778 2750 2817 suam
2775 2773 2829 2818 et
2847 2764 3127 2818 servicium
3143 2769 3280 2820 circa
3309 2762 3393 2820 me
3416 2762 3745 2833 inpendentis,
3824 2784 3825 2831 ξ

2209 2836 2342 2906 cedo
2368 2834 2459 2887 tibi
2494 2844 2648 2906 atque
2676 2835 2968 2888 transcribo
3013 2850 3167 2906 capsa
3232 2836 3299 2890 de
3336 2850 3600 2906 casacum
3647 2838 3747 2906 ipso
3824 2872 3825 2885 χ

2209 2903 2409 2970 villare,
2468 2912 2522 2955 ut
2562 2904 2670 2970 ipsa
2717 2918 2838 2956 casa
2892 2904 3115 2966 resedit,
3167 2915 3222 2957 ut
3266 2906 3333 2957 ab
3376 2904 3627 2958 hodierno
3668 2903 3749 2959 die

2213 2969 2363 3041 ipsas,
2384 2985 2466 3023 res
2505 2969 2867 3026 denominatus
2894 2972 3111 3037 habeas,
3151 2982 3353 3039 teneas,
3385 2975 3664 3041 possideas.
3694 2976 3746 3029 Et

2209 3040 2253 3091 si
2279 3040 2396 3107 quis
2427 3054 2571 3119 verti,
2594 3050 2695 3093 etc.
2844 3076 2847 3077 ν

2594 3151 2807 3206 XXXV.
2847 3150 3033 3224 Incipit
3053 3154 3168 3223 item
3204 3156 3381 3208 cessio.

2280 3260 2387 3331 Ego
2435 3263 2573 3315 enim
2602 3261 2671 3314 illi
2722 3261 2887 3317 fateor
2934 3278 3020 3316 me
3053 3264 3188 3316 hanc
3242 3262 3540 3331 cessionem
3598 3262 3749 3316 facere
3824 3268 3825 3331 ι

2211 3329 2427 3396 debere,
2487 3333 2623 3399 quod
2673 3332 2743 3384 ita
2772 3344 2822 3385 et
2873 3333 2970 3386 l'cci
3006 3333 3078 3394 ei,
3121 3331 3186 3384 ad
3215 3329 3525 3385 dulcissimo
3574 3340 3745 3397 nepote

2208 3416 2347 3465 meo,
2382 3417 2569 3455 nomen
2603 3403 2711 3455 illo.
2735 3401 2878 3455 Cedo
2917 3402 2964 3454 ei
3014 3412 3226 3466 propter
3271 3414 3505 3453 amorem
3543 3400 3749 3454 dulcitu-

2207 3471 2383 3524 dineni
2413 3484 2560 3543 suam
2591 3486 2710 3543 casa
2746 3511 2760 3533 ,
2819 3482 2874 3521 ut
2902 3469 2969 3522 ab
3017 3469 3272 3543 hodierno
3318 3471 3408 3523 die
3459 3472 3622 3536 ipsam
3649 3484 3747 3524 rem

2208 3540 2559 3605 conscriptam
2596 3541 2812 3605 habeas,
2845 3549 3043 3602 teneas,
3065 3540 3355 3606 possideas.
3382 3550 3487 3594 etc.

2212 3629 2445 3682 XXXVI.
2485 3627 2669 3699 Incipit
2700 3630 3113 3765 epistolakqttam
3140 3638 3279 3698 pater
3313 3637 3361 3682 et
3390 3638 3545 3682 mater
3569 3626 3679 3695 facit
3703 3630 3747 3681 in

2985 3715 3055 3753 to.

2924 3715 3033 3753 nuo
3044 3738 3055 3749 .

2285 3786 2310 3825 δ
2342 3787 2484 3855 Licet
2516 3786 2789 3855 unicuique
2819 3786 2883 3840 de
2914 3788 3069 3840 rebus
3099 3789 3231 3851 suis,
3262 3801 3395 3855 quas
3425 3786 3475 3839 in
3510 3796 3749 3853 pmente

2214 3859 2408 3909 saeculo
2437 3854 2677 3927 [habere]
2699 3854 2942 3919 "Videtur,
2972 3865 3076 3907 tam
3105 3856 3168 3907 ad
3198 3866 3379 3908 sancta
3415 3857 3527 3907 loca
3553 3870 3643 3927 seu
3670 3870 3750 3921 pa-

2217 3925 2767 3986 rentum'unelim-are,
2803 3935 2854 3979 et
2900 3928 2978 3978 lex
3008 3936 3181 3977 manet
3228 3936 3281 3978 et
3300 3925 3626 3978 consuetudo
3655 3926 3752 3977 lon-

2216 3996 2406 4062 ginqua
2432 4002 2689 4060 percurrit
2716 3993 2889 4046 facere
2916 3994 3055 4061 quod
3097 3995 3343 4048 voluerit.
3377 3994 3579 4048 Idcirco
3599 3993 3750 4061 egoin

2218 4063 2314 4117 Dei
2349 4078 2538 4115 nomen
2573 4062 2665 4135 illi,
2688 4072 2741 4115 et
2767 4063 2950 4131 coguje
2981 4062 3244 4135 [coajuge]
3276 4080 3390 4117 mea
3420 4065 3504 4118 illa
3531 4063 3752 4135 dulcissi«

2220 4148 2324 4194 nia,
2355 4140 2402 4185 et
2447 4146 2474 4184 a
2510 4133 2778 4184 uobiscum
2806 4132 3001 4201 integra
3034 4148 3213 4187 amore
3232 4132 3501 4200 diligendo
3526 4132 3632 4187 filio
3656 4133 3748 4185 ilio.

2227 4201 2355 4253 Dum
2398 4203 2447 4256 in
2468 4202 2730 4265 Omnibus,
2747 4214 2799 4254 et
2836 4218 2924 4268 per
2948 4204 3143 4268 omnia;
3167 4212 3222 4257 et
3243 4219 3402 4271 super
3428 4214 3591 4256 tutum
3608 4203 3753 4271 peltis

2226 4270 2442 4323 Iidetiter
2484 4272 2680 4324 servire
2711 4267 2924 4330 videris.
2964 4267 3154 4326 inultas
3188 4267 3434 4339 penurias
3462 4281 3520 4325 et
3551 4267 3751 4340 injurias

2226 4354 2316 4419 per
2341 4340 2545 4419 diversa
2563 4342 2690 4419 loca
2724 4356 2815 4408 pro
2840 4353 3028 4419 nostra
3046 4344 3376 4419 necessitate
3393 4343 3684 4419 suscepisti,
3708 4352 3753 4394 et

2226 4410 2276 4462 in
2302 4410 2521 4463 utilitate
2544 4412 2853 4465 damnorum
2879 4410 3112 4477 partibus
3145 4410 3540 4465 Britanniciseu
3555 4410 3753 4463 Wasco-

2154 4469 2200 4527 D
2229 4480 2327 4532 nici
2368 4480 2624 4533 hostiliter
2660 4481 2844 4533 ordine
2870 4469 2955 4549 r'ad
2988 4480 3157 4549 specia
3186 4494 3301 4532 mea
3333 4480 3473 4534 fuisti
3520 4480 3755 4549 :proinde

2226 4551 2469 4603 Convenit
2508 4550 2680 4613 nobis,
2729 4558 2784 4601 ut
2812 4548 3007 4615 aliquid
3050 4548 3116 4601 de
3166 4549 3429 4603 facultatis
3478 4548 3668 4603 nos":
3711 4556 3754 4599 te

2225 4618 2532 4672 emeliorare
2575 4618 2883 4671 debercrit:
2939 4618 3076 4684 quod
3134 4619 3202 4671 ita
3245 4630 3298 4674 et
3322 4620 3581 4673 fecerunt.
3637 4617 3755 4683 Erg»

2228 4689 2621 4741 transcrivimus
2667 4688 2756 4739 tibi
2790 4687 3043 4739 mansello
3081 4700 3260 4741 noStro
3288 4689 3380 4741 illo
3416 4702 3577 4754 super
3606 4697 3751 4739 terra~

2230 4756 2363 4809 turio
2395 4762 2471 4808 vir
2494 4757 2714 4808 inluster
2742 4754 2852 4819 illo,
2878 4759 3052 4811 ethoc
3077 4772 3192 4811 cum
3216 4757 3497 4818 domebus.
3519 4754 3752 4813 aediliciis.

2228 4824 2518 4892 mancipiis,
2546 4826 2720 4891 viniis,
2763 4826 2926 4888 silvis,
2979 4828 3162 4893 pratis,
3203 4828 3371 4894 aquis,
3419 4838 3755 4894 aquaruqu

2227 4897 2293 4947 de
2324 4895 2579 4962 cursibus,
2606 4894 2799 4963 junctis
2824 4905 2877 4948 et
2907 4896 3244 4961 adieceritiis,
3288 4902 3755 4963 quantumcumque

2230 4964 2420 5016 ibidem
2449 4979 2543 5034 nos
2583 4968 2749 5018 tenire
2784 4964 2883 5018 visi
2918 4977 3122 5034 sumus.
3151 4963 3252 5016 hoc
3279 4967 3343 5016 ad
3388 4966 3474 5017 die
3517 4970 3757 5034 prasente

2232 5033 2603 5100 perpetualiier
2657 5034 2843 5087 ordine
2880 5031 3136 5085 tradimus
3167 5035 3229 5085 ad
3264 5031 3685 5100 possederidun.
3712 5042 3757 5084 et

2231 5101 2330 5157 hoc
2366 5114 2445 5156 est
2476 5102 2722 5165 habendi,
2756 5104 2963 5155 tenendi
3012 5115 3103 5155 seu
3150 5102 3517 5157 commutandi
3554 5102 3759 5170 posteris

2233 5174 2352 5235 tuis,
2385 5174 2467 5226 vel
2517 5175 2604 5224 ubi
2637 5180 2723 5223 tua
2752 5173 3014 5225 deceverit
3053 5171 3315 5235 voluntas,
3346 5169 3754 5238 derelinquendt.

2229 5252 2283 5296 et
2311 5244 2393 5297 ubi
2446 5241 2605 5295 aliubi
2644 5253 2707 5293 ex
2741 5250 2916 5293 nostra
2954 5241 3068 5296 sine
3113 5241 3351 5310 epistolis
3378 5241 3674 5308 ablegatam
3710 5250 3759 5292 et

2237 5313 2453 5366 infantis
2477 5314 2672 5365 nostris
2696 5322 3034 5377 remutarent,
3059 5322 3114 5366 tu
3141 5328 3257 5365 cum
3286 5312 3415 5381 ipsis
3435 5314 3757 5381 aequalrslano

2232 5382 2327 5435 cia:
2357 5382 2595 5435 dividere
2644 5381 2820 5436 facias.
2871 5382 2932 5435 Et
2977 5384 3027 5435 in
3075 5382 3210 5449 hanc
3257 5380 3759 5449 paginulaintinme

2230 5451 2474 5503 convenit
2510 5486 2525 5503 .
2547 5452 2588 5499 si
2620 5463 2713 5499 nos
2744 5451 2837 5514 ipsi
2870 5458 2961 5501 aut
2986 5448 3195 5501 heredis
3236 5448 3662 5518 seuipropinqui‘s
3680 5462 3762 5499 nu-

2232 5521 2387 5580 stris,
2440 5526 2525 5589 aut
2579 5518 2806 5589 militans
2861 5529 3107 5589 extranea
3171 5531 3418 5589 persona,
3465 5519 3557 5589 qui
3598 5525 3763 5571 contra

2234 5592 2370 5642 hanc
2412 5586 2630 5653 epistola
2678 5587 2848 5656 aliqua
2878 5586 3101 5655 qucrilla
3137 5596 3226 5640 aut
3266 5586 3618 5661 refragationc
3650 5599 3741 5640 ceu

2304 5715 2330 5753 h
2361 5715 2504 5782 Vide,
2536 5716 2689 5783 infra,
2712 5732 2827 5786 cap.
2855 5716 2941 5772 57.
