3848 6234
566 388 656 445 851

3590 152 3838 210 -ιι-ι-

1519 390 1603 442 ,ιιι
1646 385 1989 442 nauem.“
2035 382 2401 440 renuucas
2442 386 2801 444 API‘ENDIX.
3656 396 3743 449 35:

562 515 769 556 stranea
812 517 1064 574 persona,
1105 502 1191 569 qui
1232 511 1413 574 contra
1467 500 1594 551 istas
1638 499 1888 574 epistolas
1935 500 2115 574 venire
2144 497 2193 550 Α
2223 497 2443 550 XLVIII.
2483 497 2667 574 Incipit
2693 486 3353 574 chartait'esaiigninolento
3382 502 3584 574 [recens
3612 522 3736 569 uani,

565 573 802 635 voluerit,
829 572 893 624 ad
932 574 1086 637 dupla
1118 572 1336 640 pecunia
1372 580 1609 623 teneatur
1631 572 1917 630 obnoxius;
1946 582 1997 621 et
2030 570 2110 640 illa

564 643 743 705 petitio
771 658 874 693 non
920 637 1149 695 obleniat
1197 641 1464 700 clTectum,
1495 650 1544 690 et
1594 639 1687 690 bas
1737 637 2109 692 conveneiitias

560 714 870 764 inconcusso
888 722 939 765 et
968 711 1275 763 iuconvnlso
1306 709 1470 761 teniat
1497 709 1765 761 firmitate.

562 802 713 856 XLV.
761 800 946 870 Incipit
976 802 1184 871 cpistola
1214 802 1299 868 qui
1328 799 1676 871 der/teredilms
1704 800 1855 850 alicui
1900 812 1988 851 aut
2027 816 2112 852 cc-

1133 872 1296 923 clesin:
1323 870 1535 935 delegat.

631 964 731 1015 Lex
786 963 1017 1015 Itomana
1049 973 1099 1016 et
1148 965 1359 1027 antiqua
1407 961 1734 1013 consuetudo
1765 961 2022 1025 exposcit,
2057 973 2111 1017 ut

558 1048 690 1083 unus
718 1033 834 1096 quis
882 1034 1056 1095 homo,
1091 1033 1209 1084 dum
1243 1032 1292 1084 in
1334 1046 1483 1085 suum
1516 1032 1747 1083 conteuit
1793 1032 2067 1085 arbitrium
2100 1074 2111 1093 ,

556 1102 625 1154 do
683 1103 836 1153 rebus
888 1104 995 1154 suis
1051 1103 1274 1168 propriis
1341 1101 1537 1169 aliquid
1605 1116 1699 1167 pro
1755 1102 1942 1153 animai
1998 1116 2107 1155 sure

560 1171 926 1233 compendium
963 1171 1090 1224 dare
1129 1171 1453 1232 decreverit,
1490 1170 1749 1223 licentiam
1803 1172 2024 1229 habeat,
2058 1184 2110 1225 et

554 1240 679 1291 illud
721 1240 857 1303 quod
903 1242 964 1294 ad
1015 1242 1124 1293 loca
1174 1250 1500 1301 sanctormn,
1530 1238 1594 1291 ad
1643 1240 2103 1307 congregationem

558 1310 930 1362 monachorum
959 1311 1245 1371 coofertnr,
1278 1323 1559 1376 numquam
1591 1309 1743 1371 perit,
1774 1309 1866 1360 sed
1898 1314 1961 1360 ad
1994 1325 2104 1364 tne-

552 1380 768 1430 nioriam
815 1388 1064 1432 mternain
1107 1388 1158 1431 et
1185 1378 1440 1444 justitiam
1475 1387 1762 1433 reputatur.
1798 1377 1958 1444 Igitur
2006 1393 2104 1443 ego

548 1450 688 1500 cnim
730 1449 779 1500 in
812 1448 899 1501 Dei
933 1464 1121 1503 nomen
1154 1448 1375 1500 inluster
1407 1448 1485 1500 vir
1515 1447 1623 1510 ille,
1659 1461 1859 1501 necnon
1894 1457 1946 1501 et
1972 1462 2103 1500 con-

549 1518 669 1583 gnje
697 1533 810 1571 mea
853 1519 1071 1571 inlustra
1101 1528 1335 1569 matrona
1371 1517 1479 1583 illa,
1510 1516 1756 1570 convenit
1787 1519 1938 1570 nobis
1972 1533 2097 1571 unti-

554 1588 765 1640 nimiter
797 1596 1193 1655 pertracmntes,
1220 1596 1274 1640 ut
1301 1588 1496 1656 aliquid
1530 1586 1595 1640 de
1623 1585 1778 1639 rebus
1816 1587 2021 1656 nostris
2052 1588 2103 1641 in

548 1658 866 1711 monasterio
901 1668 1098 1720 nostro,
1133 1672 1287 1724 quem
1318 1657 1667 1711 communiter
1694 1655 2100 1719 mdificavimus,

545 1730 631 1792 qui
659 1735 738 1779 est
774 1730 822 1779 iti
857 1729 1054 1779 honore
1085 1727 1250 1780 sancti
1288 1728 1426 1780 illius
1460 1726 1591 1778 infra
1623 1739 1773 1777 muro
1804 1725 2098 1781 Andecavis

545 1806 897 1857 cuii-tractus,
927 1798 1013 1850 ubi
1061 1798 1144 1848 illa
1174 1796 1440 1850 abbatissa
1469 1804 1646 1849 custos
1677 1808 1904 1863 przeesse
1953 1796 2094 1850 vide-

546 1875 649 1927 tur,
690 1866 966 1919 concidere
1010 1867 1354 1924 deberemus.
1402 1865 1540 1932 quod
1591 1865 1655 1917 ad
1702 1864 1787 1919 die
1832 1881 2090 1930 praesente

544 1932 639 1986 visi
685 1950 866 1989 smnus
912 1937 1118 1998 fecisse,
1152 1935 1252 1989 hoc
1280 1947 1359 1989 est
1392 1936 1578 1988 locello
1617 1946 1949 2002 nuncupaute
1980 1937 2089 2001 illo,

545 2005 594 2055 in
640 2019 774 2074 pago
801 2006 909 2071 illo,
942 2021 1050 2059 rem
1085 2005 1417 2072 proprietatis
1462 2015 1676 2071 nostra),
1704 2020 1857 2073 quem
1895 2006 1961 2059 de
2006 2022 2093 2072 pa-

544 2086 691 2127 rente
722 2088 902 2129 llOSll‘O
931 2075 1229 2129 venerabile
1261 2075 1369 2126 viro
1402 2076 1489 2127 illo
1529 2074 1719 2126 abbate
1758 2076 1970 2141 propria
2001 2091 2093 2145 pe-

536 2146 689 2197 cunia
736 2146 1184 2211 comparaviuins,
1228 2146 1308 2198 vel
1358 2144 1443 2196 die
1490 2156 1746 2211 praesente
1789 2154 1967 2197 nostra
2006 2144 2094 2198 est

539 2217 824 2277 possessio,
872 2216 971 2268 hoc
1010 2226 1089 2267 est
1130 2229 1247 2268 cum
1294 2216 1476 2273 terris,
1523 2214 1794 2278 domibus,
1838 2214 2093 2278 mdiliciis,

544 2284 840 2352 mancipiis,
888 2285 1187 2350 accolahns,
1222 2284 1377 2343 vinis,
1420 2283 1584 2341 silvis,
1636 2284 1814 2347 pratis,
1866 2286 2093 2350 pascuis,

545 2354 695 2415 aquis
749 2368 1068 2416 aquarinnve
1097 2354 1425 2415 decursibus,
1457 2353 1748 2406 niovilebus
1777 2364 1829 2406 et
1874 2355 2096 2407 ininovi-

543 2420 713 2481 Iehu<,
742 2424 935 2488 junctis
960 2432 1015 2477 et
1046 2422 1366 2490 appendiciis
1395 2432 1448 2475 et
1474 2421 1786 2490 aitjecentiis
1819 2424 1869 2475 in
1901 2440 1960 2477 se
2002 2424 2095 2474 ha-

544 2492 717 2545 bentis
753 2493 816 2545 ad
845 2508 903 2547 se
948 2493 1267 2561 perteuentis
1294 2506 1413 2545 cum
1458 2492 1795 2558 superposito
1827 2508 1919 2559 pro
1951 2494 2093 2545 omni

545 2564 732 2614 merito
778 2578 892 2627 suo,
935 2575 989 2616 ut
1017 2564 1288 2627 AdIXIIIIUS,
1333 2564 1396 2612 ad
1453 2561 1694 2624 prtedicta
1745 2562 1969 2615 basileca
2016 2565 2096 2616 vel

536 2624 1068 2699 congregatio-ipsius
1097 2632 1179 2685 vel
1220 2624 1477 2684 rectorem
1528 2630 1635 2696 ipsa
1690 2634 1930 2684 volumu~s
1978 2647 2097 2687 esse

540 2703 848 2753 translatum
881 2712 1037 2768 atque
1068 2703 1337 2755 inductum
1367 2719 1377 2751 ε
1415 2701 1480 2753 ita
1516 2708 1569 2751 ut
1613 2701 1858 2768 quicquid
1903 2704 2095 2755 exinde

538 2772 606 2821 ali
637 2772 731 2822 hac
757 2772 842 2823 die
868 2772 986 2838 jure
1016 2773 1226 2839 proprio
1254 2782 1409 2837 atque
1434 2770 1735 2823 ﬁrmissimo
1759 2775 2094 2838 etingregatio

542 2839 705 2905 ipsius
738 2842 1052 2895 utilitatibus
1095 2841 1399 2895 monasterii
1441 2842 1604 2907 ipsius
1633 2843 1851 2910 elegerit
1902 2843 2096 2895 facien-

539 2913 685 2973 iluiu,
716 2911 935 2964 liberaui
972 2913 1159 2966 habeat
1209 2913 1258 2963 in
1301 2910 1543 2963 omnibus
1592 2921 1940 2977 potestatem:
1974 2912 2092 2974 quia

539 2983 801 3034 malumus
832 2993 881 3035 te
919 2994 1270 3035 Sacrosanctte
1305 2981 1540 3033 ecclesiae
1589 2982 1637 3031 in
1684 2981 1881 3033 honore
1928 2984 2093 3034 sancti

534 3051 676 3104 illius
706 3050 757 3103 iu
803 3053 1023 3120 idipsum
1078 3052 1397 3105 monasterio
1444 3048 1921 3120 ωιᾼίίῐὶυιιιωιιιιιιιιιι
1970 3052 2095 3103 reli-

535 3120 652 3186 quis
686 3118 965 3175 bet-edibus
997 3120 1209 3173 nostris.
1236 3120 1380 3185 Quod
1413 3120 1457 3171 si
1493 3118 1649 3171 fuerit
1686 3119 1875 3185 aliquis
1900 3120 1970 3173 de
2001 3122 2093 3174 lico

2160 2632 2163 2635 ν
2198 2576 2296 2629 Iiac
2326 2590 2481 2631 causa
2506 2578 2651 2632 daret
2676 2576 2726 2631 in
2752 2576 2905 2647 redpo

2450 568 2732 639 exposito],
2758 587 2898 637 quem
2922 573 2982 624 ile
3012 575 3273 624 niatricola
3304 568 3528 639 suscipit.

2286 654 2417 728 Cum
2448 656 2624 728 inADei
2645 672 2834 728 nomen
2868 673 2962 711 nos
2994 674 3118 712 vero
3147 659 3345 724 fratris,
3376 662 3461 728 qui
3488 663 3549 713 ad
3581 667 3741 715 matri.

2217 725 2331 796 cola
2358 725 2554 796 sanctis
2597 726 2731 779 illius
2762 729 2995 782 residere
3039 729 3295 791 videmur,
3323 725 3457 796 quos
3488 732 3632 786 nobis
3659 735 3745 785 ibi-

2212 795 2336 847 idem
2365 794 2695 867 omnipotens
2729 796 2863 849 Dens
2906 797 3181 867 deconlata
3225 794 3635 853 Christianorum
3665 820 3744 867 pa.

2216 878 2366 919 scere
2403 864 2631 926 videtur,
2660 865 2955 919 invenimus
2979 866 3172 921 ibidem
3206 868 3459 922 iufantolo
3484 864 3743 930 sanguinu-

2218 934 2391 995 lento,
2440 934 2521 985 cui
2571 935 2743 990 adhuc
2788 936 3098 990 vocabulum
3149 953 3249 989 non
3301 940 3539 999 habetur,
3594 950 3643 992 et
3686 943 3742 994 de

2218 1011 2410 1075 cuncto
2441 1005 2631 1075 populo
2660 1015 2904 1071 parentes
2933 1007 3049 1072 ejus
3079 1008 3315 1061 invenire
3344 1023 3446 1060 non
3478 1009 3739 1075 potuimus.

2218 1072 2338 1145 Ideo
2362 1073 2606 1125 convenit
2634 1075 2782 1127 nobis
2809 1076 3127 1145 unanimiter
3150 1072 3559 1138 consentientes,
3585 1091 3635 1132 et
3665 1096 3745 1145 per

2216 1143 2539 1217 voluntatem
2563 1144 2951 1217 _inar_tliyrario,
2996 1160 3184 1199 nomen
3207 1148 3318 1217 illo
3353 1143 3674 1217 presbytero,
3696 1164 3743 1201 ut

2215 1210 2327 1275 ipso
2360 1213 2611 1264 iniantolo
2641 1213 2704 1265 ad
2739 1210 2949 1266 homine
2980 1228 3171 1268 nomen
3204 1216 3292 1269 illo
3319 1210 3633 1271 venuniilarc
3660 1221 3741 1273 de-

2214 1280 2486 1353 beremus;
2532 1284 2691 1353 quod
2720 1284 2789 1335 ita
2834 1291 2887 1336 et
2934 1285 3184 1346 fecimus;
3224 1295 3279 1337 et
3306 1284 3617 1353 accepimus
3662 1305 3743 1352 pro

2213 1350 2346 1417 Ipso,
2379 1354 2513 1405 sicut
2559 1352 2693 1417 apud
2744 1367 2839 1405 nos
2887 1355 3215 1408 consuetudo
3245 1365 3350 1417 est,
3383 1350 3582 1410 treanto
3627 1350 3740 1421 uno,

2211 1434 2330 1471 cum
2349 1430 2539 1493 nostro
2570 1432 2744 1493 pacto,
2761 1432 2819 1480 et
2846 1422 3088 1476 intimare
3113 1425 3425 1491 rogavimus.
3452 1426 3508 1480 Si
3537 1442 3628 1478 niis
3655 1428 3738 1493 ipsi

2211 1498 2301 1541 aut
2329 1490 2586 1544 domeuus
2615 1492 2693 1543 vel
2725 1493 2955 1556 parentis
2988 1493 3123 1558 ejus,
3150 1490 3239 1560 qui
3270 1503 3455 1547 contra
3485 1498 3652 1549 charta
3674 1490 3741 1549 ita

2210 1560 2388 1611 venire
2428 1561 2672 1621 voluerit,
2706 1561 2758 1614 in
2791 1562 3032 1625 primitus
3074 1563 3315 1617 Christus
3360 1565 3494 1616 lilins
3523 1566 3608 1617 Dei
3647 1569 3735 1617 vivi

2211 1628 2494 1701 terribilem
2535 1640 2585 1682 ct
2631 1631 2987 1701 metuendum,
3016 1641 3072 1683 ut
3100 1649 3203 1686 non
3247 1634 3319 1685 sit
3369 1634 3432 1685 ad
3481 1636 3736 1701 gaudium,

2212 1698 2306 1750 sed
2337 1697 2399 1750 ad
2432 1700 2544 1766 ejus
2570 1700 2965 1766 detrimentum,
2995 1702 3131 1765 quod
3161 1705 3207 1755 ei
3239 1703 3457 1756 incutiat
3484 1697 3739 1769 sempitcn

2209 1783 2325 1838 nam
2360 1782 2602 1835 poenam;
2639 1779 2691 1821 et
2720 1772 2858 1838 quod
2892 1773 3084 1837 repetit
3113 1772 3386 1824 vindicare
3414 1789 3512 1825 non
3546 1780 3698 1827 valeat
3726 1791 3739 1827 :

2133 1839 2171 1898 Β
2202 1848 2253 1891 et
2292 1837 2404 1892 Inec
2455 1839 2585 1894 facta
2642 1837 2819 1894 nostra
2869 1844 3009 1895 omni
3066 1851 3305 1910 tenipOic
3353 1844 3497 1897 lirma
3546 1860 3740 1911 perina-

2201 1916 2345 1961 neat.

2450 1997 2625 2053 XLIX.
2662 1997 2847 2069 Incipit
2866 2002 3090 2069 judicia:
3122 2007 3182 2053 tle
3212 2003 3509 2056 liniifcidio.
3571 2052 3578 2057 .

2281 2089 2508 2143 Veniens
2537 2092 2609 2143 illi
2640 2103 2691 2145 et
2731 2103 3008 2160 germanos
3039 2104 3165 2141 suos
3196 2092 3264 2141 illi
3295 2092 3587 2144 Andecavis
3614 2096 3739 2145 civi-

2212 2167 2335 2220 tate,
2372 2170 2494 2212 ante
2528 2175 2653 2215 vero
2691 2160 2890 2215 illuster
2917 2160 3006 2211 illo
3029 2160 3220 2211 comite
3252 2162 3329 2211 vel
3361 2161 3573 2226 reliquis
3601 2172 3623 2196 ιι
3662 2179 3735 2215 ra-

2208 2230 2495 2283 cimbnrdis
2534 2232 2765 2295 quicum
2794 2244 2858 2283 eo
2888 2231 3126 2286 aderant.
3160 2243 3379 2294 quorum
3430 2231 3627 2284 nomina
3656 2248 3736 2297 per

2199 2298 2685 2371 subscriptimiibus
2704 2309 2863 2371 atque
2890 2298 3151 2371 signacola
3205 2299 3387 2351 subter
3416 2307 3651 2371 tenentur
3673 2302 3737 2350 iu-

2196 2366 2355 2428 serta,
2394 2368 2758 2432 interpellabat
2787 2366 2961 2430 aliquo
2986 2368 3217 2427 homine.
3252 2382 3442 2421 nomen
3472 2368 3575 2430 illo,
3606 2369 3735 2421 dice-

2198 2438 2284 2488 bat
2304 2437 2451 2504 quasi
2474 2448 2596 2490 ante
2625 2438 2719 2489 hos
2742 2452 2908 2491 annus
2924 2438 3151 2500 parentis
3180 2452 3360 2490 coram
3387 2436 3476 2489 illo
3495 2440 3737 2504 quomodo

2198 2505 2565 2560 interfecisset.
2600 2507 2979 2573 lntcrrogatum
3001 2518 3078 2559 est
3108 2521 3250 2572 stepe
3283 2506 3425 2559 dicto
3446 2506 3552 2571 illo,
3576 2507 3653 2575 qui
3683 2510 3737 2561 ad

2910 2577 3036 2630 usis.
3070 2578 3169 2630 Sed
3200 2579 3298 2628 hoc
3328 2577 3392 2629 ad
3424 2577 3613 2645 integra
3640 2576 3737 2631 for-

2199 2648 2319 2700 titer
2359 2646 2670 2715 denegabat.
2722 2647 2812 2703 Sic
2842 2646 3004 2710 ’juxta
3052 2648 3379 2701 actilicantes
3420 2661 3558 2710 saepe
3605 2649 3739 2701 dictis

2196 2716 2461 2780 eeriiiauis
2487 2719 2657 2771 visum
2702 2726 2782 2770 est
2821 2718 2884 2769 ad
2914 2717 3039 2785 ipsis
3069 2732 3323 2782 personas
3352 2717 3640 2787 decrevisse
3660 2720 3734 2787 jn-

2195 2787 2352 2854 dicio,
2388 2799 2444 2839 ut
2470 2796 2707 2852 quartum
2739 2790 2788 2841 in
2816 2802 2969 2841 suum
2997 2787 3133 2853 quod
3165 2788 3345 2840 evenit
3366 2788 3481 2853 ipso
3503 2786 3737 2841 Kalendas

2198 2858 2334 2921 illas,
2368 2861 2505 2923 apud
2541 2857 2778 2911 homines
2831 2872 2901 2909 xu
2944 2871 3101 2909 inauo
3128 2871 3218 2921 sua
3252 2872 3339 2910 xm
3386 2857 3580 2910 VIt'IllllS
3616 2862 3737 2909 circa

2202 2936 2480 2980 manentes
2522 2928 2620 2980 sibi
2646 2946 2657 2979 :
2691 2928 2772 2981 sin
2802 2928 2990 2979 melius
3021 2928 3070 2978 in
3099 2928 3321 2985 ecclesia
3354 2927 3557 2979 seniore
3581 2928 3668 2979 loci
3696 2929 3737 2977 in

2198 2998 2307 3063 ipsa
2364 2999 2575 3050 civitate
2633 3000 2732 3051 hoc
2789 2998 2965 3051 debiat
3012 2998 3310 3063 coniurare,
3342 2998 3479 3061 quod
3504 2996 3565 3048 ad
3592 3008 3738 3049 morte

2198 3080 2341 3133 sirpe
2373 3066 2513 3119 dicto
2543 3083 2825 3133 numquam
2877 3067 3247 3131 conscnisset,
3305 3082 3401 3119 nec
3439 3081 3554 3118 eum
3581 3081 3737 3118 oeci-s-

2201 3136 2379 3198 sisset,
2413 3151 2509 3191 nec
2556 3138 2851 3197 censciens,
2911 3150 3005 3189 nec
3056 3140 3424 3193 ronseutauins
3474 3136 3737 3189 adlioela-

539 3180 750 3274 renibus
781 3193 994 3274 nostris,
1020 3192 1109 3257 qui
1139 3180 1319 3243 contra
1347 3190 1485 3269 hanc
1509 3180 2088 3274 epistolauicessionis,

2208 3180 2442 3259 ciendum
2471 3202 2752 3274 numquam
2778 3180 2977 3259 fuisset.
3010 3208 3079 3261 Se
3111 3210 3209 3259 hoc
3237 3206 3411 3259 facere
3438 3215 3617 3273 potest,
3640 3208 3734 3261 dic-

536 3276 691 3325 quani
725 3262 857 3313 bona
892 3262 1158 3313 voluntate
1198 3275 1291 3327 pro
1320 3260 1517 3313 nostris
1562 3261 1833 3325 expiandis
1864 3262 2095 3327 peccatis

529 3331 862 3391 devoviinus,
895 3330 1097 3394 venire,
1127 3341 1216 3384 aut
1248 3332 1543 3385 contrarius
1566 3337 1648 3384 vel
1671 3334 1905 3398 pulsator
1934 3344 2095 3387 exsti-

529 3401 687 3463 terit,
734 3402 873 3466 prius
912 3416 939 3453 a
993 3401 1363 3454 communione
1410 3401 1657 3454 Ecclesia:
1705 3400 1977 3454 catholicae
2026 3404 2093 3454 sit

537 3474 790 3535 pulsatus,
819 3484 871 3523 et
899 3484 1109 3525 tutel-nae
1132 3472 1451 3523 damnatiom
1477 3470 1775 3535 subjectus;
1800 3478 1854 3521 et
1881 3483 2101 3537 insuper

534 3543 646 3593 auri
681 3541 840 3594 libras
875 3551 1067 3602 tantas,
1100 3550 1317 3607 argento
1349 3538 1553 3606 pondus
1586 3555 1635 3600 ιι,
1669 3542 1904 3591 sociante
1946 3542 2099 3603 lisco,

534 3611 687 3675 cujus
720 3609 1025 3676 pulsaverit,
1057 3618 1337 3676 componat
1364 3627 1375 3659 :
1407 3608 1747 3661 nihilominus
1778 3609 1995 3675 epistola
2027 3623 2101 3660 at-

533 3695 637 3744 que
666 3679 901 3733 delinilio
949 3688 1127 3733 nostra
1160 3675 1302 3731 Ouini
1347 3688 1580 3745 tempore
1621 3675 1766 3728 ﬁrma
1799 3687 1850 3731 et
1893 3678 2101 3732 stabilis

540 3749 809 3814 perduret.

568 3838 747 3893 XLVI.
780 3839 966 3908 Incipit
998 3840 1197 3907 notitia,
1233 3856 1376 3960 quiin
1409 3839 1655 3919 hominem
1698 3840 1750 3891 in
1788 3856 1940 3894 causa
1974 3858 2064 3895 sua

1190 3926 1301 3960 reue
1346 3920 1466 3960 avit.
1786 3937 1789 3940 ‹
1923 3958 1925 3960 ,

1190 3920 1466 3977 repeltavil.
1786 3937 1789 3940 ‹

608 4002 797 4054 Notilia
821 4002 1047 4069 qualiter
1070 4002 1286 4055 veniens
1309 4001 1382 4053 illi
1416 4000 1711 4053 Andecavis
1738 4002 1949 4053 civitate
1976 4007 2097 4059 ante

536 4072 835 4125 venerabile
866 4073 943 4123 vir
990 4072 1081 4124 illo
1132 4071 1338 4133 abbati,
1374 4070 1455 4123 vel
1504 4070 1716 4138 reliquis
1761 4073 2129 4140 quainplures.

537 4141 687 4195 bonis
735 4141 1053 4201 hominibus,
1087 4142 1168 4209 qui
1210 4155 1328 4194 cum
1373 4140 1489 4205 ipso
1532 4140 1768 4205 aderant,
1799 4143 1947 4209 cujus
1997 4160 2094 4196 no-

542 4212 679 4264 mina
713 4213 791 4264 vel
826 4212 1137 4278 scriptiones
1167 4221 1323 4277 atque
1348 4211 1670 4276 signaculum
1704 4212 1885 4264 subter
1915 4224 2097 4267 tenen-

541 4294 629 4334 tur
662 4283 878 4341 inseita,
916 4281 1261 4349 interpellavit
1299 4280 1502 4347 aliquos
1534 4281 1772 4334 homines
1802 4282 1882 4334 his
1927 4284 2095 4335 nomi-

540 4352 693 4405 nibus
719 4352 834 4403 illus
860 4362 910 4403 et
937 4353 1073 4415 illus,
1092 4352 1214 4403 dum
1235 4351 1438 4412 dicerit,
1458 4350 1603 4417 quasi
1621 4350 1757 4401 viuia
1792 4366 1881 4401 sua
1908 4351 2095 4406 inloco

539 4432 871 4487 nuncupante
902 4422 1014 4484 illo,
1039 4426 1177 4473 malo
1202 4421 1397 4489 ordine
1429 4420 1746 4489 pervasisset
1776 4437 1786 4471 :
1820 4422 1937 4485 quia
1983 4424 2094 4489 ipse

537 4492 605 4541 illi
637 4502 687 4543 et
721 4492 791 4542 illi
824 4492 994 4542 taliter
1022 4492 1072 4541 in
1104 4505 1356 4558 responso
1385 4487 1681 4557 [dederunt]
1712 4491 1852 4556 quod
1883 4487 2085 4545 auctori

536 4562 797 4615 habebant
832 4562 1060 4627 legitimo
1086 4575 1273 4611 nomen
1304 4559 1394 4611 illo
1420 4559 1639 4627 majore,
1663 4562 1781 4625 quia
1814 4564 1922 4626 ipsa
1949 4562 2086 4616 viuia

531 4634 593 4682 ad
623 4646 713 4684 cus
744 4630 982 4684 dedissit.
1016 4630 1103 4683 Sic
1132 4630 1197 4683 ab
1232 4630 1358 4696 ipsis
1402 4632 1528 4681 viris
1561 4630 1628 4681 illi
1673 4631 1766 4681 fuit
1809 4630 2088 4684 denuntia-

533 4714 661 4764 tum,
700 4714 753 4756 ut
783 4702 869 4756 die
898 4702 989 4757 illo
1018 4701 1314 4756 Andecavis
1345 4700 1557 4755 civitate
1586 4701 1701 4769 ipso
1726 4701 1816 4753 illo
1848 4700 1900 4753 in
1933 4703 2092 4754 Ante-

530 4775 661 4825 rn-io
708 4784 1027 4839 praesentare
1058 4772 1262 4825 deberit
1296 4789 1310 4824 :
1344 4786 1402 4823 se
1432 4772 1529 4823 hoc
1554 4785 1657 4823 non
1690 4769 1933 4835 faciebat,
1966 4784 2085 4822 cum

536 4846 663 4903 Ii'gts
692 4840 945 4891 lii-nelii-io
976 4843 1087 4905 Ipso
1120 4840 1209 4891 illo
1238 4842 1301 4891 de
1331 4840 1438 4905 ipsa
1471 4852 1608 4889 viuia
1640 4849 1888 4891 revestire
1918 4841 2082 4893 debe-

534 4919 632 4961 ret.
653 4911 857 4960 Actum.

938 4976 1137 5029 XLVII.
1171 4975 1357 5047 Incipit
1391 4978 1677 5031 mandatus.

605 5072 847 5123 Domino
872 5069 1149 5136 magnifico
1182 5070 1266 5120 illo
1310 5068 1402 5121 illi.
1448 5066 1613 5136 Rogo,
1646 5081 1821 5133 preco,
1850 5069 2087 5133 supplico

531 5150 686 5205 atque
729 5142 943 5206 injungo
973 5153 1065 5206 per
1096 5138 1228 5190 hunc
1256 5138 1559 5190 mandatum
1607 5140 1669 5188 ad
1705 5138 1869 5189 vicem
1915 5154 2084 5191 meam

533 5215 818 5273 hominem,
860 5226 1047 5260 nomen
1085 5208 1191 5271 illo,
1218 5222 1373 5275 quem
1416 5222 1513 5272 ego
1542 5206 1849 5258 benelicinin
1881 5209 1926 5259 ci
1960 5208 2079 5272 feri,

531 5291 747 5345 argento
794 5281 969 5329 uncias
1003 5288 1195 5339 tantas,
1232 5282 1399 5344 ipsum
1433 5291 1603 5329 meum
1637 5277 1719 5328 ubi
1765 5288 1817 5327 et
1859 5277 1941 5328 ubi
1991 5292 2079 5329 eas

531 5355 608 5401 vel
644 5364 786 5400 ineas
821 5362 1136 5413 prosequere
1173 5358 1226 5399 et
1274 5345 1556 5397 admallare
1585 5357 1634 5396 et
1686 5347 1969 5399 adcausare
2002 5346 2076 5399 fa-

530 5421 655 5477 eius,
687 5420 947 5483 quomodo
976 5420 1093 5480 ipso
1126 5417 1297 5468 debite
1339 5415 1574 5481 recipere
1620 5414 1813 5484 facias:
1848 5426 1901 5469 et
1931 5418 2077 5484 quic-

530 5490 650 5553 quid
678 5489 740 5540 ad
776 5488 937 5537 viceni
981 5500 1146 5537 meam
1176 5485 1364 5538 exinde
1395 5484 1568 5537 facere
1599 5483 1846 5549 volucris,
1879 5483 2073 5553 egeris,

531 5560 733 5619 lccciis,
781 5556 1090 5620 gesserisve,
1124 5558 1313 5606 I‘lt'IIIlII
1359 5570 1440 5605 inc
1492 5554 1783 5606 habiturum
1828 5570 1945 5608 eSse
1988 5573 2073 5609 eo-

532 5643 722 5691 gnosce
766 5638 952 5678 latum.
990 5625 1284 5677 Mandatum
1337 5624 1628 5678 Andecavis
1672 5627 1903 5689 civitate,
1934 5628 2078 5679 curia

532 5698 753 5760 puplica.

2202 3279 2296 3331 bus
2327 3279 2445 3330 vita:
2473 3294 2580 3331 sua:
2620 3278 2685 3329 de
2724 3281 2831 3344 ipsa
2864 3292 3019 3330 causa
3052 3291 3272 3331 securus
3305 3286 3624 3343 permaneat:
3665 3278 3733 3329 sin

2201 3360 2374 3401 autem
2406 3364 2506 3401 non
2538 3350 2786 3413 potuerit,
2840 3348 2889 3398 iii
2948 3355 3199 3414 quantum
3250 3348 3334 3399 lex
3387 3358 3608 3414 ιιιεωῑίιι.
3644 3349 3734 3403 1ης

2204 3421 2489 3473 emendare
2514 3420 2740 3472 stodeat.

2466 3507 2653 3575 Incipit
2678 3509 2852 3561 notitia
2879 3508 2945 3559 ad
2974 3507 3265 3576 supradicta
3287 3507 3503 3577 judicia.

2271 3600 2460 3655 Notitia
2491 3599 2828 3661 sacramenti,
2853 3598 3079 3666 qualiter
3103 3600 3183 3655 vel
3206 3599 3394 3667 quibus
3424 3597 3731 3666 prmseiitibus

2201 3672 2418 3724 aderant
2471 3672 2519 3723 in
2561 3674 2674 3733 ipso
2704 3672 2789 3723 die
2827 3670 3088 3723 Kalendas
3119 3671 3331 3724 Mai-tias
3371 3670 3621 3737 ingressus
3663 3680 3731 3720 est

2203 3746 2379 3801 homo,
2412 3757 2601 3795 nomen
2635 3741 2728 3805 illi,
2764 3743 2814 3793 in
2840 3742 3065 3795 ecclesia
3092 3742 3304 3795 seniore
3332 3742 3494 3793 sancti
3522 3740 3611 3793 IuCI
3640 3744 3730 3793 Au.

2200 3813 2410 3865 decovis
2469 3816 2701 3874 civitate,
2761 3812 3049 3864 secundum
3089 3812 3226 3879 quod
3259 3810 3483 3877 jndicios
3520 3823 3632 3862 suos
3669 3811 3730 3860 lo-

2200 3883 2394 3948 quitur,
2420 3883 2555 3945 apud
2590 3882 2827 3934 lieniines
2848 3895 2920 3934 xu
2950 3896 3105 3933 mano
3134 3894 3227 3933 sua
3263 3896 3352 3932 xui
3375 3881 3568 3944 iuratus
3587 3880 3725 3931 dixit:

2202 3954 2301 4006 Per
2333 3956 2466 4004 hunc
2492 3952 2609 4003 loco
2640 3961 2824 4003 sancto
2850 3962 2902 4003 et
2928 3950 3102 4003 divina
3135 3950 3307 4002 omnia
3332 3962 3618 4001 sanctorum
3647 3963 3724 4014 pa-

2202 4023 2440 4085 trocinia,
2466 4021 2551 4089 qui
2581 4021 2665 4074 hic
2695 4022 3047 4087 requiescunt,
3078 4018 3219 4071 unde
3263 4020 3387 4072 mihi
3427 4019 3609 4083 aliquid
3648 4020 3726 4069 lio-

2200 4093 2369 4147 mi-nis
2398 4094 2469 4145 illi
2501 4101 2554 4144 et
2592 4105 2873 4160 germanus
2897 4105 3022 4145 suos
3069 4092 3143 4143 illi
3194 4090 3724 4160 reputaverunt,quml

2202 4175 2417 4231 parente
2461 4158 2644 4216 eorum
2700 4162 2792 4214 illo
2832 4163 3093 4229 quondam
3144 4161 3458 4213 interlicisse
3482 4168 3562 4231 aut
3588 4158 3726 4211 inter—

2202 4228 2356 4287 licere
2391 4237 2635 4300 rogasse;
2671 4228 2859 4299 ipsum
2888 4248 2990 4284 non
3031 4233 3213 4294 occisi,
3260 4245 3357 4283 nec
3396 4228 3621 4283 occidere
3661 4244 3727 4280 ro-

2198 4304 2337 4371 gavi,
2368 4318 2462 4355 nec
2491 4303 2790 4375 consciens,
2822 4311 3347 4375 riiecgconsentanens
3375 4301 3438 4352 ad
3470 4310 3624 4375 inane
3646 4312 3722 4375 sua

2199 4369 2477 4438 numquam
2531 4374 2623 4435 lui,
2682 4386 2775 4425 nec
2818 4373 2946 4426 illud
2991 4373 3057 4426 de
3088 4372 3183 4422 bac
3212 4384 3370 4423 causa
3404 4384 3500 4422 ιιοιι
3538 4369 3724 4438 redehio

2198 4445 2298 4505 nlsi
2332 4437 2429 4498 isto
2457 4443 2648 4495 edonio
2676 4454 3032 4505 sacramento,
3065 4455 3219 4508 quem
3246 4439 3528 4506 judicatinn
3567 4437 3722 4496 habui,

2120 4524 2166 4582 ι)
2194 4500 2397 4583 legibus
2442 4513 2679 4566 transivi.
2724 4512 2772 4563 Id
2819 4525 2940 4566 sunt
2979 4500 3115 4576 quod
3148 4511 3212 4562 de
3244 4500 3496 4583 prasente
3520 4510 3720 4583 luerunt.

2192 4577 2422 4638 et'bunc
2471 4592 2859 4635 sacramentum
2901 4583 3207 4645 audierunt,
3251 4590 3307 4633 et
3345 4581 3477 4631 hanc
3516 4577 3720 4630 notitiam

2191 4670 2377 4709 manus
2440 4667 2622 4705 eorum
2687 4651 2870 4706 subter
2929 4653 3362 4706 adﬁrmaverunt.
3431 4648 3578 4702 Facta
3637 4662 3718 4698 no-

2190 4727 2319 4778 titia.
3102 4732 3115 4747 '

2681 4791 2742 4845 L.
2776 4790 2959 4860 Incipit
2983 4794 3271 4844 mandatus.

2266 4884 2485 4937 Domino
2515 4884 2658 4936 fratri
2704 4884 2817 4944 illo,
2844 4898 2941 4950 ego
2966 4882 3064 4935 illi.
3096 4882 3391 4949 Negociens
3421 4893 3559 4947 rogo,
3584 4890 3718 4943 preco
3772 4910 3779 4950 ζ

2194 4965 2347 5022 atque
2373 4956 2622 5020 suppleco
2653 4969 2743 5020 per
2772 4954 2909 5005 hunc
2958 4955 3261 5008 mandatum
3292 4950 3356 5023 ad
3388 4951 3543 5003 viceni
3572 4961 3717 5023 meant

2193 5018 2347 5078 Servo
2377 5018 2515 5083 meo,
2566 5018 2754 5075 nomen
2789 5022 2900 5081 illo,
2942 5024 3152 5075 natione
3182 5022 3408 5089 gentile:
3440 5034 3581 5089 quem
3609 5018 3715 5071 inihi

2193 5096 2436 5162 Confugio
2468 5093 2587 5145 fecit
2620 5095 2700 5145 tibi
2732 5104 2783 5146 et
2812 5094 2920 5151 ubi.
2946 5108 3062 5163 cum
3095 5091 3209 5158 ipso
3241 5090 3474 5163 invenire
3494 5100 3713 5163 pontem,

2193 5176 2295 5218 tam
2332 5160 2377 5217 in
2412 5178 2561 5231 pago,
2596 5178 2749 5229 qnam
2794 5166 2842 5214 in
2873 5162 3084 5229 palatio,
3117 5176 3207 5214 seu
3242 5162 3291 5214 in
3321 5160 3549 5227 qualibet
3574 5160 3715 5224 patria

2186 5235 2422 5289 invenire
2455 5234 2708 5297 potueris,
2740 5231 2987 5299 quicquid
3017 5232 3206 5285 evinde
3250 5231 3314 5282 ad
3366 5231 3713 5299 viceni_nieaiu

2185 5318 2502 5372 prosequere
2531 5314 2582 5354 et
2612 5296 2917 5363 excaiisare,
2964 5304 3045 5372 vel
3087 5301 3381 5372 admallare
3405 5296 3708 5372 easiness:

2183 5368 2235 5428 ct
2290 5368 2531 5441 quicquid
2574 5388 2664 5438 per
2716 5372 2851 5423 hunc
2896 5371 3193 5423 mandatum
3241 5370 3451 5436 egeris,
3503 5368 3709 5421 feceris.

2182 5445 2496 5511 gesserisve,
2513 5443 2704 5494 etenim
2732 5453 2819 5494 me
2838 5441 3132 5511 habiturum
3146 5453 3264 5494 esse
3276 5453 3531 5508 cognosce
3546 5445 3709 5491 ratein.

2182 5509 2475 5567 Mandatum
2514 5511 2811 5565 Andecavis
2834 5509 3066 5563 civitate.

2662 5601 2739 5655 LI.
2770 5600 2957 5667 Incipit
2989 5599 3274 5652 mundatus.

2262 5695 2479 5749 Domino
2534 5692 2811 5759 magniﬁco
2841 5689 2952 5756 illo,
2984 5703 3083 5759 ego
3123 5688 3217 5744 illi.
3253 5688 3399 5759 [lngo
3440 5696 3585 5755 atque
3608 5694 3706 5747 sup-

601 5814 621 5835 “
658 5809 1041 5871 Iidt'IIlIIJUI'IiI“,
1080 5805 1124 5859 id
1155 5815 1251 5872 ut,
1281 5802 1561 5869 iudicibus.
1597 5802 1722 5859 Vde
1750 5804 2071 5863 Clussmiuni
2115 5810 2291 5879 Cangii
2319 5809 2369 5862 in
2405 5802 2804 5873 Illic/iiiitburgii.
