3848 6234
502 375 609 433 855

1469 382 1558 436 AD
1596 381 1939 440 MARCULFI
1982 386 2343 444 FORMULAS
2393 338 2795 444 APPENDIX.'
3627 406 3704 463 856

504 484 767 568 iiosbona
794 486 1454 577 νοιιιηιιιιερςιιινυθηιι...ιιι
1482 492 1733 557 quamdiu
1764 495 2057 577 quidem-iit
2088 502 2132 558 Α
2164 509 2463 577 componat,
2492 499 2793 577 et_nihilum
2842 501 2970 577 dicit
3019 514 3071 557 et
3115 506 3254 570 quod
3309 510 3525 577 repetit;
3552 527 3596 569 et
3620 519 3706 577 lucc

505 556 758 628 cciijugio
784 567 905 628 sunt
931 559 1180 623 capulati,
1216 560 1327 626 ipsa
1360 556 1570 613 feinena
1599 577 1689 628 per
1720 556 1815 615 nos
1846 579 1947 616 non
1970 565 2060 617 de-

504 627 617 699 buit
647 641 764 680 esse
791 626 1107 681 declinatam
1152 630 1217 699 in,
1255 629 1501 683 servicio.
1536 626 1610 684 Et
1630 635 1879 699 agnacio,
1911 649 1968 685 se
1996 650 2059 687 ex

504 698 928 770 ipsisprocreata
955 700 1131 770 fuerit,
1158 698 1223 751 ad
1243 699 1641 770 ingennetatem
1666 698 1851 770 capitis
1879 719 2062 757 eorum

500 768 679 837 debuit
708 782 1016 834 permanere
1045 767 1276 836 ingenui.
1310 769 1361 821 Si
1385 784 1590 837 quoque
1614 783 1668 824 nt
1688 767 1745 825 se
1771 773 1848 826 eis
1878 788 2064 827 neces-

499 837 630 907 sitas
654 836 827 901 fuerit,
856 838 919 890 ad
946 839 1173 890 servicio
1212 852 1365 906 caput
1406 836 1591 893 eorum
1626 842 1929 907 inclinatur,
1962 861 2064 896 tnui

498 904 548 981 ei
580 909 731 960 detur
760 908 810 959 lii
830 908 990 970 entia,
1027 909 1125 981 nisi
1157 908 1219 961 ad
1246 904 1339 961 nos
1369 912 1447 981 vel
1488 912 1695 965 heredis
1726 904 1924 966 nostris
1946 928 2066 981 pro-

497 976 804 1045 pinquiores
830 995 850 1050 ςΔ
872 987 933 1050 et_
954 979 1215 1050 peculiare
1240 979 1379 1047 quod
1406 982 1471 1033 sit
1500 992 1620 1035 ante
1650 983 1893 1050 coniugio
1917 976 2065 1037 labo-

497 1060 618 1099 rare
650 1046 895 1114 pomerit,
922 1048 1031 1113 ipsa
1064 1046 1271 1101 fi-tnena
1292 1051 1453 1102 tereia
1480 1066 1628 1116 parte
1650 1046 1842 1106 exinde
1870 1052 2062 1105 habeat

496 1116 698 1183 absque
744 1128 919 1169 nostra
954 1117 1295 1184 repeticione,
1333 1121 1415 1173 vel
1449 1123 1703 1175 heredum
1736 1131 2061 1175 nostrorum.

499 1186 698 1239 lleinde
728 1188 777 1238 in
811 1188 947 1241 hunc
969 1189 1189 1253 epistula
1219 1192 1369 1241 nobis
1412 1190 1659 1244 intimare
1687 1194 1967 1253 convenit,
2003 1208 2062 1246 se

496 1269 593 1331 nos
617 1257 714 1322 ipsi
741 1260 1062 1331 autheredis
1095 1261 1173 1311 vel
1208 1260 1484 1331 propinqui
1518 1262 1716 1325 nostri,
1744 1277 1837 1314 seu
1875 1263 2062 1331 quisli-

494 1327 583 1377 het
611 1327 851 1393 opposita
886 1343 1135 1394 persona,
1164 1330 1287 1396 quid
1334 1329 1397 1382 ad
1430 1332 1633 1384 traditis
1660 1327 2064 1385 conveniencias

434 1420 442 1430 -
493 1397 606 1468 ipsa
658 1398 860 1468 femena
905 1403 1277 1451 contnodolare
1312 1400 1551 1461 voluerit,
1597 1412 1689 1452 aut
1725 1413 1907 1455 contra
1948 1404 2063 1468 epi—

491 1464 627 1520 stola
657 1466 770 1520 haec
813 1481 970 1536 agere
1008 1480 1363 1523 contemtator
1394 1468 1590 1535 fuerit,
1638 1472 1849 1525 siiledus
1891 1464 2068 1525 tantus

494 1631 1814 1665 ~—-———-—~—————_—_—

2167 566 2386 635 epistula
2416 570 2562 622 omni
2597 579 2839 638 tempore
2872 574 3020 626 firma
3060 566 3388 641 permaneat.

2530 659 2661 714 LIX.
2694 661 2914 731 [Notitia
2940 664 3003 717 de
3035 669 3405 742 c’ommodalo.]

2244 748 2352 821 Ego
2383 750 2522 803 enim
2558 751 2626 803 illi
2649 752 2734 816 qui
2766 767 3077 807 commoneo
3110 757 3195 809 illa
3226 758 3372 812 villa.
3405 759 3610 818 Constat
3640 784 3706 821 ine

2174 818 2442 898 accepisse
2464 859 2477 881 ,
2519 830 2578 898 et
2610 821 2682 898 ita
2706 824 2869 898 accipi
2901 825 2967 876 de
2999 826 3211 879 homine
3231 867 3247 890 .
3278 844 3468 884 nomen
3516 818 3709 898 illo,ﬂad

2175 890 2450 961 pristetitttt
2519 891 2830 943 beneficium
2892 906 3111 960 argento
3168 900 3353 952 uncias
3412 890 3711 961 tantas/Sic

2176 958 2331 1044 niod'iri
2354 960 2698 1044 convenit-put
2727 975 2847 1014 Cum
2882 958 3041 1017 multa
3063 978 3336 1044 _c_aretate_
3372 970 3483 1035 ipso
3529 958 3710 1044 argento

2173 1026 2259 1078 die
2284 1026 2692 1104 Kalendas-illas
2718 1046 2839 1084 mox
2870 1036 3073 1087 venturi
3103 1026 3452 1104 Septembris,
3470 1050 3522 1094 et
3545 1026 3710 1099 eiicitur

2176 1112 2261 1177 me
2293 1097 2487 1177 habere
2533 1100 2742 1152 debiam
2766 1143 2786 1177 ,
2810 1113 2861 1155 et
2888 1104 3000 1170 ipsa
3042 1107 3129 1161 die
3171 1097 3390 1177 argento
3421 1097 3591 1166 vestro
3616 1097 3711 1168 red-—

2172 1168 2300 1245 dere
2328 1168 2536 1245 fat-iatn,
2562 1168 2948 1245 etucautionem
2982 1190 3152 1229 meam
3173 1168 3421 1245 recipere
3450 1180 3637 1236 faciam.
3662 1186 3713 1239 Et

2172 1237 2217 1288 si
2281 1238 2470 1289 exinde
2514 1240 2780 1314 negligens
2811 1251 2920 1314 aut
2969 1237 3429 1314 tardus'f'nei'im,
3482 1237 3713 1309 voluntate

2177 1316 2347 1379 vestra
2382 1323 2483 1379 non
2514 1308 2781 1376 habueris,
2808 1313 2891 1366 hic
2918 1316 3074 1366 tnodo
3103 1318 3226 1370 mihi
3252 1320 3303 1371 in
3330 1308 3465 1374 hunc
3493 1308 3712 1379 i-auciOne

2180 1377 2373 1455 pia‘Cllil
2398 1378 2654 1443 inserere,
2685 1380 2826 1455 ipsas
2856 1386 3133 1440 rcvestitas
3164 1390 3213 1439 in
3246 1389 3458 1455 duplum
3494 1377 3627 1446 vobis
3652 1377 3713 1448 sic

2180 1446 2515 1568 reddaturus,
2546 1458 2634 1502 aut
2666 1451 2833 1517 vobis,
2859 1462 2950 1507 aut
2977 1456 3061 1509 cui
3089 1446 3399 1512 caucionem
3434 1464 3555 1515 istas
3578 1446 3715 1519 dede;

2185 1530 2257 1568 rts
2286 1532 2309 1567 a
2380 1531 2463 1568 ex.

2185 1530 2257 1568 TIS
2286 1530 2350 1568 au
2380 1531 2463 1569 ex.

1819 1646 3710 1685 ———_—____.______________

788 1856 791 1859 .
870 1720 1311 1887 ‘NOVA
1400 1768 2197 1885 COLLECTIO
2278 1771 3287 1895 FORMULARUM.

1185 2010 1785 2087 STEPHANUS
1862 1998 2362 2092 BAL’UZIUS
2419 2015 3062 2099 TUTELENSIS

564 2185 655 2240 EX
693 2184 1121 2243 VETERRIMIS
1160 2148 1525 2243 CODIl‘IBUS
1560 2188 2061 2246 MANUSCRIPTIS
2102 2191 2307 2245 ERUI'I‘
2339 2232 2353 2257 .
2394 2192 2459 2247 IN
2502 2194 2687 2251 U.\'UM
2726 2198 3064 2256 COLLEGIT
3095 2244 3111 2269 ,
3156 2201 3412 2261 PRIMUM
3447 2205 3659 2262 EDIDIT

1928 2285 2114 2339 ANNO
2156 2284 2315 2338 H377.

660 1954 685 1971 ι

490 2500 530 2557 1.
561 2497 748 2553 Petit'o
773 2496 997 2564 episitOpi
1041 2498 1297 2567 peregrini
1328 2500 1395 2550 ad
1438 2500 1733 2567 episcopum
1773 2500 2060 2567 proprium.
2096 2502 2142 2559 B
2212 2503 2296 2557 ΙΙΙ.
2331 2506 2630 2578 Conquestio
2659 2515 2722 2567 de
2756 2529 2898 2567 vauo
2926 2518 3015 2585 qui
3047 2516 3299 2583 iustitiam
3326 2518 3495 2587 facere
3517 2523 3688 2575 renuit.

559 2610 614 2663 In
657 2608 855 2663 Christi
910 2608 1145 2677 nomine.
1202 2608 1296 2661 Ille
1348 2609 1631 2676 episcopus
1682 2610 1769 2663 illo
1817 2612 2064 2677 episcopo

485 2682 657 2734 amico
684 2686 868 2731 nostro
896 2676 1138 2731 dev0tam
1170 2677 1339 2743 dirigo
1376 2679 1629 2732 salutem.
1664 2676 1874 2733 Gratias
1908 2682 2062 2735 vobis

486 2749 767 2804 referimus
788 2748 855 2800 de
884 2748 1102 2801 caritate
1134 2757 1303 2801 vestra
1329 2788 1343 2810 ,
1378 2764 1531 2815 quam
1562 2765 1683 2814 erga
1726 2749 1933 2803 ﬁdelem
1962 2768 2058 2804 no-

485 2831 653 2872 sarum
704 2817 899 2884 dignati
950 2820 1080 2871 estis
1128 2820 1297 2890 facere
1324 2828 1376 2872 et
1416 2820 1556 2872 circa
1590 2822 2060 2890 congregationem

487 2898 721 2941 nostram
752 2903 869 2953 qua!
900 2898 982 2941 est
1027 2891 1076 2941 in
1126 2889 1447 2955 oppidosita
1491 2892 1628 2956 quod
1661 2889 1856 2943 dicitur
1887 2892 2057 2944 illum.

484 2957 675 3013 Fecisti
701 2961 839 3013 enim
872 2968 924 3011 ιιι
955 2960 1234 3021 Apostulm
1264 2963 1644 3013 cntntnendans
1676 2962 1747 3012 ait
1773 2977 1785 3011 :
1824 2960 2058 3013 Prwdica

484 3030 726 3091 verbum.
777 3030 908 3081 insta
950 3038 1235 3095 opportune
1287 3039 1329 3079 et
1380 3031 1719 3096 inapportune
1774 3031 2057 3084 nolentibus

485 3098 571 3168 (Il
598 3100 733 3169 Tim.
767 3100 862 3167 tv).
887 3098 984 3169 Qui
1016 3099 1155 3150 enim
1207 3101 1443 3169 sequitur
1482 3102 1840 3169 apostolorum
1897 3106 2058 3155 vesti-

485 3166 593 3239 gia,
626 3168 746 3221 luce
772 3166 1021 3237 gaudebit
1064 3178 1334 3236 perpetua.
1368 3166 1637 3233 llogo'vos
1672 3171 1941 3224 humiliter
1971 3173 2053 3224 di-

484 3244 657 3307 rigere
705 3240 854 3291 nobis
906 3254 996 3303 per
1045 3240 1318 3305 epistulam
1373 3252 1600 3292 vestram
1648 3240 1770 3300 quid
1826 3241 1951 3293 mihi
1992 3241 2057 3295 de

484 3321 667 3362 nostro
698 3308 852 3362 liceat
879 3307 1150 3362 celebrare
1198 3310 1431 3363 ollicium
1476 3312 1525 3361 in
1562 3313 1833 3378 parrochia
1881 3322 2054 3364 vestra

481 3390 536 3434 et
566 3380 617 3433 in
648 3379 888 3432 ecclesiis
919 3380 1105 3431 vestris
1134 3394 1201 3446 qn
1222 3400 1250 3429 ν
1281 3381 1329 3430 in
1373 3392 1553 3433 nostro
1597 3388 1721 3433 sunt
1768 3382 2051 3441 beneficio,

479 3452 523 3503 si
555 3451 842 3519 praedicare
871 3448 1041 3511 liceat,
1076 3452 1116 3500 si
1145 3452 1451 3513 emendare,
1476 3452 1517 3502 si
1547 3451 1812 3518 corrigere
1838 3494 1852 3515 ,
1885 3454 1926 3503 si
1952 3454 2046 3505 eri-

479 3536 608 3584 gere
635 3521 895 3583 ecclesiis,
922 3521 964 3573 si
995 3521 1334 3583 confirmare,
1362 3534 1450 3573 aut
1482 3522 1748 3587 baptizare
1772 3561 1786 3585 ,
1820 3531 1910 3574 aut
1944 3540 2053 3588 po:-

482 3590 760 3643 nitentiant
793 3591 952 3651 dare,
983 3599 1075 3642 aut
1104 3592 1226 3652 quid
1264 3592 1414 3643 nobis
1444 3592 1777 3651 concedatis,
1811 3604 1899 3643 aut
1931 3594 2053 3657 quid

485 3658 838 3727 prohibeatis,
872 3660 1007 3712 scire
1036 3674 1131 3712 nos
1164 3661 1368 3712 faciatis
1396 3662 1553 3713 citius
1586 3663 1831 3722 petimus.
1856 3663 2053 3714 Amici-

483 3730 610 3783 tiam
643 3745 768 3782 vero
808 3739 1033 3781 vestram
1068 3730 1219 3782 valde
1264 3730 1469 3782 firmam
1501 3741 1744 3794 optamus
1775 3731 1911 3786 inter
1956 3750 2051 3785 nos

479 3799 790 3871 consistere.
822 3799 887 3852 Et
915 3803 1138 3853 obsecro
1172 3810 1228 3852 ut
1269 3799 1398 3853 mihi
1445 3803 1818 3855 commendare
1870 3804 2047 3871 digne-

2241 2596 2463 2651 Doniino
2488 2602 2722 2678 inluster
2742 2614 2901 2674 atque
2934 2622 3040 2673 pra:
3067 2617 3263 2662 cuncto
3286 2610 3721 2678 magnificentissi-

2168 2681 2274 2747 mo,
2306 2678 2362 2721 ut
2388 2674 2625 2750 conﬁdo,
2653 2674 2769 2728 viro
2797 2678 2971 2750 amico
2998 2693 3119 2733 meo
3160 2680 3255 2733 illo
3297 2674 3401 2734 ille:
3444 2684 3576 2736 heus
3604 2686 3719 2748 scit,

2168 2744 2255 2816 qui
2282 2744 2455 2816 omnia
2480 2757 2585 2795 non
2613 2744 2739 2797 latet
2775 2748 2983 2800 occulta
3018 2756 3305 2816 antequam
3342 2752 3493 2815 fiant,
3530 2754 3578 2804 in
3606 2744 3719 2807 om;

2166 2811 2319 2891 nihn‘s
2348 2812 2549 2891 amicus
2573 2824 2627 2867 et
2658 2816 2792 2870 bene
2813 2820 3033 2891 cupiens
3062 2811 3259 2883 vester,
3285 2820 3413 2875 illud
3438 2811 3721 2888 inpriinuns

2163 2876 2313 2959 quod.
2334 2880 2551 2945 plurima
2577 2896 2695 2938 sunt
2726 2897 2785 2959 et
2812 2876 2963 2959 nobis
2992 2876 3348 2958 opportunum
3368 2934 3382 2954 ,
3415 2876 3631 2946 salutem
3668 2898 3712 2946 in

2167 2946 2681 3027 Domino_optamus
2706 2957 2856 3027 vobis
2907 2960 2956 3011 in
3013 2946 3271 3026 quantum
3317 2946 3507 3015 arcana
3556 2966 3718 3017 cordis

2163 3021 2263 3070 mei
2284 3021 2516 3098 continet
2543 3026 2832 3098 plenitudo.
2858 3028 2929 3081 De
2950 3021 3144 3082 czeiero
3162 3044 3454 3098 cognoscas
3477 3034 3713 3087 intlflslt'ld

2163 3096 2735 3167 vestraiste‘prtesens
2762 3096 2919 3150 homo
2958 3108 3139 3151 noster
3167 3096 3405 3154 serviens
3432 3112 3603 3156 vester
3632 3120 3717 3155 no-

2163 3172 2281 3210 men
2308 3159 2394 3211 ille
2423 3161 2485 3213 ad
2520 3166 2788 3238 nosveuit
2817 3174 2868 3219 et
2909 3168 3060 3221 nobis
3101 3169 3236 3223 dixit
3281 3184 3349 3223 eo
3382 3176 3516 3238 quod
3550 3188 3719 3227 vassus

2162 3238 2337 3307 vester
2364 3245 2555 3307 nomen
2583 3236 2675 3307 ille
2708 3250 2791 3288 res
2824 3246 2939 3303 post
2970 3252 3029 3292 se
3076 3242 3217 3293 malo
3262 3236 3450 3295 ordine
3493 3254 3715 3297 reteneat

2162 3304 2373 3365 injuste,
2405 3311 2458 3353 et
2490 3304 2615 3355 dixit
2645 3309 2783 3381 quod
2818 3308 2956 3359 nulla
2983 3309 3356 3381 justitiarapud
3401 3317 3512 3381 ipso
3538 3312 3719 3367 exinde

2162 3384 2490 3450 consequere
2523 3379 2708 3438 possit.
2744 3376 3029 3450 Proiiterea
3059 3376 3390 3435 solicitantus
3417 3376 3583 3447 vobis,
3609 3399 3713 3450 pre-

2160 3452 2340 3519 canius
2370 3450 2423 3492 ut
2458 3444 2555 3493 hoc
2592 3460 2749 3499 causa
2782 3448 3059 3519 diligenter
3092 3450 3361 3515 inquirere
3382 3444 3631 3519 jubeatis',
3666 3466 3717 3505 ut

2163 3510 2273 3573 ipse
2301 3509 2457 3562 homo
2480 3523 2659 3568 noster
2686 3509 2923 3569 siervietis
2953 3529 3126 3572 vester
3149 3509 3265 3573 sine
3289 3509 3400 3573 ulla
3419 3509 3714 3576 dilatatione

2158 3580 2220 3659 ad
2252 3593 2409 3659 suum
2445 3584 2637 3659 exinde
2679 3585 2871 3659 debeat
2920 3589 3229 3658 perquirere
3272 3592 3551 3659 justitiam.
3583 3593 3644 3646 Et
3677 3596 3716 3647 si

2160 3649 2281 3731 hoc.
2309 3650 2557 3731 facietis,
2589 3665 2821 3731 vestram
2850 3649 3047 3731 bonam
3092 3649 3529 3715 consuetudinem
3569 3664 3720 3731 adito-

2160 3720 2333 3799 pletis.
2362 3723 2425 3799 Et
2457 3727 2596 3777 unde
2631 3740 2726 3779 nos
2751 3726 3059 3796 inj'ungetis,
3090 3740 3143 3783 et
3167 3746 3263 3785 nos
3290 3728 3608 3799 pateliitnus,
3633 3748 3717 3786 vos

2160 3792 2238 3842 vel
2264 3794 2567 3868 servientes
2586 3792 2867 3850 veSIros'in
2898 3792 3052 3853 bouis
3081 3792 3321 3868 partibus
3346 3792 3715 3857 remerirevnon

482 3849 793 3938 ιιιῖιιῖιιυίιεί
829 3872 979 3941 firmo
1011 3871 1178 3923 amico
1225 3879 1316 3925 tuo
1361 3873 1633 3941 quodlibet
1662 3849 1971 3935 servitiumv,
2004 3884 2054 3928 et

2167 3861 2458 3941 tardantus.
2478 3867 2642 3941 Agite.
2662 3868 2835 3941 taliter
2864 3849 2983 3934 qua:
3006 3849 3104 3923 ὲῐοέ

482 3950 726 4011 paratum
760 3954 843 3992 me
883 3940 1087 4011 habetis
1128 3941 1178 3992 io
1226 3943 1473 3995 omnibus
1525 3944 1761 3995 honestis
1808 3955 1861 3995 et
1899 3943 2055 4011 justis

487 4010 753 4063 mandatis
784 4010 993 4062 vestris.
1031 4010 1363 4064 Benevalete.

487 4122 550 4177 ΙΙ.
584 4122 1033 4178 Commendatoria
1056 4134 1103 4176 et
1132 4140 1184 4176 ca
1198 4124 1471 4177 hortatoria
1508 4126 1576 4177 ad
1602 4123 2051 4179 sanctimonialem.

552 4236 604 4288 In
639 4236 851 4290 nomine
874 4244 1072 4290 sancta:
1102 4236 1392 4290 Trinitatis.
1430 4237 1754 4290 Veneranda:
1784 4246 1840 4291 et
1862 4238 2053 4290 almili-

477 4320 553 4359 c:e
576 4306 927 4375 gloriosmque
956 4306 1087 4369 illte,
1120 4324 1218 4374 ego
1252 4309 1339 4361 ille
1370 4308 1586 4360 inferior
1628 4309 1833 4359 cunctis
1886 4311 2053 4360 seriis

479 4376 673 4427 vestris
706 4378 913 4443 postulo
955 4392 1163 4430 summo
1195 4393 1221 4427 a
1255 4377 1362 4430 Deo
1404 4387 1655 4429 a-ternatn
1700 4379 1878 4429 venire
1906 4380 2053 4429 salu-

482 4456 609 4498 tem.
638 4445 771 4499 liinc
806 4462 931 4515 rogo
963 4462 1055 4499 vos
1097 4457 1151 4499 et
1179 4461 1463 4499 ammoneo
1495 4459 1549 4499 ut
1596 4447 1709 4499 laus
1758 4448 2049 4515 populatis,

480 4530 599 4582 qua:
633 4532 725 4580 per
757 4518 995 4584 vulgares
1024 4516 1289 4584 spargitur
1319 4532 1476 4569 aures
1498 4558 1512 4581 ,
1554 4526 1782 4569 vestram
1822 4518 2055 4583 adtingat

482 4596 743 4650 mentem,
777 4596 829 4640 et
861 4588 1152 4641 crescendo
1180 4586 1399 4653 pullulat
1430 4586 1687 4654 sapientia
1716 4597 1889 4639 vestra
1913 4587 2049 4653 apud

482 4657 648 4710 Deum
696 4668 749 4711 et
796 4658 1059 4711 homines.
1090 4658 1278 4711 Omnis
1302 4673 1429 4711 vero
1472 4661 1695 4723 populus
1726 4657 1821 4708 hac
1853 4659 2052 4723 procla-

480 4739 588 4780 mat
615 4744 745 4783 voce
774 4729 956 4782 dicens
987 4729 1069 4781 bis
1102 4744 1226 4781 vero
1253 4743 1371 4782 esse
1417 4728 1635 4779 dilatam
1682 4727 1917 4779 felicibus
1955 4730 2051 4780 do-

480 4801 582 4858 nis.
616 4800 755 4863 quod
804 4800 851 4853 in
910 4809 1219 4866 perpetuum
1258 4798 1479 4851 firmiter
1519 4806 1859 4864 permaneat,
1893 4798 2049 4849 citam

478 4868 622 4921 omni
658 4870 795 4921 bono
823 4870 1051 4923 consilio
1080 4879 1130 4920 et
1160 4869 1357 4920 claram
1402 4868 1537 4919 facie
1567 4870 1707 4919 omni
1741 4869 2049 4931 conspectui

481 4942 713 4991 humano
740 4979 753 4998 ,
788 4942 959 4991 varias
997 4938 1198 4991 si-ilicet
1227 4953 1382 5003 gazas
1416 4941 1549 4990 miro
1576 4938 1763 4989 ordine
1794 4938 2051 5006 beataqne

478 5009 655 5060 mundi
686 5024 846 5077 regna
877 5009 1099 5061 mirifice
1134 5009 1415 5075 disponere
1437 5050 1448 5070 ,
1484 5010 1713 5073 pnlctatu
1748 5022 1971 5072 corpore
1998 5017 2054 5061 et

478 5079 527 5128 in
583 5089 759 5131 mente
810 5082 984 5145 quieta
1015 5123 1029 5143 ,
1064 5079 1250 5130 illt'itils
1290 5093 1466 5130 autem
1504 5077 1789 5129 luminibus
1821 5088 2049 5129 vestram

480 5152 629 5200 tieret
654 5162 930 5210 Staturam,
960 5152 1009 5201 in
1040 5151 1214 5201 aufem
1245 5151 1445 5201 dicunt.
1483 5148 1693 5201 Debetis
1723 5150 1864 5200 enim
1907 5163 2050 5199 sem-

2162 3944 2279 3982 mus
2307 3932 2515 3997 fiducia,
2546 3946 2600 3987 ut
2630 3934 2729 3987 iste
2759 3932 2921 3991 homo
2944 3950 3124 3992 noster
3145 3932 3393 3995 serviens
3423 3952 3593 3997 vester
3622 3944 3715 3997 sibi

2160 4003 2653 4083 congaudeal_quod
2686 4016 2920 4083 nostram
2957 4010 3021 4060 ad
3048 4024 3142 4083 vos
3171 4012 3505 4079 deportasset
3532 4026 3716 4083 sugge-

2158 4074 2410 4127 stionem.
2435 4074 2514 4129 Ad
2544 4076 2992 4145 sapientissimum
3022 4080 3239 4135 sufficit.

2630 4186 2713 4239 IV.
2749 4185 2877 4239 Item
2901 4191 2961 4241 de
2985 4190 3159 4243 eadem
3188 4208 3266 4245 re.

2232 4298 2454 4350 Domino
2479 4310 2665 4351 sancto
2694 4302 2981 4366 apostolica
3012 4304 3139 4358 sede
3181 4305 3411 4359 colendo
3447 4305 3643 4359 domno
3666 4314 3715 4359 et

2159 4368 2210 4421 in
2234 4367 2444 4421 Christo
2476 4372 2609 4435 patri
2644 4370 2733 4423 illo
2763 4387 2908 4439 papae
2939 4374 3045 4427 ille.
3078 4374 3217 4427 Deus
3266 4386 3369 4428 sett
3391 4416 3406 4439 ,
3456 4381 3539 4429 cui
3573 4378 3705 4431 nulla

2158 4440 2325 4513 latent
2351 4441 2577 4513 occulta,
2610 4442 2658 4492 in
2690 4454 2942 4508 qumtttttn
2973 4444 3127 4497 video
3149 4455 3200 4497 el
3233 4456 3414 4498 nostra
3438 4456 3520 4499 est
3552 4448 3713 4513 possi-

2159 4508 2358 4584 bilitas,
2390 4512 2447 4584 in
2474 4513 2717 4584 omnibus
2746 4514 2948 4584 amicus
2993 4525 3046 4567 et
3092 4515 3226 4568 bene
3270 4522 3487 4584 cupiens
3522 4508 3714 4579 vester,

2159 4580 2284 4632 illttd
2314 4581 2617 4655 inprimitus
2642 4583 2778 4655 «Laud
2813 4583 3034 4647 plurima
3063 4594 3188 4637 sunt
3214 4596 3268 4639 et
3294 4580 3443 4641 nobis
3464 4601 3711 4655 opportu-

2159 4666 2301 4713 num,
2352 4653 2551 4701 salutes
2580 4652 2629 4701 in
2664 4650 2885 4706 Domino
2908 4666 3151 4722 Optamus
3180 4657 3327 4710 Vobis
3372 4660 3421 4709 in
3460 4650 3711 4722 quantum

2159 4729 2300 4773 totus
2342 4722 2569 4795 mundus
2616 4722 2779 4795 fulget.
2810 4724 2882 4795 Διιι
2920 4726 3111 4791 gloria,
3156 4726 3239 4779 vel
3284 4737 3535 4795 quantun
3566 4726 3718 4779 distat

2157 4800 2302 4843 ortus
2331 4792 2397 4841 ab
2429 4790 2628 4843 oriente
2654 4806 2705 4845 et
2731 4792 2911 4845 deﬁcit
2930 4790 3007 4845 ab
3029 4790 3323 4857 occidente,
3349 4811 3439 4849 seu
3465 4797 3586 4850 etsi
3608 4796 3718 4851 ﬁeri

2161 4860 2421 4927 potuisset
2451 4862 2589 4928 quod
2624 4875 2729 4914 tota
2760 4865 2996 4915 membra
3028 4865 3311 4919 vertissent
3339 4868 3388 4919 in
3413 4868 3619 4933 lingua.
3647 4865 3716 4918 De

2158 4944 2407 4983 cancrum
2440 4933 2798 4999 supplicamus
2820 4934 2989 5001 gratia
3013 4946 3186 4987 vestra
3218 4946 3275 4989 ut
3308 4952 3399 5002 pro
3429 4950 3513 4988 me
3538 4948 3717 5002 pecca-

2168 5006 2283 5053 tore
2396 5002 2448 5053 in
2504 5002 2694 5054 vestris
2757 5004 2953 5057 sanctis
3008 5006 3341 5057 orationibus
3394 5006 3719 5059 intercedere

2158 5070 2509 5144 digneris.-Et
2537 5070 2748 5144 iterum,
2775 5072 3017 5139 Domine,
3051 5074 3410 5141 supplicamus
3434 5082 3717 5144 cognoscu

2160 5136 2385 5193 adfinitas
2432 5136 2612 5193 vestra’
2654 5144 2751 5194 iste
2783 5136 3013 5208 praesens
3043 5136 3199 5195 homo
3250 5155 3430 5199 noster
3474 5136 3715 5199 sérviens

476 5233 569 5284 per
597 5228 791 5284 gratias
822 5234 996 5284 agerc,
1026 5230 1081 5272 ut
1113 5220 1162 5271 in
1196 5220 1342 5271 vobis
1375 5221 1485 5270 hare
1518 5227 1569 5269 ιιι
1602 5217 1679 5268 his
1709 5218 1902 5270 similia
1928 5231 2043 5269 cre-
2085 5220 2130 5277 D
2161 5222 2560 5284 vesteruotncn
2589 5213 2675 5265 ille
2701 5227 2784 5266 res
2809 5228 2931 5266 suas
2962 5213 3101 5266 malo
3131 5214 3320 5268 ordine
3360 5223 3475 5281 post
3501 5229 3564 5284 se
3595 5220 3717 5269 reli-

475 5297 627 5339 scattl.
658 5303 750 5354 per
777 5291 951 5339 omnia
984 5298 1268 5341 momenta.
1305 5290 1431 5341 Vide
1459 5330 1471 5351 ,
1523 5300 1577 5338 ιιι
1610 5291 1888 5349 Apostolus
1939 5288 2043 5349 ait,

475 5358 740 5423 quoorodo
769 5370 921 5411 caute
950 5358 1305 5411 anthnlaveris
1326 5401 1337 5419 ,
1370 5362 1503 5409 sicut
1537 5360 1805 5423 sapientes
1829 5354 2042 5421 (Ep/tes.

478 5440 549 5491 ν).
586 5431 645 5481 fit
678 5434 867 5481 iterum
899 5445 911 5479 :
941 5427 1061 5480 Non
1086 5431 1247 5482 solum
1283 5445 1451 5481 coram
1484 5427 1609 5491 Deo,
1636 5430 1722 5479 sed
1767 5430 1915 5478 etiam
1954 5444 2040 5477 c.)~

478 5515 586 5549 rum
618 5500 904 5551 hominibus
948 5502 1259 5565 providentes
1290 5498 1449 5559 bona,
1483 5511 1584 5550 etc.
1620 5498 1793 5565 (Ilum.
1834 5512 1907 5547 xu
1932 5537 1943 5555 ,
1984 5495 2044 5547 ΙΙ

478 5569 593 5620 Cor.
624 5572 759 5636 vttt).
780 5569 987 5622 Festina
1015 5572 1208 5635 itaque,
1236 5571 1381 5637 virgo
1402 5570 1807 5635 gloriosissima,
1839 5571 2040 5619 sanctis

478 5641 663 5692 studiis
695 5651 744 5693 te
776 5652 829 5694 et
860 5640 1013 5692 bonis
1041 5642 1288 5705 operibus
1318 5652 1543 5697 ornare.
1581 5650 1635 5689 ut
1672 5654 1789 5689 cum
1844 5641 2041 5689 sanctis

478 5718 529 5757 et
580 5710 746 5762 beatis
801 5712 1091 5779 virginibus
1128 5721 1407 5764 centenum
1466 5710 1721 5761 merearis
1783 5709 2043 5775 colit’g‘"c

501 5789 723 5831 ructum.

2158 5283 2320 5335 nebat
2349 5281 2561 5348 injuste,
2594 5292 2647 5336 et
2674 5285 2817 5334 nulla
2845 5283 3047 5351 justitia
3075 5288 3211 5349 apud
3241 5284 3356 5350 ipso
3376 5283 3572 5339 exinde
3594 5298 3719 5337 oon-

2155 5365 2381 5420 sequvre
2423 5355 2603 5419 possit.
2654 5351 2933 5419 Propterea
2978 5368 3257 5419 precamur
3297 5354 3447 5407 vobis
3487 5362 3553 5408 ut
3586 5353 3719 5407 hanc

2156 5438 2370 5475 causam
2397 5423 2678 5491 diligenter
2702 5423 2972 5490 inquirere
2996 5425 3256 5490 jubeatis;
3296 5434 3347 5477 ut
3375 5425 3513 5479 sicut
3543 5432 3719 5479 vestra

2160 5494 2291 5546 bona
2342 5504 2422 5545 est
2474 5492 2837 5553 consuetudo,
2884 5493 2997 5559 ipse
3049 5493 3208 5546 hoino
3254 5503 3435 5547 noster
3479 5493 3722 5548 serviens

2155 5574 2326 5616 vester
2355 5564 2473 5616 sine
2502 5563 2603 5615 ulla
2638 5564 2946 5615 dilatatione
2984 5562 3048 5615 ad
3099 5576 3248 5615 suam
3292 5563 3483 5617 exinde
3525 5562 3722 5617 debeat

2153 5637 2429 5701 pervenire
2457 5633 2738 5699 justitiam,
2765 5643 2817 5685 et
2841 5633 2941 5685 sibi
2969 5634 3294 5699 congaudeat
3320 5632 3460 5701 quod
3479 5642 3720 5687 nostram

2152 5706 2214 5755 ad
2250 5718 2341 5755 vos
2372 5704 2708 5770 deportasset
2755 5702 3146 5770 suggeStionem
3166 5742 3182 5767 ,
3214 5712 3265 5755 et
3292 5715 3391 5756 nos
3420 5701 3575 5757 vobis
3602 5715 3720 5770 ιη-

2155 5787 2253 5828 ttas
2282 5787 2521 5843 agamus.
2555 5774 2619 5826 Et
2645 5772 2686 5827 si
2723 5772 2869 5824 locus
2900 5773 3189 5838 advenerit,
3226 5786 3320 5826 vos
3362 5771 3444 5827 vel
3474 5785 3725 5829 servien-
