3848 6234
494 374 603 427 855

1439 373 1528 429 Al)
1568 373 1912 433 MARCULFI
1954 376 2321 434 FOMIULAS
2364 379 2727 437 APPENDIX.

3593 396 3683 453 868

488 493 759 555 sistentes,
782 502 1095 567 pessumque
1126 487 1177 541 in
1208 491 2028 567 perpetuumessevolo,poriio-
2060 493 2107 549 Α
2135 487 2374 544 libertate
2401 504 2562 567 super
2618 496 2759 561 ipsas
2804 486 2972 567 terras
3022 509 3117 563 per
3165 499 3423 567 ingenuos
3469 512 3677 556 comma-

487 576 582 617 nes
611 574 754 613 meas
782 560 831 611 in
856 560 968 611 loco
996 570 1327 621 nuneupante
1352 561 1462 620 illo,
1493 562 1621 612 sitas
1664 560 1714 612 in
1746 576 1875 628 pago
1906 561 2016 623 illo,

482 645 603 695 qua
630 629 755 682 mihi
788 639 889 681 tam
919 628 984 681 de
1012 628 1167 681 alnde
1208 643 1364 695 quam
1395 630 1462 681 de
1504 640 1806 695 comparato
1848 631 1929 684 vel
1960 630 2027 683 de

480 714 790 766 quocunque
818 698 944 751 libet
972 698 1210 750 adtracto
1237 697 1447 753 advenit
1476 701 1552 751 vel
1576 700 1825 753 advenire
1857 708 2028 766 potest

480 770 760 831 legibusiu
792 782 948 834 supra
1000 777 1283 820 memorata
1338 769 1471 829 loca,
1503 778 1606 821 tam
1638 772 1812 832 terris,
1844 771 2026 823 domi-

479 838 595 901 bus,
626 837 883 897 aediliciis,
917 838 1211 904 mancipiis,
1247 836 1467 894 libertis.
1496 839 1796 904 aceolabus,
1841 842 2022 893 merita

473 909 865 967 arcolannrnm,
898 906 1082 970 vineis,
1123 906 1287 966 silvis,
1336 907 1518 974 pratis,
1551 909 1778 973 pascuis,
1826 911 2023 974 campis

472 978 627 1031 cultis
680 985 735 1030 et
790 976 1018 1035 incrrltis,
1069 977 1237 1038 aquis,
1289 992 1645 1044 aquarumque
1690 979 2016 1041 decursibus,

473 1046 754 1101 mobilibus
783 1056 834 1097 et
864 1046 1235 1100 immobilibus.
1270 1062 1389 1098 cum
1432 1049 1677 1100 omnibus
1715 1049 2022 1114 adjacentiis

469 1128 521 1168 et
571 1116 893 1183 appendiciis
940 1117 1021 1169 vel
1072 1116 1326 1169 colouir-is
1374 1117 1434 1167 ad
1488 1133 1547 1170 se
1602 1118 2017 1183 pertinentibus,

468 1202 588 1241 cum
620 1187 761 1239 omni
811 1186 1109 1252 integritate
1142 1191 1219 1238 vel
1252 1189 1609 1253 superposito,
1641 1189 1883 1255 quicquid
1914 1191 2015 1241 dici

467 1266 559 1310 aut
604 1256 861 1327 nominari
914 1265 1105 1327 potest,
1160 1258 1208 1307 in
1239 1266 1716 1327 supramenioratos
1746 1273 1903 1327 pagos
1936 1260 2013 1311 vel

465 1327 660 1393 ubique
685 1326 750 1380 de
779 1326 1107 1393 supradictas
1137 1326 1463 1388 portionibus
1496 1337 1672 1380 tenere
1704 1326 1845 1380 visus
1874 1342 2013 1393 sum,

464 1407 631 1449 totum
646 1408 692 1449 et
709 1396 774 1449 ad
791 1396 1050 1462 integrum
1068 1396 1130 1447 ad
1154 1395 1237 1449 die
1256 1406 1510 1459 prmsente
1522 1398 1585 1449 ad
1600 1397 1703 1462 jatn
1723 1410 2014 1451 memorato

462 1467 785 1520 monasterio
813 1467 892 1518 vel
920 1465 984 1518 ad
1019 1466 1160 1532 ipsos
1206 1466 1493 1519 monachos
1547 1467 1617 1520 ilii
1658 1468 2013 1522 consistentes

463 1537 836 1603 perpetualiter
860 1535 1010 1590 trado
1043 1544 1197 1602 atque
1223 1536 1546 1601 translundo,
1572 1538 1637 1589 de
1669 1552 1788 1589 meo
1811 1537 1930 1604 jure
1962 1542 2009 1591 in

458 1616 633 1659 vestra
663 1606 1180 1659 tradndnminatinne
1203 1607 1265 1657 ad
1284 1607 1673 1670 priesidcridrirn,
1692 1618 1747 1659 ut
1762 1607 2005 1675 quicquid

458 1677 652 1730 r-xinrle
681 1675 853 1730 facere
884 1675 1163 1738 voluerint,
1213 1676 1429 1728 liberam
1475 1692 1536 1727 ac
1569 1678 1919 1728 lirmissimam
1954 1678 2001 1730 in

452 1748 696 1799 omnibus
725 1747 947 1800 habeant
978 1754 1290 1813 potestatein
1322 1761 1349 1797 a
1373 1746 1457 1797 die
1481 1749 1725 1810 prmsenti
1756 1746 1995 1801 faeieridi.

2138 568 2281 623 neut,
2312 562 2544 636 etaliubi
2583 566 2947 636 enmrnzinendi
2981 562 3174 636 nullam
3209 562 3439 622 liabeaut
3470 581 3677 636 potesta-

2134 632 2379 704 tem,_sed
2406 632 2471 704 ad
2501 633 2607 704 ipsa
2639 635 2751 688 loca
2774 644 2955 688 sancta
2985 635 3213 690 debeant
3235 632 3550 704 ερεξηταά
3577 648 3675 694 nul-

2130 697 2211 750 lus
2249 698 2315 753 de
2349 699 2474 765 ipsis
2502 701 2783 757 lidemonio
2809 705 2872 756 ad
2906 714 3117 758 nostros
3148 697 3369 760 heredes
3398 697 3675 765 nullatenus

2130 767 2380 842 reddant;
2413 771 2558 824 etde
2606 772 2706 826 boc
2754 773 2898 839 quod
2926 774 3189 841 aliquibus
3221 776 3299 830 eis
3347 792 3445 842 per
3489 779 3675 834 chartas

2126 836 2385 905 dedimus,
2445 841 2740 894 nullatenus
2773 836 2947 895 'alinbi
3015 836 3245 899 vendere
3316 836 3414 900 nec
3466 848 3676 905 alienare

2127 904 2359 983 habeant
2390 908 2675 965 licentiam.
2706 911 2962 989 Similiter
2999 914 3313 989 donavimus
3337 904 3675 989 donatumque

2128 990 2176 1053 ιιι
2200 988 2523 1053 perpetuum
2541 996 2661 1053 esse
2686 983 2924 1035 volmurrs
2970 985 3036 1035 ad
3082 987 3473 1038 monasterium
3520 983 3667 1053 illum,

2126 1046 2208 1121 ubi
2243 1050 2555 1121 venerabilis
2580 1052 2744 1105 abbas
2774 1053 2859 1105 ille
2884 1068 3113 1120 pra-esse
3139 1055 3365 1119 videtur,
3395 1056 3543 1110 villas
3570 1046 3671 1113 illas

2124 1118 2174 1165 iu
2202 1130 2332 1182 pago
2365 1118 2453 1169 illo
2480 1134 2599 1171 cum
2638 1118 2893 1174 omnibus
2909 1122 3219 1193 adjacentiis
3248 1125 3328 1179 vel
3356 1118 3670 1193 appendiciis

2121 1199 2321 1265 earnm,
2354 1200 2815 1265 quantumcunque
2842 1192 3037 1265 ibidem
3070 1203 3252 1248 tenere
3284 1195 3364 1247 vel
3398 1192 3669 1265 possidere

2120 1254 2379 1330 videmur,
2414 1272 2507 1323 per
2549 1254 2785 1327 qualibet
2827 1262 3063 1317 adtracto
3088 1264 3153 1316 ad
3188 1280 3282 1317 nos
3314 1254 3551 1330 pervenit
3591 1281 3669 1320 aut

2119 1322 2319 1401 legibus
2375 1322 2994 1401 vénireidebetptotum
3042 1341 3095 1386 et
3142 1334 3206 1386 ad
3258 1322 3519 1401 integrum
3564 1350 3669 1389 cum

2117 1396 2259 1472 nurui
2311 1400 2716 1472 Superpositna
2766 1400 2851 1472 die
2896 1413 3155 1467 praesente
3186 1402 3236 1455 in
3274 1396 3477 1458 linnbre
3520 1410 3670 1459 sancti

2118 1464 2273 1542 illius
2296 1468 2376 1517 vel
2405 1467 2684 1542 abbatiilli
2727 1464 2983 1542 tradimus
3010 1472 3074 1524 ad
3125 1472 3522 1542 possidendum.
3561 1490 3666 1528 cum

2115 1531 2378 1611 domibus,
2407 1536 2662 1611 aediliciis,
2693 1540 2985 1611 mancipiis,
3017 1531 3317 1607 accolabris,
3345 1543 3543 1596 libertis
3571 1556 3664 1598 tam

2116 1600 2307 1655 ibidem
2338 1607 2573 1659 oriundis
2603 1622 2761 1675 quam
2793 1600 3005 1664 aliunde
3038 1600 3315 1665 translatis
3358 1613 3438 1665 vel
3489 1614 3665 1668 ibidem

2112 1676 2585 1747 corrunaueutibus,
2623 1681 2808 1741 vineis,
2859 1679 3026 1741 silvis,
3072 1681 3293 1747 campis,
3330 1684 3488 1736 terris
3525 1686 3669 1737 cultis

2117 1750 2169 1792 et
2217 1744 2446 1819 incultis,
2501 1748 2694 1812 pratis,
2734 1749 2884 1814 aquis
2934 1744 3293 1819 aquarumque
3342 1753 3661 1816 decursibus,

453 1815 511 1869 Si
542 1817 661 1893 quis
690 1832 838 1877 vero,
869 1817 1007 1893 quod
1039 1816 1166 1893 _lie_ri
1202 1830 1308 1893 non
1349 1819 1531 1893 credo,
1566 1819 1614 1868 in
1657 1816 1910 1893 futurum,
1948 1821 2005 1893 si
2047 1834 2090 1893 Β
2119 1826 2233 1890 Cum
2284 1814 2402 1864 exin
2451 1825 2814 1893 etgregrcsso,
2865 1814 3020 1893 omne
3061 1814 3227 1888 genus
3260 1824 3513 1890 peeodiun
3570 1814 3662 1877 tam

450 1899 550 1949 ego
582 1886 711 1950 ipse,
744 1895 833 1938 aut
856 1888 991 1938 ullrrs
1020 1884 1085 1938 de
1113 1883 1392 1938 heredibus
1424 1887 1575 1947 uieis,
1609 1896 1699 1938 aut
1723 1888 1827 1939 ulla
1857 1891 2013 1940 emis-

446 1970 506 2005 sa
540 1956 619 2008 vel
663 1956 901 2023 opposita
960 1969 1202 2022 persona,
1260 1958 1338 2007 vel
1398 1957 1645 2021 quislibet
1693 1959 1780 2024 qui
1836 1968 2017 2009 contra

452 2024 586 2079 hanc
638 2025 931 2080 cessionem
984 2040 1177 2089 meam,
1227 2040 1384 2089 quant
1429 2042 1526 2095 ego
1579 2028 1710 2079 bona
1745 2028 2018 2081 voluntate

449 2096 565 2148 iieri
594 2095 952 2148 etadiirmare
984 2098 1183 2161 rogavi,
1235 2096 1439 2151 venire,
1488 2112 1663 2164 agere,
1713 2107 1805 2148 aut
1852 2101 2018 2149 resul—

448 2174 581 2227 tare,
618 2166 701 2218 vel
735 2181 827 2233 per
879 2165 1277 2233 quibusrunque
1324 2167 1495 2217 modis
1541 2166 1781 2231 repedire
1810 2178 1896 2219 aut
1932 2169 2003 2219 iu-

449 2236 691 2303 h'angere
738 2240 1031 2297 cnnaverit,
1080 2250 1175 2287 rrec
1229 2238 1329 2286 line
1370 2236 1544 2287 valeat
1573 2236 1844 2288 vindicare
1873 2240 2010 2303 quod

446 2307 659 2370 repetit,
691 2316 744 2358 et
776 2309 993 2370 insuper
1014 2305 1254 2369 partibus
1300 2320 1456 2371 supra
1501 2317 1792 2359 memorato
1836 2324 2011 2360 mona-

371 2421 376 2426 .
444 2375 609 2427 sterio
651 2377 731 2428 vel
778 2372 1049 2429 monachis
1096 2376 1286 2427 ibidem
1337 2376 1748 2429 consistentibus
1795 2377 2010 2444 duplum

446 2453 649 2497 tantum
679 2455 929 2511 quantum
980 2446 1121 2505 ipsas
1152 2460 1236 2498 res
1282 2460 1345 2496 eo
1392 2457 1629 2513 tempore
1678 2448 2013 2499 einelioraias

445 2515 707 2568 valuerint
734 2526 1050 2583 componat;
1096 2524 1148 2568 et
1205 2517 1423 2577 insuper
1472 2518 1619 2567 Socia
1680 2518 1809 2568 liscn
1848 2522 2008 2570 inulta

442 2584 553 2637 auri
591 2584 720 2639 libra
756 2600 859 2638 una
887 2596 1101 2639 enaclns
1129 2586 1387 2648 exsolvat,
1425 2596 1472 2635 et
1510 2587 1622 2637 ilil’c
1664 2588 1835 2638 cessio
1866 2589 2008 2641 omni

444 2663 685 2721 tempore
742 2656 888 2708 lirma
949 2664 1278 2725 permaneat,
1350 2656 1693 2724 stipulatione
1750 2660 2003 2713 subnexa.

439 2727 630 2779 Actum
662 2726 777 2778 loco
808 2726 917 2779 illo.

670 2839 898 2894 XXVI“.
946 2842 1023 2893 Ad
1063 2850 1411 2895 testamentum
1459 2843 1763 2911 faciendum.

508 2932 781 2998 Regnante
812 2934 863 2986 in
896 2944 1199 3000 perpetuum
1232 2935 1434 2987 DrilllllO
1466 2943 1646 2987 nostro
1690 2935 1814 2987 Jesn
1848 2936 1997 2988 (Iliri-

438 3016 541 3056 sto.
595 3009 745 3058 Anno
779 3005 866 3057 illo
900 3007 1035 3057 illius
1088 3006 1248 3073 regis,
1296 3006 1393 3056 sub
1424 3005 1509 3057 die.
1540 3020 1609 3057 Ml
1642 3005 1997 3059 Kalendarum

433 3075 668 3137 illa-rum,
721 3074 849 3127 l'cria
884 3076 991 3137 illa,
1026 3075 1312 3128 indictione
1342 3076 1450 3126 illa.
1496 3076 1603 3142 Ρῗςιι
1646 3077 1734 3126 ille
1765 3076 1901 3128 lilins
1933 3078 1996 3128 il-

435 3145 537 3198 lius
564 3162 690 3198 sana
723 3155 898 3198 mente
947 3147 1253 3213 integreque
1284 3146 1523 3209 consilio,
1572 3157 1811 3198 metuens
1842 3160 1995 3199 cnSttS

440 3217 684 3269 humana:
742 3216 1059 3283 lragilitatis,
1112 3225 1481 3268 testamentum
1534 3231 1704 3266 meum
1759 3218 1992 3278 cnnrlidi,

429 3302 585 3354 quem
639 3286 712 3338 illi
767 3286 1103 3339 scribendum
1153 3284 1416 3349 cmumisi,
1464 3296 1512 3336 nt
1566 3287 1830 3353 quomodo
1882 3287 1995 3341 dies

434 3358 700 3423 legitimus
732 3365 849 3421 post
884 3358 1158 3408 transitum
1202 3372 1375 3409 meum
1415 3357 1712 3417 {lti\'0llt'ril,
1759 3364 1995 3423 recogni-

433 3429 500 3480 tis
530 3426 737 3489 sigillis,
771 3427 940 3479 inciso
974 3429 1101 3485 litin,
1134 3440 1188 3479 ut
1234 3428 1360 3493 legis
1408 3427 1641 3477 decrevit
1687 3430 1990 3493 auctoritas,

429 3512 525 3563 per
554 3498 829 3551 inlustrem
866 3498 1033 3550 virum
1079 3497 1245 3561 illum,
1280 3513 1433 3565 quem
1468 3498 1517 3549 in
1552 3498 1647 3550 hac
1697 3499 1884 3564 pagina
1920 3511 1991 3552 te-

426 3568 675 3621 stamenti
711 3577 897 3637 nostro
928 3569 1182 3637 legritnrio
1227 3567 1445 3628 institui,
1479 3568 1643 3633 gesris
1690 3569 1994 3631 rr-ipuliliim

426 3636 837 3703 municipalibus
873 3639 1034 3690 titulis
1083 3638 1198 3705 ejus
1247 3638 1703 3702 |‘I‘t:Sl‘Cllllt|ltiilll5
1749 3645 1815 3688 ali
1864 3638 1993 3704 ipsis

429 3710 715 3768 muniatur,
745 3720 795 3759 et
828 3710 876 3759 in
910 3708 1138 3759 arcliivis
1170 3708 1399 3759 liasdir-ze
1444 3709 1609 3758 sancti
1656 3705 1729 3759 illi
1774 3721 1989 3775 conser-

426 3779 653 3829 vandum
708 3778 953 3838 decrevi;
1005 3787 1060 3829 ut
1104 3777 1348 3844 quicquid
1401 3777 1681 3843 unicuique
1728 3777 1795 3832 de
1835 3779 1989 3832 rebus

428 3850 560 3901 meis
600 3849 831 3916 propriis
881 3849 1075 3901 habere
1120 3849 1350 3905 decrevi,
1405 3845 1743 3915 singulariter
1791 3866 1839 3900 Ill
1892 3851 1991 3905 line

426 3928 807 3971 testamentum
838 3936 1013 3973 meum
1046 3920 1280 3971 inserere
1307 3922 1506 3969 curavi.
1550 3919 1601 3969 lu
1636 3920 1836 3982 reliquo
1865 3935 1990 3975 vero

426 3992 821 4055 qualescunque
863 4000 953 4041 aut
998 4004 1328 4057 qumcuuque
1380 3988 1633 4053 epistulas
1687 3997 1777 4040 aut
1828 3999 1989 4043 testa-

428 4061 591 4111 menti
661 4062 740 4111 vel
789 4059 1191 4123 conseriptinnis
1248 4059 1312 4109 de
1368 4059 1580 4111 nomine
1629 4072 1747 4110 meo
1802 4074 1989 4114 manus

428 4145 573 4181 meas
608 4130 837 4181 lirrnatas
866 4139 1209 4196 ostensasque
1240 4127 1454 4191 fuerint,
1477 4139 1527 4181 et
1555 4138 1675 4181 ante
1703 4128 1801 4181 hoc
1832 4138 1990 4181 testa-

427 4214 662 4252 mentum
697 4210 1033 4264 prteriotatas,
1062 4214 1191 4267 quas
1220 4198 1306 4251 hic
1335 4214 1436 4250 non
1482 4212 1984 4264 commemorarem,

426 4281 656 4337 eaeepto
684 4271 750 4323 de
781 4271 1128 4336 ingenuitates
1157 4283 1289 4335 quas
1321 4284 1413 4337 pro
1436 4268 1627 4323 animae
1654 4284 1784 4323 mea:
1811 4285 1985 4323 reme-

424 4342 513 4393 dio
548 4341 771 4394 iecimus
804 4350 895 4393 aut
922 4340 1094 4393 adhuc
1136 4339 1309 4391 lac-ere
1339 4340 1603 4403 volumus,
1646 4354 1836 4392 vacuas
1864 4356 1985 4407 per-

428 4424 675 4463 maneant
705 4431 717 4471 ;
750 4422 797 4463 et
830 4411 967 4475 quod
1019 4410 1299 4475 unicuique
1346 4424 1437 4474 per
1485 4412 1583 4461 hoc
1612 4419 1983 4464 testamentum

427 4481 624 4533 dedero
668 4481 887 4548 darique
912 4483 1140 4547 jussern,
1176 4480 1224 4529 id
1257 4488 1313 4531 ut
1342 4478 1498 4529 iaciat
1543 4480 1717 4541 detur,
1762 4488 1979 4547 prieste-

426 4560 531 4611 tur.
565 4550 865 4616 imileatnr,
886 4560 933 4602 te
950 4548 1284 4615 omnipotens
1314 4548 1449 4600 Deus
1474 4558 1659 4601 testem
1682 4560 1975 4603 committo.
2012 4547 2060 4605 Ι)

422 4621 757 4687 Quapropter
786 4621 909 4673 dum
960 4635 1062 4673 non
1108 4618 1327 4671 habetur
1384 4618 1707 4688 ineoguitum
1756 4622 1982 4687 qualiter

420 4696 767 4758 dispensante
798 4694 903 4746 ιιεο
926 4693 988 4743 ad
1023 4690 1318 4741 habendum
1359 4691 1439 4741 Vel
1464 4689 1838 4756 possidendum
1870 4693 1979 4744 loca

418 4770 722 4813 sanctorum
766 4764 973 4815 illorum
1020 4763 1086 4813 de
1119 4760 1271 4813 rebus
1300 4761 1431 4812 meis
1476 4760 1702 4827 propriis
1738 4761 1979 4829 delegavi

419 4831 474 4883 in
510 4844 815 4896 perpetuum
863 4834 926 4885 ad
959 4829 1356 4899 possidendum,
1390 4829 1511 4882 dedi
1554 4843 1767 4897 quoque
1794 4834 1857 4881 ad
1893 4833 1979 4883 ba-

417 4901 564 4954 silica
590 4900 675 4952 illa
704 4902 973 4969 portiones
1005 4915 1149 4954 meas
1182 4909 1338 4965 atque
1370 4901 1729 4963 denominata,
1763 4900 1812 4953 id
1859 4914 1979 4955 sunt

417 4971 802 5037 illa,-quicquid
833 4971 882 5023 in
916 4973 1023 5037 ipsa
1068 4971 1179 5023 loca
1210 4972 1451 5033 superius
1493 4970 1759 5022 nominata
1787 4971 1979 5025 habere

414 5042 619 5107 videor,
653 5049 817 5094 totum
846 5050 901 5093 et
946 5042 1008 5093 ad
1042 5042 1302 5107 integrent
1356 5039 1419 5093 ad
1471 5040 1713 5092 basilicas
1739 5044 1977 5108 superius

415 5114 715 5164 nominatas
746 5112 984 5180 proliciat
1016 5113 1063 5161 iu
1120 5121 1480 5176 augmentum.
1535 5110 1653 5162 Illas
1697 5126 1825 5164 vero
1855 5126 1974 5165 ces-

414 5181 593 5233 siones
632 5198 761 5246 quas
792 5184 856 5235 ad
892 5182 1113 5235 libertos
1140 5189 1352 5233 nostros
1376 5181 1491 5232 illos
1519 5182 1582 5231 ad
1615 5195 1795 5233 enrunr
1828 5184 1977 5246 inge-

416 5252 644 5303 uuitates
674 5252 1065 5305 cnrrlirinandas
1094 5250 1335 5311 fecimus,
1366 5251 1414 5301 id
1463 5262 1585 5302 sunt
1631 5252 1717 5305 ille
1762 5262 1815 5305 et
1866 5255 1974 5315 ille,

412 5321 624 5387 quando
652 5322 792 5387 ipsiis
824 5338 916 5388 pro
944 5324 1139 5374 animai
1167 5329 1363 5372 nostra:
1394 5321 1681 5374 remedinrn
1725 5325 1976 5388 ingenuos

409 5392 729 5453 dimisimus,
761 5402 813 5443 ut
841 5394 965 5443 dum
999 5392 1250 5442 advivurrt
1295 5391 1393 5443 hoc
1425 5399 1636 5443 teneant
1659 5406 1708 5445 et
1744 5404 1859 5459 post
1887 5408 1977 5443 eo-

410 5476 525 5513 rum
568 5462 864 5515 discessum
911 5476 1028 5512 cum
1076 5462 1217 5513 omni
1251 5462 1586 5527 superposito
1616 5464 1680 5514 ad
1724 5460 1975 5529 jallldlCla

406 5532 635 5584 ecclesia
681 5533 847 5584 sancti
902 5530 1064 5593 illius,
1095 5532 1179 5582 ubi
1213 5531 1288 5583 eis
1324 5534 1669 5596 patrocminrn
1698 5541 1751 5585 et
1794 5532 1975 5583 delen-

407 5602 609 5653 sinnem
660 5603 1059 5661 constituimus,
1114 5612 1382 5653 revertere
1455 5602 1668 5654 l'aciant.
1724 5602 1975 5655 Volumus

406 5670 549 5723 enim
580 5684 633 5723 ut
665 5673 919 5739 ingenuos
964 5687 1099 5738 illius
1132 5672 1352 5723 l'ccuuus
1383 5683 1466 5722 aut
1507 5673 1555 5723 iii
1586 5683 1735 5724 antea
1784 5672 1972 5724 feceri—

408 5755 543 5805 mus,
589 5744 982 5811 quanticunque
1033 5742 1083 5794 in
1136 5742 1244 5807 ipsa
1301 5745 1413 5793 loca
1471 5752 1684 5795 manent
1720 5744 1857 5810 quod
1910 5742 1973 5794 ad

360 5823 583 5866 ‘saircta
634 5816 853 5868 ecclesia
915 5815 999 5868 illa
1057 5812 1440 5879 delegavimus,
1504 5814 1735 5880 inspecta
1791 5828 1975 5866 eorum

2124 1884 2339 1945 majore,
2367 1884 2648 1939 mobilibus
2676 1900 2728 1941 et
2750 1884 3125 1955 immobilibus,
3147 1884 3358 1945 omnem
3388 1908 3496 1945 rem
3527 1893 3668 1947 inex-

2122 1956 2387 2030 nqn'isnam,
2422 1966 2526 2006 tam
2567 1972 2752 2010 anrnrn
2780 1976 2937 2025 quam
2986 1970 3203 2028 argento
3234 1971 3313 2015 vel
3346 1964 3571 2030 reliquas
3601 1965 3667 2014 la-

2119 2020 2431 2083 briciitnras,
2489 2039 2591 2077 tarn
2624 2020 2913 2082 ministeria
2964 2020 3203 2084 ecclesia:
3253 2034 3333 2084 vel
3388 2020 3664 2085 stramenta

2116 2091 2440 2170 chartarum,
2489 2096 2662 2170 libros
2682 2100 2760 2170 vel
2796 2101 3109 2153 vestimenta
3138 2103 3401 2163 ecclesiae,
3436 2105 3511 2155 vel
3537 2107 3663 2155 omni

2117 2167 2362 2238 praesidio
2391 2167 2527 2238 quod
2578 2168 2704 2219 milii
2737 2170 2939 2238 legibus
2978 2169 3157 2222 vivens
3198 2174 3469 2237 possidere
3496 2173 3665 2227 videor

2114 2241 2166 2281 et
2216 2232 2341 2284 mliti
2395 2234 2683 2301 redibetur,
2717 2250 2768 2289 et
2792 2232 3058 2307 'quicquid
3112 2232 3215 2294 dici
3272 2251 3364 2293 aut
3417 2243 3662 2295 nominari

2117 2310 2309 2375 potest,
2340 2310 2505 2377 totum
2549 2318 2601 2359 et
2628 2310 2689 2359 ad
2737 2308 2999 2377 integrum
3031 2310 3095 2361 ad
3120 2312 3373 2375 jamdicto
3404 2321 3662 2364 monaste-

2114 2372 2193 2447 rio
2222 2372 2394 2447 sancti
2426 2374 2563 2426 illius
2611 2372 2957 2442 prolicrat'ad
3017 2372 3381 2445 augmentum,
3437 2386 3661 2447 insiiecto

2114 2438 2238 2517 illud
2269 2450 2564 2517 struiiieuto
2595 2438 2731 2511 quod
2764 2458 2915 2500 antea
2947 2451 3008 2499 ad
3048 2438 3301 2515 jiiudicto
3353 2438 3662 2504 riioriasterio

2113 2506 2349 2565 fecimus.
2382 2510 2579 2565 Praeter
2613 2506 2711 2567 ista
2740 2520 2915 2568 omnia
2963 2506 3296 2571 re-ervamus
3345 2520 3392 2571 in
3447 2522 3660 2574 Falcidian

2112 2577 2401 2656 heredibus
2426 2585 2620 2637 nostris
2654 2587 2804 2640 villas
2835 2588 2949 2640 illas
2994 2588 3045 2638 iu
3078 2605 3207 2655 pago
3239 2591 3347 2651 illo,
3391 2591 3438 2642 in
3486 2606 3544 2642 ea
3586 2607 3661 2643 ην

2112 2653 2252 2701 tione
2285 2659 2340 2701 ut
2384 2653 2515 2704 l'aeta
2550 2670 2662 2707 mea
2712 2657 2762 2707 in
2803 2659 3047 2710 omnibus
3076 2653 3323 2711 studeant
3354 2676 3661 2714 conservare

2108 2727 2263 2798 atque
2292 2721 2597 2798 defendere.
2648 2728 2796 2789 Quod
2852 2730 2894 2780 si
2952 2732 3050 2780 hoc
3100 2732 3273 2781 lacere
3322 2732 3657 2797 neglexerint,

2107 2792 2357 2865 quicquid
2390 2793 2871 2865 geisdeputavinrus
2904 2802 3143 2865 perdant,
3194 2811 3247 2850 et
3276 2801 3343 2851 de
3380 2792 3519 2852 nurui
3551 2816 3659 2851 enr-

2111 2875 2237 2937 pnre
2266 2862 2526 2937 l'arzriltatis
2559 2882 2689 2918 mea:
2737 2862 2945 2934 penitus
2978 2866 3264 2921 reddantur
3289 2874 3548 2922 extranei.
3599 2874 3658 2921 Ει

2106 2943 2145 2977 si
2175 2930 2371 2997 aliquid
2402 2930 2798 2999 comparavere,
2831 2947 2919 2989 aut
2960 2953 3023 2991 ex
3056 2940 3353 3002 parentibus
3386 2944 3509 2991 meis
3537 2944 3658 2993 milii

2104 3002 2401 3077 obvenerit,
2433 3006 2515 3056 vel
2555 3006 2855 3077 adtraxero,
2906 3010 2985 3059 vi-l
3036 3024 3129 3073 per
3167 3011 3402 3075 quolibet
3455 3013 3655 3077 ingenio

2102 3071 2164 3118 ad
2200 3084 2295 3120 nos
2350 3076 2663 3139 pervenerit,
2714 3078 2853 3143 quod
2906 3080 2955 3128 in
3010 3071 3123 3143 ipso
3157 3071 3473 3132 testamento
3503 3071 3650 3145 supra

2106 3154 2207 3189 iiou
2266 3150 2825 3209 commemoravimus,
2889 3159 3004 3213 post
3078 3163 3317 3200 nostrum
3374 3150 3652 3202 discessum

2103 3224 2229 3288 easa
2257 3216 2421 3288 sancti
2454 3214 2624 3288 illius
2650 3232 2740 3283 per
2785 3231 3017 3288 recurres
3050 3233 3172 3270 suos
3206 3220 3426 3288 recipiat
3467 3236 3650 3287 perpe-

2104 3282 2318 3332 tualiter
2350 3284 2414 3333 ad
2452 3286 2847 3349 possrdendum.
2886 3286 2984 3341 Per
3028 3282 3342 3352 praiseuteu'i
3372 3282 3649 3344 testamen-

2103 3358 2211 3402 tum
2246 3352 2511 3424 basilicam
2541 3368 2706 3409 sancti
2758 3359 2897 3410 illius
2945 3362 3193 3411 heredem
3224 3376 3394 3424 meum
3424 3363 3651 3423 instituo,

2100 3435 2149 3471 et
2179 3423 2424 3493 quicquid
2458 3426 2739 3493 unicuique
2767 3429 3033 3493 deputavi,
3070 3429 3188 3483 lidei
3224 3441 3325 3481 tua:
3354 3433 3647 3493 committo;

2098 3493 2216 3556 quia
2250 3492 2361 3543 liacc
2388 3495 2526 3560 quod
2558 3492 2941 3563 tibideputavi,
2976 3500 3116 3549 male
3167 3508 3219 3551 te
3264 3500 3455 3552 habere
3503 3492 3650 3565 quam

2099 3576 2204 3636 ine,
2252 3565 2495 3636 remugis
2525 3579 2679 3636 quam
2710 3569 2918 3620 cra-teris
2949 3566 3232 3621 lieiedibu‘s
3269 3584 3330 3623 ac
3356 3570 3652 3636 prolieredi-

2097 3628 2193 3707 bus
2225 3634 2374 3707 meis.
2487 3628 2605 3703 quis
2631 3652 2775 3701 vero,
2801 3637 2936 3705 quod
2962 3639 3192 3691 futurum
3217 3654 3335 3692 esse
3355 3628 3453 3692 iion
3477 3640 3647 3701 credo.

2094 3706 2137 3751 si
2170 3706 2369 3780 aliquis
2423 3706 2672 3780 heredum
2731 3723 2815 3761 ac.
2850 3710 3203 3776 proliereduiu
3257 3724 3513 3769 uicorum.
3569 3714 3644 3763 vel

2093 3774 2343 3837 quislibet
2370 3778 2605 3841 opposita
2655 3774 2877 3845 persona
2914 3792 3230 3843 praesentem
3282 3791 3643 3833 testamentum

2094 3855 2264 3918 meum
2318 3848 2917 3918 inlraugere‘conaverit
2951 3852 3029 3900 vel
3065 3862 3267 3903 tentare
3309 3866 3645 3918 prtesuuipsc-

2093 3920 2183 3973 rit,
2249 3914 2297 3965 in
2359 3906 2541 3981 primis
2592 3906 2757 3984 thque
2809 3918 2935 3970 dum
2984 3934 3161 3971 veram
3231 3906 3642 3973 eni'endaiioiiern

2093 3984 2312 4055 proinde
2336 3988 2649 4051 eorrigatur,
2688 3989 2795 4041 Deo
2822 3997 2876 4042 et
2901 3992 3097 4055 sanctis
3130 3989 3243 4043 suis
3288 3990 3471 4043 habeat
3519 4006 3643 4045 con-

2093 4053 2303 4114 trarios,
2332 4062 2386 4107 et
2414 4072 2441 4104 a
2492 4058 2762 4111 liminibus
2802 4053 3148 4113 ecclesiarum
3189 4060 3446 4112 etliCratur
3474 4071 3642 4113 extra-

2090 4135 2240 4197 netis,
2266 4134 2322 4197 et
2368 4127 2579 4195 insuper
2612 4129 2800 4182 inierat
2844 4130 2893 4182 ei
2943 4133 3027 4181 cui
3077 4130 3362 4197 pulsaverit
3395 4145 3490 4183 uua
3518 4147 3634 4185 cum

2088 4194 2231 4245 socio
2256 4196 2383 4248 lisco
2413 4213 2542 4248 auro
2569 4198 2728 4251 libras
2757 4211 2969 4253 coactus
3010 4194 3271 4264 exsolvat,
3298 4210 3349 4253 et
3377 4202 3633 4254 nihilomi-

2088 4278 2187 4315 nus
2215 4280 2445 4329 praesens
2473 4267 2657 4335 pagina
2704 4268 2855 4329 lirma
2905 4280 3227 4337 permaneat,
3273 4287 3426 4337 quam
3482 4288 3637 4323 manu

2088 4348 2217 4408 mea
2256 4337 2464 4401 propria
2493 4339 2675 4391 subter
2715 4340 2941 4408 lirruavi,
2972 4350 3025 4393 et
3064 4341 3317 4392 bonorum
3370 4342 3631 4393 hominum

2086 4403 2250 4477 signis
2282 4408 2361 4456 Vel
2389 4408 2786 4475 allegationibus
2814 4403 3164 4465 roburattdam
3194 4411 3426 4473 deoi‘evi,
3471 4412 3630 4477 stipu-

2089 4474 2307 4529 latone.
2338 4478 2527 4530 Actum
2558 4480 2674 4533 loco
2706 4481 2815 4534 illo.

2119 4588 2309 4643 XXIX.
2351 4588 2483 4643 Item
2508 4592 2655 4645 aliud
2683 4601 3034 4646 testamentum
3062 4592 3130 4644 ad
3158 4593 3324 4646 locum
3352 4604 3597 4646 sanctum.

2149 4683 2313 4717 "*""
2358 4698 2572 4737 mansos
2620 4692 2673 4738 et
2717 4683 2985 4753 peculiare
3031 4699 3124 4738 seu
3175 4686 3362 4737 merita
3409 4699 3627 4749 eorum,

2082 4764 2272 4821 praster
2305 4762 2505 4805 tantum
2538 4754 2624 4807 illa
2654 4763 2706 4807 et
2734 4754 2819 4807 illa
2854 4757 2986 4819 loca,
3019 4756 3082 4806 ad
3116 4754 3381 4822 legitimos
3409 4754 3625 4807 heredes

2080 4837 2256 4877 servo.
2312 4824 2363 4876 In
2397 4826 2600 4892 reliquo
2629 4837 2756 4879 vero
2792 4840 2891 4894 ego
2915 4826 3199 4891 jamdictus
3248 4824 3340 4877 ille
3385 4835 3625 4891 quanturu

2078 4895 2321 4960 superius
2351 4905 2430 4947 est
2462 4898 2714 4949 iuserturn
2749 4898 2828 4947 vel
2857 4895 3337 4961 comprehensum,
3378 4896 3544 4946 omnia
3574 4904 3628 4946 et

2079 4965 2130 5017 in
2176 4964 2460 5029 omnibus,
2505 4966 2752 5034 quicquid
2783 4966 2888 5017 dici
2914 4974 2971 5017 et
3002 4965 3264 5017 nominari
3309 4971 3514 5032 potest,
3560 4965 3623 5015 ad

2078 5035 2436 5102 Sltpraecripto
2485 5034 2803 5088 monasterio
2853 5034 3073 5103 ejusque
3118 5037 3525 5102 congregatione
3575 5038 3623 5087 in

2077 5104 2327 5156 alnneutn
2356 5119 2448 5157 seu
2478 5108 2530 5157 in
2563 5105 2820 5171 stipendia
2867 5119 2960 5159 seu
3006 5105 3297 5157 substantia
3343 5118 3619 5172 pauperum

2075 5177 2141 5227 ad
2187 5175 2271 5227 die
2316 5184 2572 5241 prteseute
2609 5178 2772 5240 dono,
2820 5176 2977 5237 cedo,
3028 5174 3198 5237 trado,
3250 5181 3412 5243 atque
3458 5186 3620 5229 trans-

2078 5246 2263 5309 luurlo,
2286 5256 2338 5295 ut
2364 5246 2607 5312 quicquid
2637 5246 2813 5299 omnia
2840 5252 3296 5313 supermemorata
3323 5259 3443 5313 pars
3466 5243 3619 5310 ipsius

2080 5314 2383 5367 nionastcrii
2410 5314 2630 5383 ejusque
2654 5327 2884 5369 rectores
2912 5316 3085 5369 facere
3106 5314 3388 5383 elegerint,
3414 5313 3617 5383 liberam

2078 5398 2131 5439 et
2161 5384 2515 5437 ﬁrmissimam
2546 5381 2610 5437 ἰιι
2653 5385 2897 5439 omnibus
2940 5386 3166 5438 habeant
3200 5381 3516 5452 potestatem
3555 5381 3619 5434 li-
3698 5430 3715 5443 ,

2079 5457 2205 5508 bero
2230 5456 2471 5511 arbitrio.
2521 5456 2671 5509 Licet
2697 5470 2824 5509 vero
2854 5454 2905 5509 in
2936 5454 3270 5509 cessionibus
3302 5452 3517 5509 minime
3538 5460 3619 5505 est

2081 5539 2297 5578 necesse
2325 5540 2531 5592 poenam
2564 5527 2829 5589 inserere,
2882 5526 2975 5580 sed
3016 5534 3189 5578 tamen
3231 5539 3326 5591 pro
3365 5524 3439 5577 rei
3470 5530 3618 5592 totius

2080 5587 2481 5648 luminare-uidit
2513 5587 2830 5664 complacuit
2862 5598 3106 5649 intimare
3152 5594 3195 5646 si
3233 5587 3404 5649 luerit
3425 5634 3441 5659 ,
3472 5587 3619 5664 quo}!

2080 5679 2179 5734 nec
2206 5664 2316 5716 lieri
2347 5666 2527 5727 credo,
2559 5660 2650 5718 aut
2677 5681 2776 5734 ego
2809 5669 2937 5733 ipse,
2964 5664 3105 5731 quod
3136 5664 3294 5728 absit,
3318 5672 3409 5717 aut
3438 5660 3635 5734 aliquis

2081 5733 2147 5788 de
2181 5735 2467 5800 herediqu
2496 5746 2585 5788 aut
2618 5731 3001 5803 proberedibus
3042 5734 3173 5789 meis
3196 5772 3213 5795 ,
3263 5736 3342 5787 vel
3383 5731 3619 5801 quislibet

2082 5816 2267 5873 potens
2305 5816 2394 5859 aut
2422 5807 2648 5862 .inleiior
2695 5808 2777 5861 vel
2804 5808 2999 5862 emissa
3043 5820 3269 5874 persona
3315 5805 3402 5871 qui
3446 5810 3616 5857 contra
