3848 6234
517 365 613 417 871

1456 361 1545 414 AD
1585 358 1923 415 MARCULFI
1962 358 2330 417 FORMULAS
2369 361 2729 417 APPENDIX.

3584 371 3678 428 872

519 476 744 552 nationis
784 474 953 552 _.lod:e
1000 472 1280 541 proditoris
1326 470 1579 526 incurrat.
1652 473 1799 536 Quod
1852 472 2065 552 privile-
2094 474 2141 530 Λ
2171 473 2309 552 l’ctri
2332 490 2540 543 quoque
2566 474 2919 552 apostolorum
2947 474 3205 552 principis
3244 475 3456 543 primam
3505 492 3552 544 ιι,
3594 490 3701 552 qm'

519 549 662 613 gium
695 556 751 599 ut
784 546 833 599 in
867 556 1120 611 perpetuo
1151 552 1386 610 tempore
1425 555 1801 608 conservetur,
1850 542 2069 609 stipula-

521 619 666 670 tione
694 616 938 678 subnixa,
973 628 1128 667 manu
1164 613 1392 681 preptia.

523 706 754 765 XXXIX.
802 706 864 759 In
892 703 983 758 Dei
1014 707 1232 758 nomine.
1263 703 1681 771 lncipitepistola
1707 718 1819 771 qua:
1848 702 2070 769 formata

915 777 1100 829 dicitur
1126 776 1229 827 sive
1250 774 1672 827 contmendatitia.

592 868 1037 925 lteverentissimo
1081 878 1239 935 atque
1284 865 1711 935 religiosi'ssimm
1729 876 1780 917 et
1840 880 1869 918 a
1918 866 2069 923 nobis

516 953 636 994 cum
682 955 886 993 stnnma
933 934 1267 992 veneratione
1314 936 1660 1004 nuncupanda
1700 934 1772 988 illi
1820 936 2069 1004 episcopo

518 1025 617 1078 ego
641 1010 728 1063 ille
757 1018 1024 1062 extremus
1050 1008 1148 1078 sub
1177 1006 1459 1078 pontificali
1483 1003 1787 1078 ol'ficioADeo
1810 1003 2070 1057 famulan-
2133 1033 2141 1045 ι

520 1075 648 1131 ιὶῐιιη
671 1089 973 1146 perpetuam
999 1078 1048 1129 in
1082 1076 1299 1129 Domino
1315 1075 1435 1130 Iesu
1459 1085 1582 1142 opto
1604 1076 1846 1146 salutem.
1880 1083 1905 1109 ι
1922 1084 2064 1146 jrrA.

518 1159 635 1203 ΤΑΔ
662 1143 781 1203 AM.
817 1162 1001 1200 nuxv.
1035 1147 1271 1199 Praesens
1305 1146 1467 1198 frater
1502 1156 1679 1197 noster
1717 1144 1804 1196 ille
1832 1143 1977 1207 petiit
2003 1146 2069 1195 ab

519 1222 850 1270 extremitate
880 1227 1059 1269 nostra
1106 1215 1366 1268 licentiam
1415 1214 1479 1265 ad
1525 1212 2065 1266 vestramalmitatein

521 1287 906 1353 proliciscendi,
934 1295 1089 1352 atque
1114 1286 1380 1339 vobiscum
1412 1285 1524 1336 sive
1554 1298 1670 1353 cum
1704 1285 1887 1334 vestris
1910 1282 2065 1353 habi-

522 1351 688 1412 iandi.
728 1355 823 1409 Cui
848 1366 901 1409 et
932 1351 1026 1407 nos
1054 1354 1289 1407 benivola
1320 1361 1495 1406 mente
1517 1360 1567 1406 et
1590 1352 1822 1406 fraterno
1851 1351 2062 1419 allecto,

521 1440 624 1479 non
655 1426 823 1479 solum
870 1426 918 1479 ei
960 1425 1162 1489 copiam
1210 1423 1273 1476 ad
1325 1437 1418 1476 vos
1440 1421 1681 1475 veniendi
1716 1437 1815 1474 non
1850 1424 2064 1487 negavi-

520 1511 658 1559 mus,
689 1511 865 1548 verum
893 1496 1048 1547 etiam
1078 1504 1133 1547 ut
1177 1508 1205 1545 a
1242 1492 1390 1545 vobis
1418 1491 1528 1545 sive
1554 1506 1583 1544 a
1612 1492 1799 1544 vestris
1822 1490 2066 1557 gratifice

519 1566 834 1630 suscipiatur
860 1563 1211 1629 esposcimos.
1256 1562 1322 1615 Et
1366 1562 1409 1613 si
1441 1561 1586 1612 vobis
1619 1562 1867 1628 placuerit
1898 1570 1949 1611 ut
1976 1570 2067 1613 aut

518 1637 569 1687 in
616 1629 779 1703 gradu
822 1650 976 1703 quem
1008 1632 1189 1703 modo
1241 1640 1384 1703 tenet
1428 1630 1590 1683 sacris
1632 1629 1883 1681 altaribus
1911 1630 2067 1683 mini-

517 1700 669 1767 stret,
699 1710 788 1756 aut
831 1700 896 1756 ad
925 1702 1166 1754 altiorem
1211 1700 1427 1769 gradum
1458 1709 1849 1769 prcoioveatur,
1886 1708 2066 1752 nostro

518 1775 633 1825 sive
661 1782 955 1826 nostrorum
1001 1768 1353 1841 [vestrof’sive
1406 1768 1717 1841 vestrorum]
1762 1769 2064 1841 testimonio

517 1853 782 1908 suscepto,
810 1841 859 1893 id
888 1841 934 1894 ei
971 1836 1141 1909 facere
1189 1838 1375 1903 liceat;
1427 1838 1616 1907 quippe
1644 1836 1729 1905 qui
1762 1836 1885 1891 nihil
1918 1838 1967 1890 in
1999 1855 2062 1891 eo

519 1913 623 1964 tale
653 1915 949 1965 noverimus
978 1908 1080 1976 quo
1111 1908 1159 1960 id
1194 1909 1411 1963 faciendi
1440 1910 1487 1961 ei
1520 1911 1723 1961 licentia
1754 1908 2061 1973 denegatur.

521 1980 660 2035 liene
701 1995 922 2047 namque
971 1981 1021 2032 in
1064 1980 1284 2032 ecclesia
1317 1980 1366 2030 in
1396 1994 1495 2045 qua
1527 1978 1779 2031 hactenus
1813 1976 1907 2027 fuit
1936 1977 2064 2028 edu-

516 2064 665 2102 catus
691 2090 703 2107 .
755 2053 885 2103 bene
913 2060 1252 2103 conversatus
1280 2088 1294 2111 ,
1342 2048 1441 2101 hoc
1484 2048 1633 2099 nobis
1663 2047 1729 2099 de
1767 2059 1823 2097 se
1861 2048 1970 2098 sive
1998 2048 2063 2099 de

518 2135 610 2172 sua
642 2121 745 2172 vita
778 2120 1046 2183 ostendit,
1096 2130 1151 2170 ut
1195 2119 1244 2169 in
1278 2123 1527 2184 quantum
1562 2117 1783 2168 humana
1814 2113 2062 2181 fragilitas

519 2189 659 2242 seire
687 2199 879 2254 potest,
930 2188 1384 2239 administratione
1428 2198 1693 2237 sacrorum
1738 2184 2059 2237 ministerio-

522 2272 636 2309 rum
670 2272 771 2308 oon
800 2259 865 2309 sit
898 2258 1156 2322 imliguus.
1231 2254 1335 2307 Nos
1363 2257 1558 2321 itaque,
1586 2264 1640 2306 ut
1667 2254 1906 2307 homines
1930 2254 2063 2307 divi~

522 2328 571 2376 ni
604 2340 789 2378 sensus
817 2326 985 2387 inscii,
1013 2321 1067 2376 et
1095 2339 1403 2377 arcanorum
1435 2324 1596 2390 ignai
1623 2364 1636 2383 ,
1673 2323 1967 2389 prabemus
1996 2321 2062 2375 de

523 2396 681 2448 fratre
732 2396 883 2462 quale
931 2396 1123 2447 scimus
1168 2393 1541 2447 testiinonium.
1620 2393 1754 2456 Deus
1798 2400 1879 2443 est
1922 2393 2060 2443 enim

518 2480 672 2531 quem
720 2466 920 2517 occulta
968 2478 1069 2516 non
1115 2465 1315 2521 lallunt.
1362 2470 1416 2514 et
1456 2464 1542 2528 qui
1577 2463 1839 2531 omniom_
1861 2470 2061 2513 secreta

522 2526 763 2595 rimatur,
792 2533 939 2601 juxta
972 2533 1095 2601 illud
1122 2549 1135 2582 :
1165 2531 1333 2583 Homo
1362 2526 1490 2601 uidel
1519 2533 1567 2580 in
1601 2531 1758 2601 facie,
1802 2526 1939 2580 Deus
1968 2545 2064 2581 au—

521 2612 616 2654 tem
661 2606 710 2654 in
748 2598 895 2653 corde
942 2602 989 2669 (I
1026 2600 1151 2668 Reg.
1185 2600 1319 2663 ινι).
1368 2598 1473 2669 llas
1510 2606 1635 2664 ergo
1664 2599 1918 2669 litterulas
1947 2602 2062 2652 idco

520 2674 591 2722 illi
640 2683 815 2736 petere
851 2681 903 2721 et
952 2666 1108 2722 nobis
1148 2670 1315 2721 facere
1348 2668 1497 2720 libuit
1534 2679 1587 2720 ιιι
1633 2670 1717 2721 ille
1750 2666 1859 2719 non
1889 2671 2057 2721 Snltlllt

523 2754 618 2804 pro
641 2743 857 2805 prologo
879 2748 969 2791 aut
1000 2738 1203 2807 ahjecto
1232 2754 1333 2790 non
1364 2737 1636 2800 habeatur,
1680 2754 1855 2791 verum
1903 2738 2059 2792 etiam

525 2820 716 2862 nostra:
767 2810 1098 2861 humanitatis
1146 2820 1196 2861 et
1234 2810 1464 2859 raritatis
1507 2809 1980 2869 couitttendattone,
2030 2824 2059 2859 τι

524 2888 693 2930 vestra
727 2878 1053 2932 fraternitate
1102 2879 1441 2930 libentissime
1485 2878 1819 2940 suscipiatur.
1869 2872 2057 2931 Aluum.

528 2963 707 3001 scvut.
760 2948 912 3002 Salus
960 2958 1175 3007 aeterna,
1225 2961 1340 3011 qure
1386 2946 1622 2997 Christus
1664 2957 1761 3007 est,
1803 2947 1929 2997 etin
1961 2947 2060 3000 hoc

523 3020 766 3084 praesenti
798 3027 1033 3081 tempore
1058 3018 1204 3067 vobis
1242 3019 1527 3081 longmvam
1564 3016 1785 3065 salmem
1820 3024 1873 3065 et
1904 3020 1951 3065 in
1984 3016 2062 3068 fu-

526 3100 641 3137 turo
669 3102 785 3138 cum
833 3085 1026 3138 sanetis
1064 3095 1115 3137 et
1150 3086 1330 3137 eICCtis
1373 3085 1743 3152 sempiternam
1774 3084 1953 3152 largiri
1981 3085 2060 3138 di-

525 3166 729 3221 gnetur.
773 3161 959 3207 Amen.
987 3168 1199 3207 ncscnv.

1082 3262 1189 3316 XL.
1234 3260 1359 3315 Item
1386 3261 1510 3317 alia.

596 3377 649 3429 In
682 3376 891 3429 nomine
924 3374 1089 3437 Patris
1121 3386 1156 3427 Π
1185 3384 1238 3427 et
1266 3373 1380 3427 Filii
1414 3384 1451 3428 Υ
1480 3380 1534 3425 et
1560 3371 1783 3436 Spiritus
1804 3373 1977 3433 sancti
2007 3384 2064 3428 Α.

528 3448 617 3499 Illo
641 3447 916 3511 cpiscopus
943 3446 1322 3497 venerabitibus
1368 3444 1672 3509 praesulibus
1724 3444 1824 3494 illis
1848 3444 2066 3494 carissi-

528 3518 626 3567 mis
658 3510 806 3567 nobis
835 3512 1067 3581 patribus
1108 3523 1160 3565 et
1192 3510 1538 3563 confratribus
1566 3525 1745 3577 pacem
1776 3526 1997 3581 omnem
2017 3522 2070 3563 et

524 3586 747 3636 saluti-ni
775 3586 1162 3648 sempiternam.
1227 3581 1509 3632 Audientes
1544 3588 1856 3645 praesentem
1893 3580 2068 3631 eccle-

524 3656 617 3719 siae
646 3661 838 3707 nostra:
882 3652 1043 3703 lilium
1077 3649 1255 3713 illum,
1306 3650 1354 3701 in
1405 3648 1589 3701 eadem
1618 3662 1825 3719 quoque
1866 3657 2066 3719 natum,

529 3716 780 3777 nutritum
810 3764 823 3786 ,
869 3733 1025 3788 atque
1055 3722 1315 3772 eruditum
1340 3758 1356 3781 ,
1400 3726 1453 3770 et
1484 3732 1646 3783 usque
1677 3716 1727 3769 in
1762 3718 2067 3785 presbyterii

526 3796 832 3861 dignitatem
889 3806 916 3843 a
963 3802 1141 3842 nostro
1180 3803 1495 3861 praecessore
1543 3798 1873 3861 provccmm,
1924 3788 2071 3840 vobis

529 3858 820 3929 ve'stra‘qoe
864 3860 1096 3911 ecclesias
1127 3859 1476 3929 necessmiuin
1507 3871 1629 3929 (ξδιιιξΔ
1650 3869 1700 3906 et
1721 3858 1929 3929 utili-in,
1956 3873 2071 3907 llttl-

531 3944 615 3982 tua
647 3926 863 3981 raritate
886 3940 939 3980 et
960 3930 1185 3979 fraterna
1212 3927 1573 3987 compassione
1602 3926 1926 3976 destinamus
1952 3939 2070 3976 eum

528 4009 715 4052 vestra:
748 3996 1045 4063 paternitati
1072 4035 1085 4057 ,
1134 4005 1189 4045 ut
1235 3994 1284 4046 in
1333 3993 1595 4053 ommbns,
1622 3995 1756 4063 sicut
1784 4008 1845 4045 ex
1880 3993 2072 4063 vestris

531 4085 655 4134 uno,
710 4061 799 4120 illo
841 4080 1051 4134 quoque
1088 4062 1301 4115 utamini
1333 4063 1385 4114 in
1419 4062 1648 4121 Christo,
1692 4061 1790 4113 hoc
1821 4061 2069 4134 scientes,

525 4133 647 4206 quia
676 4133 870 4189 nullius
896 4140 1043 4187 malae
1087 4136 1239 4206 fama:
1287 4134 1419 4199 apud
1444 4146 1545 4206 nos
1589 4133 2069 4206 usquenuncfnit,

529 4201 633 4260 vita
685 4210 972 4265 honestus,
1025 4204 1256 4255 moribus
1303 4202 1543 4266 Simplex.
1586 4201 1815 4253 Scientia
1859 4201 2069 4266 quidem

529 4294 631 4330 non
673 4276 943 4328 extollitur
995 4289 1023 4324 a
1075 4274 1260 4325 nobis:
1303 4273 1423 4337 quia
1455 4284 1550 4322 nec
1579 4280 1747 4336 potest
1774 4269 2067 4331 Homerica,

528 4346 641 4406 scd,
674 4356 724 4395 ut
764 4345 833 4394 ita
859 4344 1111 4403 dicamus,
1145 4349 1201 4391 ut
1233 4344 1279 4392 in
1310 4341 1543 4404 pluribus
1584 4354 1684 4389 non
1716 4338 1954 4390 civilibus
1979 4340 2069 4389 sed

529 4414 883 4468 exterioribus
918 4412 1072 4476 volgo
1106 4411 1338 4475 egooica.
1386 4409 1449 4460 Et
1472 4407 1589 4475 quia
1623 4422 1725 4459 non
1747 4406 1909 4457 divisa
1933 4449 1946 4471 ,
1980 4409 2067 4459 Sed

530 4486 678 4537 unica
706 4491 787 4535 est
814 4480 1045 4533 Ecclesia
1072 4478 1284 4538 Christi,
1321 4493 1423 4527 non
1452 4476 1803 4538 multiformis,
1832 4477 1922 4528 sed
1945 4492 2067 4529 con-
2107 4477 2153 4535 D

529 4572 667 4615 curs.
698 4553 832 4605 inter
882 4565 973 4601 nos
1016 4550 1169 4600 etiam
1197 4546 1431 4614 quaedam
1464 4545 1787 4596 familiaritas
1814 4560 1917 4609 pro:
1948 4548 2066 4599 aliis

530 4620 961 4675 lamiltaritatibus
990 4618 1213 4670 animata
1237 4658 1249 4677 ,
1283 4616 1435 4667 decet
1454 4618 1668 4665 omnino
1695 4625 1819 4665 utet
1842 4630 1931 4666 vos
1954 4625 2068 4667 tita-

531 4694 655 4745 tniui
680 4692 869 4742 nostris
897 4703 946 4739 ut
966 4688 1170 4747 vestris,
1203 4698 1250 4739 et
1284 4700 1377 4755 nos
1392 4684 1586 4755 vestris
1610 4693 1662 4732 ut
1691 4684 1901 4755 nostris.
1946 4682 2069 4737 llaec

530 4763 699 4813 omnia
730 4758 950 4810 invicem
964 4772 1174 4824 agamus
1197 4773 1243 4806 ιιι
1268 4752 1476 4807 Christo
1497 4752 1616 4824 Iesu
1635 4752 1848 4824 Dutnino
1865 4762 2065 4805 nostro.

534 4834 597 4883 Et
625 4840 679 4882 ut
710 4829 787 4881 ita:
820 4821 1019 4878 nostra;
1039 4826 1339 4877 humilitatis
1365 4826 1549 4875 littera:
1570 4823 1634 4873 de
1669 4821 1882 4888 praefato
1909 4823 2069 4875 lratt'e

535 4908 717 4951 vesti-zt-
733 4896 935 4949 caritati
952 4895 1124 4945 missa:
1142 4910 1242 4945 non
1265 4894 1415 4955 fit-tte,
1439 4894 1529 4944 sed
1546 4892 1678 4953 lixa),
1698 4905 1797 4943 non
1816 4904 2065 4953 ventosae,

534 4970 624 5018 sed
656 4972 835 5029 tirone,
866 4963 1145 5030 eomperiri
1196 4964 1426 5025 valeant,
1471 4960 1681 5013 Cra-eos
1710 4966 1905 5026 apices,
1939 4973 2071 5030 quos

536 5036 923 5087 ecclesiasticus
954 5029 1067 5085 nios
1115 5031 1165 5081 in
1210 5030 1499 5096 Itnjtlsniodt
1531 5031 1682 5081 rebus
1724 5030 1941 5093 agendis
1982 5029 2069 5078 de-

536 5105 732 5165 crevit,
776 5102 1061 5162 constituit,
1110 5109 1161 5151 et
1208 5098 1459 5159 obtinuit,
1507 5099 1686 5149 subter
1727 5099 1923 5150 addere
1948 5110 2069 5147 cum

539 5187 766 5225 numeris
809 5171 873 5221 ad
929 5186 985 5222 se
1033 5168 1417 5239 pertinentibus
1461 5170 1669 5239 curiose
1717 5167 2066 5239 decrevimus,

538 5245 635 5294 hoc
663 5252 738 5293 est
762 5278 774 5301 .
822 5240 1015 5305 primos
1035 5234 1171 5304 'quos
1195 5237 1304 5305 jam
1335 5237 1573 5305 superius
1601 5234 1867 5305 posuimus
1904 5234 2070 5285 Patris

539 5324 591 5373 ιι,
629 5311 739 5363 Filii
772 5302 831 5370 1‘,
854 5302 1077 5374 Spiritus
1123 5302 1303 5374 sancti
1339 5314 1395 5368 Δ,
1436 5304 1535 5374 qui
1555 5302 1855 5368 exprimunt
1888 5317 2067 5374 nume-

540 5372 651 5433 tum
692 5372 1081 5444 octOgetiarium
1124 5372 1688 5443 quadringentisimum
1737 5381 1791 5423 et
1822 5372 2068 5437 primum,

609 5510 805 5591 "nliide
826 5505 1078 5560 l’ithmum
1105 5504 1155 5557 in
1178 5502 1440 5558 Glossario
1468 5503 1531 5555 ad
1553 5501 1745 5555 Julian.
1776 5478 2071 5567 Antecessi,

582 5614 591 5626 .
624 5576 745 5627 253.

543 5593 573 5644 ρ
613 5653 637 5688 ι»
676 5646 888 5711 Joseph,
924 5641 1345 5709 arciticpis'COptts
1376 5642 1713 5697 Turonensis.
1748 5640 1873 5695 Vide
1906 5641 2072 5696 Vitam

544 5718 764 5774 Alcumt,
796 5730 844 5779 ιι.
880 5713 937 5765 12
964 5717 1056 5765 bis.

2090 3134 2137 3195 C

2176 542 2339 615 habet
2358 559 2631 598 numerum
2654 583 2670 609 ,
2702 554 2757 597 ut
2791 544 2897 615 jam
2928 545 3123 615 dictum
3154 542 3269 611 est,
3301 542 3677 615 octogenariuiu.

2172 612 2343 691 Nostri
2391 614 2870 691 quoque_nominis
2917 614 3176 681 primam,
3227 612 3679 691 vestrisvecundam,

2170 684 2477 758 accipientis
2504 684 2732 747 tertiam,
2759 692 2950 737 nostra:
2973 699 3183 752 quoque
3198 684 3452 758 lcivitatis,
3498 692 3554 743 de
3586 684 3675 758 qui

2168 752 2433 828 scribitur,
2460 761 2734 828 quartato,
2782 762 2833 807 et
2877 763 3097 817 vestrae,
3145 753 3210 805 ad
3250 768 3403 819 quam
3445 752 3678 828 scribitur,

2170 822 2425 887 quintam,
2460 820 2760 875 indictionis
2804 837 3011 890 quoque
3068 829 3342 890 praesentis
3376 828 3489 878 anni
3517 820 3681 884 nume:

2171 905 2308 953 rum,
2332 899 2383 942 et
2406 906 2667 965 summam
2692 893 2959 965 utriusque
2983 895 3208 945 numeri.
3236 893 3543 965 ,Addidimns
3569 916 3676 965 pra--

2174 967 2316 1033 terea
2342 973 2581 1033 seorsum
2611 962 2660 1013 in
2689 962 3027 1015 conclusione
3056 964 3295 1029 epismla:
3320 965 3543 1017 universa
3566 962 3683 1033 pr..-

2172 1030 2297 1101 fata,
2329 1030 3073 1101 claudentesnonagenarium
3110 1041 3161 1085 et
3191 1047 3383 1085 nonum
3420 1030 3684 1101 numerum,

2169 1098 2254 1179 qui
2283 1099 2569 1179 secundum
2588 1171 2596 1179 _
2614 1100 3088 1179 Crtccaelementa
3110 1143 3150 1179 ,ι
3176 1101 3431 1179 significat
3456 1102 3622 1174 (Astus
3643 1098 3685 1179 ]ξ

2168 1172 2324 1221 Urate
2356 1184 2449 1237 pro
2478 1170 2630 1223 nobis
2653 1171 2921 1222 orantibus
2951 1185 3044 1236 pro
3069 1170 3239 1222 Vobis.
3272 1175 3457 1226 Amen.

2628 1258 2761 1312 XLI.
2801 1259 2933 1311 Item
2954 1259 3118 1313 adhuc
3138 1261 3258 1313 alia.

2236 1352 2550 1405 Clarissimo
2579 1352 2630 1405 in
2655 1349 2866 1404 Christo
2890 1360 3046 1413 atque
3076 1354 3413 1407 sanctissimo
3443 1354 3575 1410 fratri
3604 1360 3687 1413 illo

2166 1422 2415 1494 episcopo
2449 1423 2679 1494 itemque
2732 1422 2817 1475 ille
2874 1422 3119 1494 indignus
3177 1424 3587 1494 arcliiepiscOpus
3638 1432 3686 1483 in

2169 1492 2642 1565 llominosalutem
2681 1503 2845 1556 aptat.
2898 1492 3136 1565 Przesens
3171 1493 3401 1565 denique
3446 1492 3690 1565 presbyter

2168 1562 2255 1615 ille
2277 1561 2487 1614 nomine
2515 1560 2579 1613 ad
2610 1571 2843 1613 nostrain
2875 1562 3111 1627 confugit
3135 1560 3474 1630 exiguitatem
3496 1607 3509 1627 ,
3555 1560 3688 1619 nubi.-

2167 1646 2526 1684 rememorans
2598 1632 2823 1699 qualiter
2890 1640 3197 1684 antecessor
3263 1641 3443 1685 noster
3491 1636 3688 1688 domnus

2164 1699 2191 1737 ι)
2217 1700 2409 1766 Joseph
2458 1716 2576 1753 eum
2623 1700 2882 1753 ordinavit
2933 1715 3025 1765 per
3066 1701 3487 1766 deprecationem
3518 1701 3689 1757 Frede-

2171 1770 2266 1840 gisi
2294 1772 2498 1823 abbatis
2529 1770 2579 1822 in
2610 1771 2758 1840 titulo
2792 1768 2957 1820 sancti
2992 1769 3193 1821 Martini
3223 1772 3270 1820 in
3296 1770 3410 1822 villa
3442 1786 3549 1839 qote
3573 1775 3690 1827 dici-

2174 1839 2255 1891 tur
2285 1841 2368 1892 illa
2394 1878 2408 1899 ,
2456 1853 2506 1891 et
2538 1839 2821 1892 recordans
2848 1840 2983 1905 quod
3018 1854 3112 1889 nos
3150 1841 3197 1890 in
3244 1840 3357 1903 ipm
3386 1842 3467 1892 die
3492 1856 3588 1894 sine
3611 1860 3693 1895 or-

2164 1908 2450 1961 dinationis
2494 1923 2613 1961 eum
2662 1908 3042 1973 inquisivimus.
3105 1909 3225 1961 Ideo
3253 1909 3315 1960 ad
3352 1920 3566 1962 vestram
3598 1915 3686 1965 titi-

2165 1980 2327 2030 simus
2378 1978 2546 2045 ipsum
2584 1980 2917 2043 prudentiam
2947 2018 2959 2039 ,
3011 1990 3065 2030 ut
3118 1982 3165 2030 in
3207 1989 3377 2030 vestra
3415 1981 3483 2032 illi
3512 1981 3687 2034 licitum

2164 2048 2234 2099 sit
2263 2062 2413 2100 suum
2442 2062 2697 2115 peragere
2724 2048 2996 2115 parrochia
3040 2048 3300 2101 ofliciuin.
3343 2048 3407 2100 Et
3430 2062 3482 2100 ut
3515 2056 3690 2105 certius

2162 2118 2390 2169 credatis
2440 2132 2467 2169 a
2501 2118 2652 2173 nohis
2679 2117 2849 2179 ipsutn
2891 2118 3221 2180 ordinatum,
3256 2120 3389 2170 hanc
3419 2119 3687 2184 epistolam,

2160 2202 2322 2253 quam
2358 2186 2654 2239 Formatan
2685 2188 2935 2245 dicimus,
2964 2186 3326 2239 c0ncludimus
3359 2202 3420 2239 eo
3451 2198 3613 2242 tenore
3641 2207 3691 2242 ut

2160 2256 2425 2307 credimus
2470 2270 2498 2306 a
2549 2257 2743 2307 sanctis
2786 2256 3024 2306 I’nlrtbus
3072 2259 3418 2309 con~titutum
3464 2272 3600 2319 esse.
3644 2262 3690 2311 id

2164 2334 2265 2388 est,
2292 2325 2509 2391 primam
2535 2325 2757 2377 litteram
2782 2323 2951 2376 Patris
2972 2332 3025 2376 et
3047 2324 3162 2378 Filii
3189 2335 3243 2377 et
3269 2324 3489 2391 Spiritus
3519 2331 3689 2389 saneti,

2166 2405 2215 2445 nt
2252 2397 2303 2445 in
2333 2394 2542 2446 nomine
2584 2394 2744 2459 ipsius
2785 2394 2993 2446 condita
3034 2406 3399 2447 conservetur.
3452 2397 3566 2449 Item
3596 2401 3691 2463 pti—

2166 2478 2304 2515 mam
2336 2464 2562 2517 litteram
2596 2464 2735 2515 l'etri
2774 2464 3043 2527 ponimus,
3093 2468 3180 2531 qui
3225 2467 3423 2530 primos
3446 2469 3662 2533 apostolo

2164 2548 2278 2585 rum
2306 2534 2420 2594 luit,
2454 2548 2587 2601 quae,
2620 2544 2675 2584 ut
2706 2534 3089 2598 transtulimus,
3115 2548 3256 2586 Lxxx
3289 2536 3554 2599 signiﬁcat.
3596 2537 3687 2588 Po-

2166 2604 2337 2655 niuius
2379 2605 2442 2655 ad
2476 2614 2775 2655 nostrorum
2803 2604 3068 2656 nominum
3100 2604 3304 2655 litteras
3336 2605 3433 2657 loci
3465 2621 3686 2671 quamvis

2164 2674 2491 2725 diversorum
2518 2674 2704 2725 ordine
2734 2683 2906 2725 tamen
2940 2681 2994 2724 ut
3018 2674 3362 2726 constitutum
3392 2685 3489 2730 est.
3524 2675 3567 2726 id
3592 2688 3686 2733 est.

2166 2757 2248 2795 me
2277 2743 2543 2809 indignum
2568 2744 2788 2808 primaut
2819 2742 3067 2803 litteram,
3098 2744 3258 2794 vestri
3284 2744 3490 2810 gloriosi
3514 2758 3660 2794 secuo
3679 2775 3690 2782 ο

2164 2814 2307 2873 dant,
2341 2813 2544 2864 tertiam
2571 2812 2798 2863 civitatis
2831 2820 3023 2863 nostra:
3054 2814 3116 2865 de
3141 2827 3241 2878 qua
3277 2815 3511 2867 mittitur.
3541 2829 3687 2877 quar-

2166 2892 2269 2933 tam
2302 2890 2488 2934 vestra:
2512 2881 2655 2933 urbis
2686 2882 2749 2932 ad
2790 2895 2942 2946 qna-tt
2973 2881 3247 2934 mittimus.
3294 2881 3588 2933 Addiditnos
3617 2884 3689 2933 in-

2163 2952 2443 3001 dictionem
2497 2965 2615 3016 qua:
2661 2960 2741 3002 est
2765 2958 2942 3003 AMBN.
2994 2950 3140 3013 Quod
3184 2950 3575 3015 nonagenariuui
3603 2968 3689 3003 no-

2165 3035 2286 3071 nmn
2310 3033 2583 3071 numerum
2609 3020 2873 3082 exprimit.
2913 3017 3087 3071 Valete
3119 3020 3169 3069 in
3207 3018 3443 3071 Domino.

2598 3106 2753 3169 XLII.
2798 3106 2921 3159 Item
2960 3107 3129 3160 adhuc
3165 3111 3290 3162 alia.

2249 3208 2268 3235 ε
2306 3196 2749 3251 Reverentissimo
2786 3198 3129 3263 alrnillumqnc
3156 3199 3421 3267 religionis
3446 3199 3578 3250 Cultu
3600 3199 3696 3250 siu-

2168 3271 2441 3323 cerissimo
2468 3278 2662 3319 sancta:
2692 3269 2828 3319 illius
2856 3268 2997 3319 sedis
3024 3270 3419 3333 archiepiscopo
3468 3269 3540 3320 vel
3584 3270 3696 3332 epi-

2169 3352 2331 3403 scolio
2382 3338 2669 3390 Adventius
2720 3339 3019 3389 reverendae
3071 3339 3337 3388 Mettensis
3382 3337 3611 3387 lz'cclesiae
3640 3354 3693 3387 ac

2171 3411 2332 3473 plebis
2373 3408 2534 3470 ipsius
2582 3407 2790 3456 humilis
2832 3406 3053 3457 famulus
3099 3408 3147 3457 in
3190 3407 3399 3458 Christo
3444 3418 3690 3470 pastorum

2172 3475 2407 3542 principe
2438 3488 2732 3525 mansuram
2766 3488 2881 3525 com
2910 3475 3098 3541 gaudio
3131 3478 3487 3541 prosperitatzs
3511 3486 3561 3527 et
3589 3491 3691 3538 per-

2171 3545 2435 3611 petuitatis
2464 3544 2700 3610 gloriam.
2746 3542 2962 3596 Decreta
3003 3558 3301 3597 saneturnin
3341 3558 3569 3595 ercxvm
3608 3543 3692 3594 Pa-

2172 3624 2306 3666 trum
2357 3612 2522 3665 Nic:ea
2560 3614 2963 3665 constitutorum
3009 3613 3353 3666 saluberrima
3400 3622 3692 3666 servantes.

2173 3683 2283 3736 Deo
2306 3685 2511 3748 dignam
2538 3683 2775 3748 piamque
2808 3685 3185 3735 fraternitatem
3212 3693 3438 3735 vestram
3461 3684 3696 3734 canonice

2170 3754 2515 3821 aggredimur,
2548 3763 2598 3803 et
2627 3756 2723 3803 sub
2753 3752 2962 3803 nomine
3000 3752 3241 3804 formata:
3271 3754 3505 3821 epistola:
3540 3766 3685 3821 preve-

2172 3820 2348 3874 rentur
2378 3829 2603 3874 vestram
2633 3822 2958 3871 sanctitatem
2990 3822 3193 3872 adimus
3214 3859 3229 3882 ,
3279 3820 3426 3872 vobis
3470 3820 3695 3871 videlicet

2172 3890 2457 3941 intimando
2488 3889 2605 3955 quia
2644 3890 2886 3954 pl‘llBSCItli
2921 3893 3224 3956 presbytero
3253 3888 3331 3941 vel
3363 3890 3580 3941 diacono
3608 3904 3689 3939 seu

2172 3958 2491 4010 snbdiacono
2544 3956 2754 4009 nomine
2808 3958 2879 4007 ill.
2942 3960 3033 4009 Itas
3089 3957 3417 4009 tiillliSSUl‘iaS
3471 3958 3694 4009 dedimus

2172 4027 2407 4091 liztm'as,
2440 4041 2592 4092 quem
2626 4029 2675 4077 in
2707 4038 2881 4077 nostra
2911 4027 3107 4079 diocesi
3154 4027 3477 4079 ccclesisticc
3522 4025 3696 4078 edura-

2132 4139 2142 4145 .
2172 4105 2277 4148 tum
2308 4098 2371 4149 de
2401 4099 2583 4147 ordine
2612 4094 2890 4149 clericatus
2918 4098 2981 4148 ad
3018 4097 3159 4148 illum
3210 4110 3536 4161 provcxtmus
3579 4112 3688 4162 gra~

2172 4168 2293 4217 dum
2322 4183 2335 4229 ;
2372 4174 2425 4217 ut
2455 4166 2534 4217 his
2562 4164 2826 4216 canonicis
2872 4170 3102 4219 munitus
3146 4166 3416 4231 apicibus,
3446 4180 3558 4215 cum
3611 4179 3692 4214 no-

2172 4246 2277 4285 Mra
2309 4236 2514 4286 licentia
2543 4234 2590 4285 ei
2624 4234 2675 4285 in
2730 4244 2897 4286 vestra
2946 4236 3216 4301 parrochia
3259 4236 3355 4286 sub
3403 4232 3692 4285 delensiooe

2173 4319 2233 4357 ac
2264 4304 2518 4370 regimine
2544 4313 2724 4355 vestra:
2746 4318 2877 4356 cara.-
2901 4300 3195 4357 dilectionis
3231 4300 3420 4366 degere
3450 4302 3595 4353 liceat
3614 4342 3627 4363 ,
3647 4310 3694 4351 et

2175 4389 2223 4424 υι
2254 4387 2408 4431 eum,
2457 4374 2500 4424 si
2554 4388 2752 4425 morum
2803 4373 3036 4437 probitas
3087 4376 3141 4422 et
3186 4370 3436 4422 doctrina:
3481 4370 3693 4438 dignitas

2177 4444 2421 4509 suppetit,
2452 4442 2515 4493 ad
2548 4441 2931 4509 ecclesiasticos
2959 4438 3173 4492 Ordines
3205 4442 3546 4509 promoveatis
3577 4439 3691 4509 lide-

2179 4507 2296 4564 litet'
2328 4510 2640 4572 annuimus,
2674 4508 2803 4560 etin
2845 4511 2957 4559 sino
2998 4519 3193 4560 sancta:
3237 4510 3414 4560 matris
3464 4507 3696 4559 Ecclesia:

2172 4582 2420 4633 canonice
2489 4580 2772 4629 [utendum
2832 4592 2891 4628 ac
2950 4577 3232 4645 regendum
3304 4577 3689 4629 committimus.

2176 4651 2318 4701 Ilanc
2346 4663 2471 4713 ergo
2500 4648 2772 4709 epistolam
2802 4644 3233 4700 Grzcmsilitteris
3276 4647 3395 4696 hinc
3434 4646 3550 4696 inde
3597 4658 3694 4694 tnu-

2176 4722 2287 4767 nirc
2312 4717 2667 4780 decrevimus,
2702 4725 2752 4767 et
2780 4718 2937 4768 auqu
2986 4717 3233 4769 Ecclesia:
3274 4724 3466 4780 nostra:
3509 4714 3693 4763 buttarc

2174 4787 2493 4837 censuimus.
2527 4784 2763 4838 Clit-istos
2806 4797 3069 4850 pastorum
3116 4784 3358 4849 princeps
3403 4779 3723 4832 fraternus--

2178 4865 2277 4906 tem
2310 4866 2529 4907 vestram
2562 4858 2624 4905 ad
2658 4855 2946 4907 custodiam
2976 4853 3056 4905 sui
3085 4852 3259 4919 gregis
3290 4851 3376 4903 dtu
3408 4850 3560 4904 nobis
3584 4865 3694 4903 cou-

2173 4935 2345 4977 seert
2374 4924 2687 4977 incolumen.
2719 4926 2885 4975 Amen
2904 4925 2962 4989 pd.

2555 5012 2733 5065 XLIII.
2769 5011 3041 5077 Exemplar
3072 5010 3331 5063 libertatis.

2246 5103 2546 5155 Auctoritas
2580 5097 2934 5151 ecclesiastica
2977 5110 3211 5164 patenter
3239 5105 3536 5157 ammonet,
3568 5096 3697 5148 insn'

2175 5189 2265 5240 per
2296 5182 2349 5223 et
2378 5170 2622 5233 utajestas
2669 5182 2808 5235 regia
2849 5169 3120 5221 catholica:
3162 5165 3396 5240 religioni
3439 5179 3695 5240 assensum

2176 5234 2401 5310 praebet,
2432 5248 2485 5287 ut
2511 5252 2870 5303 (prementique
2896 5243 2960 5310 ad
2980 5250 3167 5310 sacros
3192 5236 3412 5310 ordines
3429 5249 3491 5287 es
3523 5234 3697 5307 familia

2177 5300 2395 5376 propria
2437 5300 2742 5371 proiiiovet'e
2789 5300 3025 5359 Ecclesia
3071 5319 3291 5376 qucque
3333 5304 3623 5376 delegerit.
3658 5300 3701 5349 in

2174 5374 2450 5447 prazsentia
2501 5378 2866 5437 sacerdotum,
2917 5374 3284 5427 canonicoruiu
3331 5374 3487 5425 simul
3530 5381 3591 5423 et
3624 5384 3701 5420 uo-

2246 5514 2267 5540 °
2305 5508 2390 5559 Ivo
2412 5547 2425 5569 ,
2458 5517 2591 5573 part.
2625 5523 2674 5560 Ix
2695 5547 2707 5569 ,
2738 5521 2852 5570 cap.
2886 5504 3009 5569 454,
3036 5504 3368 5569 Sirtnondus,
3397 5504 3565 5557 Cone.
3596 5500 3699 5555 Cal-

2177 5579 2257 5631 liae
2282 5616 2294 5629 .
2331 5587 2456 5628 tom.
2492 5577 2529 5629 Il
2552 5617 2564 5639 ,
2599 5594 2711 5641 pag.
2747 5574 2872 5626 679..

2248 5646 2268 5683 τ’
2311 5645 2435 5698 Vide
2462 5638 2795 5699 Sit'moudum
2825 5646 2874 5696 in
2907 5638 3038 5697 lianc
3067 5643 3345 5699 formatam
3373 5640 3664 5709 epistolam.
