3848 6234
487 309 590 364 835

1453 315 1537 365 At)
1563 293 1916 366 tuncet.“
1963 307 2326 364 manuus
2363 309 2701 364 screatus

3570 309 3663 360 εειι

487 448 597 484 rant
631 444 796 483 meam
822 427 1148 487 co-iiinemlu,
1177 427 1361 490 quibus
1390 427 1514 479 estis
1546 426 1834 491 plenissimi
1859 425 2017 479 visce-
2054 422 2100 478 Α
2135 430 2258 474 tunc
2285 422 2534 491 contigit;
2569 412 2688 475 nam
2712 425 2921 490 quando
2949 425 3096 476 nobis
3123 425 3305 477 eadem
3324 425 3503 479 domini
3527 429 3658 490 regis

487 503 631 552 rilius
677 497 1047 551 misericordia:
1088 508 1291 555 vestrm,
1322 503 1380 547 ut
1410 511 1634 549 veSiram
1667 498 1822 547 vitam
1851 505 1905 547 et
1939 508 2030 546 Vos

487 570 666 633 primis
700 568 916 620 miretur
941 568 1006 617 ah
1032 565 1206 630 annis,
1241 564 1691 617 ttiatisitelndinem
1724 566 1902 632 vigore
1931 562 2024 617 dc-

487 649 741 694 curataiii,
771 634 1062 688 doctrinam
1093 635 1339 700 operibus
1374 636 1818 694 commendatam,
1851 645 2025 685 aiistev

487 710 692 759 iitatem
724 704 1409 766 dulcedine-tempcratam,
1462 701 1868 758 taciturnitatem
1922 719 2028 753 llttt-

485 778 704 836 tlesltllll,
738 774 1052 826 locutionem
1087 773 1265 825 utilem
1299 783 1349 825 et
1382 775 1748 836 necessariam,
1785 772 1954 823 victus
1976 781 2027 823 et

484 847 650 897 somni
680 847 1013 913 parcitatem,
1055 842 1466 896 mediocritatem
1519 845 1753 902 VPSllltlS,
1797 842 2026 913 jejunio-

485 931 597 966 riiin
626 912 994 966 cttirationittii
1025 929 1116 977 per
1143 913 1254 965 dies
1276 921 1329 964 et
1352 921 1535 962 noctes
1564 913 1884 967 instantiam,
1914 912 2026 962 lar-

483 984 736 1051 gitionem
763 1006 765 1008 ·
794 983 1233 1050 cli-mosyiiarum,
1296 981 1682 1047 susceptionem
1738 982 2024 1051 ll0~0illlllt,

481 1050 720 1106 solamen
746 1053 1050 1119 lugentium,
1083 1052 1365 1116 peregrinis
1383 1061 1435 1102 et
1462 1052 1642 1116 egenis
1669 1061 1719 1102 et
1752 1050 2026 1112 egentibus

483 1124 725 1187 pleliibus
753 1132 807 1174 et
832 1123 994 1181 clero,
1029 1121 1300 1173 monachis
1329 1129 1385 1173 et
1412 1121 1721 1183 virginitas,
1755 1120 1923 1172 viduis
1973 1128 2026 1171 et

481 1191 751 1256 orphaiiis,
771 1190 1048 1244 comitibus
1072 1202 1123 1243 et
1150 1192 1379 1258 i'egiI-us,
1399 1190 1566 1242 servis
1591 1199 1645 1242 et
1673 1190 1870 1252 liberis,
1897 1203 2024 1241 con-

477 1261 687 1328 jiigihiis
713 1269 768 1312 et
809 1260 1221 1319 continentibus,
1270 1258 1624 1311 mediocribus
1674 1270 1726 1310 et
1759 1259 2022 1328 maximis.

480 1327 673 1382 .luilieis
716 1339 768 1381 et
818 1328 1131 1389 Gentilibus,
1182 1343 1279 1381 vos
1329 1343 1485 1380 unum
1535 1329 1709 1380 omnia
1763 1327 2025 1395 perdiscat

479 1397 742 1452 effectum.
767 1398 914 1462 Quod
940 1399 980 1450 si
1013 1397 1225 1464 aliquod
1249 1399 1384 1463 apud
1434 1413 1543 1461 vos,
1575 1399 1657 1451 ubi
1685 1412 1868 1450 omnes
1897 1412 2016 1462 pro-

480 1469 685 1533 tieiunt,
711 1469 962 1519 doctrina:
990 1482 1295 1533 morumque
1320 1471 1582 1534 prolectus
1625 1467 1731 1519 Deo
1771 1467 2026 1535 largiente

483 1540 703 1605 ceperit.
737 1537 1026 1590 debitorem
1054 1535 1321 1590 Christum
1356 1538 1503 1589 vobis
1533 1538 1597 1589 de
1625 1551 1688 1589 eo
1719 1536 1905 1598 facitis,
1937 1536 2022 1602 qui

479 1624 600 1658 eam
644 1608 799 1659 talem
844 1605 1214 1672 cducaveritis,
1253 1617 1300 1656 iit
1355 1623 1456 1659 non
1501 1609 1670 1659 solum
1700 1605 1821 1668 sibi,
1853 1606 1943 1657 sed
1973 1615 2025 1658 et

479 1677 596 1730 aliis
625 1677 784 1741 possit
817 1677 1054 1730 utilitatis
1085 1676 1218 1730 ficri.
1250 1676 1484 1729 Priorem
1521 1685 1694 1727 autem
1717 1675 2020 1742 ejus'vitain

397 1759 413 1774 ε
478 1756 668 1798 vestrae
694 1746 967 1812 sapientiai
997 1749 1196 1808 alisque
1224 1747 1342 1798 fuco
1388 1745 1722 1797 manifestare
1746 1759 2020 1799 curamus.

481 1821 522 1878 Λ
556 1826 748 1869 sancite
787 1815 1164 1867 recordationis
1207 1815 1471 1868 avunculo
1501 1813 1726 1869 ’tnco'S.
1779 1814 2025 1880 episeopo

483 1885 738 1938 detonsus
764 1884 814 1935 iii
847 1883 1117 1940 clericum.
1153 1899 1270 1936 mox
1295 1885 1431 1952 apud
1454 1885 1823 1937 inciiasterium
1850 1884 2028 1938 Sancti

485 1954 621 2005 Galli
653 1953 858 2006 cuidam
907 1952 1298 2021 religiosissima
1345 1953 1594 2022 omnique
1649 1955 1826 2022 vigore
1869 1954 2028 2022 etin-

484 2023 686 2075 dustria
717 2025 1016 2088 plenissimo
1043 2024 1154 2074 viro
1174 2021 1570 2076 commendatus
1614 2021 1718 2078 sub
1736 2021 2027 2078 arctissima

482 2093 756 2159 disciplina
788 2103 837 2144 ιςι
868 2093 1124 2154 custodia,
1155 2092 1446 2146 litterarum
1479 2094 1664 2146 studiis
1687 2094 2029 2146 itionasteria-

480 2163 723 2228 liliiisqiie
754 2162 1002 2214 insistens
1029 2163 1356 2228 rudimentis,
1383 2165 1538 2214 vitam
1571 2179 1740 2224 suam,
1769 2173 1823 2215 ut
1846 2163 2026 2225 credo,

482 2248 638 2297 spero
671 2241 722 2284 et
747 2232 976 2294 renlido,
1004 2231 1213 2294 adiutus
1243 2234 1407 2299 gratia
1435 2233 1545 2294 Dei,
1573 2232 1823 2285 hactenus
1847 2247 2029 2287 serva-

481 2303 554 2353 vit
582 2302 820 2354 illaesum.
852 2302 1004 2353 Juxta
1035 2301 1157 2356 illttd
1186 2301 1556 2368 Sapietilissitui
1600 2304 1911 2363 Salomonis,
1947 2301 2027 2353 fit-

483 2382 616 2422 tura:
673 2372 810 2423 illius
861 2372 958 2422 Vill!
1003 2371 1191 2438 ignari,
1236 2372 1666 2424 commendamus
1693 2386 1812 2424 eum
1845 2373 1950 2423 lico
1978 2382 2031 2424 et

479 2443 648 2495 verbo
673 2442 852 2504 gratia:
873 2440 1008 2506 ejus,
1036 2441 1122 2508 qui
1153 2451 1336 2507 potens
1382 2453 1463 2494 est
1488 2443 1750 2494 aediﬁcare
1777 2441 1944 2503 illum,
1979 2452 2031 2493 et

477 2513 604 2563 dare
635 2511 990 2563 hatreditatein
1017 2511 1065 2563 in
1094 2510 1622 2574 sanctificationihus,
1656 2522 1709 2561 ut
1733 2511 1833 2563 sub
1856 2519 2028 2563 vestra

476 2582 748 2633 custodela
801 2593 981 2633 semen
1031 2579 1285 2631 doctrina:
1336 2579 1531 2632 Christi
1561 2580 1611 2632 in
1660 2595 1724 2633 eo
1747 2581 2026 2644 coalescat,

477 2659 761 2715 antequam
795 2649 1040 2719 iniunctis
1062 2649 1111 2701 ei
1142 2648 1342 2719 z’zaitia
1368 2651 1816 2719 superinspcrgat,
1866 2651 2026 2715 quod,

480 2719 616 2794 lien!
669 2717 1024 2794 proli__tlolorl
1059 2718 1294 2794 quotidie
1323 2719 1372 2794 in
1405 2719 1545 2794 otiini
1577 2721 1691 2794 loco
1716 2717 2028 2794 ilopnieiitij

483 2790 586 2839 bus
615 2787 860 2846 agricolis
890 2802 1045 2853 agere
1078 2788 1306 2854 persistit
1357 2789 1596 2842 infestus.
1638 2791 1737 2844 Vos
1763 2787 1937 2843 autem
1964 2791 2028 2842 ad

477 2856 767 2909 custodiam
798 2862 972 2924 gregis
1003 2860 1103 2919 sui,
1131 2858 1196 2911 ad
1250 2860 1633 2914 correctionem
1691 2862 1850 2913 totius
1897 2859 2026 2913 Ger-

483 2929 696 2989 mania,
749 2933 811 2980 ad
841 2928 1256 2981 consolationem
1298 2929 1472 2981 omnis
1518 2931 1786 2990 Ecclesiae,
1822 2930 2028 2996 vigiliis,

477 2998 803 3048 orationibus
833 2999 1080 3065 omnique
1133 2997 1400 3065 diligentia
1434 3000 1798 3062 .insistentein,
1848 3011 2027 3052 sinueta

479 3065 711 3118 'l'rinitas
739 3069 826 3118 diu
859 3082 1194 3131 conservare,
1223 3079 1274 3119 et
1304 3069 1366 3119 ad
1395 3079 1694 3134 perpetoaiii
1719 3083 2022 3121 renumera-

476 3137 674 3187 tionem
706 3139 992 3202 perducere
1021 3138 1286 3204 dignetur.
1313 3153 1362 3190 ι.
1393 3153 1477 3191 χι..
1511 3153 1622 3193 vnt.
1651 3155 1695 3189 L.
1725 3138 1927 3203 Scripta
1951 3148 2033 3191 est

479 3207 702 3270 epistola
729 3208 838 3258 lucc
867 3218 1004 3258 anno
1032 3207 1300 3274 presenti,
1361 3207 1644 3261 indictione
1679 3222 1766 3260 XII.
1801 3224 1852 3262 tt.
1887 3223 2031 3263 (ccc.

479 3289 651 3327 LXHII.

480 3367 596 3440 ΧΗ,
642 3367 753 3421 Alia
779 3369 968 3421 [ιι-θυῖον
1000 3386 1092 3437 pro
1118 3371 1330 3423 diacono
1361 3371 1427 3422 ad
1469 3370 2034 3440 saccrdctinm'promo-

586 3453 593 3466 ‘
1174 3443 1349 3494 vendo.

557 3529 616 3580 N.
647 3530 854 3583 Sancta:
885 3532 946 3584 N.
982 3531 1230 3585 Ecclesiae
1260 3540 1436 3596 pastor
1459 3529 1804 3584 dilectissimo
1842 3539 1894 3582 et
1914 3543 2036 3582 san-

480 3597 725 3651 ctissimo
752 3602 898 3652 fratri
924 3615 974 3653 et
1005 3602 1370 3653 eonsacerduti
1403 3600 1462 3652 N.
1499 3600 1803 3652 Florentino
1827 3600 2036 3666 cpisco-

490 3684 574 3730 po,
606 3669 654 3720 in
688 3669 905 3722 ltuiiiinu
927 3673 1076 3722 saluti
1099 3685 1169 3722 m.
1202 3670 1445 3722 Chai-itas
1491 3680 1661 3723 vestra
1695 3669 1830 3722 scire
1859 3668 2036 3737 digne-

479 3747 568 3790 tur
591 3740 729 3802 qiioil
756 3754 987 3803 praesens
1011 3743 1170 3793 frater
1200 3752 1397 3804 noster,
1419 3739 1768 3793 mediocribus
1784 3742 1917 3808 apud
1943 3753 2036 3790 nos

482 3810 743 3880 natalibus
773 3820 938 3873 ortus,
996 3810 1209 3878 eptiinis
1262 3823 1436 3863 autem
1484 3809 1715 3880 iiioiibds
1762 3819 1817 3863 et
1871 3808 2038 3880 sacris

484 3878 674 3932 litteris
704 3884 940 3946 apprime
968 3880 1262 3942 institutus,
1295 3897 1324 3932 a
1352 3884 1577 3946 quodam
1607 3877 1831 3945 cognato
1861 3895 1956 3931 suo
1985 3877 2035 3930 in

481 3957 710 3999 vestram
769 3951 1040 4003 dioecesim
1096 3951 1272 4001 Venire
1320 3963 1622 4015 persuasus,
1677 3949 1958 4016 postulavit
2008 3963 2038 3999 τι

486 4018 776 4087 pusillitate
819 4030 994 4071 nostra
1023 4027 1079 4071 ut
1110 4035 1201 4084 pro
1245 4033 1303 4071 se
1335 4019 1528 4076 aliquid
1585 4019 1650 4070 ad
1705 4019 2034 4070 dulcedinem

482 4097 716 4139 vestram
741 4089 973 4142 scribere
996 4103 1335 4149 curaretniis;
1368 4088 1517 4154 cujus
1541 4088 1775 4154 petitioni
1804 4104 2039 4141 annuen-

482 4167 582 4218 tes,
634 4169 684 4209 et
741 4160 1030 4226 paupertati
1062 4160 1418 4219 consulentes,
1463 4161 1894 4212 Commendamus
1916 4176 2034 4211 etim

483 4228 746 4280 sanctitati
773 4239 980 4292 νθηιιω,
1003 4241 1055 4282 ιιι
1086 4229 1220 4295 apud
1256 4246 1344 4282 vos
1374 4232 1530 4283 vitam
1562 4244 1707 4282 suam
1743 4228 1790 4280 iu
1815 4229 2035 4280 di-WOIIll

483 4299 647 4365 gradu
679 4300 873 4352 ducere
926 4301 1133 4362 debeat,
1185 4315 1454 4367 iisqueqiiu
1483 4298 1598 4368 ejus
1630 4302 2037 4351 conversatione

485 4368 636 4440 vobis
661 4381 711 4440 ei
745 4369 938 4421 vestris
959 4371 1130 4434 agnita
1162 4379 1214 4420 et
1249 4371 1486 4440 probata,
1512 4372 1573 4420 ad
1612 4368 1890 4422 saceidotii
1919 4383 2038 4434 gra-

2129 490 2345 553 epi~tolri
2399 503 2709 556 prtescntata
2766 502 2868 554 est,
2910 493 3244 546 ιιιιιιιετοςθιιι
3278 499 3519 561 synodum
3553 501 3658 546 col-

2133 561 2317 630 lectam
2353 562 2648 624 lialiuiinus,
2679 562 2871 630 qu'bus
2900 580 3017 614 eum
3043 564 3207 629 ipsam
3236 563 3529 616 lirevicolaiii
3556 567 3649 629 legi

2129 629 2460 689 fecissemus.
2515 629 2739 682 maxime
2795 641 2916 684 sunt
2965 646 3150 684 omnes
3196 634 3382 700 gaudio
3431 637 3604 687 rei-leti
3639 675 3653 699 ,

2126 700 2262 764 quod
2296 701 2423 752 tanti
2454 700 2589 765 apud
2617 701 2762 752 illum
2786 715 2965 752 sumtis
2997 701 3182 759 liahiti,
3212 711 3265 751 iit
3306 717 3367 753 ex
3396 705 3534 755 nobis
3562 703 3651 756 ali-

2126 782 2258 832 quos
2283 783 2490 820 summo
2544 769 2837 823 sacerdotio
2891 787 2991 822 non
3026 771 3355 822 existimaret
3404 771 3652 837 indignos.

2125 836 2566 890 Commendamus
2592 853 2718 906 ergo
2749 841 2884 892 hunc
2922 839 3134 892 fratrem
3184 850 3416 892 nostrum
3461 836 3661 894 nomine

2127 906 2188 958 Ν.
2236 907 2560 974 religiositati
2603 918 2811 977 vestrm,
2864 909 2989 961 nihil
3035 918 3182 961 extra
3220 909 3464 977 dicentes
3509 927 3660 976 quant

2126 977 2261 1043 quod
2287 991 2464 1028 verum
2495 975 2846 1039 comperimus
2870 990 2922 1031 et
2952 977 3163 1030 scimus.
3217 975 3450 1044 Undique
3476 975 3662 1032 nobili-

2128 1053 2203 1096 ter
2220 1047 2444 1114 genitus,
2465 1047 2737 1099 moraliter
2759 1049 3034 1107 enutritus,
3056 1047 3347 1098 liberaliter
3365 1050 3659 1113 ιιιετιτιριιις,

2128 1115 2176 1165 iii
2201 1115 2342 1185 omni
2372 1115 2474 1167 vita
2503 1130 2595 1168 sua
2625 1117 2739 1185 sine
2768 1118 2976 1182 querela
3027 1126 3390 1185 conversatus,
3437 1115 3494 1171 ab
3516 1126 3661 1170 ante-

2125 1184 2346 1236 rioribus
2375 1186 2507 1256 meis
2521 1183 3072 1256 arcliipresbyteratns
3090 1185 3379 1256 tiiiuisterio
3401 1198 3655 1251 suscepto,

2124 1266 2242 1304 cuin
2269 1255 2409 1306 omni
2435 1253 2707 1324 diligentia
2735 1253 2937 1322 plebem
2968 1255 3067 1308 sibi
3109 1254 3443 1306 commissam
3486 1270 3663 1316 regere

2125 1324 2357 1381 curavit;
2416 1335 2722 1376 cunctorum
2779 1326 3020 1376 vitiorum
3065 1337 3296 1387 osorem,
3344 1333 3395 1376 et
3441 1327 3662 1378 omnium

2124 1393 2372 1444 virtutmn
2399 1407 2517 1445 eum
2543 1395 2783 1446 tiuvimiis
2801 1403 3109 1455 amatorem,
3134 1407 3422 1457 pauperum
3453 1404 3499 1446 et
3519 1409 3666 1460 pere-

2122 1461 2391 1526 grinorum
2420 1459 2470 1514 in
2505 1477 2567 1516 eo
2592 1465 2980 1528 susceptionem
3008 1471 3060 1515 et
3094 1464 3340 1514 omnibus
3365 1464 3667 1523 IIOSplfalila-

2128 1542 2260 1593 tein;
2285 1532 2418 1583 adeo
2439 1532 2613 1584 cuncti
2639 1532 2776 1584 scire
2801 1543 2852 1585 et
2878 1531 3088 1584 laudare
3110 1543 3451 1594 consuerunt,
3471 1543 3512 1583 iii
3539 1534 3668 1585 hanc

2128 1598 2291 1661 ipsam
2318 1600 2646 1668 dignitatem,
2675 1615 2828 1668 quani
2873 1617 3012 1653 nunc
3067 1609 3406 1665 suscepturus
3435 1613 3529 1660 est,
3564 1618 3662 1652 tttm

2130 1681 2222 1731 per
2239 1669 2466 1734 aliquam
2489 1670 2828 1722 ambitionem
2852 1683 2904 1722 et
2921 1670 3382 1728 ιιι;ςειιίηιιιίι›ιιθιιι,
3395 1675 3497 1723 sive
3514 1673 3666 1722 etiam

2127 1738 2575 1807 subintroduetam
2601 1750 2688 1792 aut
2718 1740 3107 1792 snliiminissam
3138 1754 3432 1800 personam,
3464 1740 3551 1792 sed
3578 1756 3668 1807 per

2132 1806 2310 1860 solum
2360 1809 2730 1872 hospitalitatis
2777 1811 2990 1869 bonum,
3053 1809 3159 1862 Deo
3208 1807 3504 1873 benignitati
3559 1806 3670 1872 ejus

2133 1876 2297 1930 viceni
2325 1878 2597 1948 reddente,
2624 1879 2892 1932 meruerit.
2917 1877 3046 1932 Nam
3069 1893 3186 1932 cum
3212 1879 3435 1948 quodam
3464 1879 3510 1930 iii
3539 1887 3666 1932 tein-

2132 1961 2256 2014 pore
2295 1948 2540 2000 dominus
2587 1957 2768 2001 noster
2818 1948 2878 2002 Κ.
2935 1947 3438 2017 adliuejiivenculus
3467 1964 3556 2015 per
3578 1952 3668 2001 fla-

2129 2018 2516 2084 grantissimum
2548 2028 2731 2072 aestum
2759 2021 2825 2071 ad
2859 2031 3166 2070 nocturnam
3199 2019 3516 2070 mansionem
3568 2018 3664 2071 sibi

2132 2095 2473 2152 praeparatam
2507 2086 2801 2148 festinaret,
2833 2097 2886 2140 et
2914 2098 3125 2155 propter
3153 2089 3442 2154 angustiam
3471 2096 3667 2154 tempo-

2132 2171 2246 2208 riini
2283 2171 2372 2218 per
2421 2169 2579 2208 totam
2638 2161 2775 2210 diem
2820 2172 2920 2209 non
2972 2158 3170 2209 habens
3221 2169 3325 2222 quo
3371 2157 3670 2220 diverteret,

2125 2226 2273 2290 juxta
2299 2227 2682 2288 possessionem
2705 2228 2938 2292 ejusdem
2965 2228 3263 2293 presbyteri
3293 2225 3490 2278 itineris
3515 2226 3671 2279 recii-

2133 2295 2308 2366 tudiiic
2355 2294 2682 2366 perveniens,
2735 2296 3071 2366 devotissiine
3125 2295 3191 2366 ab
3220 2310 3283 2347 eo
3307 2304 3576 2361 susceptus
3621 2305 3672 2348 et

2131 2365 2373 2425 regaliter
2409 2364 2700 2417 honoratus
2726 2376 2840 2425 est;
2879 2367 2959 2418 cui
2986 2364 3527 2430 decedensprnmisit,
3555 2369 3670 2430 quia

2130 2434 2172 2483 si
2223 2433 2503 2499 aliquando
2551 2435 2648 2487 sibi
2692 2435 2912 2488 facultas
2955 2445 3280 2500 suppeteret,
3313 2437 3410 2485 hoc
3437 2433 3480 2484 ei
3515 2450 3669 2500 prim-

2129 2502 2270 2554 dium
2305 2515 2744 2571 reeonipensaret.
2795 2503 2956 2558 Nunc
2989 2518 3113 2571 ergo
3163 2505 3229 2563 ei,
3264 2518 3416 2571 quem
3457 2505 3592 2556 Deus
3619 2515 3673 2556 ut

2129 2574 2392 2643 credimus
2411 2575 2588 2643 elegit,
2610 2575 2768 2626 officii
2786 2575 2947 2627 vestri
2973 2589 3156 2626 munus
3180 2573 3480 2638 impendere
3497 2573 3676 2639 digna-

2131 2641 2254 2694 llziui
2291 2659 2301 2693 :
2332 2641 2688 2696 dulcissimam
2715 2643 3083 2709 pateriiitatcin
3116 2654 3339 2696 vestram
3386 2651 3439 2696 et
3483 2643 3673 2696 Eccle-

2130 2714 2256 2764 siaiu
2300 2713 2560 2766 Sanctitati
2600 2722 2788 2768 vestrae
2839 2715 3174 2766 Commissam
3206 2720 3257 2764 et
3287 2727 3466 2765 omnes
3493 2712 3673 2765 suffrac

2129 2796 2338 2852 gaucos
2356 2794 2555 2836 vestros
2577 2797 2698 2837 cum
2724 2785 2966 2852 gregibus
2992 2780 3115 2835 sine
3137 2798 3315 2852 ειη-ίιςι
3334 2783 3676 2834 onimendaiis

2131 2853 2194 2902 ad
2225 2851 2430 2905 laudem
2461 2862 2514 2905 et
2539 2851 2759 2920 gloriam
2785 2854 3016 2908 nominis
3042 2854 3243 2904 ltoniini
3284 2851 3418 2903 Deus
3439 2852 3675 2919 Otitllipti-

2133 2930 2247 2972 tens
2293 2931 2607 2974 censervare
2653 2924 2913 2991 dignetur.
2972 2927 3159 2974 Amen.
3213 2921 3413 2991 Scripta
3463 2931 3543 2974 est
3586 2937 3677 2972 ait-

2134 2997 2236 3040 tein
2290 2991 2400 3043 haec
2451 2992 2672 3059 epistola
2714 2989 2864 3045 anno
2914 2993 3190 3061 praesenti,
3242 2989 3421 3044 indict.
3469 3003 3564 3043 xit.
3621 3005 3674 3042 ι.

2132 3073 2365 3113 CLXXII“.

2091 3145 2101 3164 ’
2140 3149 2276 3203 XIV.
2320 3151 2549 3220 Epistula
2583 3153 2674 3207 ΙΙΙ.
2701 3154 2831 3222 regis
2862 3151 3177 3207 Francorum
3234 3151 3321 3204 Ill.
3373 3150 3675 3217 Galliarum,

2206 3223 2484 3286 Aquitania:
2508 3235 2551 3275 et
2582 3223 2852 3292 Hispani}?
2875 3225 2998 3291 regi,
3025 3227 3086 3275 de
3105 3224 3328 3276 amicitia
3354 3233 3398 3276 et
3443 3240 3564 3292 pace
3586 3238 3679 3276 ser-

2205 3295 2384 3356 vanda,
2417 3300 2536 3358 erat
2568 3309 2777 3346 nimii-ra
2795 3304 2939 3360 grata
2964 3293 3157 3346 habeat.

2210 3379 2557 3437 Dilectissimo
2579 3384 2721 3435 fratri
2750 3393 2805 3435 et
2831 3386 3076 3436 unanimo
3105 3383 3276 3437 amico
3310 3383 3681 3450 gloriosissimo

2139 3448 2449 3522 Callariiitt,
2487 3450 2775 3522 Aquitania:
2831 3464 2883 3505 et.
2942 3451 3199 3522 Hispania:
3236 3448 3340 3522 regi
3399 3453 3679 3506 lllttdtiviro

2137 3520 2462 3588 cognominis
2507 3520 2664 3576 vi-stri
2710 3521 2790 3576 Ill.
2844 3523 2951 3576 lies
2980 3520 3322 3588 Francorum,
3352 3525 3516 3591 gratia
3544 3526 3678 3577 vultis

2137 3599 2190 3642 et
2221 3605 2314 3658 pav
2340 3601 2495 3656 atque
2526 3594 2740 3645 victoria
2767 3595 2833 3647 de
2854 3597 2990 3649 caelo
3020 3595 3168 3646 Vultis
3196 3594 3676 3648 subministrentur.

2136 3661 2390 3732 Obsecro,
2425 3661 2588 3715 frater
2613 3663 2942 3726 cliarissinie,
2965 3666 3172 3730 sanguis
3203 3673 3256 3716 et
3279 3678 3394 3714 ossa
3426 3677 3540 3717 mea
3566 3678 3680 3732 pais

2138 3731 2325 3783 anima:
2351 3745 2500 3797 uteie,
2525 3746 2714 3785 nomen
2746 3748 2944 3799 meum,
2990 3746 3040 3783 ιιι
3080 3734 3380 3800 postpositis
3410 3735 3490 3785 vel
3521 3735 3680 3800 potius

2137 3801 2364 3869 explosis
2382 3808 2440 3866 et
2469 3801 2732 3854 annulatis
2759 3803 3111 3855 simultatibus
3139 3813 3190 3855 et
3223 3801 3533 3862 inimicitiis.
3556 3817 3679 3869 quas

2138 3867 2274 3939 inter
2301 3880 2496 3935 patrem
2527 3883 2758 3925 vestrum
2789 3883 2841 3925 et
2869 3881 3102 3939 nostrum
3141 3871 3318 3937 cupidi
3366 3881 3420 3924 et
3471 3867 3678 3936 perver-

2138 3938 2334 3992 sissiini
2381 3941 2623 3994 homines
2665 3943 2930 3995 seminare
2971 3941 3286 4010 good-baut,
3314 3939 3612 3993 Christiano
3631 3954 3678 3995 ei

2138 4020 2358 4080 cognato
2384 4025 2562 4064 amore
2591 4028 2684 4064 nos
2729 4014 2950 4064 iniit-em
2998 4012 3233 4080 diligere,
3261 4019 3313 4064 et
3362 4010 3500 4065 alter
3537 4014 3680 4065 alteri

2137 4079 2280 4151 domi
2335 4079 2636 4147 militia-que
2697 4083 2783 4133 tidi
2835 4092 2885 4133 et
2921 4079 3107 4151 pacati
3137 4095 3254 4135 esse
3301 4095 3568 4144 curemus,
3619 4097 3680 4135 nc

2139 4149 2410 4216 quisquam
2456 4151 2637 4204 tertius
2685 4167 2778 4203 litis
2819 4149 2972 4212 duos,
3021 4151 3118 4204 nisi
3151 4167 3332 4216 unum,
3359 4166 3419 4204 se
3447 4153 3675 4206 invenire

2141 4219 2390 4282 tripudiet
2417 4237 2428 4271 :
2456 4230 2507 4272 et
2531 4225 2596 4272 ita
2617 4221 2671 4272 lit
2697 4231 2748 4272 ut
2775 4237 2870 4274 nec
2893 4223 3052 4274 nostri
3075 4223 3140 4274 de
3167 4231 3345 4274 nostra
3369 4222 3680 4275 dissentione

2139 4299 2190 4339 et
2210 4291 2553 4344 ininoratione
2577 4289 2768 4358 glorias
2787 4303 2840 4344 et
2887 4293 3162 4359 dignitates
3213 4302 3564 4357 aucupentur,
3591 4306 3678 4343 nec

2139 4361 2427 4412 adversarii
2459 4371 2509 4412 ιιι
2536 4363 2772 4415 extranei
2801 4366 2865 4414 ile
2894 4362 3042 4430 regni
3070 4362 3231 4413 nostri
3252 4359 3460 4413 defectu
3489 4369 3541 4413 et
3564 4374 3678 4413 casu

486 4437 612 4490 dum
662 4438 732 4507 in
760 4430 1114 4507 elemosynam
1148 4430 1374 4492 vestiam
1412 4440 1707 4499 ,l‘0ll|0\0|l
1756 4430 2030 4491 mercatur.

2145 4430 2453 4507 glorientur.
2493 4431 2558 4486 Ut
2581 4444 2770 4507 aint-in
2789 4431 2956 4485 finitus
2985 4433 3120 4507 inter
3145 4445 3240 4483 nos
3268 4431 3538 4507 conditum
3567 4443 3677 4507 per-

486 4509 656 4560 Vitani
689 4506 804 4576 ejus
829 4506 1077 4574 priorem,
1115 4509 1220 4560 lteo
1250 4521 1401 4574 teste,
1445 4509 1559 4566 sine
1591 4512 1709 4561 fuco
1736 4510 1880 4560 vobis
1913 4510 2036 4560 inti-

484 4582 765 4630 maviinus.
799 4580 1017 4631 Amator
1063 4587 1177 4630 erat
1200 4579 1519 4646 jejuniurtini
1565 4591 1618 4633 et
1649 4581 1962 4646 vigiliarum,
1988 4590 2041 4633 et

483 4649 680 4701 idcitco
710 4651 967 4702 castitatis
999 4659 1278 4715 perpetuus
1334 4660 1534 4712 custos,
1578 4653 1822 4703 assiduus
1862 4651 2008 4703 cccle

482 4718 680 4790 siartiin
708 4722 964 4781 visitator,
989 4729 1041 4772 et
1069 4719 1340 4772 t-liaritatis
1373 4721 1420 4771 in
1457 4721 1622 4790 Deum
1663 4734 1714 4772 et
1743 4723 2038 4788 proximum

483 4789 784 4843 indefessus
811 4803 1082 4844 executor.
1112 4790 1256 4845 Vale.

487 4898 625 4954 Xlll.
666 4897 899 4970 Epistola
925 4900 1239 4970 su/fraganei
1279 4903 1345 4954 ad
1373 4901 1810 4965 metropolitanum
1840 4903 1900 4954 de
1923 4917 2039 4953 con-

756 4973 997 5023 secrando
1019 4973 1252 5038 episcopo
1279 4989 1309 5023 a
1341 4987 1453 5041 rege
1480 4973 1758 5039 designato.

561 5084 786 5136 Domino
816 5099 864 5137 et
897 5085 1036 5136 l’atii
1084 5085 1140 5136 S.
1198 5083 1495 5137 \‘isoceiisis
1527 5086 1775 5140 Ecclesia:
1807 5087 2038 5152 pontilii'i

489 5154 552 5207 C.
610 5156 850 5222 indignus
899 5157 1179 5221 episcopus
1226 5155 1494 5213 ECClCSlil',
1526 5153 1587 5209 C.
1617 5171 1644 5206 a
1678 5155 1784 5208 Deo
1811 5167 1864 5208 ll.
1890 5165 1943 5208 et
1977 5156 2037 5209 Υ.

489 5233 543 5276 et
574 5227 637 5277 At
667 5241 754 5288 per
787 5225 1216 5277 iiiicrcessioiietii
1248 5224 1383 5277 beati
1424 5235 1477 5276 It.
1513 5246 1564 5277 α.
1596 5236 1775 5290 gratia:
1804 5238 1856 5279 et
1885 5227 2040 5279 mise-

487 5295 734 5348 ricordiae
778 5297 1024 5360 pacisque
1072 5296 1463 5347 abundantiam.
1519 5295 1826 5347 Sublimitas
1868 5307 2040 5350 Vestra

488 5367 624 5417 scire
654 5366 896 5434 dignetur
927 5368 1044 5430 quia
1073 5366 1298 5434 domnus
1329 5377 1509 5416 noswr
1536 5364 1595 5416 li.
1623 5381 1738 5426 rex,
1767 5377 2041 5434 Comperto

491 5450 702 5487 rcccssn
735 5433 910 5485 fratris
940 5437 1102 5486 nostri
1133 5434 1194 5487 Ν.
1246 5433 1579 5487 Lusiiniensis
1624 5433 1899 5503 episcopi,
1932 5438 2041 5489 citi-

492 5507 614 5556 tlaiii
648 5505 840 5557 clerico
861 5519 957 5555 suo
978 5506 1211 5558 eamdem
1242 5510 1418 5558 sciteiii
1448 5507 1920 5565 traderetlccreiit,
1949 5522 2042 5572 pro

493 5590 596 5635 quo
627 5576 750 5626 mihi
780 5576 1025 5642 praecepit
1055 5585 1106 5626 ut
1138 5591 1198 5628 ex
1235 5576 1524 5628 ministerio
1569 5591 1684 5627 meo
1707 5589 1753 5626 et
1780 5590 2037 5628 consensit

494 5647 712 5696 lratrum
747 5657 1039 5698 nostrorum
1065 5645 1129 5696 ad
1153 5649 1478 5699 Sanctitatem
1509 5657 1734 5698 vestram
1757 5646 1901 5710 juxta
1948 5662 2038 5700 ca-

500 5725 695 5772 nutium
726 5717 933 5768 decreta
960 5715 1326 5770 scriberemus.
1359 5716 1507 5781 Quod
1537 5719 1622 5772 ιιυι
1648 5726 1811 5783 ειιιιιδ
1849 5732 2037 5784 ουνεπ-

2146 4510 2353 4552 maneat
2378 4503 2607 4561 liriniini,
2637 4501 2890 4553 mittimus
2924 4501 3065 4554 vobis
3109 4516 3200 4568 pro
3231 4500 3492 4554 arrabone
3516 4501 3679 4553 caval-

2147 4568 2249 4620 Iuin
2284 4572 2548 4624 viribuset
2579 4573 2873 4633 velocitate,
2925 4586 3027 4622 non
3076 4583 3275 4622 statura
3323 4578 3375 4624 et
3422 4571 3677 4629 carnibus,

2145 4639 2491 4704 probabileu-,
2520 4641 2775 4694 ctsellani
2803 4643 3008 4708 qualem
3040 4657 3134 4694 nos
3171 4640 3399 4693 insidere
3430 4641 3674 4700 solemus,

2146 4720 2316 4762 iitnos
2338 4711 2638 4762 fortitudine
2658 4712 2974 4774 etutilitate,
3008 4727 3110 4765 non
3151 4714 3273 4763 luxu
3320 4719 3374 4763 et
3414 4711 3677 4770 inanitate,

2143 4779 2390 4832 delectari
2415 4780 2686 4834 noveritis.
2705 4780 2956 4833 Mittimus
2971 4783 3127 4834 etiam
3146 4780 3404 4832 cortinam
3436 4787 3678 4844 przestaii-

2146 4850 2422 4912 tissiiiiani,
2455 4866 2552 4918 qua
2604 4852 2653 4901 in
2680 4853 2870 4917 palatio
2895 4859 3070 4904 vestio
3101 4859 3334 4916 tempore
3359 4847 3570 4918 consilii
3596 4864 3680 4910 pio

2141 4918 2290 4982 signo
2318 4917 2614 4972 dilectionis
2645 4930 2839 4972 nostra:
2874 4933 3125 4985 suspensa
3177 4920 3354 4972 omnia
3404 4917 3678 4972 maledicti.

2143 5002 2255 5062 rnin
2286 4989 2565 5062 seminaria
2586 4994 2979 5062 contabescant,
3002 4991 3124 5043 dum
3157 4999 3211 5041 et
3233 5003 3401 5042 meam
3432 4987 3570 5056 apud
3597 5001 3680 5062 vos

2141 5058 2471 5111 devotionem
2502 5061 2600 5112 hoc
2630 5058 2868 5121 timuere,
2918 5071 2968 5113 et
3017 5067 3246 5113 vestram
3290 5073 3414 5127 erga
3467 5073 3564 5112 nos
3603 5061 3674 5109 af-

2145 5129 2419 5180 fet-tionem
2453 5130 2559 5193 ipsa
2601 5130 2825 5183 viderint
2853 5140 2904 5182 et
2930 5131 3271 5186 estiuiuerint
3312 5130 3678 5182 ostentatione.

2148 5198 2208 5249 Et
2243 5211 2294 5248 ut
2328 5199 2392 5250 de
2425 5199 2540 5252 vita:
2577 5210 2765 5254 vestrie
2794 5200 3135 5253 diuturnitate
3165 5213 3262 5252 nos
3298 5197 3681 5266 soliti-inice»;

2143 5267 2413 5332 Ituveritis,
2444 5269 2717 5337 dirigiin.:s
2750 5270 2895 5322 vobis
2941 5276 3172 5322 aromata
3218 5277 3272 5321 et
3320 5267 3585 5333 unguenta
3631 5276 3678 5320 et

2145 5339 2412 5407 pigmenta
2436 5341 2790 5401 medicabilia,
2823 5355 3044 5404 quoium
3072 5341 3257 5400 odore,
3287 5337 3610 5392 delibationc
3631 5345 3680 5388 rt

2143 5423 2328 5474 sapore
2357 5411 2620 5474 delectati,
2650 5412 2738 5462 diu
2768 5412 2943 5466 vivere
2981 5419 3035 5465 et
3079 5425 3176 5464 uos
3213 5409 3432 5478 diligere
3477 5408 3680 5464 ﬁrmiter

2141 5493 2192 5532 ei
2217 5482 2338 5546 jure
2365 5483 2620 5534 debeatis.

2143 5571 2256 5625 XV.
2289 5570 2521 5641 Epistola
2562 5574 2624 5624 de
2667 5572 2934 5625 tondendis
2968 5572 3172 5640 capillis
3201 5580 3247 5626 ct
3275 5571 3486 5624 cucullo
3522 5581 3681 5624 mou-

2837 5643 3037 5695 horum.

2837 5659 2868 5690 η
3025 5683 3037 5695 ,

2213 5712 2438 5770 Utcriiiis
2474 5659 3053 5783 fl‘dll'lbUS»Afltt:fl:?fls
3103 5713 3263 5768 frater
3316 5713 3368 5768 iu
3419 5710 3676 5773 Salvator:
