3820 6338
105 419 190 472 Sil

800 413 1152 469 FOﬂMULiE
1193 407 1512 480 ANTIQUAZ
1554 411 2042 470 PROMOTIONUM
2084 414 2594 488 EPISCQPALIUM.

3186 422 3286 476 ΜΞ

76 532 312 600 ·ιγηο‹1ος
340 541 534 600 temere
571 527 978 600 frequentabant
1005 538 1062 600 ut
1092 528 1317 582 factione
1357 528 1627 600 ministro-

1741 530 2176 600 ctlmparaverint,
2203 531 2531 600 accipientes
2564 541 2754 600 munus
2794 541 2823 582 a
2867 529 3094 586 subditis
3139 533 3286 600 prius

101 597 204 652 rum
225 616 433 654 suontrn
453 599 667 652 diverso
687 598 845 651 modo
864 597 1110 652 denarios
1126 600 1273 664 quasi
1303 613 1397 664 pro
1412 597 1630 660 eulogtis

99 672 402 738 acciperent,
425 678 500 738 et,
529 668 667 733 quod
694 667 834 720 dictu
868 670 1011 738 nefas
1041 677 1139 726 est.
1167 668 1329 738 etiam
1360 681 1454 731 pro
1495 665 1630 717 sacri

100 735 384 792 chrismatis
409 737 819 799 dispensatione,
854 737 932 789 vel
960 735 1027 788 de
1067 736 1412 788 ecclesiarum
1440 748 1632 786 conse-

99 808 340 867 crstione,
370 821 684 874 quocunque
722 805 1074 874 emolumenta
1119 805 1328 874 ingenio
1364 811 1630 869 caperent,

99 884 144 928 et
171 872 490 930 necesse—est
521 885 578 927 ut
605 884 784 925 contra
836 873 1078 941 pestifera
1109 872 1630 941 morborumgenera

97 946 312 997 Salubria
355 940 860 997 medicamentorum
908 954 1204 1007 quaramus
1247 940 1631 1004 experimenta,

98 1014 236 1066 sicuti
262 1025 316 1067 et
341 1016 407 1066 de
437 1028 624 1065 manus
663 1011 1019 1079 impositione,
1053 1014 1120 1062 ita
1151 1019 1200 1061 et
1244 1010 1309 1064 de
1341 1011 1437 1062 hac
1474 1009 1638 1061 simo-

98 1084 246 1136 niacat
275 1083 543 1136 hereseos
565 1082 834 1144 ingeniosa
857 1089 911 1132 et
938 1081 1073 1132 male
1097 1079 1325 1133 studiosa
1350 1079 1636 1130 collatione

95 1153 323 1216 quiddam
346 1167 468 1206 eum
497 1152 740 1215 accipere
785 1149 1164 1211 interdicimus,
1193 1157 1466 1201 monentes
1495 1147 1635 1198 illam

97 1221 355 1274 attendere
402 1220 870 1272 comminationem
920 1217 1128 1269 Domini
1180 1231 1273 1283 per
1329 1217 1634 1280 prophetam

95 1288 339 1342 dicentis:
373 1289 456 1342 Ne
480 1289 610 1353 forte
632 1287 923 1354 egrediatur
951 1296 1005 1338 ut
1035 1287 1163 1350 ignis
1194 1285 1475 1353 indignatio
1504 1299 1634 1354 meo,

93 1368 135 1408 et
157 1361 506 1418 accendatur,
534 1368 579 1409 et
609 1353 709 1408 non
737 1357 802 1408 sit
831 1357 915 1421 qui
939 1357 1449 1423 exstinguatpropfer
1467 1353 1636 1423 muli-

95 1427 202 1477 tient
229 1428 512 1480 studiorum
541 1434 818 1479 vestrarum
845 1423 1059 1490 (leretsi.
1086 1421 1192 1482 ιίι,
1223 1421 1330 1490 li).
1367 1421 1510 1475 Unde
1541 1421 1637 1473 ite-

95 1509 198 1547 rtim
236 1496 398 1549 iratus
440 1495 603 1549 dicit:
647 1494 869 1546 Visitnbo
906 1511 1057 1551 super
1099 1508 1183 1544 vos
1230 1493 1371 1550 iuxta
1418 1495 1636 1559 fructum

93 1565 358 1616 studiorum
387 1574 662 1617 vestrorum
688 1561 872 1632 (Itum,
897 1563 1007 1632 14).

154 1633 205 1684 2.
241 1634 425 1686 Verbis
463 1649 672 1701 quoque
712 1636 848 1684 beati
888 1631 1126 1697 Gregorii
1171 1645 1290 1685 eum
1337 1643 1634 1692 monemus,

95 1700 256 1772 illique
303 1700 688 1772 interdicimus,
722 1711 778 1753 ut
820 1703 1135 1772 sacerdotes
1165 1715 1257 1772 per
1293 1715 1439 1753 suam
1490 1713 1638 1764 paro-

93 1767 278 1838 cbiam,
321 1767 531 1837 quoties
579 1772 643 1822 ad
689 1770 1075 1838 consignandos
1123 1767 1361 1838 infantes,
1396 1782 1641 1832 egressus

1733 593 2014 678 suis]
2055 593 2355 678 venundare
2392 599 2667 678 curabunt.
2698 596 2803 650 Nec
2833 611 2928 663 pro
2956 593 3287 678 quocunque

1727 665 1926 734 judicio
1962 676 2144 721 contra
2189 680 2366 720 sacras
2397 666 2744 733 legeslueqne
2770 681 2926 729 super
2956 665 3284 726 innocentem

1732 745 1914 805 contra
1946 735 2470 805 veritatempretium
2501 734 2663 805 ullum
2693 735 2932 805 accipiat.
2974 737 3080 805 Nec
3123 742 3282 794 etiam

1732 803 1872 880 odio,
1901 804 1979 854 vel
2009 805 2197 881 gratia,
2229 802 2410 883 livore,
2438 813 2525 856 aut
2554 803 2841 883 iracundia,
2871 802 3119 883 quantum
3151 810 3288 862 scie-

1734 872 1800 924 rit
1825 882 1879 925 et
1916 873 2163 938 poluerit.
2192 886 2218 921 a
2244 872 2442 938 judicio
2487 881 2630 924 recto
2659 872 2906 932 declinet,
2937 874 3146 929 dicente
3179 878 3282 930 Do-

1735 941 1878 1013 mino
1903 958 1915 992 :
1943 939 2062 1013 Non
2108 939 2259 1013 [acies
2287 941 2672 1013 quodiiiti'quum
2701 952 2791 1013 est,
2817 958 2904 994 nec
2931 945 3115 1012 iiijitste
3141 945 3289 1013 judi-

1734 1009 1888 1062 cabis.
1925 1009 2070 1061 Iuste
2091 1009 2268 1080 judico
2298 1012 2525 1078 proximo
2544 1018 2656 1080 tuo,
2687 1019 2733 1080 et
2753 1012 2890 1080 juste
2929 1009 3061 1080 quod
3096 1009 3288 1080 justum

1738 1089 1810 1151 est
1855 1077 2137 1144 exsequeris
2172 1077 2353 1151 (Leuit.
2380 1088 2495 1151 six,
2516 1078 2644 1151 _15).
2689 1077 2837 1151 iuste
2886 1077 3108 1151 namque
3147 1083 3286 1151 quod

1733 1145 1932 1216 justum
1961 1155 2041 1200 est
2065 1145 2376 1212 exsequitur
2399 1150 2483 1212 qui
2516 1147 2566 1200 in
2591 1149 2878 1204 assertione
2900 1145 3117 1216 iustitiae
3141 1145 3284 1206 eam-

1736 1215 1857 1269 dem
1891 1219 2055 1275 ipsam
2083 1217 2334 1280 justitiam
2363 1219 2568 1282 quierit.

1807 1283 1858 1354 5.
1895 1285 1994 1337 Pro
2023 1285 2346 1348 baptizandis
2375 1285 2602 1353 denique
2648 1283 2935 1354 infantibus
2962 1287 3042 1342 vel
3071 1303 3169 1354 pro
3197 1302 3287 1343 se-

1737 1353 2285 1427 pultura,_ol_i_audi_ens
2308 1354 2518 1427 decreta
2543 1355 2678 1427 beati
2708 1353 2943 1427 Gregorii
2971 1357 3054 1424 (S.
3075 1353 3289 1427 (ἕτερον.

1737 1422 1824 1473 lib.
1854 1437 1945 1483 vn,
1970 1423 2146 1475 iudict.
2171 1422 2224 1484 ἰ.
2242 1424 2389 1491 epist.
2409 1423 2523 1487 55),
2549 1426 2771 1490 pretium
2795 1424 2860 1477 de
2879 1422 3015 1478 terra
3039 1422 3288 1480 concessa

1740 1491 2006 1559 putredini
2039 1505 2352 1558 quemquam
2384 1507 2490 1544 nou
2531 1493 2796 1559 permittat
2828 1494 2878 1546 in
2913 1494 3158 1557 parochia
3192 1511 3290 1549 sua

1739 1556 1977 1630 Quaerere
1998 1556 2145 1630 etde
2167 1556 2338 1630 alieno
2363 1562 2504 1614 velle
2531 1556 2704 1614 facere
2732 1560 2873 1616 luctu
2896 1556 3290 1630 compendium.

1741 1629 1843 1699 Sed
1871 1628 1915 1682 si
1945 1628 2154 1696 quando
2181 1629 2405 1699 aliquem
2434 1630 2653 1699 quisque
2682 1630 2893 1699 sepeliri
2925 1633 2977 1684 in
3000 1628 3290 1687 commisso

1741 1697 1847 1750 sibi
1879 1699 2015 1770 loco
2063 1697 2430 1770 concesserit,
2482 1697 2523 1770 si
2570 1697 2781 1770 quidem
2839 1710 3082 1770 parentes
3132 1703 3293 1770 ipsius

1745 1765 1966 1834 proximi
1994 1768 2074 1821 vel
2100 1767 2338 1821 hteredes
2363 1782 2456 1834 pro
2491 1765 2851 1836 luminarihus
2867 1769 2946 1822 vel
2977 1772 3029 1824 in
3061 1765 3293 1836 eleemo-

95 1837 265 1904 luerit,
315 1835 452 1910 ultra
501 1840 717 1892 modum
764 1835 986 1910 gravare
1034 1839 1248 1910 minime
1283 1837 1506 1910 debeat,
1542 1852 1642 1910 nec
1678 1851 1720 1910 Β
1747 1850 1876 1902 syria
1904 1836 2135 1910 deluncti
2161 1846 2349 1910 sponte
2374 1837 2496 1904 quid
2525 1835 2715 1910 offerre
2733 1839 3022 1910 voluerint,
3052 1841 3294 1910 accipere

92 1922 339 1961 summam
368 1909 691 1972 collationis,
717 1922 820 1974 qua
848 1909 927 1960 sui
957 1909 1393 1974 przdecessores,
1421 1907 1508 1974 qui
1542 1906 1642 1960 hoc

92 1977 216 2029 bene
269 1977 684 2031 misericorditer
725 1991 789 2029 ac
837 1976 1217 2029 rationabiliter
1266 1984 1424 2043 atque
1475 1989 1640 2027 sacris

94 2047 548 2100 constitutionibus
572 2046 808 2100 exsecuti
838 2056 956 2098 sunt
980 2045 1374 2109 convenienter,
1405 2043 1638 2098 contenti

92 2115 307 2179 fuerunt,
337 2119 579 2178 excedat,
607 2125 660 2168 et
689 2115 757 2169 de
793 2115 1006 2182 capellis
1050 2115 1339 2180 antiquitus
1386 2112 1640 2181 subjectis

90 2185 315 2238 ecclesiis
346 2201 451 2238 non
483 2186 739 2255 aequalem
783 2186 922 2255 sicut
957 2184 1024 2255 de
1067 2183 1453 2255 principalibus
1468 2184 1640 2236 eccle-

92 2255 178 2306 siis
216 2251 562 2318 collationem
593 2255 792 2322 exigat,
821 2253 910 2306 sed
941 2251 1242 2320 principalis
1269 2251 1488 2305 ecclesia
1518 2267 1637 2305 cum

90 2323 182 2375 sibi
226 2323 478 2392 subjectis
523 2325 738 2392 capellis
767 2325 993 2376 debitam
1023 2330 1076 2374 et
1103 2323 1388 2390 antiquitus
1415 2335 1639 2392 consue-

94 2399 190 2442 tam
216 2391 551 2446 collationem
588 2391 846 2446 conlcrat.
887 2392 1203 2458 l’rincipales
1233 2405 1357 2442 vero
1385 2391 1640 2444 ecclesias

91 2460 200 2514 aliis
225 2461 462 2516 ecclesiis
491 2463 608 2518 loco
635 2464 956 2527 capellarum
987 2476 1089 2514 non
1118 2461 1382 2525 subjiciat.
1409 2462 1527 2526 quia
1556 2476 1642 2514 se-

91 2532 306 2583 cundum
353 2546 537 2584 sacros
582 2545 815 2582 canones
860 2545 963 2585 non
1015 2531 1133 2584 licet
1176 2528 1438 2593 episcopis
1487 2542 1642 2592 paro-

91 2601 252 2652 rliiatn
283 2599 574 2666 antiquitus
618 2601 958 2652 constitutam
991 2599 1286 2650 iiiciinsulte
1312 2595 1640 2652 coiilundere

89 2681 237 2736 atque
281 2669 542 2722 dividere.
593 2667 667 2719 Ne
714 2669 1122 2720 mansionaticos
1163 2667 1273 2718 suis
1319 2667 1502 2736 amicis
1546 2677 1640 2719 aut

92 2735 194 2787 suis
223 2738 527 2790 hominibus
555 2750 581 2785 a
617 2737 935 2804 presbyteris
969 2737 1138 2801 parari
1167 2735 1341 2788 iaciat.
1376 2735 1450 2787 Ne
1479 2737 1637 2788 etiam

88 2806 225 2869 quasi
263 2807 327 2858 ad
376 2805 734 2873 receptionein
766 2806 923 2871 regis,
958 2807 1039 2857 vel
1085 2805 1421 2867 legationem.
1455 2815 1541 2855 aut
1570 2806 1635 2858 ad

91 2884 295 2926 ornatus
336 2890 450 2928 suae
477 2875 717 2929 ccdesize
750 2873 1018 2927 iaciendos
1057 2873 1317 2942 adjutoria
1348 2874 1494 2939 quasi
1545 2888 1638 2937 pe-

91 2944 260 3012 tendo,
296 2954 471 3012 potius
515 2956 690 2997 autem
731 2945 1008 3012 exigendo,
1042 2944 1306 3004 denarios,
1341 2945 1420 2994 vel
1464 2942 1639 2993 cabal-

90 3010 183 3076 los,
210 3010 308 3065 aut
353 3027 536 3067 verres
583 3028 676 3064 seu
722 3010 1018 3080 frisliingas,
1051 3024 1137 3065 aut
1179 3013 1246 3070 ad
1286 3013 1384 3065 iter
1427 3012 1637 3081 aliquod

90 3085 458 3148 puraveredns,
485 3091 579 3135 aut
620 3083 720 3134 alia
767 3085 1012 3148 quislibet
1039 3082 1288 3147 accipiat.
1325 3081 1375 3133 id
1405 3091 1516 3147 est,
1549 3096 1638 3135 ra~

88 3151 208 3228 piat.
236 3155 278 3206 Δ
313 3152 614 3244 quouverbo
642 3151 870 3217 accipere
895 3166 1020 3205 aves
1050 3167 1184 3234 quae
1205 3149 1336 3230 a'ias
1377 3165 1502 3204 aves
1543 3165 1636 3244 οξ·
1665 3179 1712 3244 C

89 3221 248 3282 piunt,
273 3221 552 3287 accipitres
577 3231 931 3282 nominantur,
956 3235 1074 3273 eum
1102 3221 1334 3288 episcopi
1361 3235 1485 3272 suos
1509 3221 1634 3272 sub-

86 3289 237 3350 diuis,
284 3305 391 3343 non
442 3300 500 3342 ut
542 3289 821 3356 accipitres
869 3304 1078 3356 capere,
1123 3291 1214 3343 sed
1261 3291 1397 3342 sicut
1445 3289 1633 3357 gallina

87 3358 249 3422 pullos
278 3372 405 3413 suos
447 3359 645 3423 fovere,
676 3368 729 3411 et
774 3373 1012 3426 quosque
1060 3362 1293 3411 iullrmos
1333 3365 1391 3410 ut
1439 3362 1636 3421 peritus

87 3426 314 3480 medicus
357 3427 692 3484 convenienti
737 3427 1121 3484 tnedicamento
1159 3443 1221 3480 ac
1253 3436 1491 3491 tempore
1536 3428 1632 3481 de-

86 3493 235 3548 beant
263 3512 470 3561 curare,
500 3507 556 3550 et
581 3512 714 3565 quos
741 3510 927 3550 curare
964 3509 1067 3549 non
1098 3497 1388 3563 potuerint,
1415 3504 1503 3547 aut
1541 3509 1635 3562 pa-

85 3573 269 3620 tienter
301 3568 529 3619 tolerare
572 3573 664 3617 aut
707 3566 1016 3634 regulariter
1047 3580 1211 3634 usque
1241 3565 1308 3615 ad
1349 3577 1634 3634 correctio-

85 3648 199 3687 ueni
223 3639 546 3690 sustinentes
569 3649 600 3686 a
625 3647 756 3687 sano
774 3632 1007 3701 corpore
1026 3633 1361 3687 submovere.
1385 3632 1632 3700 Regulam

83 3705 330 3770 siquidem
374 3719 492 3772 qua:
535 3706 603 3756 de
645 3717 830 3772 quarta
874 3718 1020 3770 parte
1060 3708 1320 3757 redituum
1370 3703 1631 3768 ecclesia,

84 3773 218 3837 iuxta
258 3773 697 3831 coosuettidiuent
744 3773 966 3840 aliarum
1012 3777 1303 3837 regionum,
1338 3772 1405 3826 ita
1452 3781 1508 3823 ut
1552 3782 1635 3826 est

81 3842 268 3910 scripta
299 3842 590 3910 intelligat;
618 3852 672 3893 et
717 3855 821 3910 non
871 3855 1030 3908 prave
1074 3841 1214 3894 illam
1259 3842 1630 3906 interpretans,

85 3909 295 3975 perinde
324 3911 377 3966 in
408 3913 488 3964 his
533 3909 834 3980 regionibus
873 3926 989 3978 quas
1021 3921 1155 3980 sunt
1205 3911 1632 3980 presbyterorum

82 3987 256 4032 contra
287 3983 500 4050 regulas
537 3978 716 4034 sacras
753 3980 986 4050 diripiat.
1019 3979 1170 4034 Unde
1213 3981 1385 4050 siqua
1424 3978 1635 4034 luerunt

80 4048 379 4115 ειηηωίηῶ
428 4051 534 4104 illis
573 4049 839 4117 imposita,
871 4061 1156 4116 temperet.
1187 4048 1306 4118 quia
1337 4057 1393 4104 et
1414 4049 1470 4113 jn
1501 4065 1634 4116 prai-

81 4122 211 4171 senti
237 4134 290 4172 et
320 4120 374 4173 in
423 4121 607 4172 lutura'
630 4121 732 4171 vita
763 4120 860 4172 sibi
893 4121 1152 4186 proliciet,
1182 4121 1225 4172 si
1262 4128 1360 4172 eos
1400 4119 1487 4187 qui
1531 4119 1633 4173 sibi

81 4191 345 4256 commissi
371 4197 517 4252 sunt,
541 4190 657 4240 sine
682 4190 986 4256 gravamine
1011 4195 1326 4243 conservare
1350 4190 1630 4241 studuerit.

83 4254 339 4312 ministros
367 4272 512 4328 vero,
543 4257 594 4312 id
621 4254 726 4319 est,
762 4258 1247 4328 arcliipresbyleros
1275 4268 1330 4311 et
1367 4258 1632 4311 archidia-

81 4340 258 4393 conus,
307 4327 598 4382 secundntn
648 4326 789 4394 quod
852 4325 1158 4394 providere,
1188 4327 1434 4396 Domino.
1471 4328 1635 4396 inspi-

83 4408 228 4450 rante
265 4407 319 4452 et
365 4409 704 4463 coOperaute,
755 4395 1002 4461 valuerit,
1037 4399 1169 4450 tates
1215 4396 1501 4452 constituat
1545 4395 1631 4462 qui

83 4469 284 4521 oderint
324 4468 622 4528 avaritiam,
651 4478 705 4521 et
733 4481 835 4518 non
879 4466 1100 4534 diligant
1145 4481 1387 4527 munera,
1414 4481 1512 4520 nec
1549 4479 1633 4520 se-

82 4549 303 4605 quantur
337 4538 737 4598 retributiones,
757 4549 942 4605 neque
972 4550 1067 4602 pro
1094 4535 1400 4590 ordinandis
1428 4536 1634 4589 clericis

85 4604 160 4658 vel
190 4606 598 4658 reconciliandis
625 4604 1008 4674 panitentibus
1044 4619 1234 4659 munus
1276 4605 1551 4674 accipiant,
1584 4616 1637 4659 et

83 4676 193 4740 ipso
221 4689 442 4728 munere
478 4688 599 4744 eum
642 4688 983 4742 cui-rumpere
1011 4683 1270 4744 satagant.
1313 4676 1376 4728 Et
1417 4677 1634 4743 presby-

85 4753 221 4797 teros
249 4745 301 4798 in
332 4743 526 4813 paratis
553 4753 613 4814 et
635 4745 840 4796 excutis
866 4745 1117 4799 iudehitis
1140 4743 1253 4799 non
1285 4745 1540 4814 afﬂigant.
1571 4748 1634 4799 Et

83 4819 214 4867 Sicut
254 4829 414 4882 supra
440 4816 508 4866 de
532 4813 784 4881 episcopo
810 4813 1062 4878 diximus,
1096 4829 1188 4882 per
1229 4813 1466 4871 diversas
1505 4817 1636 4882 peti-

85 4885 272 4947 tiones,
301 4895 358 4937 nt
393 4883 497 4955 illis
524 4885 840 4955 adjuturium
881 4882 1092 4955 iaciant,
1127 4897 1244 4955 qua
1271 4894 1406 4955 sunt
1429 4889 1638 4955 presby-

86 4963 334 5015 terorum,
373 4954 512 5006 unde
554 4953 655 5018 ipsi
700 4956 879 5006 vivere
924 4962 978 5006 et
1025 4954 1260 5018 hospites
1304 4953 1541 5020 recipere
1584 4953 1638 5010 et

84 5035 202 5074 suas
227 5023 482 5076 ecclesias
515 5023 789 5076 continere
815 5021 1032 5084 debent,
1061 5022 1291 5075 colludio
1319 5039 1637 5090 quocunque

85 5091 347 5154 diripiant.
383 5092 444 5144 Et
467 5100 527 5143 ut
553 5093 754 5146 eisdem
785 5093 854 5144 ab
886 5090 1224 5157 inquisitione
1249 5092 1328 5144 sui
1359 5094 1636 5146 ministerii

89 5173 320 5228 parcant,
345 5171 400 5215 et
430 5175 524 5229 pro
568 5162 781 5214 infantia
810 5176 994 5214 eorum
1035 5160 1283 5216 calcanda
1329 5163 1407 5213 vel
1439 5175 1636 5230 coepe.

88 5234 265 5285 rienda
295 5237 644 5299 quodcunque
671 5233 1085 5299 emolumentum
1115 5245 1218 5284 non
1258 5232 1536 5298 accipiant.
1572 5232 1636 5286 Et

86 5306 128 5355 si
174 5311 390 5370 agentes
439 5298 570 5370 ιιιιέ
611 5298 882 5354 miniatrns
924 5301 1203 5367 repererit,
1247 5303 1296 5353 iit
1346 5301 1637 5356 ntinismrio

90 5369 301 5428 timuere
329 5385 434 5421 non
463 5369 624 5435 sinat,
655 5379 710 5423 et
746 5370 1001 5439 canonica
1038 5371 1332 5426 invectione
1362 5372 1632 5439 corripiat.

90 5442 201 5507 ipse
229 5454 439 5510 quoque
471 5453 566 5506 pro
595 5438 992 5510 constituendis
1010 5440 1439 5494 ministerialibus
1466 5438 1638 5494 eccle-

89 5507 308 5564 siasticis
338 5511 581 5562 videlicet
607 5523 904 5574 tecontiitto,
945 5507 996 5562 id
1041 5522 1151 5574 est,
1187 5510 1430 5563 Ecclesia:
1473 5512 1638 5564 lacul-

92 5591 246 5635 talum
289 5581 679 5644 dispensatore,
709 5579 1184 5647 archipresbyteris
1221 5589 1276 5630 et
1312 5580 1637 5634 archidiaco-

91 5656 187 5714 nis,
216 5653 268 5705 in
297 5650 482 5717 quibus
526 5647 645 5702 lidei
678 5650 1031 5702 sinceritatem
1059 5656 1115 5700 et
1155 5650 1346 5712 probos
1375 5665 1548 5703 mores
1576 5655 1638 5702 ac

91 5723 378 5789 religiosam
411 5722 575 5770 vitam
604 5718 762 5790 debet
789 5719 1005 5790 eligere,
1039 5717 1249 5790 primum
1291 5733 1392 5770 non
1439 5721 1635 5772 consli-

91 5785 229 5862 ιυδῐ,
280 5793 399 5876 quia
449 5785 887 5844 ecclesiasticum
919 5787 1262 5856 obsequium,
1305 5790 1444 5857 quod
1503 5793 1639 5843 male

1747 1919 1852 1958 non
1881 1906 2182 1972 prohibeat;
2209 1909 2466 1976 petivero
2490 1916 2581 1976 aut
2602 1906 2744 1974 exigi
2775 1908 2970 1976 aliquid
2988 1905 3294 1964 omnimodo

1741 1985 1883 2045 vetet
1909 2017 1922 2036 ,
1965 1989 2060 2040 ne,
2089 1973 2226 2040 quod
2256 1975 2406 2045 valde
2433 1973 2781 2045 irreligiosum
2806 1973 2889 2031 est
2908 2018 2925 2042 ,
2958 1988 3014 2030 ut
3055 1979 3257 2034 venalia
3278 2022 3294 2044 ,

1738 2044 1879 2107 quod
1903 2045 2061 2104 absit,
2092 2045 2298 2096 dicatur
2328 2044 2598 2108 Ecclesia,
2631 2057 2722 2099 aut
2745 2046 2813 2099 de
2840 2047 3083 2101 humanis
3113 2063 3291 2103 sacer-

1740 2111 1932 2166 dotalis
1957 2113 2137 2180 religio
2162 2113 2401 2181 videatur
2431 2114 2685 2166 mortibus
2710 2115 2992 2181 gratulari,
3030 2116 3075 2168 si
3110 2131 3173 2171 ex
3203 2133 3293 2170 en-

1740 2196 1854 2233 runi
1903 2181 2246 2252 cadaveribus
2281 2180 2537 2236 studuerit
2579 2180 2819 2239 ducrere
2865 2185 3096 2252 quolibet
3136 2188 3295 2241 modo

1739 2250 2133 2315 compendium.

1810 2320 1861 2372 4.
1895 2321 1976 2372 Ah
2007 2321 2148 2373 omni
2171 2335 2379 2387 quoque
2407 2319 2623 2384 avaritia
2647 2330 2701 2374 et
2721 2335 2875 2373 usura
2898 2336 2959 2376 ac
2983 2323 3118 2389 turpi
3147 2323 3294 2378 lucro

1742 2389 2032 2442 secundum
2064 2405 2242 2443 sacros
2263 2403 2494 2458 canones
2523 2401 2572 2442 et
2616 2390 2726 2458 ipse
2752 2391 3012 2446 abstineat
3048 2401 3105 2446 et
3140 2393 3294 2446 mini-

1739 2468 1876 2510 stros
1907 2458 2156 2512 Ecclesiae
2184 2461 2448 2516 abstinere
2478 2457 2653 2523 iaciat,
2674 2469 2726 2513 et
2749 2462 2905 2512 etiam
2939 2459 3103 2514 laicus
3127 2463 3295 2516 absti-~

1741 2543 1866 2580 nere
1895 2528 2132 2581 suadeat.
2167 2527 2236 2582 Se
2261 2540 2434 2581 autem
2463 2538 2514 2580 et
2543 2528 2641 2582 sibi
2679 2529 2990 2582 commissos
3022 2531 3294 2586 ministros

1738 2599 2126 2651 ecclesiasticos
2152 2599 2378 2652 solerter
2405 2597 2734 2666 solliciteque
2760 2600 3024 2652 custodiat
3061 2616 3128 2654 ne
3160 2614 3292 2656 cnn-

1739 2674 1817 2717 tra
1840 2681 2020 2719 sacros
2049 2680 2282 2720 canones
2302 2667 2748 2734 cnttductoresvel
2775 2679 3146 2733 procuratores
3166 2670 3295 2723 alie-

1741 2749 1923 2805 narum
1954 2736 2344 2800 possessionum
2376 2739 2530 2798 llant,
2572 2751 2638 2789 ne
2679 2738 2813 2804 turpi
2851 2738 3065 2805 negotio
3092 2751 3180 2792 aut
3211 2740 3294 2793 in-

1739 2801 2145 2878 honestoAlucro
2170 2807 2362 2857 victum
2385 2814 2625 2878 quierant
2647 2845 2661 2868 ,
2694 2801 2863 2878 [tenue
2901 2801 3174 2878 sarcularia
3203 2825 3296 2863 ne-

1737 2872 1880 2943 gotia
1905 2873 2019 2943 sub
2052 2887 2175 2926 cura
2217 2888 2310 2925 sua
2341 2872 2661 2939 suscipiant.
2696 2872 2892 2943 Deique
2940 2877 3294 2942 ministerium

1739 2940 2177 3010 parvipendentes
2196 2984 2209 3005 ,
2244 2957 2336 3009 per
2361 2944 2687 2996 saecularium
2734 2940 2924 2998 dumos
2953 2960 3058 2997 non
3087 2940 3293 3000 disCur-

1738 3023 1877 3070 rant.
1911 3025 2006 3064 nec
2040 3023 2249 3079 propter
2273 3014 2543 3065 avaritiam
2575 3013 2785 3080 gratiae,
2816 3022 2901 3064 aut
2932 3013 3146 3066 honoris
3169 3056 3184 3080 ,
3213 3018 3293 3070 vel

1740 3082 1995 3144 pecunia,
2021 3083 2453 3149 pitrimoniorum
2481 3082 2864 3138 sollicitudines
2892 3092 2982 3137 aut
3003 3082 3294 3142 alienorum

1743 3158 2177 3222 testamentorum
2204 3150 2541 3205 defensiones
2566 3161 2858 3218 assumant,
2881 3167 2978 3207 nec
3004 3149 3297 3222 ﬁdeiussio-

1740 3219 1895 3272 nibus
1926 3221 2232 3273 inserviant.

1807 3290 1860 3342 5.
1896 3291 1938 3342 A
1973 3289 2328 3342 l'atn'tliaritale
2359 3290 2698 3344 nihilominus
2729 3304 2791 3342 ac
2818 3289 3167 3346 conltibernio
3192 3292 3294 3346 ilii-

1735 3358 1843 3411 cito
1871 3368 1926 3410 et
1955 3351 2119 3430 vetito
2165 3359 2477 3430 feminarum
2509 3374 2566 3411 se
2607 3368 2659 3412 et
2695 3355 3091 3430 comministros
3133 3376 3293 3430 suos,

1734 3430 1828 3479 sed
1859 3442 1887 3478 a
1921 3427 2168 3490 tabernis,
2201 3427 2489 3479 secundum
2518 3441 2697 3480 sacras
2727 3427 2933 3494 regulas
2963 3427 3292 3482 ecclesiastil

1732 3510 1823 3566 cus
1853 3494 2122 3566 ministros
2152 3497 2306 3548 iaciat
2333 3497 2622 3550 abstinere.
2649 3497 2897 3551 Atlendut
2919 3512 3126 3566 quoque
3144 3499 3285 3564 quod

1734 3565 1917 3617 beatus
1945 3563 2045 3616 Job
2069 3565 2201 3622 dicit,
2227 3581 2240 3618 :
2270 3566 2328 3618 Si
2356 3568 2618 3618 adversum
2647 3582 2724 3618 me
2761 3575 2895 3618 terra
2923 3563 3252 3619 mea'clamat
3271 3607 3286 3627 ,

1733 3644 1780 3688 et
1810 3649 1925 3686 cum
1953 3650 2012 3686 ea
2053 3635 2196 3705 sulci
2219 3636 2338 3705 ejus
2376 3637 2583 3702 deﬂent.
2627 3635 2911 3705 Sigfructus
2941 3638 3050 3705 ejus
3099 3638 3322 3699 comedi,

1733 3707 1920 3773 absque
1949 3705 2160 3768 pecunia
2180 3701 2321 3772 (Job.
2349 3701 2468 3759 xxxi
2495 3747 2509 3769 ,
2536 3706 2648 3771 50).
2684 3704 2832 3758 Unde
2871 3701 3053 3759 beatus
3092 3706 3294 3772 Grego-

1735 3775 1882 3825 rius:
1918 3773 2115 3834 Omnis,
2145 3773 2329 3842 inquit,
2355 3775 2442 3841 qui
2478 3783 2676 3840 μοικαί,
2705 3775 2750 3826 si
2775 3789 3007 3836 perversa
3036 3776 3087 3825 in
3120 3775 3296 3827 subdi-

1734 3841 1796 3893 tis
1825 3852 2045 3902 exercet,
2076 3852 2248 3894 contra
2272 3844 2406 3893 hunc
2444 3853 2576 3894 terra
2602 3844 2818 3904 clamat,
2849 3851 2896 3894 et
2920 3842 3046 3893 sulci
3077 3844 3294 3908 deﬂent,

1732 3913 1852 3979 quia
1880 3919 2053 3962 contra
2073 3913 2179 3978 ejus
2210 3912 2510 3977 iiijustitiam
2547 3912 2695 3962 rudes
2726 3911 2998 3962 identidem
3042 3913 3217 3979 populi
3245 3914 3298 3964 in

1732 3983 2145 4034 murmuratiouis
2174 3982 2371 4033 vocibus
2400 3991 2699 4046 erumpunt,
2728 3989 2774 4034 et
2810 3980 3093 4050 imperfecti
3105 3981 3298 4050 quique

1735 4067 1826 4117 pro
1856 4066 2010 4120 pravo
2035 4054 2144 4117 ejus
2169 4066 2319 4117 apere
2337 4066 2442 4103 sese
2464 4053 2514 4102 iii
2547 4050 2764 4119 ﬂetibus
2790 4049 3037 4120 aﬂliguul.
3073 4049 3122 4120 ξ’
3123 4049 3296 4103 ructus

1732 4118 1866 4173 enim
1897 4132 2043 4173 terra:
2068 4120 2254 4189 absque
2282 4126 2491 4184 pecunia
2533 4118 2791 4172 comedere
2825 4118 2904 4189 est
2920 4160 2938 4188 ,_
2973 4135 3035 4172 ea:
3067 4118 3294 4173 Ecclesia

1732 4194 1936 4256 quidem
1967 4188 2194 4255 sumptus
2223 4190 2469 4252 accipere,
2499 4191 2587 4240 sed
2613 4190 2771 4240 eidem
2798 4188 3017 4239 debitum
3043 4190 3296 4253 pradica-

1733 4261 1882 4312 tiouis
1912 4259 2125 4325 pretium
2167 4274 2267 4308 non
2309 4260 2551 4322 pi'wbeie.
2586 4257 2660 4309 De
2692 4273 2791 4324 qua
2828 4257 3011 4308 scilicet
3050 4258 3298 4324 prwdica-

1734 4332 1869 4381 tione
1916 4330 2133 4380 auctoris
2162 4342 2280 4378 voce
2320 4326 2506 4378 dicitur
2534 4343 2550 4376 :
2587 4345 2604 4376 ι
2639 4326 2874 4392 Oportuit
2907 4336 2955 4379 te
2987 4328 3298 4379 committere

1735 4398 1997 4463 pecuniam
2028 4411 2188 4448 meum
2216 4396 2590 4460 uummulariis,
2614 4403 2659 4448 et
2683 4397 2879 4465 veniens
2894 4397 2987 4465 ego
3002 4399 3296 4463 recepissem

1737 4470 1905 4530 utique
1932 4469 2064 4535 quod
2094 4480 2258 4517 meum
2281 4475 2385 4516 erat
2409 4481 2522 4517 cum
2544 4481 2698 4518 usura
2737 4463 2995 4535 i(Matth.
3029 4481 3148 4530 xxv,
3177 4464 3291 4533 ‘27).

1659 4511 1715 4574 ι)
1738 4511 1909 4590 ﬂii—ii:
1928 4511 2081 4605 393;.
2095 4511 2995 4604 ἶὲἱιὲὶᾶἱἠἷιῖιῖιὶ’,ἷὶέὶὶιῖιαί-ὸῖῐᾶἆέῖ
3010 4511 3291 4602 εἶαῖἓοῐὶέῖ

1735 4608 1944 4660 siastica
1988 4605 2252 4660 commoda
2289 4607 2356 4655 ad
2379 4621 2526 4657 usum
2555 4606 2776 4671 corporis
2805 4605 3032 4672 percipit.
3059 4606 3146 4672 sed
3189 4619 3294 4656 non

1734 4676 1973 4745 impendii
1996 4675 2130 4744 quod
2158 4674 2491 4741 subjectornm
2517 4670 2742 4745 debetur
2764 4670 2923 4745 cordi.
2941 4670 2948 4672 ⁷
2969 4670 3090 4745 Non
3133 4671 3294 4740 igitur

1734 4743 2157 4813 reueinptiunein'
2181 4756 2265 4795 aut
2299 4746 2522 4810 pretium
2552 4746 2617 4797 de
2644 4743 3292 4813 collationepresbytern-

1735 4831 1854 4868 rum
1876 4811 2153 4882 episctipus
2178 4813 2562 4882 licbetiexigere
2581 4822 2635 4868 et
2655 4815 2901 4864 alimenta
2931 4811 3287 4882 ecclesiastica

1736 4881 1920 4941 mutus
1957 4890 2293 4936 manducare.
2331 4881 2538 4935 Etcum
2572 4882 2822 4934 Dominus
2862 4881 3294 4948 praedicatoribus

1737 4954 2006 5022 przecipiat
2038 4967 2093 5007 ut
2124 4955 2376 5004 iulrtinles
2400 4952 2450 5005 in
2477 4953 2662 5022 domos
2684 4965 2869 5004 eorum
2891 4950 3082 5022 quibus
3106 4965 3286 5015 pacem

1737 5019 2048 5091 pradicant,
2086 5021 2172 5074 illa
2205 5023 2363 5072 edant
2411 5032 2463 5091 et
2503 5021 2680 5091 bibant
2707 5034 2823 5091 qua:
2853 5019 2991 5091 apud
3025 5019 3142 5072 illos
3169 5030 3293 5091 sunt

1737 5087 1886 5163 (Luc.
1926 5109 1987 5154 ι,
2010 5092 2100 5159 8),
2149 5104 2255 5154 per.
2290 5088 2592 5163 parochiam
2637 5089 2971 5163 praedicando
3007 5102 3069 5163 ac
3096 5087 3292 5140 contir-

1740 5157 1931 5215 itiando
1965 5157 2187 5226 pergens
2219 5157 2498 5227 episcopus
2530 5175 2630 5211 non
2661 5158 2820 5211 debet
2847 5157 3136 5224 superﬂuas
3160 5172 3291 5223 peu-

1737 5235 1914 5287 siones
1939 5232 1988 5282 iti
2021 5231 2306 5297 pigmentis
2350 5241 2402 5283 et
2443 5229 2560 5281 aliis
2589 5228 2881 5295 quibusque
2908 5241 2936 5297 a
2969 5228 3288 5297 presbyteris

1735 5317 1853 5369 quze
1879 5315 1981 5354 non
2003 5295 2195 5352 habent
2225 5299 2514 5369 requirere,
2539 5311 2588 5351 et
2615 5297 2732 5349 talia
2763 5311 2879 5369 qua}
2899 5295 3032 5351 forte
3055 5296 3108 5360 in
3133 5295 3290 5348 domo

1737 5366 1834 5424 sua
1869 5385 1967 5423 ιιοιι
2001 5372 2209 5436 εεςὶινιι,
2245 5368 2497 5437 voluptati
2529 5369 2698 5430 potius
2726 5366 2968 5437 serviens
3009 5380 3162 5437 quam
3192 5378 3287 5415 ne-

1739 5442 1997 5502 cessitati,
2027 5435 2257 5506 exigi-re,
2291 5449 2342 5492 el
2367 5435 2475 5490 suis
2503 5451 2720 5502 parcens
2750 5436 2937 5506 opibus
2961 5479 2975 5502 ,
3004 5435 3073 5506 de
3098 5448 3286 5506 super-

1738 5512 1840 5562 ﬂue
1883 5503 2203 5573 acceptts'el
2233 5511 2454 5561 venditis
2501 5507 2778 5556 ditesc-re.
2823 5504 2928 5557 Nec
2969 5504 3083 5556 ideo
3128 5503 3286 5553 debet

1740 5582 2027 5645 ρτςυάιρητθ
2061 5589 2116 5628 ut
2145 5589 2383 5643 sumptus
2410 5574 2652 5640 accipiat,
2679 5575 2771 5626 :z-d
2794 5575 2911 5627 ideo
2938 5580 3176 5638 sumptus
3200 5585 3285 5623 ac-

1737 5666 1934 5713 cipcre,
1969 5659 2022 5699 tit
2052 5648 2278 5699 sufﬁciat
2307 5645 2613 5712 pra'dicarc.

1809 5720 1861 5768 6.
1898 5720 2161 5770 Eccles'tas
2204 5710 2410 5781 quoque
2455 5714 2506 5764 iii
2559 5712 2960 5778 prOprictalibtts
3004 5710 3286 5781 liberorum

1741 5788 2013 5844 hominum
2042 5802 2102 5841 ac
2131 5780 2464 5843 cohwrcdum
2495 5785 2845 5837 euasistentes
2870 5792 2925 5836 ut
2948 5794 3056 5837 sua:
3079 5780 3288 5836 tradan-
