3820 6336
950 216 979 241 /

121 401 215 458 ολδ

774 404 1118 462 FORMULE
1157 404 1683 463 EXORCISMORUM
1726 404 1813 461 ET
1852 403 2626 462 EXCOMMUNICATIONUM.

3186 402 3287 458 9‘6

120 515 383 583 apostolica
414 515 664 569 habemus
686 554 701 577 ,
730 516 919 583 quibus
940 514 1282 571 informamur
1301 516 1422 583 quid
1454 516 1518 569 de
1549 517 1645 568 hu—
1678 521 1724 578 Α
1752 532 1814 567 no
1843 514 2096 568 habendus
2139 515 2231 577 sit,
2264 522 2309 567 et
2338 514 2424 579 qui
2447 513 2525 565 illi
2549 512 2693 577 quasi
2733 511 3032 583 Christiano,
3063 526 3291 565 commu-

116 584 387 651 juscemmli
427 585 918 649 pmvariatiirilius
958 600 1113 650 agere
1143 601 1239 639 nos
1269 596 1525 649 oporteat.
1567 586 1650 637 Ait

118 656 243 705 enim
273 654 519 707 Dominus
540 654 589 705 in
620 653 906 720 Evangelia
933 671 946 704 :
978 652 1036 708 Si
1062 656 1330 716 peccaverit
1351 656 1401 705 in
1430 667 1476 706 te
1496 656 1650 717 frater

119 730 241 783 tuus,
264 720 801 788 corripeeurnluatth.
824 721 993 789 ινιη).
1015 722 1243 782 Fratres,
1272 724 1321 775 in
1339 737 1649 789 unoquoque

120 801 335 843 nostrum
364 800 539 855 peccat
570 793 655 855 qui
704 791 754 842 in
783 800 1015 843 sanctam
1051 791 1335 843 Ecclesium
1367 803 1560 856 peccat.
1592 792 1646 843 Si

118 862 243 912 enim
262 870 438 928 saneta
466 859 693 912 Ecclesia
717 873 879 911 unum
900 873 1089 924 corpus
1114 868 1215 923 est,
1237 859 1383 925 cujus
1414 860 1650 928 corporis

116 940 254 991 caput
281 926 518 981 Christus
538 940 639 990 est,
668 928 861 994 singuli
889 937 1063 981 autem
1093 940 1271 981 sumus
1284 930 1417 981 alter
1433 926 1651 981 alterius

119 998 354 1059 membra,
368 1006 546 1049 etcum
563 998 756 1065 patitur
769 1011 929 1050 unum
946 996 1256 1065 membrum,
1268 998 1653 1065 compatiuntur

118 1066 277 1119 omnia
304 1067 533 1118 membra
558 1064 603 1132 (l
636 1063 753 1119 Cor.
780 1065 875 1133 xu)
893 1109 907 1129 ,
934 1066 1111 1133 procul
1138 1064 1296 1118 dubio
1325 1063 1501 1121 in'nos
1528 1081 1650 1134 pec—

117 1135 292 1201 catqui
319 1138 548 1188 membra
579 1146 752 1187 nostra
778 1135 936 1189 laedit.
964 1136 1119 1189 lubet
1164 1148 1289 1203 ergo
1322 1135 1569 1188 Dominus
1599 1143 1655 1187 ut

118 1203 284 1266 frater,
306 1204 355 1256 id
375 1213 474 1264 est,
493 1203 819 1257 Christianus
836 1205 887 1256 in
904 1218 999 1257 nos
1022 1217 1262 1269 peccans,
1288 1205 1458 1269 primo
1474 1218 1650 1258 secre—

120 1283 165 1325 te
192 1274 516 1340 corripiatur,
539 1274 730 1326 deinde
762 1288 878 1325 cum
920 1273 1137 1325 testibus
1168 1273 1526 1340 redarguatnr‘.
1558 1287 1654 1325 no—

118 1346 317 1394 vissime
359 1344 410 1393 in
439 1351 696 1395 emneatu
750 1341 998 1394 Ecclesia
1044 1340 1249 1403 publica
1288 1340 1647 1395 conveniatur.

118 1410 254 1473 Quod
298 1411 342 1463 si
373 1411 465 1462 bas
493 1422 599 1463 tres
641 1411 1026 1463 admonitiones
1052 1418 1108 1463 ct
1156 1411 1268 1477 pias
1295 1410 1655 1475 correptiones

118 1482 409 1542 contemnit,
435 1490 487 1531 et
512 1479 815 1532 satisfacere
831 1479 1076 1547 despicit,
1092 1489 1202 1545 post
1221 1480 1335 1533 hac
1356 1482 1419 1532 sit
1442 1480 1549 1543 tibi,
1574 1481 1655 1532 in-

118 1551 239 1613 quit,
260 1551 383 1601 sicut
409 1549 632 1601 ethnicus
665 1548 872 1615 (Matth.
904 1548 1085 1611 avni),
1112 1547 1162 1602 id
1186 1558 1285 1615 est,
1319 1550 1547 1617 gentilis,
1577 1560 1655 1602 at-

119 1634 209 1682 que
235 1634 480 1686 paganus,
509 1630 566 1671 ut
594 1633 697 1672 non
723 1620 829 1685 jam
853 1633 948 1683 pro
986 1617 1305 1683 Christiano,
1332 1619 1423 1671 sed
1454 1634 1548 1685 pro
1566 1632 1655 1685 pa-

120 1703 240 1757 gano
269 1687 532 1749 habeatur.
568 1688 635 1741 Et
679 1687 729 1739 in
754 1688 857 1739 alio
882 1688 997 1740 loco
1023 1687 1313 1757 membrum
1343 1688 1483 1753 quod
1508 1702 1536 1739 a
1561 1702 1655 1741 sua

118 1756 355 1825 ciimpage
377 1758 677 1820 resolvitur,
708 1766 763 1811 et
786 1771 815 1808 a
864 1756 1110 1822 iunctura
1156 1756 1431 1810 charitatis
1482 1757 1654 1810 disso-

1750 585 2003 645 nicaoerit,
2035 593 2121 636 aut
2170 599 2282 635 cum
2325 598 2383 636 eo
2422 582 2791 635 manducauerit
2840 591 2926 633 aut
2964 579 3160 643 biberit,
3204 589 3291 633 aut

1748 669 1859 705 eum
1886 652 2139 703 osculatus
2165 652 2332 718 fuerit,
2357 652 2431 704 vel
2461 667 2572 703 cum
2601 666 2657 702 co
2694 650 2998 717 colloquium
3037 649 3290 713 familiare

1751 721 1996 778 habuerit.
2019 720 2115 774 nisi
2134 720 2260 785 forte
2274 722 2341 772 ad
2359 720 2744 783 satisfactionem
2762 727 2807 771 et
2826 719 3159 783 paenitentiam
3178 732 3293 770 eum

1751 804 2016 857 provocare
2045 790 2324 852 studuerit,
2375 798 2462 841 aut
2492 790 2543 842 in
2571 790 2743 857 domo
2765 804 2857 840 sua
2885 803 2993 839 eum
3031 788 3291 857 receperit,

1751 854 1839 908 aut
1877 858 2030 909 simul
2055 872 2166 910 cum
2199 875 2256 910 eo
2281 860 2517 920 oraverit,
2571 855 2744 925 procul
2774 856 2925 909 dubio
2975 854 3205 907 similiter
3230 856 3296 908 sit

1749 928 2231 979 excommunicatus.
2276 926 2467 979 Deinde
2491 926 2713 994 epistola:
2743 926 3035 995 presbyteris
3061 940 3149 992 per
3196 940 3293 995 pa-

1752 996 1977 1047 rochiam
2011 999 2292 1059 mittantur,
2324 996 2627 1048 continentes
2657 996 2861 1048 modum
2892 994 3297 1046 excommunica-

1754 1066 1925 1132 tionis,
1950 1065 2004 1117 in
2024 1066 2199 1129 quibus
2214 1065 2442 1132 jubeatur
2475 1072 2539 1116 ut
2556 1065 2818 1116 dominicis
2846 1063 3017 1115 diebus
3039 1073 3144 1127 post
3173 1060 3293 1117 lect.

1757 1131 1950 1203 anng.
2013 1131 2236 1199 plebibus
2278 1134 2370 1186 sibi
2420 1136 2715 1187 commissis
2755 1134 2951 1196 pubtice
3001 1131 3298 1203 annuntient

1754 1201 1914 1268 ipsum
1937 1204 2515 1264 excommunicationcm,
2555 1213 2607 1255 ut
2629 1218 2690 1254 ne
2714 1203 2825 1269 quis
2858 1218 2941 1264 per
2962 1201 3293 1269 ignorantiam

1754 1272 2083 1324 communicet
2107 1273 2550 1326 excommunicato.
2580 1271 2782 1338 Oportet
2812 1274 2961 1324 etiam
2984 1281 3037 1322 ut
3061 1270 3173 1321 aliis
3194 1270 3301 1336 epi-

1755 1341 1923 1400 scopis
1979 1342 2091 1393 i’nsa
2136 1341 2580 1394 excommunicatio
2628 1341 2987 1403 manifestatur.
3060 1339 3302 1403 Praecipit

1754 1411 1885 1461 enim
1910 1416 1935 1443 ³
1972 1408 2268 1462 Toletanum
2303 1410 2570 1462 concilium
2616 1419 2668 1460 ut
2716 1409 2923 1460 inuicem
2952 1424 3069 1460 mox
3114 1409 3302 1473 scripta

1758 1488 2051 1543 percurrent
2080 1495 2168 1546 per
2194 1494 2383 1547 onum
2410 1479 2675 1547 provincia:
2701 1479 3305 1547 episcoposqttoscunque

1756 1547 1899 1598 adire
1929 1547 2113 1599 seniori
2139 1546 2288 1599 etiam
2313 1545 3311 1612 potuerint,ntexcommuuicatusaudia-

1758 1626 1867 1688 tur.
1892 1616 2255 1671 Seniorietiam
2274 1620 2385 1688 ejus
2414 1617 2523 1686 ipsa
2537 1614 2987 1668 excommunicatio
3017 1614 3157 1667 debet
3189 1625 3305 1666 nota

1758 1685 1891 1754 Μ’
2158 1714 2161 1717 ’
2436 1752 2607 1813 xm.

120 1832 295 1919 fiam-l1,
320 1834 377 1879 et
417 1841 794 1919 «uacaturus
820 1826 958 1919 quod
1006 1825 1341 1919 scagtlaliziit,
1399 1827 1650 1919 Dominus

1818 1848 1972 1893 ITEII
2004 1852 2147 1894 ΔιιΑ
2182 1847 2845 1895 EXCOIIUNICATIONIO
2877 1845 3242 1889 Αιιοσυτιο.

120 1897 299 1950 abscidi
320 1904 373 1950 et
417 1897 598 1962 projici
628 1894 796 1962 jubet,
829 1897 1010 1948 dicens
1039 1913 1052 1947 :
1086 1894 1144 1948 Si
1168 1895 1343 1948 oculus
1365 1894 1439 1948 vel
1472 1911 1651 1948 manus

119 1967 185 2015 rel
207 1981 288 2033 pes
311 1977 425 2018 tuus
453 1966 761 2018 scandalizat
811 1973 877 2030 te,
908 1980 1026 2018 erue
1063 1980 1194 2027 eunt,
1226 1975 1270 2017 et
1312 1965 1502 2034 projice
1544 1981 1575 2016 a
1606 1976 1654 2018 te

120 2036 319 2101 (Ibit).
353 2034 416 2087 Et
438 2036 716 2099 Apostolus
742 2052 754 2085 :
784 2035 1010 2100 Auferte,
1038 2035 1225 2098 inquit,
1258 2034 1657 2088 malumasobis

145 2101 167 2156 l
196 2102 306 2157 Cor.
334 2106 414 2171 ν).
467 2104 530 2156 Et
554 2102 676 2157 item
703 2120 717 2155 :
758 2103 987 2171 ln/idelis
1016 2104 1060 2156 si
1086 2103 1316 2165 discedit,
1350 2105 1572 2156 discedat
1603 2102 1654 2171 (l

215 2211 229 2225 .
260 2174 370 2241 vn).
427 2173 564 2241 Etin
593 2172 697 2225 alio
722 2174 837 2226 loco
862 2172 1083 2239 rapaces
1105 2186 1132 2223 a
1165 2186 1326 2240 regno
1360 2172 1449 2225 Dei
1479 2172 1659 2225 exclu-

123 2244 191 2311 dit
228 2245 409 2297 dicens
440 2256 452 2293 τ
488 2240 663 2310 Neque
688 2256 896 2307 rapaces
940 2258 1149 2311 regnum
1199 2241 1290 2293 Dei
1341 2241 1662 2305 possidebunt

126 2310 170 2380 (l
200 2312 310 2367 Cor.
339 2311 437 2381 vt).
470 2311 534 2366 Et
564 2312 688 2366 alibi
719 2330 731 2363 :
762 2311 821 2367 Si
846 2312 954 2379 quis
980 2310 1135 2379 frater
1178 2312 1485 2372 nominatur,
1515 2321 1561 2364 et
1591 2319 1663 2362 est

126 2384 403 2447 fornicator,
429 2390 518 2435 aut
545 2382 765 2445 adulter,
790 2391 880 2434 aut
904 2381 1176 2441 homicida.
1215 2392 1302 2433 aut
1328 2396 1510 2449 rapax.
1546 2395 1662 2434 cum

126 2452 396 2518 huiusmodi
425 2451 696 2505 necciburn
716 2467 913 2504 sumere
940 2451 1052 2504 licet
1084 2449 1132 2512 (1
1164 2448 1395 2521 cam);
1419 2450 1479 2504 Et
1507 2450 1665 2503 Joan-

126 2536 211 2575 nes
248 2520 469 2576 dilectus
519 2536 631 2590 pra:
681 2522 886 2576 caeteris
937 2521 1131 2590 Christi
1174 2520 1448 2586 discipulis
1504 2521 1664 2590 talem

128 2593 367 2644 nefarium
407 2587 672 2645 hominem
704 2591 934 2644 salutare
973 2588 1282 2657 prohibebat
1308 2590 1526 2642 dicens:
1558 2587 1666 2641 Nec

127 2662 268 2713 cisse
293 2661 502 2723 dixeris,
532 2675 690 2727 neque
732 2674 848 2713 eum
889 2658 944 2711 in
998 2658 1204 2727 domum
1242 2659 1505 2725 receperis.
1570 2660 1670 2727 Qui

128 2730 245 2781 cuius
272 2730 319 2782 ei
342 2745 431 2798 sse
458 2728 578 2781 dicit
605 2726 935 2781 communicat
953 2726 1180 2797 operibus
1200 2730 1311 2798 ejus
1324 2727 1558 2798 malignis
1582 2726 1631 2795 (1
1640 2728 1665 2780 l

127 2798 312 2878 lnam).
355 2797 627 2853 Dominica
650 2799 1021 2878 Aitaqueatque
1073 2797 1359 2878 apostolica
1384 2797 1670 2878 praecepta

127 2866 485 2948 adimplentes,
507 2866 798 2948 membrum
819 2866 1084 2948 putridum
1114 2877 1167 2919 et
1194 2866 1503 2948 insanabile,
1532 2866 1672 2948 quod

134 2935 431 2992 medicinam
479 2954 582 2991 non
611 2935 834 3007 recipit;
863 2938 1001 2991 ferro
1041 2935 1595 2992 eacommunicationis
1642 2950 1672 2989 a

130 3022 335 3074 oorpore
388 3010 591 3062 Ecclus.
640 3006 970 3062 abscidamus
992 3048 1007 3072 ,
1040 3021 1106 3060 ne
1132 3017 1235 3060 tam
1268 3008 1514 3074 pestifero
1535 3020 1676 3060 mor-

133 3077 191 3129 bo
216 3078 415 3148 reliqua
448 3079 681 3132 membra
706 3077 974 3145 corporis,
1002 3076 1160 3132 veluti
1192 3089 1416 3145 veneno,
1442 3076 1679 3131 inliciati-

132 3157 205 3199 tur
239 3148 475 3218 (Decreta
495 3148 651 3203 Siric.
680 3164 795 3217 cap.
820 3148 897 3218 7).

655 3250 1133 3291 ειαοιιιυκιωτίο.

196 3323 345 3393 Igitur
371 3324 491 3393 quia
532 3325 727 3379 monita
751 3335 927 3380 nostra
956 3335 1009 3380 et
1036 3326 1252 3382 crebras
1273 3326 1675 3393 exhortationes

131 3386 429 3459 wniemnii,
458 3401 581 3464 quia
627 3396 785 3450 tertio
826 3398 1114 3450 secundum
1172 3386 1501 3451 dominicum”
1538 3413 1676 3461 prte-

136 3473 346 3530 ceptum.
379 3475 593 3519 vocatus
620 3467 685 3518 ad
735 3467 1154 3521 emendationem
1207 3475 1261 3518 et
1309 3469 1672 3535 ptenitentiam

134 3536 297 3588 verum
322 3536 595 3608 despexit;
625 3535 744 3604 quia
772 3539 975 3608 culpam
998 3551 1144 3591 suam
1180 3542 1403 3591 necdum
1432 3540 1675 3608 cognovit

134 3617 222 3657 nec
264 3606 535 3659 confessus
595 3617 696 3669 est,
726 3620 823 3677 uec
862 3606 1221 3677 inissagnobis
1259 3606 1539 3675 legatione,
1583 3609 1673 3677 qui

134 3686 328 3728 Causam
367 3677 532 3742 ipsius
582 3676 938 3743 essequimur,
964 3675 1087 3743 quia
1124 3686 1301 3730 noster
1330 3675 1675 3742 parocliianus

134 3754 224 3813 est,
250 3746 450 3813 veniam
481 3745 791 3812 postulavit;
822 3742 943 3812 quia
975 3742 1024 3797 in
1051 3754 1220 3813 empta
1251 3744 1466 3811 malitia,
1494 3748 1675 3800 diabo-

138 3812 185 3884 l_u
210 3828 297 3866 cor
342 3812 455 3882 eius
496 3815 777 3867 indurante
804 3854 820 3878 ,
876 3812 1198 3882 perseverat,
1232 3823 1304 3878 et,
1360 3814 1506 3883 juxta
1536 3816 1673 3884 quod

135 3881 401 3947 Apostolus
439 3884 590 3951 dicit,
620 3884 913 3938 secundum
933 3884 1176 3938 duritiam
1210 3881 1438 3938 suam'et
1465 3881 1674 3939 cor’im-

138 3956 380 4019 pteuitens
435 3954 762 4007 thesaurizat
789 3954 887 4008 sibi
933 3954 1064 4007 iram
1094 3954 1146 4008 in
1188 3955 1273 4008 die
1299 3956 1435 4010 irae:
1480 3955 1677 4009 idcirco

137 4038 224 4075 nos
246 4038 360 4077 eum
386 4039 505 4078 cum
536 4022 794 4078 universis
815 4026 1155 4091 complicibus
1186 4036 1238 4077 et
1266 4026 1677 4079 communicatu-

136 4093 267 4162 ribus
294 4094 688 4160 fautoribusque
738 4096 848 4147 suis
893 4093 1093 4161 judicio
1140 4096 1228 4147 [lei
1280 4094 1674 4162 omnipotentis,

134 4161 309 4229 Patris,
339 4163 476 4226 Filii,
496 4176 549 4216 et
573 4162 802 4231 Spiritus
824 4162 1012 4230 sancti,
1036 4172 1090 4218 et
1134 4164 1273 4217 benti
1302 4161 1440 4217 Petri
1475 4166 1677 4232 princi-

135 4233 206 4299 pis
248 4234 623 4300 apostolorum,
655 4242 710 4288 et
744 4234 977 4288 omnium
1026 4243 1347 4298 sanctorum,
1396 4246 1600 4288 necnon
1627 4242 1680 4288 et

135 4310 312 4355 nostra:
356 4303 735 4357 mediocritatis
782 4303 1093 4359 auctoritate
1130 4312 1183 4359 et
1240 4313 1499 4371 patestate
1530 4304 1680 4357 nobis

134 4372 373 4429 divinitus
387 4374 574 4426 collata
605 4373 797 4441 ligandi
820 4381 876 4427 et
908 4372 1141 4427 solvendi
1173 4375 1222 4426 in
1252 4374 1389 4429 coelo
1413 4383 1466 4428 et
1494 4375 1546 4428 in
1571 4384 1678 4427 ter-

137 4456 207 4505 ra,
226 4455 253 4493 a
284 4445 491 4509 pretiosi
521 4444 756 4512 corporis
777 4454 831 4498 et
858 4445 1127 4513 sanguines
1152 4443 1356 4498 Domini
1386 4444 1678 4513 perceptio-

136 4526 196 4564 ne
217 4521 267 4566 et
300 4528 328 4566 a
354 4516 609 4569 societate
633 4514 866 4567 omnium
898 4512 1311 4567 Christianorum
1344 4512 1677 4581 scparamus,

1828 1929 2084 1996 Audistis,
2128 1928 2477 1996 dilectissimi,
2522 1938 2711 1996 quanta
2761 1936 2816 1982 et
2840 1942 2997 1994 quam
3045 1924 3307 1981 horrenda

1760 1999 2029 2064 pravitatis
2058 2014 2119 2052 ac
2159 2000 2446 2066 iniquitatis
2474 2014 2631 2067 opera
2665 1998 2755 2051 ille
2781 2014 2810 2051 a
2838 1998 3051 2051 diabolo
3088 1997 3305 2062 instiga-

1759 2079 1842 2122 tus
1864 2077 2164 2137 perpetrare
2198 2084 2300 2137 non
2332 2068 2580 2131 timuerit,
2612 2076 2663 2137 et
2691 2067 2953 2137 quomodo
2981 2081 3072 2134 per
3097 2077 3309 2137 aposta-

1760 2138 1895 2192 siam
1946 2134 1973 2191 ὅ
2020 2138 2178 2191 totius
2222 2136 2529 2191 Christianas
2580 2134 2845 2204 religionis
2894 2139 3035 2189 cultu
3095 2135 3309 2202 profana

1762 2217 1939 2260 mente
1986 2209 2285 2261 recesserit.
2316 2206 2548 2260 Audistis
2588 2204 3028 2272 quemadmodum
3057 2204 3323 2257 canonice

1763 2277 1826 2328 ad
1850 2276 2276 2329 satislaciendum
2313 2283 2558 2331 evocatus
2587 2275 2677 2338 sit,
2708 2273 2798 2327 sed
2821 2274 3001 2326 venire
3023 2272 3308 2335 distulerit,

1765 2344 2029 2412 quomodo
2069 2345 2365 2414 frequenter
2391 2345 2687 2398 admonitus
2716 2356 2767 2414 ut
2796 2342 3126 2414 resipisceret
3179 2355 3209 2414 _a
3239 2341 3316 2392 la-

1769 2415 1917 2482 queis
1944 2411 2377 2482 diaboli,'quibus
2408 2421 2613 2466 tenetur
2640 2413 2905 2477 astrictus,
2937 2411 3325 2465 saluberrimas

1769 2483 2153 2538 admonitiones
2206 2484 2463 2537 obturatis
2505 2482 2716 2535 auribus
2740 2483 2917 2535 cordis
2958 2482 3141 2534 audire
3188 2493 3315 2533 cou-

1771 2553 2063 2621 tempserit.
2097 2554 2347 2607 Dominus
2372 2552 2495 2607 dicit
2518 2552 2571 2621 in
2595 2551 2879 2621 Evangelia
2900 2552 2966 2603 de
2989 2551 3077 2603 tali
3130 2559 3315 2604 contu.

1771 2620 1903 2675 maci
1927 2623 2108 2686 fratre,
2140 2623 2227 2686 qui
2268 2620 2673 2677 ecclesiasticam
2700 2620 2873 2673 renuit
2898 2622 3166 2686 suscipere
3189 2632 3312 2671 cor-

1771 2638 1903 2675 macu
1927 2638 2108 2686 Iratre,
2178 2638 2227 2675 ut
2268 2638 2673 2677 ecclesiasticam
2700 2638 2873 2673 renuit
2898 2638 3035 2671 susc.
3109 2638 3166 2671 re
3189 2638 3312 2671 cor-

1770 2693 2057 2760 reptionem
2091 2710 2101 2743 :
2125 2638 2184 2746 gi
2212 2690 2485 2745 Ecclesium
2505 2706 2605 2743 non
2634 2687 2869 2760 audierit,
2901 2688 2966 2741 sit
2994 2638 3106 2760 uti":
3128 2686 3319 2760 inquit,

1771 2756 1896 2841 sicut
1924 2760 2153 2841 ethnicus
2202 2772 2249 2813 et
2281 2762 2576 2841 publicanus
2626 2757 3023 2841 (Matthhxrtu‘)
3049 2772 3064 2818 ;
3094 2756 3185 2841 “id
3208 2762 3316 2841 est,

1769 2829 1875 2897 jam
1933 2844 2035 2884 non
2078 2839 2159 2883 est
2208 2821 2588 2895 computandas
2634 2821 2776 2883 inter
2816 2821 3172 2897 Christianos,
3206 2821 3329 2897 sed.

1773 2893 1909 2954 inter
1964 2913 2211 2969 paganos.
2282 2893 2412 2953 Hinc
2464 2900 2682 2969 Baulos,
2748 2898 2949 2969 Domini
2986 2905 3041 2955 et
3068 2893 3325 2969 blagists'r

1773 2966 2062 3024 doctrinam
2125 2982 2392 3035 sequens,
2466 2966 2769 3021 Corinthios
2842 2966 3109 3035 redarguit
3156 2976 3327 3035 quam

1775 3054 1894 3093 cum
1938 3031 2243 3093 criminosis
2296 3031 2677 3093 aesceleratis
2737 3031 3190 3090 communionem'
3232 3031 3323 3085 ha-

1778 3110 1981 3176 berent,
2016 3108 2253 3177 dicens:
2308 3107 2408 3162 Vos
2436 3107 2602 3177 inflati
2640 3106 2787 3170 estis,
2833 3114 2877 3159 et
2900 3120 2999 3157 non
3039 3105 3201 3177 magis
3243 3101 3326 3177 lu-

1778 3188 1909 3232 ctum
1935 3171 2202 3245 habuistis,
2229 3190 2282 3231 ut
2309 3171 2514 3232 tollatur
2534 3177 2593 3230 de
2611 3177 2775 3230 medio
2802 3184 3013 3230 uestrum
3036 3171 3087 3245 (ι
3104 3175 3221 3225 Cor.
3242 3173 3322 3245 y);

1776 3250 1826 3302 id
1854 3257 1956 3314 est,
1996 3241 2268 3316 separetur
2294 3262 2323 3301 a
2354 3258 2525 3303 vestro
2568 3246 2852 3316 consortio,
2884 3245 2971 3313 qui
3022 3241 3126 3316 tale
3152 3241 3325 3295 scelus

1774 3327 2020 3387 operatus
2060 3314 2158 3373 est.
2197 3318 2257 3371 Et
2282 3317 2512 3387 adjungit
2543 3332 2557 3370 :
2616 3315 2722 3386 Ego
2763 3315 2977 3387 quidem
3010 3314 3185 3366 absens
3212 3324 3325 3363 cor:

1776 3384 1915 3455 pare,
1946 3402 2165 3456 praisens
2187 3384 2359 3440 autem
2400 3384 2600 3453 spiritu.
2620 3384 2731 3456 jam
2746 3384 2979 3456 judicaoi
3006 3393 3061 3456 nt
3109 3394 3325 3456 prtesgns

1772 3446 1884 3511 eum
1904 3446 1989 3523 qui
2024 3457 2096 3510 sic
2126 3467 2360 3519 operatus
2384 3446 2477 3521 est,
2510 3460 2559 3508 in
2582 3446 2782 3507 nomine
2811 3451 3018 3523 Domini
3047 3446 3204 3505 nostri
3232 3446 3323 3523 Je-

1772 3544 1831 3581 su
1875 3520 2058 3581 Christi
2102 3528 2410 3593 congregatis
2459 3520 2594 3579 nobis
2622 3534 2668 3577 et
2697 3540 2805 3577 meo
2832 3522 3047 3593 spiritu,
3084 3536 3197 3573 cunt
3229 3520 3327 3593 vir-

1776 3606 1875 3650 tute
1908 3595 2108 3650 Domini
2157 3590 2252 3648 mel
2279 3590 2401 3662 ,lesu
2451 3596 2649 3648 tradere
2691 3591 2983 3662 hujusmodi
3010 3592 3220 3662 Satanas
3275 3590 3328 3639 in

1774 3668 2027 3720 interitum
2052 3667 2237 3719 carnis.
2266 3658 2329 3718 Et
2352 3674 2468 3732 post
2492 3679 2650 3733 pauca
2674 3681 2684 3715 :
2722 3658 2916 3727 Scripsi
2937 3661 3069 3733 nobis
3101 3675 3159 3733 ne
3179 3672 3325 3733 com-

1775 3737 2085 3789 misce'imini
2112 3729 2421 3804 fornicariis.
2452 3729 2514 3789 Et
2550 3735 2725 3789 statim
2758 3732 2953 3804 infert;
2985 3729 3178 3804 Siquis
3210 3729 3320 3797 fra-

1776 3815 1849 3857 ter
1875 3801 2183 3874 appellatur,
2225 3806 2273 3859 id
2321 3813 2422 3870 est,
2476 3804 2822 3874 Christianus,
2853 3812 2898 3854 et
2926 3801 3326 3874 fornicator‘est

1776 3865 2058 3939 autrapar,
2080 3890 2201 3943 cum
2246 3865 2540 3943 hujusmodi
2565 3888 2655 3927 nec
2676 3871 2843 3943 cibum
2890 3865 3322 3943 sumerell‘qar.

1776 3944 1891 4012 vn).
1924 3936 1984 3996 Et
2025 3942 2143 3995 alibi
2171 3961 2181 3995 :
2209 3936 2426 4012 Auferte,
2462 3944 2649 4012 malum
2678 3940 3009 4012 ea_vobis._Et
3037 3957 3049 3993 :
3094 3936 3326 4012 inﬁdelis

1776 4016 1819 4065 si
1841 4009 2070 4078 discedit,
2102 4014 2325 4069 discedat
2354 4016 2369 4081 (
2404 4011 2430 4065 Ι
2463 4011 2581 4067 Cor.
2608 4012 2678 4077 ν).
2712 4010 2822 4065 Una
2860 4010 2998 4062 enim
3020 4009 3160 4081 Jovis
3187 4019 3329 4081 ηψπο-

1779 4084 1898 4137 bida
1925 4072 2133 4137 omnem
2174 4072 2385 4153 gregem
2434 4072 2759 4137 cantaminat
2784 4121 2798 4144 ,
2820 4088 2884 4153 et
2914 4077 3176 4153 mndicum
3224 4072 3330 4127 fer-

1779 4166 2010 4208 mentum
2072 4149 2232 4207 totain
2274 4149 2520 4223 'massam
2569 4152 2875 4217 corrumpit,
2924 4158 2978 4201 et
3021 4149 3331 4223 ρξεευφίιιξρ

1781 4238 1939 4275 unum
1968 4227 2257 4276 membrum
2298 4221 2558 4291 putridum
2599 4214 3035 4292 totum'corpus:
3057 4215 3237 4292 inlicit.

1780 4292 1901 4345 ideo
1928 4302 2031 4343 tam
2075 4284 2365 4356 perniciosa
2397 4292 2555 4359 pestis
2582 4304 2611 4343 a
2635 4301 2855 4357 corpore
2909 4284 3328 4341 Ecclesimradi-

1781 4361 1915 4416 citus
1938 4361 2210 4416 evellatur.

2322 4427 2801 4483 Excommunicatio.

1860 4522 2142 4576 Dominicis
2172 4521 2328 4590 igitur
2350 4530 2504 4589 atque
2543 4519 2866 4590 apostolicis.
2896 4514 3159 4590 informati
3191 4528 3330 4590 prie.

135 4590 184 4634 et
204 4596 232 4633 a
263 4582 528 4659 liminibus
554 4596 750 4639 sancta
778 4585 964 4639 matris
994 4583 1244 4659 Ecclesiae
1268 4586 1317 4637 in
1368 4585 1517 4659 coelo
1550 4593 1602 4637 et
1633 4584 1685 4637 in
1719 4585 1765 4643 ι)
1789 4594 1975 4659 ceplis,
2001 4582 2219 4659 judicio"
2234 4592 2398 4645 Patris
2423 4582 2481 4645 'et
2528 4582 2640 4642 Filii
2664 4589 2776 4657 ejus
2808 4585 3009 4641 Domini
3038 4586 3201 4637 nOs'tri
3244 4584 3333 4636 Je-

137 4661 259 4705 terra
293 4654 647 4719 esciudimus,
685 4665 738 4710 et
760 4657 1091 4709 escommuni
1116 4664 1268 4707 'atum
1308 4661 1363 4708 et
1383 4655 1685 4706 anathema-

137 4720 333 4776 lizalutn
384 4739 505 4780 esse
534 4724 891 4789 decernimus,
922 4735 976 4779 et
1001 4725 1303 4778 damnatum
1339 4738 1457 4776 cum
1480 4723 1687 4776 diabolo

134 4800 185 4864 9t
216 4792 408 4864 angelis
433 4800 549 4863 ejus
586 4804 639 4847 et
677 4796 920 4849 omnibus
975 4796 1213 4863 reprobis
1250 4796 1301 4847 in
1331 4794 1449 4864 igne
1487 4805 1685 4846 interno

133 4858 431 4928 iudicamus,
462 4858 565 4918 nisi
634 4864 767 4917 lorte
818 4877 849 4917 a
900 4858 1092 4917 diaboli
1153 4858 1685 4931 laqueis'resipiscat,

136 4940 186 4983 et
221 4935 281 4985 ad
309 4936 728 4989 emendationem
757 4941 812 4987 et
855 4934 1218 5001 pteuitentiam
1248 4934 1425 4987 redeat
1444 4973 1458 4993 ,
1490 4941 1543 4985 et
1591 4933 1686 4985 Ec-

135 5002 299 5056 clesia
318 5003 430 5069 Dei,
468 5020 624 5074 quam
654 5006 806 5068 laesit,
858 5002 1292 5074 satislaciat._l£t
1336 5002 1689 5056 resoondeant

137 5084 307 5190 ganea
332 5071 529 5153 tertio:
575 5077 748 5129 Amen.
785 5076 924 5129 Aut:
969 5072 1107 5128 Fiat.
1162 5071 1303 5125 Fiat.
1357 5074 1491 5125 All:
1550 5075 1685 5126 Ana-

186 5156 288 5190 ettta
321 5153 404 5190 ιιι-

139 5144 288 5195 thensa
321 5144 405 5197 sit.

202 5212 386 5269 Debent
414 5224 579 5267 autem
620 5215 886 5268 duodecim
931 5213 1214 5266 sacerdotes
1253 5213 1541 5281 episcopum
1578 5214 1681 5266 cir-

140 5292 372 5338 cumstare
397 5296 444 5339 et
470 5287 699 5338 lucernas
726 5286 956 5337 ardentes
984 5286 1039 5338 in
1060 5285 1291 5335 manibus
1338 5294 1522 5347 tenere,
1556 5299 1683 5351 quas

141 5351 187 5401 in
240 5355 553 5408 conclusione
613 5357 947 5413 anathematis
1002 5352 1077 5407 rel
1148 5354 1680 5407 excommunicationis

145 5422 365 5489 projicere
391 5426 567 5477 debent
606 5426 655 5478 in
684 5434 867 5478 terram
892 5434 936 5476 et
970 5422 1176 5490 pedibus
1204 5424 1520 5475 conculcare.
1550 5420 1674 5475 Post

145 5492 239 5563 hac
256 5494 509 5562 episcopus
531 5495 661 5563 plebi
681 5496 841 5563 ipsam
864 5494 1427 5546 “communicationem
1452 5508 1674 5544 commu-

144 5560 285 5612 nibus
315 5560 470 5617 oerbis
494 5560 641 5635 debet
689 5560 1003 5635 explanare,
1062 5573 1117 5615 ut
1168 5579 1337 5616 omnes
1389 5563 1676 5635 intelligant

144 5645 278 5697 quam
300 5635 587 5690 terribiliter
609 5632 876 5687 damnatus
902 5634 988 5691 sit.
1037 5642 1083 5683 et
1116 5641 1170 5684 ut
1202 5642 1425 5685 noverint
1446 5633 1579 5701 quod
1609 5632 1669 5685 ab

143 5701 224 5751 illa
247 5701 364 5755 liora
384 5704 435 5758 in
458 5705 704 5774 reliquum
728 5720 825 5757 non
854 5719 945 5773 pro
966 5701 1275 5768 Christiano,
1305 5705 1390 5754 sed
1406 5719 1497 5771 pro
1518 5718 1675 5771 paga-

1792 4677 1851 4714 su
1880 4661 2070 4714 Christi
2093 4672 2145 4715 et
2182 4660 2405 4726 Spiritus
2425 4660 2611 4720 sancti,
2640 4661 2950 4712 auctoritate
2991 4664 3043 4708 et
3077 4662 3335 4726 potestate

1790 4732 2041 4796 apostolis
2091 4730 2549 4797 apostolorumque
2584 4727 2976 4781 successoribus
3004 4739 3031 4776 a
3077 4727 3181 4797 Deo
3210 4737 3336 4775 cono

1790 4794 1935 4854 cessa
1963 4840 1978 4865 ,
2012 4794 2407 4853 una'vobiscum
2458 4794 2760 4866 praedictum
2790 4796 3075 4863 pessimum
3105 4794 3275 4846 virum
3302 4806 3334 4866 _a

1792 4864 2061 4924 liminibus
2090 4882 2283 4923 sancta:
2334 4864 2513 4922 matris
2548 4868 2793 4921 Ecclesiae
2823 4866 3148 4919 excludimus
3189 4875 3241 4916 et
3268 4864 3338 4915 ab

1790 4942 1931 4992 omni
1961 4941 2211 4994 societate
2237 4947 2290 4993 et
2304 4940 2669 4992 communione
2694 4934 2990 4989 Christiana
3007 4946 3335 5001 separamus,

1791 5022 2195 5077 separatumque
2242 5022 2360 5062 esse
2401 5010 2451 5061 in
2482 5017 2733 5060 aeternum
2765 5005 3124 5077 decernimus,
3173 5003 3221 5077 id
3252 5012 3334 5053 est

1793 5074 2122 5146 in'prteseuti
2164 5078 2356 5131 sarculo
2384 5088 2436 5131 et
2460 5078 2511 5130 in
2542 5078 2734 5129 l'uturo.
2769 5075 2951 5128 Nullus
3005 5074 3333 5146 Christianus

1791 5151 1837 5202 ei
1874 5139 1987 5201 'are
2042 5150 2201 5210 dicat,
2257 5158 2347 5201 aut
2385 5162 2501 5201 eum
2531 5147 2753 5198 osculari
2801 5151 3126 5213 praesumat,
3155 5139 3335 5193 Nullus

1790 5220 2063 5287 presby:er
2080 5233 2199 5270 cum
2226 5233 2289 5270 eo
2309 5220 2519 5271 missam
2538 5210 2814 5269 celebrare
2834 5214 3024 5287 audeat
3052 5210 3130 5287 vel
3156 5226 3336 5287 sacru-

1787 5280 2024 5358 sanctum
2050 5303 2243 5355 corpus
2272 5300 2323 5340 et
2377 5287 2682 5358 sanguinem
2715 5283 2916 5358 Domini
2943 5282 3207 5358 “tradere.
3239 5280 3335 5358 Plc-

1785 5373 1872 5411 tno
1901 5358 1947 5409 ei
1971 5352 2219 5427 jungatur
2245 5359 2294 5409 in
2318 5352 2603 5419 consortio,
2631 5369 2799 5423 neque
2827 5356 2877 5406 in
2908 5352 3082 5427 aliquo
3105 5352 3336 5427 negotio.

1787 5428 1850 5480 Et
1879 5428 1922 5481 si
1951 5423 2091 5495 quis'
2115 5429 2163 5481 ei
2210 5440 2266 5479 se
2316 5427 2595 5479 sociaverit
2649 5438 2698 5495 et
2729 5423 3196 5495 communicaverit
3223 5423 3337 5483 ejus

1779 5493 2023 5564 operibus
2050 5496 2307 5563 malignis,
2339 5498 2540 5548 noverit
2567 5508 2625 5547 se
2654 5493 2811 5546 simili
2865 5505 3166 5564 percussum
3214 5503 3339 5538 ana-

1778 5559 2040 5629 themate;
2074 5570 2153 5620 liis
2179 5559 2409 5632 exceptis
2428 5568 2515 5631 qui
2545 5565 2612 5616 ob
2642 5564 2774 5616 hanc
2801 5576 3009 5614 causam
3032 5560 3079 5613 ei
3104 5559 3337 5632 jungun-

1778 5645 1860 5687 tur
1884 5646 2077 5689 uteuin
2104 5644 2351 5690 revocent
2383 5635 2448 5687 ab
2499 5644 2752 5706 erroreet
2784 5638 3062 5706 protocent
3085 5633 3147 5706 ad
3172 5638 3341 5706 suus-

1777 5706 2056 5759 lactiouem
2094 5722 2107 5767 ;
2156 5706 2251 5759 nisi
2283 5706 2416 5759 forte
2450 5702 2747 5772 resipuerit.
2778 5711 2828 5756 et
2869 5700 2955 5753 Dei
2978 5700 3140 5766 gratia
3170 5701 3338 5765 inspi-

207 5820 230 5847 ‘
252 5819 447 5876 Concil.
470 5818 642 5876 'l‘olct.
666 5832 705 5888 ι,
729 5832 778 5874 c.
808 5816 891 5873 ll.
922 5815 1056 5874 Vide
1076 5814 1317 5884 Capitula
1338 5814 1696 5885 Carlomauni,
1741 5819 1818 5871 tit.
1850 5815 1903 5882 ὖ,
1931 5830 2047 5885 cap.
2080 5817 2128 5872 5.
