3848 6234
400 299 503 359 οιτ

1408 310 1494 361 AD
1534 310 1873 365 MARCULFI
1916 309 2274 368 FORMULAS
2312 312 2671 369 APPENDIX.

3478 312 3594 369 948

404 424 573 491 rante.
602 415 667 469 ad
694 417 1025 491 anileniitg
1032 420 1323 491 remedium
1374 436 1661 477 conversus
1689 422 1863 488 fuerit,
1892 433 1943 477 et
1972 426 2015 483 Α
2046 424 2420 491 compassionis
2466 438 2528 477 ex
2582 422 2777 477 intimis
2818 405 3055 474 cordium
3097 421 3335 491 suspiriis
3371 423 3593 476 emittit.

401 486 556 559 digna
581 486 943 559 emendatione
986 484 1233 543 Ecclesia
1274 490 1391 555 Dei,
1415 506 1571 557 quam
1596 492 1745 557 laesit,
1778 484 1942 559 humi-

403 554 523 608 liter
543 554 873 609 satisfecerit.

1072 646 1241 704 Χιγ.

476 758 624 799 ΙΤΒΜ
662 759 799 801 ΔιῐΔ
837 760 1238 803 TBRRIBILIOR
1279 763 1859 808 EXCOIMUNICATIO.

465 842 726 896 Canoniea
755 844 996 917 instituta.
1029 852 1084 898 et
1107 854 1403 917 sanctorum
1441 846 1649 900 Patrum
1694 851 1941 906 exempla

397 922 697 977 sequentes,
755 912 1092 965 ecclesiarum
1148 913 1236 967 Dei
1294 915 1573 971 violatores
1606 957 1620 980 ,
1679 917 1939 979 videlicet,

396 988 657 1045 raptores,
689 980 1095 1044 depraedatores,
1124 991 1172 1036 el
1206 982 1514 1047 homicidas,
1551 984 1669 1039 illos
1692 986 1743 1041 in
1772 987 1943 1040 nomi-

394 1063 461 1103 ne
487 1048 654 1102 Patris
669 1058 721 1103 et
746 1048 863 1103 Filii
892 1059 945 1103 et
972 1050 1023 1103 in
1045 1050 1270 1118 Spiritus
1299 1054 1461 1106 sancti
1490 1054 1711 1119 virtute,
1736 1069 1940 1109 necnon

392 1119 1101 1189 auctoritateepiscopisper
1128 1120 1359 1185 Petrum,
1399 1122 1683 1189 principem
1708 1136 1807 1189 apo
1821 1135 1935 1177 sto-

395 1188 588 1251 lorum,
618 1186 864 1240 divinitus
910 1187 1113 1250 collata,
1141 1203 1170 1241 a
1216 1186 1414 1243 sanctas
1450 1186 1634 1244 matris
1688 1186 1939 1246 Ecclesia:

394 1258 590 1319 gremio
632 1269 963 1321 segregamus
993 1270 1053 1310 ac
1083 1270 1345 1323 perpetuas
1391 1259 1765 1313 maledictionis
1808 1275 1937 1314 ana-

396 1325 625 1394 themate
643 1325 1073 1394 condemnemus.
1103 1326 1319 1393 Sintque
1341 1329 1601 1381 maledicti
1632 1330 1680 1381 in
1704 1331 1935 1394 civitate,

396 1392 658 1447 maledicti
682 1392 732 1447 in
757 1407 902 1461 agro.
926 1392 1261 1449 maledictum
1288 1397 1529 1449 horreum
1554 1412 1731 1451 eorum
1755 1408 1807 1451 et
1832 1392 1939 1451 ma-

394 1462 593 1515 ledieta:
616 1462 847 1531 reliquiae
873 1464 1075 1517 illorum
1100 1504 1115 1527 ,
1158 1465 1462 1518 maledictus
1505 1466 1703 1519 fructus
1742 1468 1937 1519 veiuris

396 1544 597 1603 eorum,
620 1541 672 1585 et
702 1531 898 1603 fructus
928 1541 1081 1603 teme
1106 1534 1331 1587 illorum.
1359 1534 1612 1588 Maledictt'
1644 1536 1746 1587 sint
1767 1536 1938 1603 ingre-

391 1600 613 1671 dientes.
641 1610 695 1671 et
720 1601 975 1671 maledicti
1014 1602 1113 1655 sint
1141 1603 1497 1671 egredientes;
1528 1603 1733 1667 sintque
1763 1600 1938 1655 in'do-

396 1684 477 1718 mu
504 1670 783 1732 maledicti,
818 1671 868 1722 in
891 1683 1016 1738 agro
1045 1670 1244 1738 profugi
1272 1689 1285 1734 ;
1319 1671 1634 1737 veniantque
1666 1686 1823 1735 super
1842 1685 1935 1725 eos

2045 490 2175 556 Quia
2202 492 2355 561 igitur
2383 493 2484 545 tale
2513 492 2688 547 scelus
2714 491 2907 545 nostris
2922 490 3259 561 temporibus
3281 503 3598 557 perpetrare

2046 575 2148 612 non
2179 558 2465 617 timuerunt
2492 562 2629 628 quod
2654 571 2806 614 antea
2828 598 2844 619 ,
2881 558 2980 611 nisi
3023 558 3155 611 forte
3195 573 3222 610 a
3253 562 3466 626 paganis
3485 601 3500 621 ,
3531 560 3598 615 in

2047 628 2277 681 Ecclesia
2312 644 2416 684 non
2448 631 2703 691 auditum,
2734 628 2852 696 quia
2877 642 2980 679 non
3008 638 3085 696 est
3113 636 3308 690 actum,
3335 628 3389 682 in
3415 629 3600 681 nomi-

2044 712 2108 749 ne
2150 696 2351 752 Domini
2386 708 2436 753 et
2483 700 2535 751 in
2566 695 2762 751 virtute
2786 696 2951 749 sancti
2982 695 3209 758 Spiritus
3250 710 3451 750 necnon
3490 712 3598 749 ait-

2042 766 2283 819 rtoritate
2308 769 2568 829 episcopis
2600 782 2691 834 per
2738 767 2945 819 beatum
2969 833 2976 834 ί
2998 762 3209 819 Petrum
3229 804 3246 827 .
3297 766 3593 831 principem

2040 834 2419 898 apostolorum.
2444 833 2701 889 divinitus
2721 835 2936 899 collata,
2964 833 3105 901 ipsos
3132 847 3160 884 a
3188 844 3383 887 sancta
3402 834 3599 887 matris

2044 902 2288 973 Ecclesia
2317 904 2519 973 gremio
2538 917 2875 973 segregamus
2896 917 2958 956 ac
2982 912 3249 969 perpetua
3270 902 3601 973 maledictio-

2041 969 2124 1024 nis
2152 969 2483 1027 anathemate
2515 969 2957 1033 condemnamus,
2984 973 3041 1024 bt
3078 984 3263 1026 eorum
3307 970 3598 1039 a'iquando

2043 1054 2135 1091 i-er
2180 1040 2442 1095 hominem
2496 1056 2600 1096 non
2647 1041 2738 1096 list
2777 1039 3136 1104 recuperatio,
3176 1052 3271 1093 nec
3315 1040 3417 1093 ulla
3444 1039 3597 1094 inter

2041 1079 2745 1165 Cltristianolsucouve'r'sati-o'.
2777 1079 3001 1177 Simque
3028 1079 3290 1163 maiedicti
3318 1111 3369 1164 in
3402 1079 3599 1164 civit;-

2042 1184 2112 1241 te,
2148 1178 2407 1233 maledicti
2438 1181 2488 1235 in
2525 1194 2672 1245 agro.
2711 1177 3047 1235 Maledictum
3090 1177 3336 1231 horreum
3366 1191 3549 1232 eorum
3570 1215 3593 1241 .

2037 1256 2088 1299 et
2139 1248 2434 1303 maledicta:
2479 1249 2715 1315 reliquiae
2762 1261 2967 1301 eorum.
3020 1246 3328 1300 Maledictus
3380 1246 3592 1299 fructus

2038 1315 2235 1368 ventris
2277 1328 2496 1383 eorum,
2529 1326 2583 1371 et
2623 1317 2823 1370 fructus
2870 1325 3024 1368 terra
3072 1315 3310 1374 illorum;
3344 1324 3587 1369 armenta

2036 1383 2196 1454 boum;
2238 1398 2449 1439 suorum
2474 1423 2490 1450 ,
2536 1396 2589 1441 et
2635 1384 3021 1454 gregesovlum
3068 1396 3300 1454 suarum.
3328 1383 3593 1454 Maledicti

2035 1452 2140 1506 sint
2186 1452 2535 1520 ingredientes
2579 1452 3030 1521 et‘egredientes.
3070 1452 3288 1517 Sintque
3330 1452 3380 1505 in
3422 1453 3592 1505 duino

2036 1522 2319 1591 maledicti,
2349 1522 2401 1576 in
2430 1536 2556 1591 agro
2584 1520 2808 1591 profugi.
2834 1520 3083 1591 intestina
3105 1522 3441 1591 inaccessum
3469 1521 3593 1573 l‘nn-

2036 1588 2185 1652 dant,
2212 1591 2346 1644 sicut
2378 1588 2607 1658 perﬁdus
2635 1602 2689 1646 et
2726 1588 2907 1645 infelix
2938 1590 3113 1644 Arius.
3144 1590 3466 1658 veniamque
3492 1604 3593 1641 sn-

2038 1673 2131 1725 per
2154 1659 2271 1713 illos
2298 1657 2481 1715 omnes
2510 1661 2612 1715 illa:
2642 1658 3037 1715 maledictiones
3059 1672 3187 1726 quas
3212 1657 3459 1711 Dominus
3489 1672 3594 1724 per

350 1764 353 1767 η
393 1752 579 1811 omnes
611 1739 711 1811 illae
741 1726 1130 1811 maledicentia
1155 1726 1285 1805 quas
1318 1726 1579 1811 Dominus
1609 1754 1700 1807 per
1725 1726 1932 1811 Moysen
1968 1748 2010 1807 Β
2039 1728 2252 1811 ῌοβθῐξ
2285 1729 2334 1781 in
2367 1730 2611 1811 populum
2640 1726 3492 1811 divintenlegispraevaricatorem
3523 1741 3593 1811 se

393 1807 443 1857 in
472 1808 716 1874 populum
743 1808 930 1859 divina:
957 1807 1085 1871 legis
1111 1810 1560 1874 praevaricatorem
1591 1822 1785 1863 se-esse
1808 1807 1933 1863 inis-

391 1890 569 1927 surum
600 1875 874 1928 intentavit
903 1892 918 1940 ;
965 1876 1174 1943 sintque
1203 1880 1482 1930 anathema
1523 1879 1825 1930 maranatha
1846 1918 1860 1940 ,
1885 1880 1933 1932 id

390 1954 469 2024 est
503 1955 715 2024 pereant
762 1945 812 1997 in
858 1943 1092 2024 secundo
1134 1945 1621 2024 _a_dvemu_Domini._
1652 1946 1832 1999 Nullus
1857 1948 1933 2024 eis

392 2013 719 2067 Christianus
747 2028 843 2067 ave
872 2014 1027 2066 dicat.
1051 2013 1231 2067 Nullus
1254 2017 1521 2083 presbyter
1556 2016 1766 2067 missam
1799 2015 1935 2067 cele-

390 2083 541 2135 brare
562 2092 840 2150 prmsumal
870 2084 947 2135 vel
970 2093 1202 2136 sanctam
1223 2087 1639 2137 communionem
1664 2084 1804 2135 dare.
1838 2084 1936 2137 Se—

390 2150 589 2217 pultura
618 2152 753 2205 asini
784 2150 1117 2219 sepeliantur,
1140 2162 1191 2205 et
1210 2154 1259 2203 in
1283 2152 1665 2219 sterquiliuium
1694 2152 1933 2219 sintusu-

390 2202 491 2285 iis}
508 2202 725 2274 lactem“
740 2202 925 2273 iure;
958 2202 1029 2273 Et
1042 2202 1186 2273 aen
1212 2202 1305 2276 tne
1322 2202 1572 2274 near";
1588 2202 1657 2273 de
1695 2202 1934 2276 manilius

390 2291 585 2342 nostris
614 2288 857 2355 projectze
912 2289 1066 2341 hodie
1096 2291 1513 2358 exstinguuntur,
1545 2291 1617 2343 sic
1643 2304 1823 2343 eorum
1855 2292 1932 2342 lu-

391 2374 545 2410 cerna
567 2358 948 2426 exstinguatur.
972 2359 1068 2411 nisi
1095 2356 1227 2411 forte
1258 2356 1569 2421 resipueiint
1598 2369 1653 2410 et
1682 2358 1932 2411 Ecclesia:

392 2429 504 2487 Ιιιιί,
525 2441 679 2494 quam
708 2428 973 2489 Ite-serum,
1002 2443 1093 2492 per
1106 2428 1523 2481 emendationem
1548 2437 1598 2481 ct
1615 2428 1930 2494 contiguam

390 2498 753 2561 pix-nitentiam
778 2497 1145 2550 satisfecerint.

800 2600 1258 2639 EXCOIIUNICLTIO
1300 2599 1507 2641 BREVIS.

456 2676 715 2732 Canonica
752 2677 989 2747 instituta
1019 2684 1411 2747 et‘sauctorum
1448 2676 1653 2731 Patrum
1687 2678 1929 2747 exempla

387 2756 689 2809 sequentes,
712 2745 1054 2800 ecclesiarum
1080 2744 1171 2799 Dei
1189 2747 1465 2800 violatores
1488 2748 1601 2801 illos
1622 2744 1932 2802 auctori-ate

388 2817 477 2868 llei
498 2827 557 2885 et
581 2814 782 2879 judicio
808 2813 972 2868 sancti
1002 2814 1227 2883 Spiritus
1252 2830 1279 2869 a
1306 2817 1512 2885 gremio
1534 2828 1729 2871 sanctas
1751 2821 1931 2871 matris

384 2884 635 2937 Ecclesia:
664 2894 719 2937 et
742 2885 1009 2937 consortio
1032 2888 1190 2937 totius
1236 2883 1645 2939 Christianitatis
1690 2886 1930 2939 elimina-

386 2970 523 3020 mus,
539 2969 808 3024 quousque
826 2956 1133 3024 resipiscam
1149 2964 1200 3007 et
1214 2956 1461 3010 Ecclesiae
1478 2954 1569 3008 Dei
1588 2954 1929 3009 satisfaciant.

1077 3091 1214 3150 XV.

387 3206 949 3250 EXCOMMUNICATIO
1002 3207 1297 3251 HOMINL‘M
1329 3209 1649 3265 ΒΑιουιηε,
1682 3210 1928 3252 οοΜετιε

464 3284 792 3327 ηΑκοιιεΒ
820 3311 837 3339 ,
875 3286 1155 3329 PROPTER
1184 3286 1552 3330 OCCISIONEM
1587 3288 1883 3331 FULCONIS
1910 3314 1926 3341 ν

462 3363 931 3407 ARCﬂlEPISCUPI
972 3365 1347 3423 BBEMBNSIS,
1404 3367 1480 3409 ΔΒ
1509 3367 1657 3409 ιιιις
1696 3368 1929 3409 PERPB-

458 3442 731 3484 TRATAM.

452 3528 604 3576 Anno
635 3526 1033 3592 nongenteslmo
1063 3526 1349 3580 Dominicis.
1381 3526 1750 3579 lncarnationis
1772 3568 1788 3590 ,
1820 3527 1927 3593 pri-

380 3593 465 3647 die
495 3594 668 3664 Nonas
693 3595 834 3658 Julii,
866 3597 1036 3664 primo
1066 3597 1269 3649 scilicet
1308 3597 1393 3649 die
1423 3596 1630 3664 quando
1658 3596 1929 3650 ordinatus

383 3672 467 3715 est
496 3662 745 3716 lleriveus
774 3665 824 3717 in
849 3662 1299 3733 archiepiscopatu
1324 3662 1605 3718 lthcmensi
1631 3666 1927 3733 episcopus,

384 3737 515 3803 lecta
546 3741 623 3785 est
653 3733 1130 3803 escommunicatio
1153 3734 1263 3786 lucc
1285 3748 1401 3803 quae
1424 3736 1658 3803 sequitur
1689 3736 1738 3788 in
1761 3735 1930 3787 eccle-

382 3800 457 3853 sia
487 3811 679 3855 sanctae
708 3801 881 3856 Mariae
914 3802 1143 3869 Rhemis,
1184 3800 1529 3871 prtesentibus
1559 3804 1815 3873 cpiscopls
1846 3804 1928 3858 in-

381 3867 460 3922 fra
490 3868 718 3922 sciintis.

404 3874 460 3923 ra
490 3873 718 3939 sciiptis.

454 3940 703 3995 llesiveus
732 3941 941 3993 nomine
972 3955 1073 3993 non
1097 3942 1284 3994 merito
1317 3942 1637 3995 Rhemorum
1677 3940 1931 4008 archiepi-

382 4024 571 4077 sc0pus
593 4024 651 4061 ac
675 4010 839 4078 plebis
862 4010 953 4079 Dei
981 4008 1226 4071 famulus,
1245 4009 1403 4064 Wido
1430 4009 1928 4079 ltmhomagcnsium

382 4080 832 4149 archiepiscOpus,
856 4078 1091 4132 Riculfus
1115 4079 1455 4134 Suessionum
1482 4078 1779 4148 episcopus,
1811 4080 1933 4135 Hei-

383 4148 505 4200 dolo
530 4148 1022 4217 Novimnagensium
1053 4150 1353 4215 episcOpus,
1388 4150 1569 4203 Dodilo
1589 4150 1932 4204 Cameracen-

383 4218 517 4270 siom
542 4219 837 4286 episcopus,
873 4218 1202 4272 Ilerinandus
1232 4220 1601 4273 Murinensium
1633 4221 1929 4286 episcopus,

382 4290 626 4355 Otgarius
658 4288 1083 4342 Ambianensinm
1132 4288 1409 4356 episcopus
1431 4330 1445 4353 ,
1480 4288 1773 4342 llonoratus
1812 4289 1930 4342 Bel-

384 4358 688 4409 vaCensium
734 4358 1041 4424 episcopus,
1084 4357 1284 4409 Mancio
1322 4358 1781 4411 Catalauueusium
1824 4360 1936 4424 epi-

1955 3077 2003 3141 C

2034 1795 2154 1851 esse
2184 1795 2463 1851 missurum
2506 1797 2799 1851 intentavit.
2842 1795 3063 1860 Sintque
3092 1796 3368 1848 anathema
3407 1810 3589 1848 marao

2036 1867 2191 1917 natha
2215 1904 2231 1929 ,
2283 1877 2333 1918 et
2379 1875 2599 1933 pereant
2635 1867 2686 1919 in
2716 1864 2945 1919 secundo
2983 1864 3205 1933 adventu
3243 1864 3471 1917 Domini.
3500 1864 3592 1917 ln-

2035 1948 2193 2003 super
2219 1932 2467 2003 quidquid
2499 1934 2884 2003 maledictionis
2908 1932 3053 2003 sacri
3100 1946 3329 1986 canones
3358 1944 3424 2003 et
3452 1947 3592 2000 apo-

2033 2002 2343 2055 stolicomm
2363 2001 2860 2058 'virorum.decreta
2890 2001 3183 2057 decernunt
3228 2016 3385 2068 super
3414 2001 3592 2055 homi-

2032 2070 2162 2123 cidis
2189 2079 2241 2123 et
2282 2071 2572 2141 sacrilegis.
2614 2071 2741 2141 Nam
2777 2072 2908 2141 illos
2947 2070 3318 2141 sacrilegorum
3368 2070 3590 2125 nomine

2033 2150 2277 2192 notamus
2307 2141 2405 2206 qui
2428 2140 2647 2197 in’hnnc
2672 2140 2937 2195 Christum
2967 2140 3169 2193 Domini
3200 2153 3411 2193 manum
3460 2141 3592 2192 mit-

2036 2214 2145 2277 tere
2168 2212 2277 2261 ausi
2310 2218 2449 2277 sunt.
2481 2211 2647 2263 Omne
2676 2223 2833 2273 super
2857 2210 2973 2263 illos
2994 2223 3063 2271 ac
3076 2219 3381 2277 perpetuum
3414 2210 3589 2261 inter-

2030 2276 2158 2328 itum
2204 2290 2296 2342 per
2325 2276 2668 2343 iustissimam
2711 2278 2901 2331 divinae
2945 2275 3415 2331 animadversionis
3455 2290 3587 2330 sen-

2033 2345 2250 2397 tentiam
2281 2357 2611 2414 congeratur.
2638 2345 2820 2400 Nullus
2844 2360 2970 2414 ergo
3008 2345 3085 2401 eis
3124 2344 3450 2399 Christianus
3496 2344 3584 2398 vel

2031 2426 2127 2483 ave
2154 2415 2311 2467 dicat.
2346 2413 2525 2469 Nullus
2564 2416 2837 2483 presbyter
2881 2413 3071 2469 missas
3115 2415 3395 2483 aliquando
3432 2415 3583 2468 ‘oele-

2032 2481 2205 2540 brare.
2240 2497 2357 2548 nec,
2385 2484 2429 2537 si
2460 2484 2704 2538 inﬁrmati
2728 2481 2964 2550 fuerint,
2994 2481 3354 2538 confessiones
3392 2498 3583 2538 eorum

2033 2553 2287 2617 recipere,
2334 2554 2415 2607 vel
2462 2563 2851 2608 sacrosanctam
2883 2554 3305 2607 communionem
3337 2553 3413 2605 eis
3433 2596 3446 2617 ,
3476 2552 3583 2604 nisi

2033 2622 2382 2689 resipuerint,
2424 2624 2580 2677 etiam
2612 2621 2662 2676 in
2692 2622 2807 2689 ipso
2844 2622 2946 2677 line
2988 2623 3106 2675 vita:
3150 2636 3261 2674 sum
3300 2629 3593 2688 praesumat

2032 2706 2257 2761 unquam
2285 2692 2441 2756 dare;
2472 2691 2563 2745 sed
2592 2693 2858 2759 sepultura
2897 2690 3030 2744 asini
3069 2691 3408 2761 sepeliantur,
3447 2701 3500 2745 et
3529 2692 3584 2761 in

2030 2760 2413 2827 sterquilinium
2459 2775 2619 2828 super
2666 2763 2850 2815 faciem
2903 2771 3055 2813 terrae
3101 2760 3234 2822 sint;
3280 2769 3333 2811 ut
3379 2762 3484 2813 sint
3532 2760 3589 2812 in

2030 2830 2327 2897 exemplum
2372 2830 2638 2898 opprobrii
2695 2840 2749 2883 et
2794 2829 3179 2898 maledictionis
3236 2828 3591 2898 praesentibus

2030 2899 2456 2973 generationibus
2484 2910 2536 2953 et
2564 2899 2774 2973 futuris.
2828 2898 2892 2973 Et
2935 2898 3071 2973 sicut
3119 2897 3200 2973 lue
3252 2899 3476 2950 lucernae
3517 2897 3591 2973 de

2033 2966 2227 3020 nostris
2272 2969 2519 3035 proiectae
2566 2966 2809 3020 manilius
2858 2966 3011 3019 hodie
3058 2970 3478 3035 exstinguuntur,
3506 2968 3593 3019 sic

2032 3051 2213 3092 eorum
2245 3037 2458 3091 lucerna
2488 3038 2538 3090 in
2562 3046 2814 3090 aeternum
2845 3036 3225 3105 exstinguatur.

2734 3171 2900 3233 XVI.

2035 3287 2592 3355 EXCOMFUNICATIO
2632 3287 3029 3341 RAGENABDI,
3083 3286 3332 3330 (20111⁸1⁵18
3386 3287 3593 3355 σκιερ-

2109 3368 2322 3409 κικεις
2358 3394 2374 3423 ,
2420 3364 2747 3407 ιιεκοητλ
2803 3365 3116 3407 Δυνειιςυε
3169 3365 3584 3408 ωυηειωυιί

2113 3446 2189 3486 ΕΤ
2222 3444 2563 3497 ϐειιοκειι,
2598 3442 2936 3485 ωηοκῐαοε
2973 3442 3382 3487 ηκοιηεκεες.

2106 3531 2390 3582 lmmensus
2416 3526 2568 3579 dolor
2596 3540 2692 3579 nos
2720 3537 2865 3595 urget
2893 3526 2957 3579 ad
2987 3528 3233 3595 gemitum
3252 3564 3267 3589 ,
3299 3541 3360 3580 ac
3391 3524 3585 3578 indici-

2033 3598 2151 3651 bilis
2200 3596 2452 3678 "mstiti?
2493 3605 2795 3678 ocl‘lllllll'tlvei
2823 3596 2908 3678 _ad_
2948 3596 3152 3678 licium,
3198 3597 3404 3678 quando
3460 3597 3585 3648 ilius

2068 3682 2160 3719 nos
2180 3667 2353 3736 passio
2381 3664 2576 3719 Christi
2600 3680 2628 3716 a
2654 3665 2780 3734 jugo
2805 3665 3001 3736 diaboli
3030 3664 3272 3729 redemit,
3313 3674 3366 3719 et
3404 3680 3433 3736 a
3463 3680 3585 3718 sor-

2068 3734 2191 3789 ibus'
2228 3744 2561 3803 peccatorum
2608 3748 2757 3787 sacer
2806 3734 3097 3800 haptismus
3148 3734 3469 3802 purificavit,
3523 3744 3586 3788 et

2032 3802 2279 3859 Ecclesia:
2322 3802 2595 3857 catholicte
2651 3803 2855 3870 corpori
2906 3803 3154 3866 sociavit,
3201 3816 3337 3856 nunc
3388 3804 3581 3855 iterum

2030 3888 2088 3929 se
2120 3876 2260 3940 ipsos
2283 3884 2471 3943 sponte
2506 3870 2733 3943 antiquo
2768 3871 2912 3943 hosti
2952 3872 3177 3943 subdere
3217 3872 3490 3943 videmus,
3525 3884 3584 3923 et

2033 3939 2333 3998 nou’solutu
2365 3941 2613 3996 membris
2655 3940 2845 3995 Christi
2891 3942 3304 4009 persecutionem
3347 3939 3577 4002 inferre,

2031 4015 2121 4067 sed
2153 4014 2310 4067 etiam
2337 4021 2520 4065 contra
2547 4010 2714 4079 ipsum
2743 4010 2901 4065 totius
2929 4018 3185 4065 creatum
3222 4019 3488 4065 auctorem
3518 4018 3579 4062 et

2030 4084 2300 4137 dominum
2326 4082 2515 4135 bellum
2538 4080 2729 4133 moliri.
2754 4079 2853 4142 Qui
2870 4081 3009 4134 enim
3030 4091 3375 4135 sacrosancte
3396 4079 3579 4132 Eccle-

2031 4154 2123 4205 siae
2171 4161 2458 4206 structores
2511 4158 2667 4215 atque
2719 4150 3023 4203 defensores
3075 4163 3192 4204 esse
3241 4150 3580 4211 debuerunt,

2033 4220 2189 4274 modo
2220 4228 2476 4273 venenato
2514 4218 2703 4271 diaboli
2752 4218 2927 4273 furore
2963 4219 3165 4279 vexati.
3206 4228 3361 4282 atque
3406 4216 3579 4269 ferina

2033 4289 2177 4343 rabie
2205 4290 2450 4343 concitati
2471 4328 2485 4350 ,
2516 4288 2658 4339 omni
2704 4288 2891 4340 timore
2927 4287 3133 4341 Domini
3164 4286 3489 4355 postposito,
3522 4295 3581 4338 et

2034 4359 2267 4411 remedio
2286 4356 2606 4425 poenitentia;
2630 4357 2888 4423 neglecto,
2912 4354 3233 4409 ecclesias’in
3253 4354 3342 4425 Dei
3372 4356 3578 4407 honore

384 4442 594 4493 scopus,
622 4415 873 4479 Bodulfus
904 4415 1329 4479 Lauduoensium
1364 4428 1637 4494 episcopus
1658 4466 1672 4489 ,
1702 4415 1934 4480 Otfridus
1963 4415 2009 4473 Ι)
2035 4442 2096 4480 ac
2125 4415 2390 4495 perpeiutc
2426 4424 2637 4495 virginis
2666 4415 2839 4477 Mvaric
2859 4415 3129 4490 sanctique
3154 4424 3401 4490 Stephani
3428 4426 3578 4475 dica-

387 4496 856 4550 Silvanectensium
881 4497 1179 4565 episcopus,
1205 4497 1565 4563 Angclramius
1586 4495 1929 4549 Meldensium

383 4568 678 4633 episcopus.
713 4566 900 4619 Notum
948 4568 1014 4619 sit
1058 4566 1300 4619 omnibus
1358 4566 1550 4631 ubique
1594 4575 1787 4619 sancta:
1843 4565 1931 4619 Dei

385 4638 636 4688 licclesza:
670 4636 908 4689 fidelibus
933 4675 947 4695 ,
982 4645 1086 4688 tam
1113 4636 1319 4689 clericis
1367 4650 1519 4703 quam
1572 4637 1754 4698 laicis,
1794 4636 1933 4701 quod

385 4720 480 4757 nos
509 4715 562 4758 et
591 4706 869 4759 commissa
900 4706 1049 4757 nobis
1079 4708 1252 4758 omnis
1281 4705 1509 4760 Ecclesia
1534 4705 1696 4756 nimia
1727 4714 1932 4765 perture

384 4776 535 4828 batur
585 4774 789 4827 tristitia
840 4790 931 4837 pro
981 4774 1209 4825 inaudita
1256 4788 1313 4826 re
1359 4782 1475 4842 post
1512 4774 1931 4842 persecutionem

386 4846 637 4910 temporis
680 4843 1037 4911 apostolorum
1084 4858 1372 4911 eorumque
1423 4856 1820 4904 successorum,
1869 4842 1933 4894 de

384 4917 649 4969 occisione
677 4914 918 4966 nimirum
959 4912 1123 4965 l’atris
1150 4920 1203 4966 et
1229 4914 1455 4980 pastoris
1487 4913 1649 4965 nostri
1690 4912 1934 4965 Folconis

388 4987 451 5036 ab
477 4985 646 5051 impiis
680 4984 835 5050 impie
864 4992 1185 5049 perpetrata,
1216 4982 1301 5049 qui
1338 4996 1435 5051 pro,
1460 4984 1601 5048 regni
1635 4982 1860 5034 utilitate
1882 4990 1935 5035 ct

388 5050 559 5107 totius
576 5064 768 5106 sancta:
794 5053 1041 5105 Ecdesiac
1071 5063 1206 5105 statu
1232 5068 1324 5116 pro
1348 5050 1544 5105 viribus
1563 5052 1645 5103 die
1668 5059 1932 5117 noctuque

385 5126 644 5175 desudans
672 5166 685 5187 ,
719 5138 778 5175 ac
807 5124 1037 5189 seipsnm
1070 5121 1118 5173 in
1150 5124 1456 5176 defensione
1484 5123 1713 5174 omnium
1751 5122 1932 5175 Eccle-

386 5209 579 5246 siarum
612 5195 661 5243 iu
694 5194 793 5246 hoc
824 5206 981 5259 regno
1004 5193 1398 5244 consistentium
1424 5206 1626 5243 murum
1658 5192 1934 5258 protectio-

388 5264 466 5315 nis
514 5276 779 5329 apponens
828 5264 949 5330 (res
1000 5262 1138 5313 enim
1169 5276 1345 5313 earum
1396 5277 1423 5314 a
1466 5260 1717 5315 Balduino
1743 5270 1935 5315 cum;te

389 5334 494 5384 lilio
526 5331 761 5385 Balduini
794 5346 855 5384 ac
878 5332 1058 5385 .lndith
1088 5339 1269 5382 contra
1299 5344 1506 5385 omnem
1538 5334 1703 5399 legem
1727 5342 1777 5385 et
1802 5332 1936 5383 divi-

389 5419 503 5454 ιιιιιη
552 5411 605 5455 et
652 5401 931 5455 humanam
985 5400 1455 5467 pervadebantur),
1506 5402 1621 5454 ideo
1668 5401 1735 5453 ab
1771 5402 1934 5467 ipsius

389 5473 623 5525 lraliluini
653 5471 955 5526 hominibus
984 5470 1340 5533 Wineemaro,
1374 5469 1691 5532 Euverardo,
1723 5481 1776 5523 ct
1806 5474 1931 5522 ttat-

391 5542 543 5601 Iriilo,
579 5545 885 5611 exterisque
916 5555 1095 5611 eorum
1122 5540 1465 5611 complicibus
1490 5541 1608 5592 inte:
1626 5539 1935 5611 fectuscru-

391 5612 654 5665 uelissitne
694 5608 956 5665 occubuit.
994 5610 1065 5663 De
1108 5608 1221 5674 ejus
1270 5619 1436 5662 morte
1487 5612 1644 5660 totius
1691 5609 1935 5661 Ecclesia:

396 5684 526 5730 oido
555 5692 707 5749 atquc
739 5683 993 5751 professio
1023 5690 1215 5736 tucrtto
1244 5681 1598 5741 contristatur,
1630 5688 1679 5733 ct
1712 5679 1933 5733 lsuncma

2036 4506 2113 4551 tas
2153 4500 2384 4552 lacerare
2412 4511 2471 4550 ac
2498 4498 2612 4549 sine
2640 4503 2848 4563 pastore
2874 4508 2993 4548 esse
3029 4509 3132 4547 non
3166 4495 3574 4563 pertimescunt,

2032 4568 2285 4621 violenter
2321 4562 2721 4631 usurpantesea
2752 4567 2888 4618 unde
2928 4576 3109 4618 sancta
3155 4562 3245 4617 Dei
3290 4562 3445 4615 debet
3488 4574 3578 4631 re-

2032 4638 2252 4689 staurari
2280 4630 2533 4687 Ecclesia.
2561 4632 2918 4687 Admonemus
2959 4634 3117 4686 etiam
3148 4643 3199 4684 et
3242 4630 3580 4684 admonendo

2033 4706 2333 4771 adjuramus
2365 4714 2419 4755 ut
2450 4701 2850 4769 incorrigibiles,
2871 4714 2923 4757 et
2947 4704 3031 4770 qui
3064 4701 3326 4770 pestiferis
3345 4708 3397 4752 et
3428 4698 3579 4764 nagi-

2034 4774 2179 4826 tiosis
2224 4772 2456 4825 moribus
2506 4778 2629 4822 sunt
2670 4773 2883 4837 irretiti,
2914 4773 3049 4825 sicut
3086 4787 3113 4822 a
3156 4771 3307 4823 bonis
3341 4772 3579 4821 moribus

2034 4842 2277 4904 alienati,
2310 4841 2378 4894 ita
2408 4850 2461 4894 et
2499 4852 2527 4892 a
2554 4842 3095 4911 consortiofidelium
3146 4839 3272 4892 flant
3312 4840 3574 4911 extranei.

2036 4912 2194 4979 Igitur
2222 4917 2503 4981 cognoscat
2528 4908 2845 4981 universalis
2875 4912 3105 4963 Ecclesia
3137 4911 3311 4975 hostes
3348 4908 3575 4961 srcvissi-

2036 4978 2149 5033 mos
2179 4991 2229 5033 et
2260 4978 2507 5048 tirannos
2532 4978 2828 5045 improbos.
2870 4980 3201 5033 adversarios
3240 4988 3293 5032 ‹-ι
3328 4990 3578 5046 persecu-

2039 5059 2180 5119 tores
2206 5050 2464 5119 pessimos
2492 5058 2684 5119 sancta:
2712 5049 2803 5103 Dei
2827 5050 3094 5114 Ecclesiae,
3127 5048 3487 5117 fiageuariluut

2035 5114 2364 5187 Canzfridnm
2392 5114 2818 5187 atque_Geil_onent

2036 5202 2087 5242 et
2122 5183 2484 5243 llodmundum
2512 5183 2625 5252 ejus
2655 5184 2836 5252 filium,
2862 5201 3152 5254 eorumque

2146 5298 2153 5301 .
2694 5259 2976 5321 canonicos,
3008 5264 3365 5324 pra'ceptonim

2036 5328 2441 5390 commilitones,
2469 5326 2941 5381 ecclesiasticarum
2972 5341 3143 5379 rerum

2038 5400 2131 5452 Dei
2162 5406 2540 5461 contemptores,
2568 5407 2851 5449 sanctorum
2880 5412 3123 5449 canonum
3146 5406 3573 5463 transgressores.

2039 5470 2254 5537 pastoris
2278 5468 2355 5519 sui
2380 5468 2790 5530 contradictores,

2042 5532 2369 5603 peivasores,
2401 5551 2530 5604 quos
2558 5537 2623 5590 ab
2654 5538 2768 5604 ipso
2799 5548 3003 5589 summo
3035 5532 3484 5604 PastoreChristo
3521 5537 3574 5583 et

2041 5602 2337 5661 beatissima
2363 5602 2473 5674 ejus
2499 5602 2869 5677 matre—Maria,
2896 5616 3047 5673 atque
3077 5606 3227 5677 beato
3259 5602 3410 5655 Petro
3440 5612 3574 5677 apoo

2040 5682 2290 5733 Stolorom
2320 5679 2570 5746 principe,
2596 5676 2763 5746 cujus,
2789 5680 3027 5745 quamvis
3058 5676 3324 5743 indignus,
3351 5676 3575 5723 auctori-
