3848 6234
495 365 587 417 951

1441 374 1528 427 AD
1568 371 1910 429 MARCULFI
1952 366 2319 423 FOilMULAS
2360 368 2726 426 APPENDIX.

3604 373 3713 429 95‘2

490 483 565 533 vel
612 482 877 553 principes
904 478 1194 553 ‘IIOSIrimt‘i‘
1225 480 1496 553 auferrent
1518 498 1545 533 a
1578 482 1728 536 nobis
1756 490 1810 537 et
1834 480 1899 534 ab
1932 478 2030 553 ξε-
2063 477 2111 535 Α
2142 474 2261 541 dos,
2302 487 2393 553 aut
2427 480 2617 553 aliquis
2667 480 2836 534 tidelis
2880 480 3012 534 ordo
3040 483 3429 537 ecclesiasticus
3461 500 3523 537 se
3567 500 3711 553 prmo

487 552 644 603 clesia
676 550 756 601 cui
788 548 1042 614 largiente
1072 548 1284 603 Christo
1315 550 1672 617 prtesidetnus,
1704 565 1891 603 omnes
1919 550 2035 600 dio-

487 632 709 670 ccsauas
732 618 990 688 ecclesias
1032 628 1326 688 etumuem
1355 634 1572 672 censum
1604 619 1744 688 quod
1767 619 1888 687 jure
1918 618 2035 683 epi-

488 688 685 759 scopali
713 685 1236 759 debeturexsoivete
1265 688 1415 741 nobis
1440 689 1521 759 ide
1565 685 1786 759 duobus
1808 690 2033 759 comita—

491 758 628 808 tibus
655 757 887 823 integris,
906 755 1314 809 (lerdaniensem
1339 758 1541 811 scilicet
1559 768 1613 810 et
1643 756 2035 819 Berchitanum,

492 825 631 876 nulla
672 825 823 890 culpa
874 839 1157 894 supernos
1185 827 1479 890 existente;
1521 826 1613 880 sed
1661 842 1871 894 semper
1917 839 2037 878 cum

491 895 785 946 humilitate
816 908 877 947 ac
905 892 1260 963 satisfactione
1289 896 1659 963 requisivimus
1688 892 1800 949 eos.
1840 896 1905 947 Et
1933 909 2036 946 non

487 964 661 1015 solum
686 963 896 1015 easdem
920 961 1170 1015 ecclesias
1192 961 1549 1031 suifraganeas
1573 965 1918 1029 abstulerunt,
1944 964 2037 1016 sed

490 1034 703 1099 insuper
723 1031 863 1099 ipsus
890 1031 1269 1101 frugesomnes
1303 1035 1381 1086 vel
1408 1035 1637 1097 decimas
1664 1050 1793 1101 quas
1823 1042 2039 1100 prwter-

490 1102 565 1153 ito
605 1116 742 1152 anno
776 1098 1022 1152 Dominus
1066 1100 1257 1154 ibidem
1299 1103 1474 1167 dedit,
1514 1098 1715 1156 necnon
1744 1112 1799 1156 et
1825 1098 2039 1155 nostros

493 1168 863 1223 ministeriales
894 1168 1081 1223 exinde
1109 1183 1225 1222 cum
1260 1170 1306 1223 vi
1338 1173 1669 1236 expulerunt.
1702 1173 1781 1224 0b
1812 1171 1860 1222 id
1890 1171 2040 1224 deni-

490 1253 595 1306 que
623 1238 962 1291 obsecramus
1004 1239 1223 1291 nimium
1252 1241 1580 1294 sanctitatem
1609 1240 1851 1293 culminis
1880 1241 2040 1293 vestri

492 1318 552 1357 ut
583 1309 723 1374 ipsos
766 1306 1020 1378 nefandos
1068 1307 1324 1372 homines,
1375 1312 1463 1378 qui
1506 1312 1710 1363 animos
1747 1311 2037 1377 principum

490 1379 575 1430 vel
623 1377 872 1443 comitum
901 1376 965 1428 ad
998 1378 1095 1429 hoc
1117 1378 1262 1430 nefas
1291 1376 1606 1443 excitarunt,
1639 1380 1691 1432 id
1718 1376 1822 1441 est,
1851 1380 2039 1432 Arual-

491 1446 615 1499 dum
664 1455 717 1499 et
760 1440 1077 1509 Radull‘um,
1129 1440 1599 1503 excommunicare
1636 1464 1703 1503 ne
1746 1440 2035 1512 diil‘eratis,

490 1530 693 1587 necnon
739 1525 793 1571 et
836 1529 1020 1568 omnes
1069 1529 1318 1587 sequaces
1360 1533 1566 1587 eorum,
1618 1518 1774 1571 simul
1814 1532 1865 1572 et
1902 1517 2041 1585 ipsas

489 1584 744 1639 ecclesias
793 1598 988 1655 omnes,
1023 1598 1140 1638 cum
1192 1586 1399 1639 illorum
1446 1584 1696 1641 terminos
1724 1588 1813 1655 qui
1839 1584 1961 1641 sunt
1988 1588 2039 1641 in

493 1655 807 1718 supradictis
855 1653 1226 1717 comitatibus,
1282 1658 1351 1709 ita
1386 1669 1457 1721 ut
1503 1657 1675 1710 nullus
1722 1653 2036 1723 episcopus,

494 1725 692 1776 nuiius-
721 1724 1016 1792 presbyter,
1076 1725 1248 1777 nullus
1288 1726 1561 1791 diaconus,
1594 1726 1764 1778 nullus
1793 1726 2037 1787 clericus,

2138 557 2311 598 sumat
2338 548 2618 601 vindictam
2648 564 2898 604 exercere
2928 552 2977 603 in
3009 554 3167 605 armis
3198 556 3505 607 carnalibus
3535 548 3583 615 ,’
3603 555 3706 607 nisi

2140 623 2337 685 tantum
2372 618 2424 685 in
2460 621 2702 670 oratione
2744 630 2796 671 et
2844 621 3038 675 virtute
3062 619 3293 685 Spiritus
3323 628 3496 676 sancti
3534 634 3591 673 et
3622 637 3709 674 ea-

2138 683 2326 756 nonica
2375 684 2713 742 damnatioaie
2786 688 3022 744 feriatur.
3085 683 3231 756 Quod
3304 703 3484 744 autem
3548 693 3713 745 sedes

2138 752 2504 825 episcoporum
2535 768 2582 808 et
2619 756 2836 809 thronus
2864 752 3284 825 speculatiomun
3330 770 3575 825 potestas
3620 760 3709 825 ju-

2138 822 2347 895 dicaudi
2376 830 2430 876 et
2458 825 2691 878 solvendi
2742 822 2904 895 atque
2930 828 3121 894 ligandi
3148 844 3177 879 a
3210 822 3433 883 Domino
3482 840 3571 882 est
3608 822 3715 882 illis

2138 890 2257 963 data
2274 900 2446 963 atque
2470 908 2720 946 concessa
2745 934 2759 954 ,
2790 890 2928 949 sicut
2955 890 3067 963 ipse
3092 897 3334 950 Salvator
3362 899 3413 951 in
3457 899 3719 963 Evangeo”

2138 958 2209 1034 l_i_o
2238 960 2311 1013 ait
2344 958 2719 1034 {Quwcunque
2771 958 3043 1031 ligaveritt's
3086 982 3237 1034 super
3284 978 3503 1030 terram,
3560 958 3712 1018 erant

2139 1028 2295 1098 ligata
2320 1038 2366 1080 et
2386 1031 2437 1103 in
2463 1033 2613 1103 coelo;
2639 1028 2685 1083 et
2707 1028 3011 1103 quacunque
3026 1028 3270 1087 solvéritis
3298 1053 3452 1103 super
3483 1028 3707 1097 terram,

2140 1107 2282 1150 erunt
2330 1098 2494 1174 soluta
2524 1101 2649 1152 etin
2679 1100 2819 1174 mlo.
2867 1098 2939 1174 Et:
2981 1103 3100 1157 alibi
3134 1121 3145 1155 :
3179 1098 3404 1169 Accipile
3444 1105 3713 1174 Spiritum

2139 1176 2387 1239 sanctum.
2422 1168 2644 1231 Quorum
2674 1172 2966 1223 "miseritis
2994 1180 3219 1239 peccata,
3242 1168 3581 1227 rentittuntur
3610 1177 3709 1227 eis.

2140 1232 2207 1311 ξι
2233 1251 2449 1311 quorum
2464 1239 2789 1311 retinueritis,
2818 1232 3009 1311 retento
3034 1251 3167 1294 sunt.
3204 1232 3325 1296 ideo
3358 1244 3453 1295 ista
3489 1256 3712 1311 prmon-

2141 1303 2314 1369 limus,
2345 1306 2664 1374 citatissimi,
2719 1319 2770 1359 ut
2826 1310 3125 1378 intelligatis
3155 1320 3463 1378 potestatem
3490 1303 3713 1378 episco-

2146 1387 2331 1440 porum
2365 1387 2681 1442 vestrorum,
2715 1379 2765 1431 in
2815 1380 2996 1445 eisque
3036 1380 3198 1433 Deum
3229 1382 3563 1436 veneremini
3591 1421 3609 1444 ,
3658 1392 3715 1433 ct

2144 1456 2236 1494 eos
2267 1453 2323 1496 ut
2353 1446 2561 1517 animas
2592 1457 2791 1500 vestras
2834 1447 3066 1514 diligatis
3088 1490 3103 1515 ,
3136 1459 3190 1503 et
3234 1450 3422 1517 quibus
3472 1451 3549 1503 illi
3604 1466 3713 1503 non

2141 1514 2539 1587 communicant
2583 1530 2687 1587 non
2717 1514 3120 1587 communicetis
3144 1558 3159 1581 ,
3203 1514 3417 1587 et'quos
3442 1519 3714 1587 ejecerint

2144 1595 2250 1633 non
2300 1582 2585 1649 recipiatis.
2634 1585 2847 1637 Multum
2898 1587 3038 1639 enim
3073 1582 3413 1642 timenda'est
3440 1582 3713 1642 sententia

2143 1664 2348 1723 eorum,
2380 1652 2503 1718 quia
2532 1667 2560 1705 a
2594 1654 3039 1723 Doniino_collata
3069 1666 3155 1709 est
3201 1657 3306 1710 illis
3356 1666 3600 1723 potestas
3653 1658 3717 1708 li-

2145 1720 2299 1793 gandi
2330 1729 2489 1788 atque
2518 1723 2778 1777 solvendi.
2810 1721 2888 1777 0b
2928 1725 3028 1778 hoc
3077 1726 3232 1793 igitur
3279 1720 3378 1793 ego
3430 1728 3578 1781 Salia
3628 1727 3717 1779 in—

493 1788 852 1867 ivujuscuuque
874 1788 942 1846 sit
962 1794 1179 1867 ordinis,
1202 1795 1483 1867 audeatibi
1508 1788 1669 1849 ullum
1696 1794 2040 1867 ministerium
2073 1807 2120 1867 Β
2146 1788 2335 1867 dignus
2364 1831 2379 1855 ,
2404 1805 2512 1867 _t_ton
2545 1795 2675 1845 meis
2707 1794 2929 1867 meritis,
2961 1794 3052 1849 sed
3082 1788 3211 1848 nutu
3244 1788 3338 1849 Dei
3362 1797 3660 1865 episcopus
3695 1836 3717 1860 ,

497 1864 915 1934 ecclesiasticum
964 1864 1136 1915 facere
1164 1864 1244 1934 vel
1274 1864 1546 1917 celebrare
1584 1878 1746 1931 usque
1774 1866 1837 1918 ad
1870 1863 2038 1934 legiti-

499 1947 638 1985 mam
689 1932 1101 1985 satisfactionem
1148 1932 1226 1985 vel
1266 1935 1688 1987 emendationem
1717 1932 1946 1998 veniant,
1987 1944 2042 1988 et

492 2002 607 2067 ipse
663 2002 997 2069 episcopatus
1061 2001 1316 2055 canonice
1370 2006 1442 2056 sit
1502 2004 1740 2059 redditus
1804 2004 2044 2059 ecclesiae

490 2072 720 2139 generali
761 2073 900 2125 cuia
944 2069 1051 2141 Deo
1072 2080 1161 2141 est
1188 2070 1493 2141 attributus,
1533 2074 1686 2127 etin.
1732 2111 1747 2128 .
1791 2111 1805 2127 .
1849 2111 1865 2128 .
1908 2111 1922 2126 .
1966 2109 1982 2125 .
2027 2112 2041 2127 .

490 2144 615 2195 dicti
650 2144 724 2197 rei
752 2142 818 2195 de
848 2156 931 2195 me
959 2139 1186 2195 Sattlane
1208 2143 1460 2208 episeopo
1480 2139 1877 2197 absolutionem
1907 2144 2045 2197 acci-

492 2213 653 2283 piant.
704 2211 843 2283 Sane
891 2212 1442 2283 ipsamgcgomitissam
1506 2211 1863 2283 Ermergards
1921 2227 2042 2266 eum

492 2282 628 2335 filios
656 2290 710 2335 et
740 2281 873 2335 tilias
903 2295 1027 2335 suas
1052 2279 1118 2332 ab
1149 2281 1244 2333 bac
1271 2279 1818 2337 excommunicatibne
1865 2282 2045 2338 exciu-

488 2351 662 2404 dinms
711 2360 764 2405 et
810 2364 1119 2417 separamus
1165 2359 1323 2417 atque
1348 2360 1777 2417 sequestramus;
1817 2362 1871 2407 et
1899 2353 2044 2405 volu-

490 2436 606 2473 mus
621 2430 776 2491 atqne
799 2429 976 2491 nostra
998 2418 1327 2473 absolutione
1342 2419 1609 2475 [irruamus
1632 2432 1686 2475 ttt
1703 2424 1752 2475 in
1770 2422 2041 2491 qualicun-

486 2506 589 2556 que
621 2490 871 2544 Ecclesia.
902 2530 917 2545 .
951 2528 964 2541 .
993 2527 1007 2542 .
1032 2526 1045 2540 .
1074 2525 1089 2540 .
1115 2491 1449 2543 comitatibus
1471 2492 1732 2557 venerint,
1757 2490 1954 2546 licitum
1976 2493 2045 2545 sit

488 2559 592 2613 illis
616 2560 809 2615 ibidem
829 2574 981 2614 orare
1008 2568 1058 2613 et
1074 2560 1260 2614 missas
1283 2560 1466 2615 audire
1487 2572 1540 2614 et
1561 2560 1791 2614 divinum
1811 2559 2040 2615 oflicium

486 2631 778 2695 oeleiirare;
798 2629 1023 2698 ipsaeque
1038 2630 1281 2683 ecclesia:
1301 2630 1477 2684 tandiu
1493 2630 1598 2684 sint
1615 2631 1801 2685 soluta:
1813 2630 2042 2699 quandiu

489 2701 559 2753 illi
601 2699 823 2756 comites
848 2710 902 2754 et
931 2699 1019 2754 illa
1048 2700 1317 2753 comitissa
1364 2700 1505 2753 intus
1542 2700 1886 2768 perstiterint.
1936 2699 2042 2753 Ex-

490 2770 1027 2838 comniunicationem
1056 2768 1521 2838 quoquetaliterin
1549 2779 1835 2838 conspectu
1865 2779 2041 2825 vestro

485 2842 726 2893 volumus
770 2838 881 2893 ﬁeri
930 2837 1083 2892 sicut
1111 2837 1294 2893 subter
1348 2841 1601 2894 insertum
1647 2837 1750 2906 est,
1794 2841 1949 2903 vobis
1986 2842 2038 2896 in

485 2909 671 2962 eadem
697 2909 1147 2964 consentientibus
1175 2909 1255 2963 vel
1282 2908 1759 2965 subscribentibus.
1789 2908 2037 2965 Sanctam

487 2982 664 3043 itaque
703 2977 1021 3033 individuam
1075 2981 1383 3034 invocantes
1420 2980 1753 3047 Trinitatem,
1785 2982 2037 3033 auxilium

484 3062 698 3116 quoque
739 3050 971 3103 omnium
1017 3059 1316 3105 sanctorum
1363 3049 1516 3105 nobis
1561 3060 1822 3117 petentes,
1850 3065 2038 3103 exora-

488 3134 603 3171 mus
650 3128 706 3172 ut
751 3118 1036 3173 Arnaldum
1079 3130 1131 3173 et
1172 3118 1483 3185 Radulfum,
1516 3123 1604 3187 qul
1633 3121 1837 3174 animos
1866 3121 2037 3173 comi-

487 3190 626 3241 tiasze
673 3188 1034 3257 Ermergardis
1064 3189 1142 3241 vel
1174 3189 1380 3243 animos
1408 3188 1633 3243 filiorum
1676 3190 1815 3242 illius
1844 3189 1908 3242 ad
1942 3190 2041 3244 hoc

486 3258 771 3312 incitarunt
812 3267 870 3311 ut
898 3260 1167 3329 auferrent
1213 3260 1583 3329 episcopatum
1626 3259 2037 3314 Cerdaniensem

484 3330 566 3381 vel
618 3331 978 3395 episcopatum
1009 3330 1076 3383 de
1130 3326 1441 3384 Berchitano
1487 3330 1553 3383 de
1588 3329 1709 3396 jure
1730 3329 1810 3384 vel
1842 3330 2040 3386 ditione

487 3407 680 3451 sanet-ie
734 3397 911 3450 Mariae
957 3398 1084 3454 sede
1132 3396 1256 3453 Vico
1300 3400 1381 3452 vel
1426 3398 1493 3453 de
1544 3408 1803 3467 potestate
1841 3399 2041 3454 Sullani

484 3467 752 3538 episcopi,
784 3478 837 3521 et
858 3469 1104 3524 omnibus
1142 3470 1193 3522 in
1224 3471 1323 3524 hoc
1352 3483 1537 3524 errore
1560 3470 2037 3538 consentientibus,

486 3535 742 3591 Dominus
770 3552 861 3591 sua
895 3539 1087 3593 virtute
1112 3541 1461 3607 comprimere
1490 3554 1582 3594 eos
1604 3550 1658 3593 et
1683 3540 1892 3594 brachia
1926 3535 2043 3593 illo;

483 3621 600 3660 rum
645 3607 871 3679 alligare
900 3609 1166 3677 dignetur.
1211 3611 1504 3678 Sequentes
1546 3624 1754 3677 quoque
1784 3610 2039 3679 apostoli-

482 3691 600 3746 cam
649 3678 989 3742 senteutiam,
1038 3694 1131 3731 eos
1181 3688 1235 3731 et
1276 3694 1461 3733 omnes
1508 3693 1764 3746 sequaces
1804 3678 2041 3733 eormna

484 3745 752 3799 liminibus
796 3758 993 3801 sanctae
1036 3748 1129 3801 Dci
1173 3748 1424 3816 Ecclesiae
1465 3745 1880 3816 sequestramus,
1931 3760 1982 3802 et
2011 3764 2039 3802 a

482 3830 705 3883 corpore
730 3826 783 3869 et
806 3817 1063 3887 sanguine
1092 3815 1293 3870 Domini
1320 3819 1483 3872 nostri
1506 3815 1631 3872 lesu
1662 3817 1861 3873 Christi
1887 3834 2040 3887 sepa-

485 3899 685 3958 ramus,
714 3896 762 3958 et
794 3885 863 3941 ab
886 3885 1026 3940 omni
1068 3889 1335 3943 consortio
1363 3899 1557 3942 sancta:
1589 3890 1856 3958 religionis
1884 3885 2042 3943 Cliti-

483 3955 671 4026 stiauae
690 3957 1094 4026 gdisrumpimus
1134 3958 1277 4024 ipsos
1306 3967 1359 4012 et
1387 3973 1571 4013 onmes
1601 3955 1896 4025 quicunque
1926 3975 2041 4026 par-

484 4024 626 4096 tibus
670 4024 1287 4096 illorumrconsenserint
1314 4041 1403 4081 aut
1432 4028 1536 4081 illis
1562 4024 1878 4096 adiutorium
1909 4024 2041 4094 pra:-

484 4095 723 4148 huerint.
767 4096 849 4164 Ab
895 4095 1151 4149 hodierno
1197 4096 1284 4150 die
1314 4108 1366 4149 et
1397 4095 1645 4164 deinceps
1689 4097 1951 4151 maledicti
1989 4109 2042 4152 et

480 4163 924 4235 excommunicati
967 4176 1305 4232 permaneant
1337 4163 1603 4235 usquequo
1633 4167 1697 4218 ad
1726 4167 2039 4221 satisfactio-

483 4247 602 4284 nem
643 4233 856 4288 veniant
894 4243 985 4287 aut
1030 4234 1212 4289 venire
1262 4233 1539 4290 voluerint.
1566 4235 1620 4288 Si
1645 4236 1762 4304 quis
1793 4250 1918 4291 vero
1945 4252 2036 4291 su-

485 4303 674 4367 perbus
713 4311 805 4355 aut
843 4311 1125 4357 contumax
1159 4307 1278 4358 huic
1309 4317 1501 4359 nostra:
1529 4303 1817 4359 deﬁnitioni
1850 4321 2035 4361 assen-

482 4374 581 4424 tire
627 4373 875 4435 noluerit,
904 4373 986 4426 vel
1015 4373 1147 4427 banc
1192 4376 1796 4429 excommunicationem
1848 4377 2035 4428 obser-

482 4455 605 4494 vare
648 4443 956 4511 neglexerit,
1001 4442 1141 4496 hunc
1173 4444 1352 4497 divino
1380 4446 1493 4498 zelo
1519 4446 1725 4497 accensi
1752 4458 1871 4496 cum
1902 4443 2030 4496 Juda

2147 1860 2494 1913 tanta'audita
2535 1872 2837 1916 sanctorum
2884 1864 3096 1921 Patrum
3129 1860 3660 1919 canonum'instit'nta
3696 1906 3712 1927 ,

2143 1940 2658 2001 comgconsensu‘et
2685 1931 2946 2001 adjutorio
2984 1935 3163 1987 domui
3206 1936 3390 1988 Vivani
3457 1935 3715 1988 Barcino-

2145 1999 2325 2052 nensis
2353 1998 2607 2071 episcOpi,
2639 2015 2732 2055 seu
2750 1998 2925 2056 etiam
2953 2003 3132 2057 domni
3165 2005 3413 2059 Aimerici
3444 2005 3711 2071 ειιίμεορί,

2145 2080 2263 2119 cum
2292 2068 2666 2124 canonicorum
2696 2083 2749 2126 et
2778 2073 3113 2127 Sacerdotum
3146 2084 3448 2129 nostrorum
3480 2068 3711 2128 necum:

2143 2148 2195 2213 et
2250 2137 2528 2213 abbatibus
2579 2144 2658 2195 vel
2706 2144 3081 2213 monachorum
3128 2144 3373 2213 suffragia
3418 2184 3434 2206 ,
3488 2145 3709 2196 accensi

2144 2204 2351 2259 ﬂamma
2383 2207 2607 2274 Spiritus
2635 2212 2827 2273 sancti,
2856 2204 3375 2267 est-ommunicam'us
3404 2204 3565 2280 atque
3597 2214 3713 2263 alti.

2144 2290 2327 2347 gamus
2353 2291 2564 2347 omnem
2593 2283 2981 2347 episcopatum
3020 2282 3387 2335 Cerdaniensis
3438 2283 3522 2334 vel
3586 2281 3713 2334 Ber—

2144 2345 2464 2399 chitanensis
2494 2348 2557 2399 ad
2591 2345 2821 2411 Patrem,
2854 2360 2907 2402 et
2956 2349 3163 2416 Filium,
3195 2363 3248 2403 et
3291 2353 3548 2418 Spiritum
3580 2367 3712 2404 san-

2144 2421 2283 2465 ctum
2316 2452 2330 2478 ,
2380 2426 2433 2468 et
2468 2431 2650 2471 omnes
2694 2418 2947 2473 ecclesias
2977 2436 3092 2488 quae
3122 2423 3171 2473 in
3202 2420 3373 2474 dictos
3420 2421 3715 2475 coniitatos

2143 2490 2298 2559 sunt,
2332 2492 2448 2559 tam_
2467 2488 2755 2553 praecipuas
2807 2503 2961 2555 quam
3020 2490 3378 2559 suiiraganeas
3424 2494 3514 2559 qui
3569 2489 3711 2543 infra

2143 2550 2260 2619 ejus
2298 2550 2551 2609 terminus
2603 2550 2746 2620 sunt,
2788 2550 2842 2611 ut
2894 2575 2997 2612 non
3043 2550 3234 2613 habeat
3266 2550 3460 2613 ibidem
3495 2562 3708 2613 nullout

2143 2621 2490 2695 ministerium
2547 2627 2875 2682 sacerdotale
2937 2628 3132 2689 factum
3194 2630 3291 2682 nisi
3358 2645 3451 2695 per
3525 2639 3710 2682 nostra

2142 2692 2474 2766 absolutione
2551 2704 2641 2748 aut
2698 2712 2789 2764 pt't‘
2875 2709 3050 2752 nostra
3084 2700 3294 2766 propria
3328 2692 3605 2752 voluntate
3636 2700 3705 2752 de

2142 2759 2271 2835 feria
2305 2764 2455 2835 tertia
2485 2776 2603 2834 post
2634 2759 2958 2822 Dotninicum
3010 2759 3231 2834 primam
3279 2768 3345 2822 de
3396 2767 3712 2835 Quadrage-

2142 2831 2275 2906 sima
2307 2831 2516 2906 inantea
2549 2850 2819 2904 usquequo
2867 2831 3147 2904 praedictus
3192 2831 3531 2906 episcopatus
3590 2831 3716 2890 ι·ὸά-

2142 2901 2305 2974 ditus
2329 2905 2399 2957 sit
2445 2906 2509 2959 ad
2555 2901 2744 2961 sancta
2784 2901 2942 2960 Maria
2971 2917 3020 2960 et
3053 2909 3103 2961 in
3134 2901 3313 2961 nostra
3344 2901 3415 2960 sit
3447 2917 3713 2974 potestate

2142 2983 2261 3023 cum
2296 2972 2435 3039 ipsas
2467 2976 2743 3042 parochias
2785 2977 2923 3043 quod
2974 2978 3126 3031 nobis
3153 2972 3483 3030 abstulerunt
3512 2978 3596 3030 vel
3629 2993 3713 3029 ra-

2181 3051 2369 3113 uerunt
2406 3051 2461 3096 et
2486 3058 2606 3097 cum
2638 3048 2778 3109 ipsos
2822 3046 3029 3097 oblatos
3075 3048 3165 3113 qui
3204 3047 3395 3100 exinde
3431 3048 3703 3101 exierunt.

2194 3122 2518 3183 erumtamen
2547 3114 2726 3167 sciatis
2754 3116 2873 3182 quia
2919 3116 3029 3183 ipsa
3076 3114 3349 3169 comitissa
3379 3120 3573 3170 domna
3611 3120 3708 3171 Er-

2145 3181 2414 3246 mergards
2440 3195 2560 3235 cum
2610 3184 2745 3239 iitios
2776 3181 2849 3238 et
2900 3181 3035 3240 tilias
3064 3200 3189 3238 suas
3220 3201 3318 3240 nec
3341 3188 3710 3241 excommuni-

2142 3261 2365 3317 camus,
2396 3265 2493 3307 nec
2538 3253 2731 3307 nullius
2778 3254 2989 3309 vinculo
3032 3257 3302 3310 canoiiicaz
3345 3256 3707 3312 damnationis

2134 3327 2324 3373 contra
2353 3334 2450 3375 eos
2479 3323 2715 3386 facimus,
2743 3326 2837 3378 sed
2870 3334 3071 3379 tantum
3102 3340 3290 3380 omnes
3321 3326 3568 3380 homines
3599 3338 3704 3380 tam

2141 3388 2364 3461 clericos
2386 3406 2540 3459 quam
2574 3394 2735 3446 laicos
2763 3393 2850 3461 qni
2880 3394 3019 3448 banc
3044 3396 3298 3447 malitiam
3340 3405 3706 3450 tractaverunt

2142 3457 2604 3514 adversussoncta
2637 3461 2724 3514 Dei
2755 3457 3016 3528 Ecclesia,
3046 3472 3099 3517 et
3126 3464 3405 3517 consilimn
3437 3467 3704 3519 dederunt

2141 3537 2194 3581 et
2242 3532 2350 3595 ipsa
2400 3532 2669 3584 comitissa
2724 3541 2777 3585 et
2822 3532 2957 3586 illius
2992 3547 3118 3587 suos
3145 3532 3213 3587 de
3244 3535 3381 3587 hunc
3409 3535 3702 3589 maximum

2143 3601 2443 3673 peccatum,
2474 3611 2528 3653 et
2566 3610 2865 3673 vastatores
2915 3603 3127 3673 fuerunt
3182 3612 3339 3672 atque
3370 3616 3614 3673 raptores
3653 3618 3706 3660 et

2143 3666 2469 3744 fraudatores
2497 3672 2577 3725 vel
2606 3672 2848 3743 sacrilegi
2872 3683 2925 3727 et
2954 3671 3114 3738 fores,
3140 3666 3417 3729 sicutluda
3431 3666 3701 3744 proditor.

2143 3736 2249 3790 llos
2280 3739 2408 3792 tales
2440 3736 2851 3810 praesumptore's
2894 3753 2948 3798 et
2992 3736 3231 3799 ecclesiis
3278 3736 3478 3800 sanctz'e
3523 3746 3702 3801 Maria:

2141 3817 2380 3881 raptores
2411 3849 2426 3873 ,
2484 3812 2565 3865 vel
2608 3826 2818 3867 suarum
2874 3812 3179 3869 facultatum
3226 3814 3571 3881 alienatores,
3612 3833 3703 3872 ex-

2140 3888 2294 3953 cepto
2321 3879 2429 3946 ipsa
2455 3883 2726 3953 comitissa
2768 3898 2886 3936 cum
2934 3883 3069 3937 illius
3093 3898 3217 3936 suos
3236 3922 3251 3945 ,
3284 3898 3382 3938 nos
3409 3879 3700 3953 supradicti

2142 3945 2282 4023 Salia
2308 3952 2503 4023 przesul
2533 3993 2548 4017 ,
2581 3962 2632 4005 et
2662 3950 2819 4004 Vivas
2853 3954 3021 4021 gratia
3051 3953 3142 4006 Dei
3172 3956 3447 4023 episcopus
3472 3945 3492 4018 ξ
3523 3966 3580 4008 et
3610 3960 3701 4009 Ai-

2141 4019 2370 4071 mericus
2396 4020 2696 4089 episcopus,
2728 4019 3252 4077 cutn'canonicoruin
3282 4034 3337 4078 et
3355 4019 3693 4079 sacerdotum

2142 4096 2441 4163 nostrorum
2467 4130 2483 4156 ,
2514 4092 2631 4146 sive
2660 4107 2778 4146 cum
2813 4092 3090 4147 abbatibus
3129 4094 3210 4163 vel
3239 4093 3485 4163 suffragia
3520 4109 3698 4148 mona-

2137 4158 2383 4229 chorum,
2406 4166 2921 4215 excommunicamus
2946 4175 3037 4216 eos
3061 4164 3123 4215 ad
3150 4162 3379 4226 Patrem,
3403 4158 3456 4217 ét
3484 4164 3695 4229 Filium,

2138 4240 2188 4304 et
2245 4228 2497 4296 Spiritum
2517 4300 2525 4304 Α
2548 4242 2789 4304 sanctum
2814 4271 2829 4295 ,
2862 4238 2915 4284 et
2947 4246 3039 4297 per
3065 4249 3249 4286 omnes
3274 4234 3495 4287 ordines
3542 4228 3697 4304 angeé

2139 4301 2307 4351 lorum
2340 4308 2394 4351 et
2422 4300 2854 4368 archangelorum
2877 4311 2929 4354 et
2957 4316 3139 4356 omnes
3166 4305 3385 4355 virtutes
3406 4300 3693 4367 caelorum,

2137 4373 2249 4419 sive
2300 4380 2392 4433 per
2445 4384 2631 4424 omnes
2660 4370 2979 4437 patriarchas
3027 4383 3078 4425 et
3127 4373 3447 4440 praphetas,
3506 4382 3563 4426 et
3607 4388 3694 4440 per

2137 4450 2319 4489 omnes
2346 4441 2627 4511 apostolos,
2646 4450 2700 4511 et
2743 4452 3002 4511 martyres
3026 4443 3107 4495 vel
3131 4444 3487 4505 coniessot'es,
3523 4451 3579 4495 et
3608 4457 3695 4511 per

486 4511 689 4591 nomini
718 4501 987 4591 proditore
1013 4523 1209 4591 anei-na
1224 4514 1508 4591 punitione
1548 4514 1644 4591 sub
1684 4515 2032 4566 anatbeinatis
2064 4501 2111 4561 υ
2137 4501 2572 4591 (ξιιιηθευεὶδηειοδ
2602 4509 2695 4563 Dei
2727 4510 2803 4591 sic
2830 4501 2925 4589 eos
2947 4501 3483 4591 exconunnnicamus
3498 4523 3555 4565 et
3574 4501 3693 4565 aiis.

483 4580 710 4651 vinculo,
753 4581 853 4639 nisi
882 4582 1175 4651 resipuerit,
1222 4581 1274 4634 in
1308 4580 1514 4636 inferno
1561 4583 1860 4635 damnatum
1905 4597 2030 4636 con-

485 4648 755 4703 tradimus.
783 4651 879 4716 Qui
908 4648 1031 4705 vero
1054 4652 1208 4719 hujus
1235 4652 1791 4707 excomtnunicationis
1819 4668 1913 4721 pro
1937 4652 2032 4705 Dei

485 4723 669 4792 timore
713 4720 1019 4792 observator
1063 4723 1346 4787 exstiterit,
1384 4723 1600 4792 gratiam
1631 4732 1683 4775 et
1714 4720 2025 4776 misericor-

479 4789 617 4840 diam
658 4804 685 4839 a
732 4790 953 4844 Domino
1002 4800 1185 4859 nostro
1231 4791 1353 4845 Jesu
1390 4789 1613 4846 'L'hristo
1654 4801 2029 4859 consequatur.

480 4862 665 4910 Anien.
704 4858 864 4925 Salia,
898 4864 1059 4928 gratia
1091 4858 1182 4915 Dei
1215 4863 1493 4930 episcopus
1520 4858 1866 4929 Urgellensis,
1907 4862 2028 4915 huic

477 4936 674 4999 statuto
706 4938 926 4999 nostro,
980 4932 1028 4983 in
1076 4947 1180 4999 quo
1233 4930 1392 4985 tutam
1438 4946 1647 4985 causam
1703 4930 1791 4982 Dei
1832 4931 2033 4997 judicio

477 4997 860 5061 commisimus,
889 4997 1270 5055 subscribimus
1297 5012 1349 5054 et
1378 5001 1772 5053 confirmamus.
1804 5002 2030 5053 Aitneric

477 5078 593 5130 uis,
630 5068 910 5135 episcopus
940 5072 1187 5125 Ecclesia:
1222 5072 1641 5139 ltipacurcensis,
1680 5069 1813 5123 hanc
1838 5071 2033 5124 consti-

480 5139 729 5191 tutionem
761 5140 1066 5193 confirmavi
1096 5152 1251 5209 atque
1272 5144 1575 5207 subscripsi.

870 5352 1021 5393 ΙΤΕΜ
1064 5352 1141 5392 UE
1180 5352 1390 5391 EADE)!
1432 5353 1531 5391 liii.

543 5439 567 5466 ⁸
598 5432 1023 5487 Orthodoxorum
1056 5436 1436 5488 catholicorum
1492 5433 1701 5485 Patrum
1757 5432 2032 5485 divinitus-

473 5518 574 5564 quc
617 5504 991 5571 inspit'atorunt
1024 5518 1283 5557 canonum
1341 5505 1696 5572 protuuigavit
1746 5506 2033 5557 auctoritas

474 5586 566 5636 per
616 5575 887 5627 universas
942 5576 1237 5640 provmcias
1298 5588 1391 5642 pro
1448 5575 1811 5641 ingruentibus
1850 5575 2028 5627 eccle-

470 5645 699 5697 siasticis
729 5642 1156 5697 ﬂuctuationibus
1191 5654 1245 5696 ut
1276 5647 1447 5698 nullus
1488 5644 1789 5713 episcopus,
1846 5660 2029 5700 sacer-

496 5766 499 5767 ⁷
545 5771 565 5795 ³
600 5762 674 5815 Ls
699 5764 912 5819 atchivo
942 5765 1177 5818 cultant:
1206 5763 1551 5833 L'rgirilcnsis.

2140 4577 2538 4633 thetnatizamus
2566 4589 2722 4647 atque
2755 4580 3119 4633 abominamus
3162 4589 3217 4634 et
3266 4580 3564 4642 alienamus
3607 4596 3695 4637 eos

2137 4654 2291 4714 atque
2326 4648 2603 4714 abjicimus
2643 4665 2672 4700 a
2718 4649 2981 4702 liminibus
3032 4660 3225 4704 satione
3270 4650 3365 4704 Dei
3396 4650 3648 4705 Ecclesia:
3676 4692 3691 4715 ,

2136 4723 2191 4770 et
2219 4730 2564 4792 segregamus
2588 4731 2698 4792 eos
2733 4733 2760 4770 a
2811 4732 3031 4787 corpore
3087 4731 3137 4773 et
3186 4722 3443 4792 sanguine
3492 4720 3694 4775 Domini

2136 4790 2300 4839 nostri
2352 4788 2479 4841 Jesu
2507 4786 2699 4841 Christi
2730 4800 2782 4841 et
2809 4802 2839 4840 a
2868 4792 3136 4843 consortio
3168 4786 3594 4845 Christianorum
3639 4792 3695 4841 ti-

2135 4856 2329 4925 delium
2359 4897 2373 4921 ,
2404 4871 2573 4922 usque
2622 4858 2687 4911 ad
2740 4858 2950 4925 dignam
2980 4861 3395 4913 satisfactionem
3426 4870 3479 4912 et
3510 4874 3689 4913 emen-

2136 4924 2398 4979 dationem
2448 4928 2660 4981 veniant
2702 4924 2824 4982 ante
2875 4931 3038 4984 altare
3078 4938 3274 4983 sancta:
3323 4928 3501 4983 Mariae
3556 4930 3691 4983 sedis

2141 4995 2264 5048 Vico
2292 5004 2345 5047 et
2367 5012 2546 5050 coram
2579 4998 2721 5053 Salia
2750 4999 3000 5067 episc0p0
3030 5008 3083 5054 et
3124 5001 3412 5054 canonicos
3455 5002 3609 5068 ejus;
3641 5009 3689 5051 et

2137 5079 2303 5136 usque
2349 5068 2733 5123 absolutionem
2800 5072 3023 5122 habeant
3082 5070 3147 5122 de
3208 5070 3518 5136 supradicto
3558 5071 3686 5124 Salla

2135 5134 2387 5205 episc0po
2414 5180 2429 5203 ,
2462 5138 2531 5191 ita
2564 5151 2903 5203 permaneant
2931 5134 3368 5193 excomtnuntcati
3400 5149 3456 5191 et
3496 5139 3692 5192 abomi-

2137 5205 2241 5255 nati
2271 5210 2407 5261 sicut
2428 5210 2536 5277 jani
2560 5222 2715 5276 supra
2741 5208 2937 5262 dictum
2967 5218 3047 5261 est
3069 5209 3118 5262 in
3143 5211 3333 5263 sat-cuia
3356 5210 3688 5263 saeculorum.

2135 5278 2323 5329 Amen.

2845 5371 2985 5431 XX.

2138 5492 2274 5535 ALlA
2327 5492 2616 5535 FORMLLA
2680 5491 3339 5532 EXCUMMIINICATIONIS
3369 5518 3384 5544 ,
3427 5492 3685 5533 ιλγιςτιδλ

2648 5574 2675 5609 Δ
2718 5569 3191 5611 δυριίηιοιιεθυς.

2206 5656 2278 5708 Es
2314 5654 2625 5706 ηυνιυιὶιωρ
2661 5651 2750 5705 Dei
2779 5652 3152 5719 UtttttipOlCtilia
3186 5654 3347 5705 i’atris
3378 5692 3385 5716 ι
3434 5663 3481 5705 ct
3541 5650 3687 5713 Filii,
