3848 6234
150 377 235 429 953
1197 379 1638 455 Dissenrnto
1680 380 1764 433 os
1800 340 2069 436 mittens
2110 383 2236 436 om.
3227 384 3332 442 est

147 505 188 545 et
215 493 426 564 Sp‘f’lltt!
468 491 632 544 sancti
662 502 1083 564 ,_et_sanetornm
1106 507 1372 564 canonum
1397 533 1411 556 ,
1442 502 1662 546 sanctae-
1696 497 1738 550 Α
1767 495 2220 564 ενδιιιιθΙίειεεμιιιί
2242 510 2332 549 sua
2353 495 2721 558 pratdicatione
2738 497 2986 550 mundum
3015 491 3317 549 universum

147 561 629 637 queetitttemerzttge
651 559 860 637 virginis
888 560 978 615 Dei
1002 561 1264 637 genitricis
1287 563 1481 627 Marim,
1509 575 1666 629 atque
1770 559 2163 637 converterunt:
2214 564 2485 637 ltlaledicat
2534 565 2676 637 illum
2704 580 2902 637 cuneus
2928 576 3214 636 martyrum
3251 577 3316 637 iet

148 629 359 681 omnium
404 629 696 702 calestiutn
737 631 1006 702 virtutum,
1028 634 1360 702 angelorum,
1387 637 1668 698 archange-
1771 633 2129 702 confessorum
2157 635 2441 690 mirificus.
2469 636 2554 695 qui
2588 635 2692 688 Deo
2721 635 2873 688 bonis
2929 629 3177 702 operibus
3216 636 3323 701 pla-

149 702 341 768 lorum,
379 698 686 768 tbronorum
722 737 736 752 .
787 698 1200 753 dominationum
1231 738 1248 761 ,
1309 711 1623 765 potestatum
1651 739 1666 763 ,
1769 702 1904 754 citus
1942 701 2184 758 inventus
2205 713 2301 755 est.
2335 703 2645 758 Maledieant
2674 704 2818 757 illum
2859 698 3125 756 sacrarum
3173 698 3329 768 virgi-

146 767 394 841 cltrrnbim
418 781 477 819 ac
504 767 810 841 seraphirn,
835 775 887 818 et
909 779 1208 841 sanctorum
1233 771 1667 834 patriarcharum,
1772 785 1896 823 num
1936 771 2087 841 chori
2115 810 2130 837 ,
2155 786 2272 841 qua:
2302 773 2478 826 mtmdi
2527 788 2654 825 vana
2687 788 2842 826 causa
2876 775 3092 825 honoris
3124 772 3323 826 Christi

1772 839 2064 910 respuenda
2120 839 2575 910 contempserunt.
2607 841 2914 896 Maletlicant
2948 843 3092 894 illum
3142 855 3332 894 Omnes

1769 909 1940 979 sancti
1968 909 2054 979 qui
2085 909 2149 962 ab
2175 910 2322 964 initio
2343 909 2522 964 mundi
2559 926 2725 979 usque
2751 910 2801 964 itt
2834 912 2987 964 linem
3011 912 3188 963 saeculi
3215 910 3331 964 Deo

1769 976 1944 1029 dilecti
1983 977 2337 1031 inveniuntur.
2375 976 2683 1033 Maledicant
2730 981 2873 1034 illttttt
2916 982 3036 1032 creti
3075 988 3128 1032 et
3186 991 3327 1033 terra

1769 1055 1824 1098 et
1850 1045 2024 1098 omnia
2052 1057 2229 1100 sancta
2259 1049 2310 1100 itt
2337 1049 2416 1101 eis
2446 1051 2728 1104 manentia.
2765 1050 3072 1102 Maledictus
3100 1048 3168 1101 sit
3207 1049 3331 1101 ubi-

1771 1129 1979 1185 cunque
2018 1115 2211 1185 fuerit,
2253 1118 2362 1170 sive
2409 1119 2461 1170 in
2489 1117 2676 1180 dumo,
2711 1118 2820 1170 sive
2852 1120 2900 1170 io
2944 1131 3091 1185 agro,
3140 1117 3250 1170 sive
3279 1117 3331 1169 in

1773 1183 1876 1244 via,
1904 1186 2014 1235 sive
2054 1184 2105 1237 itt
2135 1186 2318 1238 semita
2347 1227 2362 1250 ,
2395 1188 2504 1239 sive
2527 1186 2576 1239 in
2609 1189 2742 1238 silva
2769 1227 2782 1249 ,
2811 1187 2925 1241 sive
2956 1183 3006 1239 in
3033 1200 3186 1251 aqua,
3219 1185 3330 1238 sive

1773 1255 1825 1304 in
1858 1253 2101 1306 ecclesia.
2129 1255 2431 1308 Maledictus
2455 1258 2525 1307 sit
2551 1257 2775 1308 vivendo
2799 1296 2813 1319 ,
2856 1255 3147 1318 moriendo,
3187 1268 3334 1306 manv

1771 1323 2034 1393 «locando,
2065 1323 2306 1393 bibendo
2327 1366 2342 1388 ,
2369 1325 2647 1378 esuriendo
2672 1364 2688 1387 ,
2721 1325 2943 1378 sitiendo
2966 1365 2981 1386 ,
3022 1324 3330 1393 jejunaudo,

1773 1389 2130 1462 dm'ntitando,
2154 1393 2482 1462 dormiendo,
2514 1394 2798 1462 vigilando,
2822 1389 3157 1455 ambulando,
3191 1401 3339 1444 stan-

1773 1460 1842 1510 do
1867 1499 1881 1520 ,
1911 1460 2145 1514 sedendo
2169 1502 2183 1522 ,
2212 1461 2433 1528 ja'cdtnlo
2453 1503 2473 1525 ,.
2491 1460 2786 1530 operando,
2820 1463 3164 1529 quiescendo,
3198 1463 3335 1514 min-

1772 1530 1974 1596 gendo,
2023 1531 2253 1584 cacando
2282 1570 2298 1594 ,
2341 1529 2750 1585 ﬂebotomando.
2816 1532 3124 1584 Maledictus
3166 1531 3233 1582 sit
3280 1529 3332 1582 itt

1778 1599 1897 1650 totis
1925 1599 2120 1652 viribus
2145 1602 2398 1666 corporis.
2442 1600 2752 1654 Maledictus
2797 1601 2861 1652 sit
2911 1602 3053 1654 intus
3103 1610 3150 1653 et
3181 1608 3332 1653 exte-

1776 1667 1909 1720 t‘itts.
1945 1668 2248 1722 Maledictus
2273 1671 2339 1721 sit
2369 1671 2419 1722 in
2443 1671 2663 1735 capillis.
2682 1670 2993 1724 maledictus
3018 1671 3084 1723 sit
3115 1673 3166 1721 in
3188 1683 3336 1721 cere-

155 1731 307 1800 t-uerit
327 1743 378 1784 et
404 1734 465 1782 ad
495 1730 911 1800 satisfactionem
944 1735 1164 1788 venerit.
1191 1733 1378 1792 Amen.
1403 1737 1678 1790 Muledieat
1778 1737 1891 1788 bro.
1937 1737 2243 1791 Maledictus
2286 1740 2354 1792 sit
2386 1739 2436 1792 in
2483 1730 2676 1793 vertice
2705 1779 2720 1797 ,
2761 1741 2811 1792 itt
2862 1739 3188 1800 temporibus
3214 1777 3228 1799 ,
3280 1737 3332 1788 itt

311 1800 466 1900 ἓξὲξ,
479 1799 806 1900 ﬂamma-qu:
852 1802 1118 1900 hominem
1147 1805 1366 1859 creavit.
1401 1806 1678 1900 Maledieat
1712 1842 1754 1900 Β
1783 1807 2060 1900 ς’ῐιιηιθ,.ξ;ι
2089 1808 2360 1900 auriculis:
2391 1809 2441 1860 itt
2470 1809 2787 1900 superciliis,
2807 1809 2857 1861 in
2876 1808 3061 1900 oculjs,
3162 1809 3334 1884 genis,

155 1868 282 1944 illum
431 1868 630 1944 Filius,
660 1871 747 1935 qui
775 1883 870 1938 pro
906 1871 1117 1927 homine
1164 1889 1350 1944 passus
1379 1884 1476 1930 est.
1516 1875 1677 1929 Male-
1712 1868 1754 1900 ⁸³
1783 1877 1834 1944 in
1865 1868 2114 1944 maxillis,
2145 1878 2194 1930 itt
2225 1868 2455 1944 naribus,
2501 1868 2551 1930 iu
2593 1868 2840 1931 dentibus
2868 1868 3204 1931 mordacibus
3227 1915 3240 1938 ,
3288 1877 3337 1927 ιιι

159 1938 452 2016 dicatillum
478 1938 707 2016 Spiritus
731 1951 970 2006 sanctus,
999 1944 1085 2010 qui
1116 1938 1178 1996 in'
1200 1943 1460 2016 baptismo
1486 1945 1682 1997 effusus
1784 1942 1948 2016 labris
1998 1938 2111 1999 sive
2141 1948 2386 2007 molibus,
2420 1938 2470 2000 in
2504 1947 2680 2014 labiis,
2719 1949 2770 2000 in
2800 1957 3010 2016 gutture
3030 1986 3046 2011 ,
3073 1947 3123 1998 in
3152 1948 3336 2016 hume-

157 2019 244 2057 εει.
276 2007 540 2084 Ialedicat
567 2009 712 2061 illum
742 2023 922 2084 sancta
952 2007 1075 2084 crux
1101 2051 1115 2072 ,
1142 2007 1558 2084 qttan'tChristns
1588 2029 1684 2084 pro
1784 2013 1876 2074 ris,
1901 2015 1952 2066 itt
1981 2016 2161 2079 armis,
2205 2015 2257 2068 itt
2291 2016 2543 2080 brachiis,
2575 2018 2626 2070 in
2659 2007 2920 2080 inanibus,
2951 2018 3003 2069 in
3031 2007 3239 2083 digitis,
3290 2015 3341 2065 itt

159 2085 315 2152 nostra
343 2079 506 2130 salute
522 2078 745 2152 hostem
766 2080 1096 2152 triumphans
1119 2078 1374 2135 ascendit.
1411 2078 1686 2138 Maledt'cat
1787 2093 2002 2151 pectore
2024 2123 2041 2148 ,
2085 2078 2156 2137 in,
2189 2086 2379 2148 corde,
2423 2095 2478 2138 et
2517 2078 2568 2139 in
2601 2087 2846 2140 omnibus
2874 2078 3211 2139 interioribus
3234 2094 3342 2135 ato-

160 2147 485 2223 ﬂlttmnsancta
520 2148 609 2200 Dei
654 2147 894 2223 Genitrj_x_
929 2160 982 2223 et
1013 2162 1261 2223 perpetua
1304 2153 1451 2218 virgo
1497 2154 1682 2206 Maria.
1788 2147 1976 2223 inacho
1999 2163 2151 2206 tenus
2178 2196 2192 2220 ,
2223 2155 2273 2207 in
2304 2147 2520 2208 renibus
2545 2196 2557 2212 .
2586 2157 2634 2210 in
2665 2155 2962 2222 inguinibus
2983 2195 2998 2218 ,
3023 2155 3081 2207 'iu
3113 2153 3338 2223 femore,

158 2213 406 2267 Maledicat
430 2215 574 2296 illum
596 2213 1686 2296 sancttts._hlicltael,anitnarutn'snsceptor
1788 2221 1841 2296 in
1871 2213 2208 2296 genitalibus,
2241 2225 2289 2296 in
2318 2227 2464 2279 coxis
2488 2265 2501 2286 .
2528 2224 2579 2278 in
2604 2213 2823 2296 genibus
2847 2264 2864 2289 ,
2895 2213 3227 2296 in__crnribtt+
3247 2264 3260 2286 ,
3289 2213 3343 2296 it!

164 2298 432 2361 sacrarunt.
459 2284 782 2361 Maledicant
813 2285 958 2338 illum
987 2303 1171 2342 omnes
1194 2290 1364 2356 angeli
1394 2301 1442 2344 et
1471 2284 1687 2345 arcltan-
1791 2284 2010 2357 pedibus
2033 2332 2051 2360 ,
2098 2293 2149 2346 in
2189 2284 2447 2361 articulis,
2479 2284 2531 2348 et
2560 2284 2912 2361 in'unguihus.
2947 2284 3342 2361 ualedicunt-siit

163 2351 251 2432 geli
272 2392 288 2416 ,
317 2353 628 2432 principatus
672 2365 728 2409 et
749 2367 1063 2432 _potes_tates
1084 2399 1132 2432 ,Α
1157 2351 1436 2432 omn-isque
1497 2361 1683 2416 militia
1789 2351 1841 2411 in
1871 2361 1994 2415 totis
2022 2351 2415 2432 compaginibus
2436 2351 2802 2418 membrorum
2831 2381 2845 2426 ;
2880 2378 2907 2415 a
2939 2366 3131 2416 vertice
3153 2360 3339 2432 capitis

163 2421 374 2500 ctelestis
407 2421 687 2500 exercitus.
725 2421 1021 2500 .hialeilicat
1082 2421 1684 2500 illumqpatriarcltarunt
1789 2444 1954 2498 usque
1975 2431 2037 2483 ad
2071 2421 2301 2500 plantam
2332 2435 2477 2498 pedis
2505 2449 2605 2486 non
2630 2437 2699 2488 sit
2726 2437 2778 2486 in
2818 2421 2883 2488 eo
2916 2444 3136 2487 sanitas.
3182 2421 3344 2500 Male-

162 2501 210 2542 ct
236 2497 587 2566 prOpbetartrtn
621 2493 892 2550 laudabilis
923 2512 1189 2550 numerus.
1238 2499 1508 2553 Maledicat
1539 2501 1684 2555 illttttt
1788 2493 1929 2553 dicat
1963 2493 2107 2554 illutit
2135 2493 2375 2557 Christus
2406 2501 2567 2556 Filius
2601 2504 2688 2556 Dei
2734 2504 2836 2556 vivi
2863 2513 2972 2556 toto
3001 2517 3110 2556 su-e
3142 2498 3337 2566 majes-

161 2571 352 2637 sauctus
379 2565 613 2642 _J_oant_t_es
643 2578 943 2642 praecursor
970 2575 1024 2620 et
1062 2566 1285 2642 baptista
1319 2568 1510 2623 CltriSIi
1556 2587 1687 2637 pra»
1789 2571 1909 2621 tatis
1963 2572 2225 2636 imperio:
2293 2581 2346 2626 et
2401 2573 2636 2642 insurgat
2676 2573 2930 2626 adversus
2980 2585 3101 2625 eunt
3152 2565 3344 2642 emunt

161 2632 345 2712 cipunus.
376 2632 650 2712 Miledicat
686 2633 846 2712 illum.
879 2645 1089 2712 sanctus
1141 2636 1324 2690 Petrus
1372 2649 1424 2691 et
1471 2632 1683 2712 sanctus
1792 2654 1914 2712 cum
1970 2632 2216 2712 omnibus
2264 2632 2690 2712 virtutibus'quat
2717 2643 2768 2694 itt
2806 2655 2871 2694 eo
2918 2647 3237 2712 moventur,
3267 2636 3344 2712 ad

164 2696 513 2779 Paulusatque
549 2709 772 2779 sanctus
816 2703 1052 2779 _An_dreas
1080 2745 1112 2779 ,_
1153 2721 1441 2775 omnesque
1491 2708 1685 2763 Christi
1797 2709 2153 2762 damnandum
2182 2729 2322 2778 eum,
2356 2713 2454 2766 nisi
2491 2696 2794 2776 pmtiituerit
2843 2724 2895 2764 et
2922 2713 2985 2764 ad
3025 2696 3345 2764 satisfactio-

162 2769 384 2835 apostoli,
412 2769 560 2828 simul
581 2783 634 2826 et
663 2772 840 2826 caeteri
871 2775 1113 2843 discipuli
1141 2818 1158 2844 ,
1210 2769 1433 2845 quatuor
1484 2795 1691 2848 quoque
1799 2794 1920 2830 neut
1951 2782 2170 2833 venerit.
2203 2769 2391 2835 Anien.
2426 2769 2561 2843 Fiat,
2590 2785 2697 2837 litt.
2730 2784 2916 2838 Amen.

150 838 499 901 prophetarum
525 877 538 896 ,
572 845 625 886 et
651 837 884 902 omnium
937 838 1292 901 apostolorum
1339 847 1393 890 et
1438 853 1666 904 evange-

147 906 385 966 listarnm,
409 917 460 958 et
478 914 774 956 sanctorum
800 903 1174 965 Innocentium.
1195 906 1280 974 qui
1303 909 1356 958 in
1382 903 1668 970 conspectu

149 975 259 1036 Agni
305 974 398 1026 soli
445 975 585 1038 digni
635 975 832 1026 inventi
880 983 1003 1028 sunt
1043 977 1305 1029 canticum
1337 985 1552 1029 cantare
1582 991 1670 1026 no-

148 1056 253 1093 vmn
277 1081 292 1106 ,
320 1053 369 1094 et
398 1053 696 1097 sanctorum
743 1054 1029 1111 martyrum
1053 1083 1068 1106 ,
1115 1055 1170 1098 et
1215 1055 1514 1098 sanctorum
1546 1059 1668 1096 con-

149 1112 410 1172 fessorem,
437 1123 490 1164 et
526 1122 821 1163 sanctarum
878 1114 1133 1179 Virginum
1167 1157 1182 1180 ,
1233 1124 1392 1180 atque
1439 1113 1669 1166 omnium

150 1180 284 1231 simul
307 1190 599 1232 sanctorum
628 1194 672 1232 et
700 1181 985 1233 electorum
1017 1181 1126 1245 Dei,
1155 1185 1673 1236 excommunicatnus

148 1259 191 1301 et
213 1250 702 1322 anathematizamus
729 1252 866 1300 hunc
888 1251 1075 1322 furem,
1102 1253 1180 1305 vel
1206 1255 1343 1305 hunc
1364 1250 1670 1304 malefacto-

150 1333 245 1371 rem
273 1357 288 1379 ,
315 1327 368 1371 et
396 1332 424 1369 a
457 1317 719 1390 liminibus
748 1330 943 1390 sanctge
974 1319 1062 1372 Dei
1102 1322 1341 1375 ecclesiae
1369 1331 1673 1390 sequestra-

151 1401 250 1438 nius
274 1424 288 1448 ,
311 1454 318 1455 ί
346 1395 401 1440 ιιι
443 1386 665 1440 aeternis
694 1388 960 1453 suppliciis
1003 1389 1315 1443 cruciandus
1343 1386 1674 1455 mancipetur

149 1470 255 1508 cum
306 1454 502 1508 Dathan
557 1465 610 1508 et
661 1456 889 1516 Abirou.
936 1466 991 1510 et
1029 1456 1146 1511 ctttd
1197 1459 1281 1512 his
1310 1463 1395 1524 qui
1427 1454 1674 1514 dixerunt

153 1524 350 1576 Domino
374 1525 476 1576 Deo
501 1541 514 1574 :
542 1524 776 1576 Reredea
798 1527 956 1587 nobis,
979 1530 1234 1580 scientiam
1255 1531 1448 1581 viarum
1475 1540 1674 1581 tuarum

150 1593 383 1665 nolumus.
417 1593 478 1644 Et
505 1596 642 1665 sicut
667 1609 797 1665 aqua
821 1596 1346 1665 igniseminguitur,
1371 1601 1449 1652 sic
1475 1597 1675 1652 exstin-

151 1672 319 1726 guatur
347 1662 556 1715 lucerna
588 1658 701 1728 ejus
732 1663 781 1713 in
811 1658 1001 1717 saecula
1028 1658 1340 1720 saeculorum
1369 1707 1383 1730 ,
1414 1668 1512 1720 nisi
1543 1669 1674 1720 resi-

162 2911 1606 2937 Μ

805 3019 1552 3108 DlSSERTATIO
1679 3025 1832 3109 DE
1904 3005 2392 3112 JUD‘lCllS
2466 3030 2724 3122 DEI.

1690 3183 1807 3222 δινε

1202 3276 1794 3339 EXPERIMENTIS
1848 3281 2227 3342 VETERUM
2259 3325 2276 3354 ,

834 3425 918 3474 AD
950 3423 1370 3492 SCRUTANDUM
1408 3424 1702 3476 HOMINUM
1731 3424 1986 3486 CRIMEN,
2021 3425 2163 3475 Sl\"E
2199 3422 2647 3474 INNOCENTIAM.

1105 3608 1192 3667 [Ex
1224 3607 1469 3658 Muratorii
1491 3609 1653 3670 Antiq.
1681 3606 1785 3657 ltal.
1811 3608 1951 3656 medii
1975 3609 2083 3667 aevi,
2109 3614 2219 3657 tom.
2246 3606 2352 3669 lii]

229 3795 354 3848 lntcr
392 3794 720 3862 antiquorum
768 3792 899 3847 ritus
961 3794 1049 3859 qui
1108 3792 1173 3846 ad
1224 3803 1460 3860 tempora
1509 3805 1686 3846 nostra
1715 3792 1760 3850 C
1795 3792 1901 3844 but.
1933 3791 2064 3856 Quid
2097 3792 2180 3846 hic
2229 3794 2592 3862 Augustinus?
2620 3813 2637 3843 ι
2669 3791 2814 3861 Elegi
2863 3794 2972 3862 (ita
3023 3794 3115 3851 ille
3159 3796 3344 3853 scribit

168 3866 357 3927 minime
399 3859 772 3930 penetrarunt,
804 3864 908 3916 into
953 3864 1060 3930 jam
1108 3863 1194 3916 ditt
1227 3859 1500 3930 proscripti
1531 3872 1688 3928 sunt,
1797 3863 2018 3922 epistola
2067 3863 2132 3914 78
2160 3902 2176 3926 ,
2221 3859 2345 3914 olim
2396 3860 2527 3930 I37)
2555 3863 2753 3929 aliquid
2771 3859 3050 3928 ancilium,
3101 3875 3156 3918 nt
3202 3881 3348 3921 certo

168 3935 349 3987 .ludicia
381 3933 467 3987 Dei
499 3931 826 4000 potissimum
860 3933 1280 3986 animadvertere
1322 3935 1385 3984 atl
1434 3932 1692 3985 eruditio.
1797 3932 1988 3998 placito
2032 3945 2091 3984 se
2135 3930 2290 3983 ambo
2334 3932 2759 3996 constringereut
2803 3935 2866 3986 ad
2902 3935 3070 3986 locum
3101 3945 3339 3989 sanctum

167 4020 268 4058 netu
299 3999 516 4056 nostram
547 4004 792 4070 pertinet.
823 3999 896 4052 Eo
927 4003 1138 4056 nomine
1168 4004 1292 4056 olim
1321 4001 1692 4069 significaban-

168 4082 238 4124 tur
261 4072 606 4140 experimenta
635 4088 662 4123 a
691 4071 1005 4125 Christianis
1035 4072 1267 4124 ittstituta
1313 4086 1430 4122 cum
1476 4072 1690 4123 invoca-

169 4147 290 4194 tione
334 4141 552 4194 nominis
595 4140 793 4205 divini,
845 4151 900 4193 nt
942 4143 984 4195 si
1033 4141 1240 4208 quando
1285 4140 1490 4205 objecta
1537 4140 1691 4194 alicui

165 4212 361 4264 crimina
406 4211 598 4269 dubia.
647 4218 739 4262 aut
786 4212 990 4263 occulta
1043 4211 1250 4273 forent,
1299 4209 1690 4264 accusationem

164 4293 292 4332 suam
335 4289 496 4342 actor,
545 4278 924 4332 interveniente
972 4280 1100 4340 Deo,
1147 4280 1387 4344 probare,
1434 4289 1523 4332 aut
1571 4293 1692 4332 reus

165 4351 322 4404 eluere
368 4359 558 4418 posset.
607 4348 862 4401 Nimirum
908 4348 1006 4402 sibi
1057 4349 1462 4418 nulloAnegotio
1509 4362 1690 4402 eorum

167 4416 429 4488 temporum
482 4418 722 4471 homines
771 4420 1154 4485 pet-suadebant
1215 4416 1691 4488 lteutnﬂscelerunt

167 4486 364 4541 ultorem
384 4527 397 4550 ,
432 4488 744 4542 innocentiae
769 4502 896 4541 vero
926 4499 1200 4554 patronum
1223 4527 1238 4550 ,
1274 4486 1526 4552 prodigiis
1564 4502 1694 4554 quo-

166 4570 275 4621 que,
301 4558 340 4609 si
369 4557 722 4617 invocaretur,
753 4567 1075 4610 certaturum
1110 4571 1205 4624 pro
1233 4556 1525 4623 detegenda
1555 4559 1696 4610 veri.-

167 4633 286 4686 tate,
326 4641 474 4693 quam
519 4626 818 4694 pertingere
845 4627 980 4679 oculi
1014 4626 1224 4679 humani
1256 4625 1396 4680 acies
1427 4626 1690 4690 nequibat.

172 4697 282 4750 lliuc
305 4696 488 4748 sensim
518 4697 646 4749 varii
674 4694 898 4748 instituti
931 4695 1070 4747 fuere
1099 4697 1236 4746 modi
1261 4734 1274 4757 ,
1303 4695 1488 4758 quibus
1509 4694 1693 4759 explu-

167 4768 255 4820 rari
300 4766 566 4832 putabatur
619 4764 686 4818 de
727 4766 1082 4818 controversis
1125 4763 1432 4816 criminibus
1477 4765 1693 4818 scientia

168 4847 211 4887 et
238 4834 518 4889 testificatio
559 4833 670 4886 Dei.
721 4833 948 4888 Proinde
986 4835 1341 4900 experimenta
1375 4832 1488 4886 haec
1517 4835 1695 4900 appel-

167 4904 254 4956 lata
283 4905 421 4959 fuere
448 4903 648 4958 Judicia
680 4901 807 4965 Dei,
852 4905 1000 4968 quasi
1043 4903 1107 4956 ad
1154 4902 1514 4955 ontniscientis
1552 4901 1693 4968 judi-

166 4975 285 5024 cium
311 4974 663 5027 controversia
689 4971 1006 5033 defeiretur,
1037 4983 1089 5026 et
1112 4972 1234 5025 inde
1259 4973 1395 5036 justa
1429 4973 1692 5026 sententia

165 5045 485 5108 exspectanda
533 5043 689 5097 foret.
741 5041 1082 5109 Purgationes
1105 5055 1316 5109 quoque
1362 5040 1690 5106 dicebantur,

168 5111 349 5177 quoties
376 5113 526 5179 adea
556 5111 895 5180 confugiebat
924 5121 1234 5175 accusatus,
1270 5120 1322 5162 ιιι
1365 5110 1564 5162 illatum
1591 5114 1687 5163 cri-

167 5197 270 5235 men
297 5198 323 5234 a
345 5196 400 5235 se
427 5195 740 5251 removeret.
770 5181 1012 5234 Omnium
1039 5181 1688 5251 antiquissimapurgatio,

172 5267 322 5316 neque
347 5251 511 5303 solum
544 5250 758 5316 antiqua
778 5291 792 5314 ,
824 5252 915 5304 sed
946 5266 1152 5317 semper
1172 5249 1210 5302 ξι
1243 5250 1476 5303 conciliis
1507 5260 1559 5301 ct
1592 5249 1689 5302 Pa-

173 5319 320 5372 tribus
347 5320 556 5386 probata
579 5358 596 5382 .
623 5320 991 5386 jusjurandum
1027 5321 1112 5373 luit
1135 5360 1149 5380 ,
1182 5325 1317 5388 quod
1346 5320 1448 5371 alio
1478 5321 1691 5374 nomine

171 5399 528 5442 sacramentum
562 5400 838 5441 VOCul'tlftl.
873 5389 936 5444 Ut
968 5391 1133 5454 major
1162 5391 1212 5442 in
1254 5392 1370 5454 ipso
1398 5390 1688 5442 eunttendo

1795 4015 1854 4054 se
1881 4011 2250 4071 perrt'cturos,
2283 4001 2369 4054 ubi
2402 4000 2718 4055 terribiliora
2768 4017 2924 4069 opera
2975 4003 3064 4056 Dei
3114 4019 3216 4056 non
3262 4020 3346 4057 sa-

1797 4085 1916 4122 nam
1945 4071 2303 4140 cujuscunque
2332 4071 2710 4140 conscientiam
2742 4073 2903 4125 multo
2937 4072 3135 4126 facilius
3175 4075 3345 4140 aperi-

1797 4150 1949 4202 rent,
1983 4149 2037 4192 et
2062 4139 2126 4192 ad
2158 4139 2538 4192 confessionem
2573 4142 2651 4192 vel
2684 4156 2835 4205 pinna
2869 4144 2948 4194 vel
2975 4144 3168 4195 timore
3196 4158 3340 4195 conto

1796 4209 2086 4273 pellerent,
2109 4225 2126 4257 t
2154 4217 2256 4260 etc.
2287 4225 2306 4256 ι
2331 4208 2501 4260 Multis
2532 4209 2800 4262 notissima
2832 4218 2912 4264 est
2941 4212 3189 4264 sanctitas
3219 4211 3343 4276 loci,

1796 4278 1879 4329 ubi
1913 4277 2050 4332 beati
2086 4276 2273 4330 Felicis
2305 4276 2547 4348 Nolensis
2576 4293 2770 4344 corpus
2792 4280 3062 4348 conditum
3094 4291 3170 4332 est
3196 4296 3209 4330 :
3241 4299 3346 4348 quo

1794 4348 1930 4400 Volui
1980 4356 2036 4398 ut
2084 4355 2392 4416 pergerent,
2443 4347 2562 4412 quia
2616 4348 2736 4400 inde
2783 4347 2989 4401 facilius
3039 4347 3346 4416 lidelittsqtte

1794 4417 1952 4471 scribi
1985 4425 2155 4482 potest
2183 4415 2430 4484 quidquid
2463 4417 2513 4466 itt
2541 4431 2720 4468 eorum
2751 4418 2927 4483 aliquo
2958 4418 3206 4473 divinitus
3235 4415 3344 4473 ftte-

1795 4486 1864 4539 rit
1897 4488 2245 4552 propalatum.
2271 4505 2288 4536 t
2321 4486 2386 4555 [lt
2413 4501 2540 4538 sane
2575 4502 2729 4554 quam
2772 4487 2994 4541 celebris
3035 4503 3095 4541 ea
3144 4499 3342 4555 tempe-

1794 4565 1929 4626 state
1959 4555 2094 4626 furet
2120 4557 2284 4626 sancti
2317 4553 2504 4626 Felicis
2531 4553 2712 4626 Nolani
2736 4557 2999 4626 tumulus.
3047 4572 3109 4610 ex
3155 4553 3336 4626 hujusc
3389 4606 3391 4608 .

1793 4624 1930 4676 tttodi
1991 4625 2147 4676 etiam
2201 4623 2506 4687 miraculis,
2558 4625 2764 4678 Natales
2814 4626 2864 4678 itt
2917 4623 3031 4692 ejus
3084 4623 3340 4682 honorem

1793 4693 2082 4758 conscripti
2115 4709 2142 4745 a
2174 4706 2358 4764 sancto
2387 4693 2607 4747 Paulino
2641 4697 2880 4764 (quorum
2915 4708 3032 4764 pars
3061 4709 3089 4746 a
3121 4712 3204 4748 me
3235 4698 3342 4764 pri-

1795 4779 1934 4832 munt
1968 4765 2206 4830 cvnlgata
2241 4763 2336 4816 fuit
2368 4764 2417 4815 in
2450 4773 2592 4817 tomo
2626 4763 2793 4830 primo
2822 4761 3344 4832 Anecdotorumisa-

1796 4831 2143 4898 liS'qll'Odllﬂl.
2188 4834 2346 4886 Addit
2389 4835 2705 4899 Augustinus
2732 4849 2742 4882 :
2780 4849 2798 4881 t
2825 4832 2952 4885 Nam
2983 4844 3033 4886 et
3065 4849 3161 4887 nos
3195 4831 3342 4888 novi-

1795 4917 1948 4963 ntus,
1984 4902 2257 4956 Mediolani
2306 4899 2440 4964 apud
2498 4901 2802 4954 memoriam
2857 4913 3194 4967 sanctorum,
3253 4905 3339 4958 ubi

1796 4971 2106 5026 mirabiliter
2144 4982 2198 5024 et
2237 4963 2536 5024 terribiliter
2575 4972 2839 5023 daantoncs
2877 4963 3207 5035 conliteittur,
3253 4971 3341 5024 fu.

1797 5055 1908 5093 rent
1949 5041 2260 5107 quemdam,
2292 5039 2377 5106 qui
2417 5040 2482 5092 ad
2522 5056 2644 5103 eunt
2675 5042 2841 5093 locttnt
2872 5049 3118 5102 venerat,
3152 5052 3206 5093 ιιι
3246 5041 3336 5093 [εἰς

1797 5123 1910 5160 eum
1948 5111 2172 5178 jurando
2190 5109 2516 5178 deciperet,
2548 5111 2874 5178 compulsum
2914 5108 3072 5162 fnis.~e
3100 5112 3334 5178 confiteri

1725 5155 1772 5213 Ῐ)
1799 5155 2145 5232 Ιίιιιιιῖιιίίιιει
2165 5155 2458 5246 ⁵(ἰιῈᾷιῘι-ἷιιῖι
2485 5155 2717 5245 “agnus,
2744 5180 2791 5230 in
2818 5180 3037 5244 epistola
3063 5177 3129 5234 33
3158 5155 3332 5243 iii-hil,

1791 5249 1854 5298 ad
1895 5248 2154 5302 Justinum
2196 5259 2474 5315 praetorem
2515 5247 2695 5300 scribit
2732 5263 2791 5301 se
2829 5248 2878 5300 in
2921 5246 3096 5302 Lentte
3122 5248 3331 5316 quidem

1791 5318 2041 5385 episcopo
2072 5319 2264 5370 nullam
2298 5319 2558 5370 invenisse
2585 5319 2826 5385 culpam;
2859 5328 3088 5370 attamen
3119 5316 3330 5372 subdit:

1796 5405 1812 5436 t
1845 5388 1917 5439 Ne
1945 5387 2064 5453 quid
2096 5388 2358 5442 videretur
2402 5401 2683 5449 omissum,
2722 5396 2811 5439 aut
2855 5397 3031 5438 nostro
3079 5389 3334 5452 potuisset

1789 5458 2003 5508 dubium
2042 5457 2183 5509 cordi
2224 5470 2526 5518 remanere,
2569 5457 2633 5509 ad
2677 5458 2808 5511 beati
2848 5457 2982 5510 Petri
3030 5455 3336 5508 sacratissi-

1791 5542 1931 5578 mnnt
1962 5542 2152 5592 corpus
2181 5527 2416 5583 distt'icla
2445 5539 2564 5577 eum
2595 5541 2656 5579 ex
2689 5526 2968 5578 abundanti
3001 5525 3219 5577 fecimus
3249 5539 3332 5576 sa-

1787 5607 2052 5649 cramenta
2090 5597 2340 5662 praebere.
2384 5595 2583 5658 Quibus
2627 5597 2900 5662 praestitis,
2935 5609 3117 5658 magna
3153 5609 3332 5646 sumus

1786 5667 2132 5718 exsultatione
2172 5665 2366 5728 gavisi,
2399 5665 2536 5729 quod
2582 5663 2938 5731 hujuscemodi
2969 5663 3332 5730 experimento

1786 5735 2084 5790 lltDUtClliiJ
2121 5735 2236 5803 ejus
2275 5732 2548 5789 evidenter
2586 5734 2792 5787 en-tuit.
2831 5752 2848 5784 ι
2893 5733 3031 5787 idem
3073 5733 3259 5786 factum
3299 5747 3326 5783 a

173 5457 438 5511 reverentia
469 5463 634 5521 foret,
673 5458 799 5510 illud
830 5475 988 5524 super
1017 5468 1318 5512 sant-torum
1363 5457 1576 5510 tumulis
1603 5469 1686 5510 at-

171 5541 258 5586 que
284 5526 502 5592 reliquiis
534 5529 770 5594 pnebere
800 5543 914 5581 mos
939 5531 1065 5582 olim
1096 5529 1210 5584 fuit.
1241 5529 1464 5581 Circiter
1492 5543 1684 5581 annum

171 5594 338 5666 tltiristi
380 5595 480 5649 «ιοι
523 5599 689 5650 sancti
737 5599 1006 5666 Augustini
1038 5599 1324 5666 discipulus
1354 5607 1625 5651 accusatus
1654 5613 1683 5650 a

173 5663 413 5718 lionifacio
456 5666 788 5734 presbytero,
821 5663 1019 5720 crimen
1065 5671 1113 5721 in
1140 5663 1306 5725 ipsum
1357 5667 1680 5719 Bonil'aciuut

170 5734 420 5791 naustulit.
454 5733 626 5790 Dubia
648 5752 732 5793 res
763 5749 873 5794 erat
901 5752 914 5804 ;
943 5739 1173 5792 scandali
1208 5737 1493 5807 periculum
1523 5735 1682 5790 insta-
