3820 6336
119 387 201 441 961
1194 382 1639 439 ιιιεεειιτιιτιο

1752 382 1765 437 ἒ
1804 381 2079 437 JUDICIIS
2119 383 2253 437 DEl.

3210 394 3313 451 963

115 502 238 560 ceti.
287 498 488 551 Petroni
561 497 629 551 de
675 496 954 558 ﬂuctibus,
1024 495 1238 548 Paulum
1288 497 1354 551 de
1398 498 1638 558 vinculis.
1668 497 1718 556 Α
1744 495 1805 548 61
1840 495 2078 561 ejusdem
2110 497 2274 562 partis
2314 511 2349 547 ll
2399 494 2524 549 torni
2558 495 2571 548 Ι
2603 495 2723 549 Rcr.
2773 496 3028 564 ltalicar.,
3063 500 3145 554 his
3186 517 3301 555 ver-

117 570 337 622 1'liedaiu
362 568 428 620 de
452 569 664 629 bestiis,
690 568 982 619 Susannani
1014 567 1080 619 ile
1111 567 1240 618 falso
1261 567 1505 629 crimine,
1535 578 1643 620 tres

116 653 283 701 pueros
309 638 372 690 de
401 638 612 689 camino
658 636 792 702 igurs
835 635 1087 699 ardentis,
1132 635 1404 702 Dijnielem
1433 637 1499 688 de
1527 637 1642 689 lacu

118 716 338 771 leonum,
368 708 713 771 paralytieum
743 709 810 757 de
839 705 1085 767 grabiio,
1131 704 1386 757 Li'zarum
1423 704 1490 757 de
1532 721 1646 756 iuo-

115 785 341 828 iiunieoto
364 817 378 835 ,
429 778 652 828 ostende
701 773 1114 826 misericordiam
1149 784 1320 833 tuam.
1356 774 1520 839 utqui
1545 775 1644 827 hoc

114 847 289 896 [ortum
330 846 701 897 cummiserunt
731 886 745 907 ,
800 845 949 904 panis
994 845 1074 895 vel
1122 857 1309 895 caseus
1349 844 1445 895 iste
1468 843 1643 897 fauces

114 916 181 968 vel
207 924 405 984 guttura
434 927 615 966 eorum
642 912 867 964 transire
899 928 999 963 non
1032 913 1217 978 possit.
1260 912 1375 976 Per,
1404 926 1507 966 etr.

479 1042 498 1073 ο
526 1022 826 1090 Coujuratio
854 1022 998 1089 panis
1027 1032 1071 1073 et
1104 1023 1256 1074 casei.

174 1136 189 1166 ι
212 1115 284 1170 'l'e
305 1116 483 1180 igitur,
514 1114 928 1166 clementissime
964 1110 1138 1172 Pater,
1172 1126 1264 1178 per
1292 1111 1468 1180 letum
1493 1112 1655 1167 Clll'i',

108 1198 230 1239 stunt
258 1186 417 1237 tilium
450 1194 594 1234 tuum
626 1182 903 1235 Dominum
929 1189 1169 1235 nostrum
1194 1179 1462 1247 supplices
1491 1196 1641 1247 roga-

110 1271 212 1307 mus
229 1263 279 1306 et
309 1253 554 1319 petimus,
590 1265 641 1302 ιιι
672 1251 930 1319 ἱιιιιςντεες
961 1252 1164 1316 linguas
1189 1250 1489 1319 gutturibus
1514 1252 1640 1303 isto-

111 1338 211 1375 rum
240 1318 505 1375 hominum
536 1360 550 1383 ,
600 1322 688 1387 qui
732 1320 832 1373 hoc
873 1318 1069 1371 l'urtuiu
1122 1320 1359 1371 fecerunt
1386 1318 1465 1370 vel
1496 1333 1641 1370 com-

110 1393 361 1453 miserunt,
416 1401 504 1442 aut
543 1405 809 1456 nunquam
850 1389 1167 1441 manducent
1211 1402 1383 1455 neque
1420 1388 1642 1456 glutiant

108 1472 375 1513 creaturam
406 1470 545 1511 tuam
582 1476 767 1526 panem
812 1468 866 1511 et
912 1472 1122 1511 caseum
1154 1458 1341 1517 istum,
1390 1468 1440 1509 ιιι
1468 1458 1635 1510 sciant

108 1532 286 1589 quiatu
310 1545 389 1591 es,
420 1538 473 1581 et
505 1544 607 1580 non
642 1537 725 1581 est
752 1528 886 1581 alius
916 1526 1057 1580 Deus
1087 1537 1278 1591 praeter
1306 1535 1380 1579 te.
1422 1527 1641 1580 Summe

112 1599 254 1659 Deus,
278 1602 362 1664 qui
398 1600 447 1651 in
477 1600 626 1651 cmlis
652 1597 869 1648 moraris
890 1636 907 1658 ,
942 1595 1029 1660 qui
1062 1595 1226 1647 babes
1255 1595 1323 1649 ob
1349 1595 1638 1664 trinitatem

106 1678 153 1721 et
175 1670 490 1735 majestaiein
519 1677 660 1720 tuam
688 1666 1099 1735 justosangelos
1127 1672 1269 1735 tuos,
1300 1663 1501 1725 emitte.
1536 1665 1639 1716 Do-

109 1732 265 1798 mine,
301 1738 543 1804 angelum
604 1732 751 1787 tuum
790 1732 1118 1804 Gabrielem,
1168 1733 1253 1804 qui
1304 1746 1393 1784 ora
1446 1735 1639 1785 hau-eat

1747 567 1861 619 bis:
1901 584 1918 615 t
1948 566 2004 619 Si
2042 568 2160 633 quis
2190 580 2401 617 servum
2432 568 2657 617 alienum
2688 568 2801 620 sine
2838 570 3107 623 voluntate
3135 571 3308 623 demi-

1748 635 1797 687 ni
1823 636 1900 687 sui
1927 635 1979 686 in
2006 646 2393 688 sacramentum
2427 637 2621 687 miserit
2640 674 2654 696 ,
2683 646 2772 688 aut
2798 652 3010 690 manum
3052 642 3102 691 in
3130 642 3309 692 calda-

1744 719 1819 774 r._:i
1871 704 2077 757 mittere
2118 703 2340 764 fecerit.
2385 714 2668 774 camporiat
2705 705 2920 757 domino
2962 706 3082 774 ejus
3107 711 3306 762 solidus

1747 772 1949 840 viginti.
1982 792 2001 823 ι
2042 774 2324 836 Gregorius
2348 788 2556 838 quoque
2583 773 2907 827 Turonensis
2936 772 3041 828 non
3073 777 3304 829 disslmi-

1746 840 1795 893 le
1822 844 2242 906 experimentum
2272 852 2451 894 narrat
2472 842 2563 893 lib.
2596 844 2794 908 primo,
2823 858 2937 908 cap.
2969 841 3059 903 81,
3092 844 3159 898 de
3182 845 3302 897 Glo-

1745 909 1818 961 ria
1853 919 2173 978 martyrum,
2204 911 2341 975 quod
2373 910 2667 964 institutum
2706 914 2800 965 fuit
2829 914 2963 966 inter
2987 913 3301 967 catholicum

1743 988 1795 1030 et
1821 979 2123 1031 hareticuui
2173 981 2221 1029 in
2268 981 2579 1032 orthodoxa:
2618 980 2738 1033 lldei
2770 982 3148 1035 testiinonium.
3194 982 3306 1035 Hae

1744 1048 1811 1099 de
1839 1063 1897 1101 re
1932 1047 2183 1115 legendus
2219 1048 2289 1099 Dii
2315 1047 2540 1115 Cangitts
2574 1050 2625 1101 iii
2655 1048 2891 1103 Glossar.
2922 1052 3091 1104 Latin.
3120 1051 3183 1104 ad
3215 1068 3306 1101 vn-

1745 1132 1861 1169 cem
1910 1119 2053 1184 Aqua
2079 1158 2095 1178 .
2145 1117 2485 1187 eluvidendai
2512 1117 2753 1170 l'utmulap.
2800 1120 2953 1187 hujus
2994 1122 3125 1173 ritus
3166 1121 3303 1186 apud

1743 1188 2168 1252 supralamlatuin
2198 1184 2454 1247 Mariane,
2489 1195 2615 1238 tom.
2652 1187 2737 1252 Ill,
2766 1184 2970 1250 libftti.
3002 1206 3122 1254 cap.
3152 1184 3210 1252 7,
3238 1193 3305 1243 de

1743 1256 1969 1320 antiquis
2002 1256 2203 1308 Eccles.
2233 1256 2459 1309 ltitibus.
2495 1256 2603 1320 Ego
2636 1260 3006 1311 tantummodo
3042 1259 3304 1323 proferant

1742 1338 1857 1385 qua:
1886 1328 1936 1375 iu
1967 1340 2134 1390 nuper
2168 1325 2379 1377 laudato
2406 1324 2597 1377 Ilituali
2628 1340 2726 1377 ms.
2759 1328 2825 1377 de
2857 1330 2955 1381 hoc
2978 1328 3079 1378 ritu
3106 1330 3300 1380 haben-

1743 1401 1844 1464 tur,
1876 1394 2031 1464 unde
2073 1394 2232 1445 etiam
2274 1396 2503 1447 elucebit
2546 1394 2673 1445 nihil
2722 1396 2863 1447 aliud
2891 1410 3048 1464 quam
3086 1411 3299 1448 manum

1743 1460 1950 1532 immitti
1981 1466 2323 1514 roosuevisse
2353 1464 2401 1514 iii
2432 1478 2620 1530 aquam
2654 1460 2942 1518 ferientem
2966 1506 2980 1530 ,
3011 1480 3132 1520 cum
3159 1465 3301 1532 ejus-

1742 1531 1880 1583 tnodi
1910 1534 2329 1597 experimentum
2364 1532 2737 1600 peragebatur.

1998 1656 2016 1687 ι
2046 1638 2335 1692 Benedictio
2364 1655 2515 1706 super
2542 1640 2735 1708 αᾳιιαιιί
2749 1642 3046 1709 ferventem.

1818 1744 1837 1777 ε
1871 1726 2015 1781 Deus
2046 1729 2203 1795 judex
2233 1729 2425 1793 justus,
2468 1730 2616 1781 [ortis
2644 1740 2696 1781 et
2739 1728 2970 1794 patiens,
3002 1733 3087 1797 qui
3120 1741 3306 1784 auctor

107 1798 397 1869 gutturibus"
430 1820 613 1858 eorum
640 1844 657 1867 ,
696 1804 780 1868 qui
813 1804 912 1855 hoc
944 1802 1139 1853 furtum
1169 1801 1426 1863 iecerunt,
1461 1816 1513 1852 ut
1545 1818 1638 1854 nec
1674 1813 1717 1872 Β
1742 1798 2084 1872 pacis__es,‘et
2118 1798 2321 1864 judicas
2359 1799 2655 1872 aquitaiem
2675 1839 2689 1861 ,
2736 1800 2909 1864 judice
2940 1800 3078 1872 quod
3099 1800 3301 1872 justum

108 1876 406 1929 manducent
446 1888 542 1927 nec
586 1875 810 1939 glutiaut
850 1880 1149 1923 creaturam
1191 1881 1331 1939 tuam
1363 1886 1547 1937 panem
1586 1880 1641 1924 et

105 1959 295 1997 caseum
325 1946 505 1998 istum.
565 1937 828 1996 Abraham
850 1980 865 2003 ,
903 1939 1042 1992 Isaac
1064 1978 1083 2003 ,
1114 1948 1169 1993 et
1208 1937 1391 2004 Jacoli,
1423 1941 1517 1992 bos
1548 1954 1640 2006 pa-

108 2013 345 2064 triarchas
378 2016 563 2064 invoco
602 2026 721 2063 cum
769 2010 1043 2061 duodecim
1074 2010 1306 2065 millibus
1334 2010 1639 2078 angelorum

104 2081 614 2146 etarcbangelorum.
638 2080 830 2140 Invoco
853 2087 1077 2146 quatuor
1105 2079 1479 2143 evangelist-s.
1508 2080 1642 2131 Mur.-

104 2166 234 2211 cuitu,
264 2144 581 2211 Matthzeitni,
617 2148 845 2207 Lucam,
874 2156 927 2197 et
952 2144 1229 2199 Joannem.
1277 2147 1465 2197 Invoco
1498 2148 1643 2214 Moy-

106 2234 191 2271 sen
226 2228 274 2271 et
301 2222 496 2282 Aaron,
529 2219 619 2285 qui
649 2231 792 2269 mare
822 2214 1113 2266 diviserunt
1131 2256 1157 2285 ,γ
1173 2222 1231 2266 ιιι
1259 2214 1417 2285 ligent
1443 2217 1642 2282 linguas

105 2287 382 2354 gutturibus
426 2284 650 2339 istorum
684 2285 953 2339 hominum
974 2325 985 2342 ,
1029 2285 1113 2347 qui
1148 2284 1245 2335 hoc
1279 2284 1471 2336 furtum
1504 2285 1643 2336 lece—

104 2364 251 2417 runt,
290 2364 380 2407 aut
424 2364 832 2409 consenserunt.
874 2354 927 2405 Si
976 2354 1108 2405 hanc
1155 2365 1452 2406 creaturam
1500 2362 1640 2406 tuam

106 2439 274 2491 panem
298 2432 353 2477 et
374 2439 586 2477 caseum
616 2424 938 2492 gustaverint
960 2465 973 2484 ,
997 2424 1290 2492 tremulent
1320 2422 1457 2474 sicut
1485 2423 1644 2475 arbor

109 2490 344 2547 trunuhis
368 2532 384 2556 ,
429 2505 483 2547 et
515 2490 749 2559 requiem
798 2509 900 2543 non
930 2490 1151 2544 habeant
1181 2506 1277 2542 nec
1314 2493 1645 2555 requiescant

106 2564 151 2612 in
172 2562 402 2614 faucibus
419 2576 604 2615 eorum
633 2573 928 2613 creaturam
954 2561 1099 2625 panis
1121 2570 1173 2612 et
1200 2559 1361 2619 casei.
1388 2570 1445 2613 ut
1470 2562 1645 2613 sciunt

104 2644 271 2751 grues
298 2630 417 2697 quia
464 2640 521 2683 tu
547 2644 605 2684 es
637 2630 793 2694 Deus,
841 2644 895 2683 et
932 2644 1035 2681 non
1079 2640 1160 2682 est
1186 2629 1321 2683 alius
1352 2640 1541 2695 printer
1571 2642 1639 2684 te.

170 2714 210 2751 ι’.
234 2710 334 2751 etc.

170 2714 210 2762 r,
234 2710 334 2752 etc.

562 2808 585 2844 ι
615 2790 909 2859 Coniuratio
942 2789 1176 2843 hominis.

172 2921 189 2954 ι
212 2902 439 2969 Conjoro
472 2912 524 2956 te
549 2946 562 2965 ,
612 2903 792 2966 homo,
842 2916 932 2965 per
985 2898 1191 2951 Patrem
1212 2940 1227 2961 ,
1254 2909 1305 2951 et
1330 2898 1520 2969 Filium
1543 2938 1555 2956 .
1590 2908 1646 2953 et

102 2966 332 3037 Spiritum
358 2986 599 3025 sanctum
627 3012 643 3034 .
694 2982 746 3023 et
789 2986 878 3035 per
921 2972 1249 3022 tremendum
1275 2966 1451 3033 ju'dicii
1481 2969 1642 3029 diem,

107 3058 189 3106 per
210 3054 430 3108 quatuor
459 3042 815 3108 evangelistas
842 3080 855 3100 .
904 3055 995 3106 per
1034 3039 1311 3091 duodecim
1354 3038 1642 3102 apostolus,

107 3122 153 3161 ct
180 3128 265 3191 per
306 3111 573 3191 sexdecim
607 3110 931 3192 prophetas,
977 3118 1025 3192 et
1064 3122 1180 3192 pei;
1204 3111 1381 3192 viginti
1424 3117 1644 3192 quatuor
1673 3130 1717 3192 ο

106 3181 361 3241 seniores,
405 3180 498 3246 qui
545 3178 779 3246 quotidie
810 3180 858 3230 in
905 3178 1107 3231 laudem
1143 3178 1232 3230 Dei
1278 3179 1515 3239 adorant,
1551 3192 1641 3241 per

104 3246 239 3301 illum
268 3248 677 3314 Redeinptorem
699 3290 712 3309 ,
742 3247 828 3315 qui
863 3260 955 3313 pro
982 3247 1175 3299 nostris
1202 3249 1428 3313 peccatis
1460 3261 1642 3298 manus

104 3330 214 3368 suas
232 3329 439 3371 sanctas
479 3317 529 3369 in
558 3332 713 3370 cruce
745 3315 1066 3383 suspendere
1109 3317 1348 3383 dignatus
1372 3328 1447 3367 est
1468 3355 1480 3378 ,
1514 3332 1555 3368 si
1591 3316 1641 3367 in

105 3385 197 3437 hoc
226 3385 414 3439 l’urtuin
446 3388 635 3441 mistus
666 3401 743 3447 es,
770 3397 855 3438 aut
889 3385 1076 3446 fecisti,
1107 3395 1198 3436 aut
1230 3386 1493 3449 bajulasti,
1527 3384 1641 3434 tali-

107 3464 179 3507 ter
206 3456 290 3509 tibi
319 3458 590 3511 ordinetur
613 3457 680 3509 de
705 3470 859 3507 manu
890 3454 1131 3519 Domini,
1173 3456 1255 3504 vel
1287 3456 1351 3505 de
1381 3463 1519 3504 tanta
1548 3466 1641 3503 sua

107 3533 272 3577 sancta
297 3525 462 3593 gloria
508 3536 559 3577 et
606 3526 799 3577 virtute
818 3565 832 3585 ,
867 3533 921 3593 ut
951 3538 1137 3593 panem
1167 3530 1221 3574 et
1247 3535 1454 3574 caseum
1486 3524 1640 3573 istum

106 3607 200 3644 non
231 3592 395 3661 possis
427 3593 778 3657 manducare,
815 3592 915 3645 nisi
946 3592 1125 3643 inﬂato
1157 3607 1278 3661 ore,
1311 3604 1429 3643 cum
1459 3606 1640 3657 spuma

102 3672 151 3712 et
172 3660 355 3729 gemitu
397 3671 454 3715 et
496 3664 682 3715 dolore
730 3671 785 3714 et
830 3663 1117 3731 lacrymis;
1151 3660 1492 3726 faucibusque
1542 3674 1643 3731 tuis

104 3734 170 3782 sis
196 3731 511 3784 constrictus
540 3746 630 3798 per
657 3746 777 3784 eum
807 3734 893 3799 qui
925 3730 1174 3784 venturus
1198 3730 1532 3796 estjudicare
1574 3730 1647 3781 vi-

104 3812 187 3849 vos
210 3810 260 3851 et
287 3811 545 3865 mortuos,
575 3802 895 3855 et‘sieculum
928 3816 1017 3867 per
1042 3802 1233 3867 ignem.
1268 3818 1286 3848 ι
1518 3802 1539 3809 ‘

168 3868 216 3920 In
246 3869 631 3936 Antiphonario
656 3882 862 3935 quoque
892 3869 1250 3921 vetustissimo
1289 3867 1496 3932 capituli
1528 3882 1641 3919 me-

106 3939 389 4015 tropolitani
437 3938 882 4015 Mediolanensis,
932 3941 1278 4015 cojiissupra
1326 3940 1641 4015 mentionem

107 4006 217 4069 ieci,
244 4007 515 4070 legebatur
545 4008 841 4060 benedictio
862 4009 1009 4073 panis
1038 4006 1095 4059 et
1119 4009 1256 4059 casei
1291 4006 1354 4056 ad
1383 4006 1645 4059 inveniun-

106 4075 221 4144 dum
242 4077 326 4139 qui
353 4078 561 4127 furatus
591 4086 690 4129 est.
747 4082 840 4129 Ast
877 4092 995 4144 ego,
1036 4092 1100 4128 ne
1129 4078 1306 4128 lectori
1336 4076 1435 4127 sim
1468 4078 1640 4135 t:rdio,

110 4143 304 4194 unicum
344 4146 645 4209 exemplum
692 4146 869 4207 attuli,
920 4143 972 4197 et
1023 4148 1312 4210 praesertim
1355 4144 1491 4209 quod
1543 4160 1643 4195 non

106 4212 363 4264 dissimilis
408 4212 625 4279 hujusce
678 4213 856 4277 jndieii
899 4213 1184 4279 descriptio
1221 4222 1461 4265 occurrat
1509 4215 1642 4278 apud

109 4281 475 4342 prielaudatum
526 4282 756 4333 Harteue
803 4284 853 4333 in
900 4284 1018 4334 libr.
1066 4285 1133 4336 de
1176 4283 1403 4348 antiquis
1442 4283 1641 4334 Ecclus.

112 4350 320 4402 ltitibos.
367 4349 640 4417 Gravioris
686 4362 867 4401 contra
913 4350 1245 4403 discriminis
1276 4353 1368 4402 luit
1395 4351 1644 4417 judicium

109 4431 248 4482 aqua:
272 4419 551 4472 ferventis.
590 4414 644 4471 ln
678 4422 810 4469 hanc
832 4420 1092 4471 demissus
1116 4421 1273 4471 homo
1299 4419 1342 4470 si
1374 4414 1642 4480 urebatur,

114 4486 339 4539 intentati
369 4489 610 4545 criminis
640 4489 777 4540 nulla
819 4488 1055 4541 defensio
1093 4496 1383 4553 supererat.
1429 4489 1473 4539 ls
1502 4490 1643 4540 enim

112 4566 222 4605 reos
264 4570 291 4607 a
333 4560 471 4608 caelo
526 4558 782 4610 indicatus
843 4557 1174 4610 credebatur.
1238 4555 1473 4607 Vicissim
1525 4572 1649 4609 vero

113 4622 434 4677 innocentem
479 4626 905 4691 deprtcdicabant
946 4626 1158 4693 (neque
1191 4625 1375 4691 injuria
1402 4626 1421 4691 )
1446 4625 1555 4693 rubi
1606 4627 1649 4678 is

114 4694 227 4745 inde
261 4693 462 4745 illaesos
503 4695 827 4759 emergebat.
870 4692 1087 4747 Manum,
1131 4692 1513 4755 tantummodo,
1546 4709 1649 4746 non

114 4771 278 4815 autem
315 4776 509 4827 corpus
556 4770 753 4824 totum,
788 4765 839 4815 in
884 4764 1106 4817 lebeteio
1129 4764 1375 4816 terrentis
1407 4777 1559 4830 aqua:
1586 4779 1648 4815 ea

114 4832 381 4885 occasione
405 4832 608 4884 solitam
635 4830 795 4885 fuisse
826 4834 1071 4896 immitti,
1103 4833 1434 4897 antiquorum
1464 4847 1647 4885 tuonu-

116 4909 282 4951 ineuta
310 4911 581 4954 testantur.
625 4902 732 4951 lino
763 4900 977 4953 innuere
1005 4902 1264 4968 videntur,
1307 4903 1650 4955 servosdun-

118 4976 249 5037 taxat
273 4970 496 5037 alicujus
526 4971 693 5035 culpa:
730 4970 1013 5021 arcessitos
1041 4962 1265 5021 subiisse
1293 4970 1548 5035 ejusmodi
1570 4970 1654 5037 ju-

117 5035 321 5107 dicium.
364 5035 424 5090 lo
444 5040 716 5107 capitulari
743 5038 989 5090 Ludovici
1031 5036 1127 5097 Pii,
1158 5038 1300 5107 edito
1327 5053 1467 5089 anno
1497 5035 1649 5091 (ἶιιιοίο

118 5103 181 5175 snti
208 5104 307 5156 819
334 5110 471 5172 apud
508 5103 771 5159 Baluzitim
793 5147 808 5169 ,
844 5116 971 5159 tom.
1006 5120 1173 5171 primo
1200 5105 1488 5175 Capitular.
1523 5109 1652 5175 Reg.

122 5170 383 5235 Phineum,
440 5190 553 5239 pag.
601 5180 704 5227 598
726 5187 782 5227 et
809 5176 932 5238 669,
977 5170 1133 5241 atque
1163 5170 1299 5227 inter
1327 5174 1491 5241 Leges
1524 5170 1657 5228 Lan-

120 5242 442 5311 gobardicas,
479 5257 594 5308 cap.
626 5243 680 5306 9,
710 5244 956 5297 Ludovici
999 5244 1073 5297 l'ii
1098 5284 1113 5306 ,
1145 5258 1262 5311 pag.
1295 5244 1423 5304 ηδ,
1458 5255 1593 5309 part.
1621 5261 1655 5299 ιι

127 5312 245 5360 iouii
275 5310 293 5361 l
325 5311 447 5363 lter.
495 5312 745 5375 Italicae,
792 5315 876 5365 ubi
909 5321 973 5367 de
1006 5310 1297 5366 homicidiis
1336 5314 1471 5364 intra
1518 5314 1659 5368 aedes

129 5389 298 5429 sacras
320 5381 846 5449 perpetratisfagitur,
873 5386 985 5435 haec
1013 5384 1293 5435 habentur:
1311 5399 1329 5432 α
1349 5382 1657 5448 Siproprius

127 5456 302 5497 servus
329 5449 429 5503 hoc
453 5448 776 5501 commiserit
795 5487 810 5509 ,
849 5449 1045 5514 Iudicio
1074 5465 1225 5518 aqua:
1256 5450 1505 5505 ferventis
1533 5464 1659 5503 exa-

129 5525 366 5583 nimetur,
386 5527 571 5583 rutrum
598 5525 696 5570 hoc
720 5528 929 5583 sponte,
960 5534 1025 5570 aii
1052 5534 1110 5571 se
1139 5519 1469 5573 defendendo
1502 5519 1657 5572 fecis-

126 5588 223 5655 set.
258 5581 324 5655 Alit
353 5582 397 5634 si
424 5599 609 5639 manus
645 5581 765 5655 ejus
788 5598 970 5639 exusta
998 5587 1156 5639 fuerit
1178 5628 1192 5651 ,
1236 5588 1602 5643 interﬁciatur.
1636 5608 1653 5639 ι

128 5650 227 5702 Sed
256 5652 404 5717 longe
449 5664 601 5706 antea
654 5650 811 5708 ritum
853 5656 1104 5710 eumdem
1152 5650 1469 5711 indicaverat
1515 5657 1658 5710 Liut—

131 5720 371 5790 prandiis,
406 5719 861 5800 Langobardorum
910 5740 1020 5789 rex,
1066 5726 1179 5792 lege
1215 5725 1304 5789 21,
1334 5728 1423 5781 lib.
1461 5740 1513 5791 ν,
1542 5742 1657 5797 pag.

1745 1875 1846 1927 est,
1880 1868 2119 1927 Domine.
2149 1880 2202 1919 et
2237 1878 2437 1925 rectum
2462 1868 2714 1935 judicium
2749 1878 2911 1922 tuum.
2952 1870 3050 1934 Qui
3088 1871 3307 1937 respicis

1744 1949 1901 1997 super
1927 1944 2138 1995 terram,
2171 1948 2221 1989 et
2247 1938 2373 1989 l'acis
2399 1952 2513 1990 eum
2553 1948 2798 1991 tremere.
2858 1939 2899 1990 Τ
2905 1954 2934 1989 ιι
2970 1938 3105 1991 Deus
3129 1955 3302 1991 omm-

1746 2015 1949 2069 potens,
1977 2006 2062 2070 qui
2092 2019 2180 2069 per
2211 2006 2494 2057 adventum
2524 2004 2640 2058 Filii
2678 2019 2746 2059 tui
2782 2004 2987 2060 Domini
3026 2010 3190 2061 nostri
3217 2008 3304 2060 Je-

1744 2088 1801 2123 su
1852 2072 2043 2125 Christi
2092 2085 2340 2126 mundum
2385 2074 2618 2137 salvasti,
2670 2086 2721 2126 et
2774 2091 2865 2141 per
2914 2084 3302 2129 sanctissimum

1743 2143 1856 2207 ejus
1889 2145 2183 2208 passionem
2216 2156 2380 2209 genus
2412 2144 2698 2195 humanum
2733 2145 3001 2195 redemisti
3028 2184 3042 2205 ,
3089 2156 3142 2197 tu
3171 2147 3307 2197 hunc

1743 2225 1935 2282 aquam
1979 2212 2097 2282 igne
2142 2214 2429 2282 terventem
2468 2218 2524 2273 iit
2554 2213 2843 2265 sanctiﬁca.
2904 2215 3001 2278 Qui
3039 2224 3145 2267 tres
3176 2228 3309 2282 puc-

1746 2294 1856 2350 ros.
1888 2279 1937 2350 id
1962 2289 2041 2332 est
2067 2281 2271 2341 Sidrac,
2297 2280 2477 2347 Misac,
2508 2290 2561 2334 et
2586 2283 2871 2349 Abdeuago
2890 2325 2903 2345 ,
2932 2282 3151 2350 jubeiite
3177 2279 3305 2347 rege

1744 2347 2249 2411 NabucliodoviOsor,
2298 2352 2349 2400 iii
2397 2353 2605 2403 camino
2650 2352 2783 2417 ignis
2814 2347 3041 2405 accensa
3092 2354 3305 2406 loriiace

1744 2419 1977 2469 salvasti.
2018 2417 2121 2480 'Iu,
2171 2419 2580 2470 clementissime
2630 2420 2959 2485 Dumnator,
3005 2437 3215 2486 priests,
3251 2434 3309 2475 ut

1745 2488 1786 2536 si
1818 2488 1934 2549 quis
1980 2490 2240 2556 innocens
2286 2490 2352 2539 de
2395 2490 2493 2539 hoc
2543 2486 2700 2550 furto,
2731 2492 2809 2541 vel
2843 2500 3048 2556 stupro,
3092 2494 3143 2543 iii
3176 2496 3308 2543 hanc

1744 2569 1931 2621 aquam
1976 2555 2093 2622 igne
2139 2554 2429 2609 ferventem
2486 2572 2697 2609 manum
2752 2554 2989 2622 inriserit,
3036 2561 3171 2611 sicut
3202 2572 3310 2613 ires

1746 2638 1935 2691 pueros
1984 2626 2314 2695 supradictus
2363 2626 2428 2677 de
2456 2628 2664 2679 euminu
2695 2630 2825 2695 ignis
2855 2629 3060 2681 solvisti
3080 2669 3095 2689 ,
3126 2640 3179 2680 et
3210 2630 3311 2681 Su-

1746 2697 2056 2766 saunaurde
2086 2692 2465 2766 falsogcrimine
2493 2692 2745 2757 Iiberasd,
2772 2702 2837 2748 ita
2862 2706 2914 2748 et
2942 2699 3029 2766 qui
3060 2699 3312 2749 innocens

1743 2761 1812 2834 de
1841 2767 1938 2814 hoc
1964 2763 2104 2815 furto
2137 2762 2186 2814 in
2223 2764 2355 2834 lianc
2382 2778 2571 2829 aquam
2605 2768 2721 2834 igne
2764 2761 3053 2819 ferventem
3092 2783 3304 2820 inanuni

1745 2831 1970 2892 miserit,
2005 2835 2202 2883 salvam
2230 2845 2281 2885 et
2306 2832 2520 2885 illmsaui
2550 2831 2756 2888 educat.
2804 2837 2873 2887 ltzi
2895 2877 2907 2898 ,
2944 2836 2983 2887 D
3008 2840 3163 2889 lmine
3188 2855 3303 2888 om—

1747 2902 2022 2964 nipotens,
2091 2904 2133 2953 si
2178 2904 2294 2968 quis
2347 2914 2427 2955 est
2468 2902 2773 2968 culpabilis.
2820 2906 3142 2959 iucrassante
3192 2910 3303 2961 dia-

1747 2970 1865 3020 bolo
1907 2986 1999 3022 cor
2045 2970 2381 3035 induratum,
2438 2976 2827 3038 praesutnpsvrit
2878 2990 3089 3026 iu.muui
3155 2990 3305 3029 suaui

1749 3039 1959 3091 mittere
1980 3078 1996 3101 ,
2045 3048 2100 3092 tu
2122 3079 2135 3102 ,
2181 3041 2503 3105 iustissime,
2536 3043 2622 3107 qui
2649 3058 2707 3096 es
2741 3042 2961 3107 Veritas,
2994 3043 3074 3096 hic
3108 3043 3159 3096 in
3189 3061 3309 3096 (ξυνα

1750 3124 1876 3175 pore
1922 3123 2017 3161 suo
2066 3110 2339 3161 veritatem
2383 3114 2681 3175 tiianilesta,
2717 3126 2773 3165 ut
2809 3115 2980 3165 anima
3015 3129 3106 3180 per
3140 3116 3308 3178 paeni-

1752 3180 1971 3249 tentiam
2006 3182 2258 3232 salvetur.
2301 3181 2365 3232 Et
2392 3180 2433 3232 si
2461 3181 2735 3247 eulpabilis
2760 3194 2869 3246 o-st,
2894 3192 2945 3235 et
2976 3199 3066 3248 per
3098 3184 3308 3249 aliquod

1746 3248 2095 3313 maleﬁcium,
2146 3258 2233 3319 aut
2266 3263 2357 3315 per
2409 3251 2599 3303 herbas
2641 3261 2909 3316 peccatum
2943 3268 3094 3304 suum
3128 3264 3306 3319 tegere

1745 3320 1992 3382 voluerit,
2026 3326 2111 3371 tua
2139 3317 2358 3371 dextera
2390 3333 2648 3372 evacuare
2674 3321 2939 3386 dignetur.
2972 3321 3095 3386 Per,
3122 3317 3227 3375 etc.

2293 3448 2311 3480 r
2338 3428 2450 3480 Alia
2478 3429 2774 3482 benedictio.

1820 3540 1838 3572 ι
1870 3520 2129 3575 lienedico
2165 3526 2222 3581 »Β
2251 3532 2321 3584 te,
2351 3534 2589 3574 creatura
2631 3536 2779 3587 aqua!
2811 3520 2929 3587 igne
2952 3519 3219 3584 ferventis,
3257 3523 3306 3576 in

1746 3593 1957 3647 nomine
2008 3590 2212 3655 l’alris,
2264 3608 2327 3642 ex
2374 3606 2477 3656 quo
2519 3604 2705 3643 cuncta
2740 3595 3051 3657 procedunt,
3083 3603 3136 3646 et
3166 3592 3305 3655 Filii,

1749 3680 1839 3731 per
1887 3677 2041 3728 quem
2090 3662 2387 3731 l'actarsuni
2438 3661 2637 3723 omnia,
2686 3674 2738 3714 et
2776 3662 3004 3725 Spiritus
3031 3662 3221 3722 sancti,
3254 3668 3305 3715 in

1745 3730 1849 3801 quo
1879 3744 2119 3783 universa
2146 3730 2433 3783 seciantur.
2478 3733 2539 3782 Et
2576 3732 2761 3795 adjuro
2790 3740 2841 3783 te
2868 3745 2960 3796 per
2982 3747 3099 3783 eum
3131 3736 3216 3797 qui
3256 3742 3308 3783 to

1744 3818 1807 3855 ex
1831 3816 2057 3868 quatuor
2081 3801 2395 3853 ﬂuminibus
2418 3809 2577 3849 totam
2604 3807 2796 3851 terram
2832 3801 2999 3868 rigare
3028 3803 3306 3863 produxit;

1747 3886 1866 3923 nam
1894 3880 1947 3921 et
1970 3879 2019 3921 te
2065 3869 2115 3920 in
2147 3884 2321 3920 vinum
2348 3869 2598 3931 mutavit;
2641 3872 2797 3919 etiam
2847 3867 2897 3919 iu
2925 3878 2973 3920 te
3016 3869 3308 3935 baptizatus

1746 3949 1847 3992 est.
1893 3939 1959 3991 Ut
1990 3937 2132 3989 nulla
2160 3937 2346 3989 insidia
2375 3936 2592 3999 diaboli,
2631 3952 2798 4003 neque
2830 3938 3085 3989 maletima
3134 3944 3305 3990 homi-

1748 4009 1828 4061 nis
1859 4006 2053 4060 inimici
2079 4016 2129 4058 te
2155 4022 2183 4058 a
2212 4008 2431 4059 veritate
2457 4007 2637 4074 judicii
2671 4019 2919 4073 separare
2952 4016 3181 4073 possmt;
3212 4008 3307 4060 scd

1749 4083 1932 4145 punias
1962 4080 2191 4140 noxium,
2220 4086 2275 4129 et
2298 4076 2516 4129 illmsuiu
2552 4076 2798 4143 purilices
2824 4076 3183 4139 innocentem,
3216 4093 3309 4143 pt-r

1748 4163 1866 4199 eum
1905 4147 1986 4199 eui
2033 4148 2173 4197 nulla
2203 4146 2363 4197 latent
2390 4149 2617 4208 occulta,
2650 4158 2698 4197 ct
2734 4146 2821 4210 qui
2860 4145 3002 4195 misit
3034 4154 3085 4197 te
3109 4161 3202 4210 per
3230 4148 3310 4197 di-

1751 4217 1947 4268 luvium
1982 4228 2135 4280 super
2168 4216 2467 4266 universum
2500 4218 2704 4273 orbein,
2751 4223 2804 4263 ut
2836 4224 3139 4277 peccatores
3162 4215 3307 4266 dele-

1750 4300 1854 4341 res.
1902 4292 1957 4334 et
1997 4286 2168 4333 adhuc
2219 4294 2466 4334 venturus
2511 4291 2593 4334 est
2631 4280 2872 4350 judicare
2915 4281 3058 4334 vivus
3088 4291 3313 4337 cluiui-

1749 4364 1886 4414 tuos.
1924 4362 1977 4405 et
2005 4354 2251 4403 Saeculum
2278 4366 2372 4416 per
2402 4354 2594 4419 ignem.
2628 4370 2645 4401 ι

1820 4423 2104 4475 Narrantur
2142 4432 2196 4473 et
2242 4420 2310 4473 de
2355 4419 2453 4472 hoc
2501 4421 2700 4487 judicio
2754 4420 3003 4474 miracula
3055 4423 3308 4475 nonnulla

1700 4472 1726 4521 ἶ
1981 4472 2202 4555 patrata.
2249 4472 2419 4543 Unum
2463 4472 2567 4556 prie
2617 4472 2839 4542 caeteris,
2870 4472 3033 4542 reiert
3058 4472 3306 4541 "inutili;

1752 4577 1839 4613 rus
1864 4576 2019 4626 supra
2052 4571 2370 4612 memoratus
2402 4564 2452 4611 iii
2483 4560 2617 4612 libro
2658 4564 2723 4612 de
2770 4559 3006 4611 Divortio
3048 4559 3303 4623 Lotliari',

1750 4632 1837 4696 qui
1869 4643 1976 4681 rem
2010 4644 2216 4695 quoque
2261 4632 2359 4681 sibi
2407 4631 2615 4693 probari
2644 4629 2772 4679 satis
2802 4628 3087 4691 signiﬁcat.
3128 4626 3311 4694 Neque

1752 4700 1931 4766 dispar
1961 4698 2058 4749 l'uit
2083 4697 2339 4765 judicium
2375 4698 2497 4749 ferri
2527 4698 2819 4747 candentis.
2879 4696 2929 4766 In
2970 4707 3177 4750 vetusto
3208 4702 3312 4750 Λιι-

1752 4765 2055 4831 tiplionario
2098 4768 2310 4831 capituli
2362 4766 2749 4831 metropolitani
2780 4765 3186 4819 Mediolanensis
3216 4768 3311 4817 lu-

1755 4837 1904 4888 betur
1936 4836 2231 4889 belludiCIio
2255 4834 2319 4886 ad
2342 4833 2598 4899 judicium
2630 4834 2753 4887 lcrri
2784 4836 3019 4889 ardentis
3046 4837 3097 4887 iu
3128 4850 3303 4886 manu.

1752 4905 1962 4958 Setlicct
1988 4908 2072 4971 qui
2106 4905 2301 4955 illtesus
2342 4908 2536 4955 l'errmn
2579 4906 2812 4957 candens
2846 4904 3312 4971 iiiaiiibusretiiic-

1754 4980 1860 5036 bat,
1913 4987 1941 5023 a
1984 4968 2041 5025 se
2085 4974 2355 5025 veritatem
2393 4974 3018 5026 autiiuioceutiainstare
3048 4968 3309 5038 ejusmodi

1756 5042 1993 5111 prodigio
2023 5042 2316 5095 evincebat.
2356 5043 2455 5108 Qui
2504 5042 2840 5102 adurebatur,
2899 5050 3102 5111 certoin
3152 5044 3313 5105 vulgo

1757 5112 2020 5179 prmbebat
2047 5112 2333 5175 judicium,
2364 5127 2421 5163 se
2448 5122 2725 5163 mentitum
2747 5148 2763 5171 ,
2792 5119 2880 5162 aut
2909 5110 3135 5171 crimine
3166 5110 3313 5163 illato

1754 5180 1981 5256 gravari.
2027 5183 2100 5231 Lii
2132 5195 2247 5247 quae
2276 5180 2325 5231 in
2351 5180 2543 5233 Ritutli
2567 5192 2665 5232 tus.
2698 5179 2763 5232 de
2791 5180 3091 5245 huiusmodi
3113 5180 3314 5247 judicio

1756 5262 1953 5318 reperL

1938 5360 1957 5393 ι
1988 5340 2277 5395 Benedictio
2302 5340 2425 5405 ferri
2454 5340 2520 5391 ad
2541 5340 2795 5407 judicium
2824 5341 3135 5409 faciendum.

1833 5472 1851 5503 ι
1889 5453 1946 5503 lu
1977 5453 2151 5520 primis
2180 5451 2500 5520 benedicatur
2529 5452 2703 5520 ignis:
2743 5452 2961 5506 Domine
2999 5452 3311 5520 sanctetu-

1760 5532 1837 5575 ter
1868 5518 2201 5589 omnipotens
2225 5530 2419 5572 aeterne
2448 5518 2623 5589 Deus,
2658 5524 2707 5573 in
2734 5522 2945 5589 nomine
2968 5527 3074 5581 tuo,
3092 5527 3161 5589 Aet
3189 5518 3309 5571 Filii

1760 5594 1832 5643 tui
1864 5593 1951 5644 Dei
1979 5634 1991 5657 ,
2018 5586 2081 5644 et
2124 5589 2329 5641 Domini
2363 5592 2524 5641 nostri
2570 5588 2693 5643 Jesu
2724 5587 2918 5641 Christi
2941 5630 2958 5651 ,
3004 5596 3059 5639 et
3086 5586 3314 5653 Spiritus

1759 5673 1953 5722 saucii,
1987 5660 2346 5713 benediciuius
2374 5662 2431 5717 νζ(
2458 5668 2511 5709 et
2538 5660 2929 5710 sanetilicamus
2951 5658 3125 5723 ignem
3153 5658 3313 5709 hunc.

1762 5728 1962 5796 Adjuva
1996 5743 2113 5791 nos,
2142 5728 2230 5793 qui
2256 5728 2386 5780 vivis
2414 5737 2465 5780 et
2494 5740 2705 5795 regnas,
2738 5740 2851 5791 per,
2884 5734 2987 5779 etc.
3023 5723 3312 5791 Sequuntur
