3848 6234
498 356 603 410 967

1476 351 1561 403 AD
1600 348 1947 403 MARCUI.“
1988 350 2353 405 FORMULAS
2392 350 2742 404 APPENDIX.

3570 342 3682 395 968

495 477 729 527 decreto.
770 466 1069 526 Aventinus,
1105 463 1197 516 lih.
1226 477 1275 513 tv
1311 462 1584 515 Annalium
1619 461 1894 524 Boiorum,
1927 461 2036 513 haec
2069 464 2112 522 Α
2140 461 2307 525 licar.,
2348 476 2464 530 pag.
2501 462 2628 524 143,
2672 461 2835 515 edixit
2870 478 2887 511 ι
2920 470 2968 512 ut
3012 473 3233 513 examen
3273 473 3422 528 aqua:
3458 460 3692 530 frigidm,

498 547 611 609 ipsa
640 538 826 609 judicia
849 536 972 609 olim
1000 534 1181 609 usitata
1210 530 1478 609 describit,
1507 532 2036 609 eorumqueformatn

499 600 680 663 cereri.
703 607 832 658 'I‘nm
862 606 911 657 in
941 604 1051 655 haec
1074 602 1227 653 verba
1257 600 1480 664 erumpit
1505 614 1516 647 :
1549 615 1567 645 ι
1599 601 1767 666 Atque
1794 600 1904 651 hazc
1926 610 2036 649 tan-

500 690 608 730 tmn
650 675 811 728 abluit
855 684 909 726 ut
957 671 1112 737 impia
1156 668 1539 737 jndiﬁcarentur,
1580 676 1635 719 ιιι
1680 667 2036 720 sanctissimos

496 745 799 813 pontiﬁces,
847 736 1107 809 principes
1151 736 1654 813 Christianissimus,
1700 738 1837 813 viros
1881 747 2036 804 atque

500 804 721 868 laminas
749 804 1317 872 sacratas,?usurpasse
1347 804 1473 857 istas
1502 804 1749 873 purgandi
1775 819 2035 857 cmremo-

498 886 607 936 nias
644 882 920 935 inveniam.
946 877 1073 929 Illud
1106 884 1210 927 tum
1238 886 1350 927 erat
1374 888 1581 937 sapere,
1615 874 1767 927 tidem
1804 874 1907 927 Deo
1938 874 2033 925 ita-

498 953 619 1004 bere
639 992 652 1014 ,
683 962 891 1001 omnem
909 960 1065 1014 spem
1098 943 1147 996 in
1170 946 1290 1014 ipso
1317 943 1592 1014 collocare.
1625 944 1814 1014 Nostro
1838 943 2034 1014 saeculo

496 1012 851 1072 nihilominus.
892 1013 1092 1080 Quippe
1131 1012 1256 1065 nihil
1297 1012 1434 1064 aliud
1472 1022 1557 1066 est
1594 1027 1745 1079 quam
1775 1012 2031 1080 delirare,

496 1090 761 1154 Deumque
796 1079 1139 1154 immortalem
1176 1081 1425 1154 irritando
1450 1082 1515 1133 ad
1542 1079 1871 1154 iracundiam
1895 1094 2033 1154 pro-

494 1148 701 1210 vocare.
733 1152 877 1209 Solet
902 1152 950 1204 id
980 1152 1166 1203 factum
1188 1188 1203 1214 ,
1237 1158 1295 1201 ut
1324 1149 1495 1213 video,
1525 1148 1745 1202 diversis
1771 1148 2030 1211 aetatibus,

496 1228 579 1278 hic
606 1225 830 1292 pietatis,
858 1221 978 1292 alibi
1008 1219 1203 1292 erroris
1231 1232 1420 1292 nomen
1460 1218 1714 1292 accipere.
1754 1235 1771 1267 ι
1812 1216 1881 1292 Ita
1912 1217 2031 1279 ille;

494 1296 575 1348 cui
599 1286 770 1346 tamen
798 1290 1078 1354 repositum
1106 1286 1283 1348 velim,
1307 1287 1401 1338 i5ta
1424 1287 1630 1351 quidem
1659 1287 1873 1339 vetustis
1900 1294 2031 1339 tem-

497 1365 708 1429 poribus
748 1370 991 1429 nsurpata
1016 1357 1223 1429 passim
1268 1354 1447 1429 luisse,
1493 1356 1583 1407 sed
1630 1356 2030 1429 n_unquam_cal4

496 1424 614 1485 culo
639 1431 885 1483 ﬂuuiana:
910 1426 1156 1478 Ecclesiae
1178 1424 1421 1489 probata;
1450 1439 1615 1490 neque
1638 1424 1869 1477 defuisse
1896 1424 2033 1477 inter

497 1501 640 1566 ipsos
668 1496 991 1552 Christianos
1025 1492 1113 1566 qui
1151 1492 1426 1566 ejusmodi
1439 1494 1623 1559 judicia
1666 1504 2033 1566 aversarentur

505 1562 649 1636 atque
674 1567 1001 1636 damnarent.
1043 1564 1315 1625 Propterea
1348 1562 1573 1630 vulgaria
1602 1562 1868 1636 appellata
1886 1570 2028 1636 sunt,

503 1640 549 1689 td
568 1631 660 1691 'est
688 1650 715 1687 a
747 1635 901 1698 vulgo
926 1634 1230 1694 adiuventa,
1260 1646 1362 1683 ιιυιι
1393 1641 1564 1683 autem
1593 1640 1795 1695 recepta
1824 1632 1890 1683 ab
1916 1631 2032 1683 uni—

501 1705 680 1759 versali
716 1703 965 1755 Ecclesia.
1006 1700 1133 1753 Nam
1164 1700 1260 1752 etsi
1296 1700 1513 1751 concilia
1550 1698 1785 1761 qua-dam
1815 1698 2032 1751 Germa-

498 1777 633 1839 nica,
663 1788 724 1827 ac
766 1784 1024 1837 praecipue
1053 1768 1407 1839 Triburiense,
1444 1782 1581 1818 anno
1610 1768 1804 1839 895ab
1832 1769 2031 1839 episco-

500 1847 577 1910 pis
600 1835 703 1895 sttit
726 1835 1514 1910 celebratum,terventtshaquze
1541 1844 1593 1910 et
1621 1836 1740 1889 let'ri
1770 1835 2041 1910 candentis

497 1904 856 1980 purgationem
896 1907 948 1958 in
990 1906 1196 1980 casibus
1232 1904 1408 1980 dubiis
1438 1907 1687 1980 amplexa
1720 1905 1942 1980 luerim,
1972 1908 2041 1980 _in

496 1971 734 2033 eatnvdetn
779 1986 949 2028 tamen
988 1974 1311 2041 disciplinam
1345 1976 1558 2027 minime
1599 1974 1821 2039 reliquas
1860 1971 2044 2027 Eccle-

500 2052 605 2101 sias
653 2045 1334 2109 consensissetteperimns.
1386 2044 1747 2111 Disciplinam,
1800 2048 2040 2109 inquam;

498 2132 665 2184 neque
692 2117 833 2170 enim
874 2116 983 2166 hzec
1020 2112 1083 2166 ad
1119 2112 1303 2184 dogma
1333 2110 1611 2184 pertinent.
1657 2110 1764 2162 litttl
1791 2124 1912 2184 ante
1948 2112 2045 2163 Pa-

500 2181 605 2241 tres
639 2185 1001 2239 Triburienses
1042 2181 1347 2250 Agobardus
1380 2182 1798 2247 archiepisc0pus
1841 2182 2046 2244 Lugdu-

498 2256 698 2315 nensis,
720 2254 797 2305 vir
816 2249 1170 2314 doctissimus,
1196 2250 1380 2301 librum
1402 2250 1636 2302 ediderat
1655 2268 1670 2298 ι
1697 2258 1874 2300 contra
1899 2249 2048 2301 datno

502 2325 727 2377 nubilem
751 2322 1051 2388 opinionem
1076 2319 1360 2387 putantium
1382 2318 1541 2371 divini
1568 2319 1747 2385 judicii
1772 2320 2043 2388 veritatem

506 2397 645 2454 igne,
690 2386 982 2454 veliaqttis,
1030 2386 1107 2441 vel
1149 2389 1391 2441 conllictu
1419 2402 1681 2439 armorum
1725 2386 1982 2450 pateﬁeri.
2021 2403 2043 2436 ι

503 2462 668 2525 Quem
708 2460 891 2511 librutn
936 2458 1203 2509 Massonus
1230 2472 1289 2509 ac
1316 2455 1787 2525 deindeDaluzius
1827 2456 2050 2521 evulga-

505 2524 647 2583 runt.
682 2528 797 2597 Ipso
823 2537 994 2580 autem
1026 2535 1265 2597 testante,
1295 2526 1459 2597 t‘vani
1480 2524 1779 2597 (duntaxat)
1812 2526 2049 2597 homines

506 2592 844 2651 nominabant
889 2600 983 2648 ista
1028 2593 1279 2659 judicium
1325 2592 1437 2646 Dei.
1473 2610 1491 2643 ι
1528 2594 1718 2645 Eadem
1762 2592 1955 2659 tepetit
1996 2595 2046 2647 in

508 2668 642 2730 libro
678 2666 928 2717 adversus
971 2663 1144 2730 legem,
1181 2660 1519 2727 Gundebadi,
1560 2662 1793 2715 scribens
1830 2680 1841 2713 :
1876 2679 1897 2713 ι
1934 2662 2046 2715 Non

506 2743 715 2802 oportet
759 2742 985 2785 mentem
1029 2729 1244 2802 ﬁdelem
1274 2731 1521 2797 suspicari
1555 2732 1690 2802 quod
1719 2732 2048 2798 omnipotens

507 2798 646 2857 Deus
674 2802 877 2854 occulta
924 2801 1186 2852 hominum
1233 2798 1283 2853 itt
1332 2798 1581 2865 praesenti
1602 2801 1701 2851 vita
1744 2814 1835 2867 per
1861 2814 2047 2867 aquam

506 2874 729 2926 calidam
757 2880 844 2922 aut
871 2871 1063 2923 lerrum
1091 2867 1308 2937 revelari
1340 2870 1491 2931 velit;
1526 2881 1717 2935 quanto
1756 2870 1929 2921 minus
1958 2883 2049 2937 per

506 2940 733 2993 crudelia
761 2939 1085 2991 certamina?
1121 2955 1139 2987 ι
1186 2942 1224 2988 Α
1254 2936 1501 2989 Gratiano
1530 2952 1767 3004 quoque,
1795 2936 1965 2991 causa
1991 2938 2047 3002 2,

506 3020 697 3077 qua-st.
729 3024 775 3061 s.
805 3022 855 3060 c.
885 3005 1226 3070 Consuluisti,
1274 3005 1538 3077 Stephano
1649 3021 1797 3077 papa;
1830 3008 2048 3077 epistola

510 3074 755 3132 tribuitur
781 3078 845 3127 ad
880 3076 1208 3127 Lambertum
1237 3074 1534 3140 episcopum
1578 3075 1963 3141 Moguntinum,
1997 3076 2047 3128 in

508 3163 613 3215 quo
656 3148 766 3198 btcc
811 3145 1024 3215 vetba:
1075 3160 1091 3215 ι
1138 3141 1265 3194 Nam
1314 3143 1746 3215 lerrrtcandentis
1788 3143 1867 3195 vel
1904 3158 2051 3211 aqua:

510 3211 763 3269 ti-rventis
812 3213 1195 3267 examinatione
1244 3211 1624 3263 coulessionent
1673 3221 1969 3279 extorqueri
2022 3227 2050 3263 a

510 3287 760 3352 quolibet,
792 3284 923 3335 sacri
954 3297 1053 3333 non
1080 3288 1294 3333 censent
1319 3294 1577 3352 canones;
1605 3292 1655 3333 et
1682 3283 1817 3349 quod
1847 3291 2053 3352 sancto-

511 3348 624 3407 rum
658 3354 864 3405 l’atzum
896 3354 1206 3404 documento
1233 3348 1487 3402 sancitum
1516 3366 1619 3402 non
1648 3348 1761 3414 est,
1800 3351 2052 3418 supersti-

509 3425 643 3474 tiosa
684 3422 1048 3474 adiuventione
1077 3434 1177 3471 nun
1213 3429 1293 3471 est
1332 3421 1771 3485 prtesumeudutn.
1808 3440 1828 3471 ο
1864 3421 1936 3472 Ita
1968 3422 2051 3473 alii

515 3492 733 3543 Romani
762 3490 1055 3556 pumilices,
1086 3502 1307 3555 quorum
1343 3491 1630 3542 sententias
1671 3488 1831 3541 habes
1869 3490 1918 3540 itt
1952 3489 2051 3541 De-

510 3561 694 3613 cretal.
736 3558 970 3622 Gregorii
1004 3555 1072 3607 IX
1116 3571 1279 3625 papzr,
1316 3557 1405 3610 lib.
1437 3572 1488 3620 v,
1518 3558 1605 3609 tit.
1643 3556 1709 3610 de
1744 3557 2055 3625 Purgatione

514 3629 733 3693 vulgari.
778 3628 863 3677 lvu
905 3624 1265 3686 Carnutensis,
1302 3633 1461 3692 atque
1496 3625 1605 3687 alii,
1647 3626 1697 3677 in
1738 3624 1922 3691 pravas
1962 3626 2055 3676 ltu-

509 3698 736 3764 jusmudi
767 3694 1171 3747 consuetudines
1211 3694 1569 3764 insurrexere,
1611 3708 1803 3761 easque
1838 3696 2055 3761 abroga-

514 3760 657 3818 runt.
695 3766 869 3831 Longe
898 3776 1019 3817 vero
1047 3772 1199 3815 antea
1228 3760 1385 3815 desiit
1411 3778 1627 3818 examen
1670 3760 1859 3817 crucis.
1894 3760 2055 3816 lntér-

514 3837 709 3886 tltctum
738 3848 927 3900 quippe
958 3835 1051 3883 luit
1080 3850 1106 3883 a
1137 3832 1397 3885 Ludovico
1426 3832 1540 3899 Pio,
1570 3848 1682 3887 sive
1711 3834 1776 3885 ab
1804 3834 1919 3900 ejus
1950 3834 2055 3885 tilio

515 3902 836 3971 Lothariol,
868 3911 933 3971 ut
962 3901 1176 3971 habetur
1208 3901 1257 3971 in
1293 3901 1428 3969 Lege
1455 3900 1522 3954 90
1552 3902 1878 3971 Langobard.
1915 3902 2056 3969 ejus-

516 3974 635 4027 dem
669 3969 897 4023 Lotltarii
918 4006 933 4029 ,
964 3968 1105 4021 hisce
1132 3968 1300 4019 verbis
1332 3986 1343 4019 :
1378 3968 1402 4021 ι
1436 3968 1691 4023 Statutuni
1723 3981 1804 4023 est
1843 3980 1899 4022 ut
1936 3968 2055 4022 nul-

517 4043 598 4093 lus
626 4039 873 4105 deinceps
900 4038 1185 4105 quamlibet
1223 4039 1658 4092 examinatiouem
1686 4041 1857 4092 crucis
1889 4040 2057 4092 facere

520 4117 829 4174 praesumat,
882 4121 947 4159 ne
989 4106 1181 4158 Christi
1229 4106 1420 4173 passio,
1467 4123 1583 4175 qua:
1622 4108 1907 4176 gloriﬁcata
1955 4118 2055 4171 est,

517 4178 796 4244 cujuslibet
829 4179 1119 4244 temeritate
1156 4178 1473 4243 contemptui
1518 4178 1788 4230 habeatur.
1829 4196 1845 4227 ι
1893 4178 2060 4231 ﬂete-

525 4243 689 4298 tentia
718 4260 841 4311 ergo
864 4243 1143 4297 Domintcat
1173 4245 1425 4310 passionis
1451 4244 1600 4300 facile
1628 4247 1816 4313 populo
1848 4262 2060 4314 persua-

521 4316 592 4368 sit
616 4322 671 4365 ot
709 4314 775 4365 ab
804 4314 1100 4378 bujusmodi
1127 4316 1485 4379 experimento
1522 4319 1862 4378 abstinerent.
1903 4316 2059 4368 Joan-

524 4398 617 4437 nes
664 4382 979 4443 Ferrandus,
1030 4380 1081 4432 in
1129 4381 1484 4448 Disquisttion.
1532 4387 1823 4452 reliquum,
1865 4386 1955 4437 lib.
2000 4398 2055 4448 ll,

2138 532 2275 597 quod
2309 532 2558 584 hactenus
2587 532 2846 584 faciebant
2866 571 2879 593 ,
2910 545 2936 580 a
2968 530 3145 582 missis
3182 533 3372 581 nostris
3402 532 3695 583 interdica-

2137 608 2238 661 tur,
2272 614 2336 652 ne
2366 601 2579 653 ulterius
2608 599 2717 652 ﬂat.
2751 617 2769 649 ι
2803 598 2991 650 Verum
3020 599 3067 650 id
3096 597 3315 665 perinde
3344 601 3464 651 mihi
3495 612 3603 663 est,
3630 616 3696 651 ac

2135 667 2261 719 nihil
2290 670 2645 732 interdixisse,
2666 668 2874 733 quando
2903 667 2935 720 ii
2966 668 3061 735 ipsi
3092 670 3432 735 imperatores
3458 669 3691 721 liberum

2132 736 2251 790 alibi
2278 738 2524 791 dimisere
2548 752 2761 790 cursum
2790 737 2936 795 aliis.
2970 734 3026 788 ut
3056 735 3297 797 aiebant.
3327 734 3533 804 judiciis
3562 737 3691 800 Dei,

2133 806 2233 858 hoc
2273 814 2372 869 est,
2406 821 2554 875 aqua:
2599 804 2867 867 ferventis,
2911 805 3031 858 l'erri
3072 805 3366 875 candentis,
3398 814 3452 857 et
3492 822 3692 857 unum.

2133 875 2370 927 machiaa.
2411 874 2659 939 {suspicor
2695 889 2791 940 ego
2828 874 2997 942 potius
3037 888 3184 941 aquae
3230 874 3430 940 frigide
3471 874 3693 942 experi-
3766 918 3769 923 λ

2132 953 2364 995 mentum
2404 944 2470 995 ab
2510 943 2572 996 iis
2611 941 2962 1005 interdictum,
3010 957 3112 996 non
3151 943 3287 1009 quod
3336 946 3555 995 tentatio
3595 941 3693 993 Dei

2133 1025 2312 1079 revera
2339 1014 2641 1065 crederetur
2669 1014 2733 1063 ab
2774 1014 2919 1079 ipsis,
2964 1012 3054 1065 sed
3084 1013 3221 1079 quod
3268 1013 3331 1064 ad
3382 1013 3691 1064 illuclendos

2134 1077 2371 1133 bOmines
2401 1083 2748 1151 excogitatum
2778 1077 3062 1151 videretur,
3089 1077 3206 1134 cum
3228 1096 3333 1151 per
3373 1082 3495 1134 illud
3532 1081 3694 1133 inno-

2129 1160 2311 1218 centes
2339 1150 2839 1218 reptttareutur,_qui
2885 1150 2933 1202 in
2974 1164 3161 1218 aquam
3208 1150 3422 1203 demissi
3475 1164 3693 1216 merge«

2130 1216 2354 1287 bantur;
2400 1216 2506 1284 quo
2547 1218 2671 1287 quid
2716 1216 2954 1270 facilius?
3000 1216 3257 1271 Cteterum
3288 1233 3354 1271 ne
3402 1227 3523 1271 tunc
3564 1219 3692 1283 qui-

2130 1286 2271 1355 dem,
2304 1304 2473 1355 neque
2516 1286 2715 1353 postea,
2756 1288 3059 1354 abrogatum
3091 1302 3208 1350 puta
3239 1288 3488 1355 judicium
3521 1289 3691 1339 istud.

2134 1354 2257 1421 Ejus
2299 1354 2535 1422 exempla
2586 1357 2717 1409 bene
2764 1355 2923 1407 multa
2968 1360 3215 1409 saeculum
3244 1354 3411 1409 etiam
3454 1359 3692 1423 vulgaris

2130 1426 2348 1490 epocbaz
2392 1425 2726 1478 undecimum
2771 1424 3089 1492 suppeditat,
3121 1438 3237 1492 qua:
3277 1438 3306 1475 a
3350 1427 3693 1492 congerendo

2131 1439 2348 1490 epocnaa
2392 1439 2726 1478 undecimum
2771 1439 3089 1492 suppeditat,
3121 1439 3237 1546 aut!)
3277 1439 3306 1475 a
3350 1439 3693 1492 congerenoo

2131 1508 2269 1548 nunc
2298 1495 2557 1555 abstineo.
2591 1508 2656 1547 ne
2679 1494 2759 1545 cui
2790 1494 2889 1545 sim
2920 1493 3092 1547 taedio.
3171 1493 3363 1545 eticere
3390 1501 3562 1546 tamen
3595 1509 3694 1545 ne-

2132 1577 2266 1631 queo
2308 1563 2445 1630 quod
2496 1564 2653 1615 habet
2702 1560 2966 1628 Ughcllius
3014 1563 3064 1615 in
3111 1562 3347 1627 catalogo
3379 1560 3693 1631 Barensiuin

2134 1630 2688 1698 archiepiscoporum,
2732 1632 2831 1683 hoc
2864 1640 2946 1685 est
2985 1640 3133 1699 pacta
3179 1633 3302 1683 inita
3345 1631 3480 1683 inter
3520 1630 3698 1697 Roge-

2138 1702 2271 1753 rintn
2298 1702 2335 1764 I,
2357 1700 2549 1755 Sicilire
2572 1714 2770 1767 regem,
2796 1710 2850 1753 et
2873 1700 3013 1753 cives
3036 1700 3287 1753 Barenses
3319 1717 3337 1749 ι
3368 1713 3507 1750 anno
3530 1700 3695 1760 luti,

2075 1789 2117 1847 Β
2144 1770 2425 1847 indictione
2452 1770 2536 1847 10.
2560 1789 2589 1847 ,ξ
2626 1769 2976 1847 Itascriptum
3006 1770 3081 1847 ab
3101 1768 3485 1847 Dghellioased‘
3508 1785 3694 1847 parum

2145 1841 2417 1907 castigate.
2458 1839 2802 1893 Scribendum
2829 1835 3021 1907 quippe
3057 1836 3154 1907 fuit
3190 1854 3323 1907 anno
3354 1835 3509 1897 H52,
3540 1838 3693 1907 indi—

2144 1904 2305 1958 ctioné
2360 1908 2443 1961 10.
2502 1908 2608 1960 Illic
2659 1907 2797 1963 enim
2849 1905 3043 1960 diserte
3100 1904 3352 1972 ltogerius
3398 1905 3697 1971 appellatur

2150 1993 2167 2025 ι
2206 1976 2397 2030 Sicilia:
2444 1986 2497 2029 et
2540 1975 2695 2028 Italia:
2743 1976 2865 2043 (hoc
2908 1984 3023 2038 est,
3076 1976 3298 2042 Apuliae)
3345 1989 3437 2027 rex
3486 1976 3695 2041 magni-

2146 2045 2293 2113 ilcns,
2328 2065 2344 2095 ι
2375 2061 2530 2113 quem
2557 2046 2763 2113 titulum
2785 2044 2993 2097 circiter
3023 2059 3082 2097 ea
3116 2057 3347 2109 tempora
3373 2043 3417 2096 is
3444 2045 3695 2113 arripuit.

2145 2112 2211 2165 Et
2236 2130 2372 2166 anno
2396 2112 2608 2181 quidem
2638 2112 2770 2166 “52
2801 2113 3074 2181 Bogerius.
3108 2122 3237 2165 teste
3262 2128 3525 2181 anonymo
3549 2112 3588 2165 C
3609 2118 3697 2165 isi-

2146 2184 2317 2247 nensi,
2343 2188 2536 2250 potitus
2563 2192 2644 2236 est
2672 2183 2885 2235 Barensi
2915 2182 3145 2235 civitate.
3175 2182 3281 2233 luto
3308 2181 3493 2234 eodem
3528 2197 3692 2244 anno,

2146 2262 2201 2303 ut
2240 2262 2422 2304 auctor
2461 2261 2543 2305 est
2590 2250 2745 2303 Falco
2787 2252 3203 2313 Beneventanus,
3250 2252 3496 2317 populum
3544 2251 3695 2303 illurn

2147 2321 2473 2372 vacillantem
2507 2320 2556 2371 in
2585 2319 2685 2373 lide
2714 2320 2929 2385 recepit,
2961 2319 3245 2385 nolensque
3273 2333 3391 2371 eum
3419 2335 3437 2368 ι
3469 2333 3694 2371 exacer-

2148 2389 2293 2451 bare,
2325 2388 2632 2456 qutbusdam
2660 2400 2840 2441 eurum
2885 2388 3240 2456 petitionibus,
3281 2386 3699 2456 prudentiicou-

2146 2457 2265 2510 Silio
2311 2455 2453 2523 usus,
2503 2458 2789 2510 consensit.
2824 2474 2843 2507 ι
2888 2455 3152 2523 Leguutur
3191 2464 3363 2509 autem
3411 2457 3464 2507 in
3507 2455 3699 2508 charta

2150 2526 2454 2595 Ughelliuna
2482 2528 2593 2580 haec
2628 2526 2780 2578 verba
2813 2546 2826 2578 ;
2862 2544 2879 2575 ι
2916 2526 3063 2591 Quod
3093 2527 3134 2577 si
3165 2524 3409 2578 dominus
3434 2539 3526 2577 rex
3556 2524 3695 2576 Tan-

2146 2598 2307 2649 credo
2339 2596 2445 2647 lilio
2471 2611 2587 2659 suo,
2619 2597 2700 2647 vel
2740 2595 2823 2647 alii
2856 2595 3078 2647 filiorum
3116 2595 3251 2662 ejus,
3289 2597 3555 2649 civitatem
3595 2596 3695 2647 Ba-

2150 2680 2268 2718 rum
2305 2665 2543 2726 dederit,
2583 2672 2689 2717 etc.
2734 2682 2751 2712 ι
2797 2666 2967 2730 Atque
3004 2664 3125 2716 hinc
3162 2663 3520 2716 emendandus
3559 2663 3695 2716 Roc-

2148 2734 2278 2786 cbus
2317 2732 2514 2795 Pirrus,
2556 2734 2929 2785 celeberrimus
2966 2731 3159 2800 alioqui
3196 2734 3420 2799 scriptor
3458 2732 3694 2797 Siculus,

2148 2805 2235 2869 qui
2272 2806 2321 2856 in
2352 2801 2698 2870 Chronologia
2738 2816 2913 2870 regum
2954 2800 3164 2864 Siciliae,
3204 2815 3519 2853 enumerans
3558 2800 3698 2853 ﬁlios

2150 2872 2357 2939 Bogerii
2392 2872 2409 2924 l
2439 2872 2599 2939 regis,
2630 2886 2729 2939 non
2760 2874 2927 2923 solum
2968 2886 3069 2923 non
3108 2871 3353 2939 agnovit,
3378 2870 3469 2922 sed
3512 2870 3699 2937 rejecit

2148 2938 2801 3005 Taricredum,7inquiens:
2840 2957 2857 2989 ι
2892 2941 3100 2991 Addunt
3128 2938 3361 2993 nonnulli
3391 2938 3527 2991 male
3552 2940 3698 2990 Tan-

2149 3011 2363 3063 credum
2415 3009 2529 3059 Bari
2581 3009 2888 3073 principem.
2924 3025 2942 3057 ι
2995 3008 3149 3074 Atqui
3189 3010 3244 3059 in
3295 3020 3695 3074 praememorata

2152 3080 2329 3131 charta
2360 3077 2701 3129 disertissime
2731 3086 3170 3131 Commemoratur
3202 3092 3219 3125 ι
3258 3074 3556 3130 Taucredus
3585 3077 3695 3129 llo-

2153 3149 2279 3217 geiii
2311 3147 2463 3199 ﬁlius.
2501 3165 2519 3195 ι
2558 3146 2780 3217 Accedat
2806 3156 2857 3198 et
2884 3145 3180 3217 Alexander
3206 3144 3695 3217 abbasfl‘elesinuy

2152 3213 2240 3283 (pii
2269 3229 2384 3282 cap.
2417 3226 2679 3283 postremo
2718 3214 2897 3268 libi‘Ol’.
2925 3215 2990 3269 de
3017 3214 3163 3267 Gest.
3205 3213 3411 3279 R-igerii
3432 3254 3445 3275 .
3477 3223 3622 3270 toruo
3658 3217 3692 3268 V

2154 3282 2275 3338 lter.
2308 3284 2553 3347 Italicam,
2582 3285 2646 3335 de
2672 3282 2783 3348 ipso
2816 3298 2935 3351 rege
2963 3286 3171 3351 circiter
3198 3298 3388 3335 annum
3420 3285 3555 3337 1155
3585 3289 3697 3337 haec

2152 3355 2417 3407 adnotavit
2446 3372 2455 3404 :
2497 3371 2514 3403 ι
2554 3354 2689 3405 Duos
2722 3352 2912 3404 liberos
2938 3367 3059 3404 suos
3088 3350 3153 3403 ad
3198 3350 3436 3404 militiam
3485 3367 3699 3418 promo—

2154 3428 2247 3491 vit,
2281 3423 2554 3490 ltogerium
2586 3421 2782 3474 scilicet
2806 3420 3019 3484 ducem,
3063 3431 3116 3473 et
3148 3419 3699 3491 Taucredumgllaieu-

2154 3488 2262 3546 sent
2311 3488 2614 3559 principem.
2670 3509 2687 3541 ι
2734 3493 2809 3544 Ac
2857 3491 3072 3557 proinde
3110 3499 3231 3543 dum
3281 3488 3427 3559 apud
3469 3488 3698 3559 l’trrum,

2155 3571 2261 3613 tum
2295 3558 2344 3613 in
2374 3558 2557 3613 arbore
2583 3560 2912 3627 genealogica
2951 3560 3227 3626 praaposita
3254 3572 3282 3610 a
3312 3558 3491 3627 Surita
3524 3558 3701 3625 Histri-

2156 3630 2247 3682 τίω
2275 3629 2520 3681 Gaufredi
2549 3626 2835 3681 M’alaterra:
2857 3669 2869 3689 ,
2913 3630 2963 3680 in
2992 3628 3177 3681 eodem
3204 3640 3345 3680 torno
3378 3626 3411 3677 V
3444 3628 3568 3681 iter.
3602 3632 3699 3681 ltu-

2157 3700 2303 3750 licar.
2335 3699 2603 3751 addendus
2633 3706 2711 3749 est
2740 3695 3040 3749 Taucredus
3069 3696 3199 3758 iste,
3230 3693 3377 3763 cujus
3405 3698 3565 3749 etiam
3598 3712 3698 3750 non

2154 3767 2319 3821 semel
2361 3769 2675 3821 mentionem
2720 3764 2842 3817 fecit
2884 3765 3206 3819 Rutnualdns
3243 3766 3605 3831 Salernitauus
3650 3769 3699 3817 in

2154 3836 2436 3900 Chronico,
2466 3844 2607 3889 tonio
2636 3834 2720 3887 VII
2752 3834 2872 3887 iter.
2907 3833 3231 3895 Italicarum,
3262 3830 3323 3885 ac
3350 3836 3613 3900 praecipue
3639 3845 3699 3885 ad

2156 3921 2347 3957 annum
2382 3905 2531 3958 H30.
2571 3905 2750 3957 Mirum
2777 3914 2943 3966 certe,
2970 3904 3057 3970 qui
3097 3904 3179 3954 hic
3205 3902 3539 3967 cespitaverit
3569 3903 3703 3954 Boc-

2157 3977 2287 4025 chus
2316 3974 2514 4034 Pirrus,
2543 3976 2629 4039 qui
2668 3974 2823 4025 etiam
2856 3972 3069 4035 fallitur,
3098 3985 3219 4039 cum
3252 3971 3601 4036 Amphusium
3629 3974 3702 4023 al-

2159 4050 2325 4093 terum
2357 4038 2742 4107 Hogerit’lihuin
2772 4054 3068 4105 recensens,
3095 4038 3266 4093 subdit
3291 4057 3301 4089 :
3337 4055 3357 4088 ‹
3392 4054 3547 4108 quem
3576 4042 3704 4093 [also

2159 4111 2482 4177 Alphonsutn
2526 4112 2752 4177 appellat
2794 4111 2986 4162 Surita.
3038 4126 3055 4159 ι
3102 4110 3208 4162 ltuo
3248 4108 3377 4161 nihil
3421 4108 3569 4161 aliud
3608 4110 3703 4163 l'tttt

2158 4184 2343 4242 Anius,
2389 4179 2607 4243 Anfons,
2652 4188 2705 4230 et
2750 4180 2997 4231 Aulusius
3040 4182 3173 4245 apud
3220 4178 3499 4245 ﬂiSpanos,
3549 4193 3701 4243 quint

2160 4249 2477 4314 Alphonsus.
2524 4248 2651 4300 item
2682 4255 3003 4315 exploratam
3031 4249 3157 4301 nihil
3186 4262 3317 4315 Opus
3340 4258 3423 4299 est
3452 4251 3704 4313 exemplis

2159 4321 2490 4371 conlirmare.
2526 4317 2700 4369 lledeo
2723 4321 2786 4370 ad
2815 4326 2960 4385 pacta
2987 4316 3313 4378 Barensiutn,
3339 4317 3423 4367 ubi
3452 4316 3705 4383 Hogeritts

2165 4390 2276 4439 haec
2306 4388 2564 4464 pollicitus
2587 4386 2774 4464 dicitur
2799 4403 2857 4464 at
2893 4388 3105 4464 Ferrum
3135 4399 3435 4464 caecavum,
3459 4400 3701 4464 pugnam.

521 4468 639 4540 cap.
666 4454 720 4515 5,
746 4452 987 4518 Opinatur
1020 4452 1339 4540 praelaudata
1364 4452 1475 4517 lege
1505 4454 1829 4540 interdictam
1853 4468 2060 4531 quoque
2091 4458 2142 4517 ι)
2167 4452 2351 4540 aquam
2408 4458 2554 4540 vobis
2607 4472 2708 4508 non
2745 4456 3030 4540 judicahit,
3088 4455 3168 4507 vel
3207 4452 3425 4540 iudicatu
3464 4452 3660 4535 'laciet.
3685 4474 3700 4504 ι

523 4522 686 4573 fuisse
723 4534 905 4573 eorum
948 4520 1196 4572 audacem
1241 4518 1482 4583 pietatem
1530 4525 1612 4587 qui
1663 4518 2065 4588 lignum'crucis

524 4600 719 4641 sancta:
750 4589 849 4640 sibi
880 4588 1133 4652 oblatum,
1156 4589 1475 4655 exploraturi
1499 4606 1563 4641 an
1592 4604 1791 4653 verum,
1816 4592 2066 4644 ialsnmve

530 4657 686 4717 foret,
716 4656 843 4709 illud
871 4658 920 4727 in
948 4657 1116 4722 ignem
1145 4657 1512 4724 conjiciebant,
1539 4668 1833 4711 veneratori
1864 4671 2063 4727 postea,

529 4728 572 4775 si
622 4728 842 4777 illaesum
893 4725 1013 4776 inde
1058 4727 1439 4780 extraheretur.
1489 4727 1677 4782 Verum
1728 4729 1775 4779 id
1819 4725 2069 4783 a'tuente

535 4792 782 4861 principis
804 4794 1028 4845 alienum
1052 4793 1215 4861 tuisse
1247 4809 1399 4860 puto;
1431 4797 1567 4849 aliud
1598 4798 1735 4849 enim
1765 4810 1844 4849 est
1873 4800 2067 4852 exami-

536 4864 676 4933 natio
702 4860 892 4933 erucis,
923 4860 1062 4913 aliud
1091 4865 1403 4933 examinatio
1432 4866 1553 4933 ligni
1581 4866 1772 4919 crucis.

607 4931 1068 5003 biustulituquoque
1108 4928 1404 5003 _l_.udovicus
1454 4928 1573 4987 Ftus
1618 4938 1880 5003 Augustus
1922 4950 2068 5002 aqua:

531 4995 730 5063 frigida
748 4995 999 5064 judicium
1027 4999 1075 5051 iu
1099 4998 1503 5065 Capitularibus.
1536 5006 1597 5056 Et
1627 4995 1902 5057 Lofharius
1934 4995 2069 5058 illius

531 5066 666 5119 titius
696 5068 746 5119 tu
776 5066 885 5129 lege
912 5068 1237 5136 Langobard.
1270 5067 1359 5133 55,
1392 5080 1526 5137 part.
1556 5087 1592 5125 ιι
1623 5075 1745 5128 tomi
1772 5074 1790 5128 Ι
1814 5074 1933 5128 iter.
1970 5076 2068 5128 Ita-

2168 4525 2347 4579 b‘ciibe
2378 4544 2389 4576 :
2436 4524 2975 4595 Ferram,cacavum,_
3009 4524 3105 4574 hoc
3132 4535 3241 4590 est,
3271 4524 3517 4578 cacabuin
3541 4563 3559 4588 ,
3599 4529 3708 4578 sive

2168 4597 2471 4655 ealdariam.
2522 4605 2626 4648 etc.
2664 4592 2738 4645 ‘ld
2777 4604 2858 4646 est
2899 4610 2910 4643 :
2951 4592 3204 4647 Barenses
3244 4611 3505 4662 nunquam
3565 4612 3706 4649 cotu-

2172 4666 2329 4732 pellet
2357 4667 2419 4716 ad
2449 4663 2775 4717 subeundum
2802 4664 3053 4729 judicium
3083 4665 3201 4715 lerri
3232 4667 3535 4727 candentis,
3562 4679 3708 4731 aqua:

2171 4736 2440 4794 terventis,
2468 4733 2847 4801 monomachia:
2866 4771 2881 4796 ,
2912 4742 2963 4785 et
2986 4745 3132 4799 aqum
3162 4733 3383 4801 lrigidm.
3414 4732 3491 4785 Ex
3522 4734 3602 4784 his
3634 4738 3708 4784 iu-

2175 4803 2391 4867 telltgis,
2423 4815 2558 4869 anno
2588 4798 2723 4854 “32
2759 4803 2987 4855 nondum
3015 4798 3268 4854 sublatam
3300 4802 3457 4854 fuisse
3498 4815 3709 4869 prorsus

2172 4868 2428 4935 ejusmodi
2460 4868 2773 4937 judiciorutn
2802 4871 3261 4933 consuetudinem,
3291 4868 3707 4938 quandoqmdeut

2174 4940 2417 4993 Barensis
2456 4941 2671 5007 populus
2707 4954 2766 4995 se
2802 4941 2867 4992 ab
2905 4939 2969 4993 iis
3009 4941 3290 4991 immunem
3327 4938 3487 5007 copit.
3524 4940 3708 4993 \‘erunt

2175 5021 2269 5079 par
2290 5018 2370 5061 est
2391 5014 2605 5063 credere
2628 5024 2728 5062 non
2750 5010 2943 5062 diutius
2973 5008 3058 5079 illa
3086 5007 3314 5070 stetisse,
3340 5009 3541 5061 illorum
3573 5012 3708 5062 enim

2174 5076 2411 5145 exempla
2449 5080 2640 5132 saeculo
2670 5076 3006 5145 subsequenti
3046 5091 3369 5145 nequaquam
3408 5091 3709 5133 etcurtttut.
