3848 6234
539 417 633 466 Si?!

1815 406 2042 459 sxa'crt
2084 406 2403 462 cumam
3637 407 3735 459 97;

540 529 724 590 Larini,
771 527 890 591 quid
942 511 1162 600 .‘Egyptii
1223 524 1286 575 de
1339 523 1433 574 huc
1464 531 1697 588 tempore
1721 510 1988 573 servarent
2017 531 2070 574 et
2100 526 2146 580 Α
2174 529 2280 574 tera
2309 529 2482 573 autem
2510 518 2622 582 die,
2660 518 2755 571 hoc
2781 526 2858 571 est
2893 518 3142 582 sabbato,
3177 521 3298 573 luna
3333 535 3395 571 xv
3417 559 3430 583 ,
3461 523 3760 596 ῥοτινυιιυο.

536 623 820 666 sentirent:
853 613 986 681 quod
1018 613 1068 664 in
1091 611 1424 679 sequentibus
1449 607 1839 664 demonstrabo.
1866 609 1993 662 Item
2019 608 2071 660 in

539 705 742 756 Exodo:
774 704 969 767 Septem
998 702 1166 754 diebus
1186 701 1450 752 comedetis
1475 717 1651 769 azyma
1677 715 1836 767 usque
1857 701 1924 751 ad
1941 701 2071 752 diem

534 796 814 862 :‘igesimam
857 795 1070 861 primum
1093 791 1283 863 (Exod.
1319 809 1408 858 XII,
1445 793 1560 860 18).
1599 793 1740 845 Elin
1772 793 2074 846 tractatibus

535 885 808 949 dJigcnter
837 883 1134 947 investigavi
1173 883 1294 948 quid
1334 884 1586 936 sentirent
1612 883 1677 935 de
1707 898 1791 936 xxi
1821 881 2072 935 eruditis-

533 972 648 1024 simi
695 973 809 1024 viri.
861 971 1005 1036 Quod
1053 971 1396 1040 Hieronymus
1429 973 1773 1040 pulcherrime
1803 971 2071 1039 explanat,

533 1063 780 1116 dicendo:
817 1081 834 1112 ι
873 1061 1068 1116 Pascha
1097 1063 1331 1116 immolat
1361 1064 1596 1130 populus,
1654 1075 1708 1116 et
1748 1064 1875 1116 alias
1931 1063 2069 1116 celeo

534 1156 648 1206 brat
696 1151 1017 1205 testivitates.
1050 1152 1231 1205 Omnis
1277 1154 1388 1220 ejus
1426 1153 1724 1206 solemnitas
1771 1153 1857 1206 die
1898 1151 2075 1204 linitur

479 1307 491 1316 _
529 1252 741 1296 octavo:
773 1245 936 1311 prima
965 1243 1075 1294 dies
1104 1242 1153 1293 in
1183 1241 1380 1306 azymis
1405 1257 1510 1303 xlv.
1537 1241 1647 1294 dies
1686 1252 1868 1294 octava
1898 1256 2006 1293 xxt.
2043 1258 2060 1288 ι

533 1333 656 1382 Item
683 1333 730 1382 in
764 1331 896 1384 libro
927 1333 1308 1394 Quaestionum:
1348 1349 1365 1380 ι
1397 1331 1438 1382 Λ
1471 1346 1551 1383 xiv
1576 1332 1716 1394 luna,
1762 1346 1876 1398 qua:
1921 1331 2072 1390 nobis

525 1420 812 1474 ieicundum
847 1422 1016 1488 legem
1052 1422 1213 1486 prima
1244 1429 1342 1485 est,
1360 1421 1611 1473 rationem
1645 1420 1856 1473 Pascha:
1887 1420 2067 1472 obser-

531 1529 727 1577 vemus.
777 1513 960 1564 Omnia
1004 1513 1142 1562 enim
1175 1512 1325 1577 plena
1354 1510 1488 1564 Deus
1509 1508 1756 1564 instituit:
1789 1508 1904 1562 ideo
1931 1522 1959 1559 a
1986 1522 2070 1559 xiv

529 1603 646 1653 luna
693 1616 855 1668 usque
892 1602 942 1653 in
972 1616 1059 1654 xxi
1091 1601 1171 1653 bis
1209 1615 1279 1653 vu
1317 1599 1498 1654 diebus
1531 1599 1726 1653 Pascha
1749 1599 1896 1652 nobis
1936 1597 2074 1652 cele-

527 1693 679 1744 brare
705 1706 1008 1744 concessum
1049 1700 1149 1753 est,
1185 1701 1238 1742 ut
1282 1690 1347 1744 de
1378 1689 1456 1741 his
1485 1704 1552 1741 vn
1577 1688 1760 1755 aliquis
1789 1687 1901 1741 dies
1920 1700 1948 1737 a
1976 1684 2073 1738 Pa-

527 1796 737 1833 tasceve
783 1796 944 1848 usque
971 1780 1035 1833 ad
1063 1767 1497 1834 resurrectionem
1551 1777 1959 1832 concludantur:
2013 1783 2067 1828 ut

2182 619 2301 664 runt
2339 610 2600 678 principes
2639 618 2690 662 ct
2733 612 3034 664 munierunt
3070 609 3386 678 sepulcrum.
3419 610 3527 664 Una
3553 623 3730 663 autem

2175 699 2398 762 sabbati,
2437 700 2556 751 luna
2586 713 2690 762 xvt,
2719 699 2906 754 solutis
2932 699 3212 767 gemitibus
3250 698 3460 761 interni,
3499 701 3735 753 surrexit

2175 806 2203 844 a
2232 791 2471 843 mortuis.
2506 789 2628 842 Post
2671 803 2795 842 vero
2830 789 2944 843 dies
2986 798 3125 854 octo,
3157 790 3278 842 luna
3312 803 3458 854 χλιιι,
3503 792 3650 842 venit
3686 802 3735 841 et

2141 885 2148 891 ’
2175 881 2320 934 stetit
2345 882 2393 933 in
2423 880 2594 932 medio
2617 878 3008 942 discipulorum,
3033 880 3262 933 ostendit
3285 893 3468 932 manus
3495 888 3550 932 et
3575 881 3736 947 pedes

2174 979 2226 1022 et
2256 970 2408 1032 latus,
2439 977 2492 1022 et
2517 968 2647 1021 dixit
2676 984 2690 1021 :
2727 966 2836 1021 Pax
2862 969 3112 1021 vobiscum
3146 969 3324 1034 (Joan.
3359 985 3457 1031 xx,
3489 969 3608 1034 ‘26).
3647 970 3736 1021 Die

2174 1068 2345 1111 autem
2376 1074 2440 1111 xt.
2472 1068 2586 1126 post
2613 1059 3074 1126 resurrectionem,
3108 1074 3136 1110 a
3167 1069 3310 1113 sexta
3340 1059 3546 1113 decima
3591 1061 3734 1111 vide-

2176 1148 2295 1201 licet
2328 1149 2444 1201 luna
2468 1187 2481 1211 ,
2513 1162 2615 1202 non
2661 1163 2689 1200 a
2735 1158 2915 1214 quarta
2960 1149 3161 1220 declina
3189 1189 3202 1211 ,
3235 1148 3413 1202 eduxit
3441 1139 3751 1215 discipulus

2177 1253 2300 1291 suos
2329 1253 2491 1306 usque
2519 1239 2570 1292 itt
2599 1239 2925 1302 Bethaniam,
2960 1250 3012 1292 et
3041 1242 3250 1294 elevans
3281 1256 3464 1296 manus
3490 1256 3621 1295 suas
3648 1243 3734 1294 be-

2176 1327 2374 1380 nedixit
2403 1341 2523 1390 eos,
2554 1338 2605 1380 et
2635 1327 2867 1381 elevatus
2897 1337 2976 1382 est
3005 1330 3054 1382 in
3085 1330 3273 1383 caelum
3304 1332 3435 1398 (Act.
3472 1347 3529 1396 tt,
3569 1331 3638 1400 Ι).
3674 1332 3730 1383 Et

2176 1430 2294 1468 cum
2344 1417 2697 1483 compleretur
2742 1418 3202 1486 quinquagesimus
3235 1419 3345 1473 dies
3389 1423 3450 1487 (a
3492 1433 3733 1474 resurre-

2176 1506 2351 1559 ctione
2397 1507 2595 1560 scilicet
2643 1507 2694 1560 in
2737 1523 2822 1560 xvt
2862 1509 3012 1573 luna,
3041 1523 3144 1562 non
3175 1523 3203 1562 a
3235 1513 3475 1575 passione
3504 1511 3558 1565 in
3600 1514 3733 1577 xlv),

2178 1595 2404 1663 Spiritus
2447 1608 2660 1651 sanctus
2701 1612 2858 1666 super
2903 1600 3259 1667 apostolorum
3307 1600 3547 1670 singulos
3599 1602 3734 1655 sicut

2179 1686 2313 1751 ignis
2343 1686 2500 1738 sedit.
2535 1685 2683 1740 Unde
2720 1684 3002 1742 Orientalis
3046 1698 3150 1743 tota
3173 1689 3414 1744 Ecclesia
3453 1700 3565 1744 tres
3607 1691 3733 1744 heb-

2177 1773 2431 1829 domadas
2464 1776 2628 1830 tribus
2667 1777 3038 1831 sacratissimis
3070 1779 3490 1833 solemnitatibus
3523 1779 3732 1833 Domini

526 1886 693 1938 neque
725 1884 813 1922 xm
844 1871 896 1921 in
929 1869 1169 1936 passione
1215 1870 1304 1933 sit,
1351 1883 1516 1934 neque
1545 1883 1630 1920 xtv
1681 1877 1769 1919 aut
1795 1882 1865 1920 χιι
1893 1867 1944 1920 in
1976 1881 2062 1918 re-
2099 1858 2143 1914 B
2177 1869 2339 1920 nostri
2369 1866 2492 1921 Jesu
2522 1869 2717 1922 Christi
2743 1869 3139 1933 venerabiliter,
3169 1871 3217 1922 id
3245 1881 3323 1924 est
3351 1870 3584 1939 psssioni
3607 1915 3622 1937 ,
3653 1885 3731 1924 se-

525 1963 875 2012 surrectinne:
925 1972 990 2010 ne
1033 1971 1152 2011 ante
1195 1959 1412 2026 primam
1453 1956 1740 2009 secundum
1771 1970 1863 2008 nos
1889 1955 2066 2007 lunam

526 2051 695 2117 passio
736 2049 926 2102 Christi
972 2050 1059 2111 sit,
1101 2031 1269 2115 neque
1321 2047 1636 2110 resurrecdo
1673 2045 1787 2113 ejus
1820 2046 1870 2097 itt
1901 2042 2069 2110 primo

521 2140 605 2192 die
638 2153 740 2206 quo
768 2149 966 2205 imptus
994 2147 1073 2191 est
1119 2138 1360 2190 mundus.
1412 2156 1429 2187 ι
1477 2138 1597 2206 llaec
1646 2139 1932 2203 quastione
1979 2132 2064 2184 86.

523 2202 670 2292 Item,
715 2230 810 2281 ‘Jt:
927 2226 1224 2294 Apostolus,
1268 2227 1453 2294 inquit,
1495 2202 1603 2277 i'alli
1637 2202 1737 2277 non
1768 2223 1950 2293 potuit,
1981 2223 2068 2291 qui

521 2318 619 2371 ait:
642 2316 837 2368 Pascha
867 2327 1090 2369 nostrum
1114 2317 1398 2367 immolatus
1420 2325 1490 2367 est
1517 2314 1745 2367 Christus
1764 2313 1809 2382 (Ι
1854 2312 1972 2365 Cor.
2016 2331 2078 2376 ν..

522 2410 610 2474 7);
662 2408 797 2473 quod
830 2421 933 2458 non
968 2420 1117 2458 suum
1169 2408 1368 2472 utique,
1407 2406 1498 2458 sed
1549 2404 1696 2472 legis,
1727 2413 1806 2456 est
1835 2404 2068 2464 verbum,

519 2497 723 2548 dicente
751 2495 954 2562 Moyse:
985 2512 1002 2543 ε
1035 2494 1098 2546 Et
1125 2496 1245 2560 erit,
1271 2506 1386 2544 cum
1413 2494 1589 2545 dicent
1615 2491 1761 2544 vobis
1781 2491 1869 2542 lilii
1894 2491 2069 2550 vestri,

526 2607 540 2635 ι
581 2586 707 2650 Qua:
737 2595 815 2637 est
844 2581 1122 2638 deservitio
1149 2584 1289 2635 hazc?
1319 2591 1370 2635 et
1400 2581 1604 2644 dicetis,
1655 2580 1947 2639 lmmolatio
1968 2591 2068 2643 est,

457 2699 462 2714 ι
525 2699 541 2726 ε
579 2679 675 2730 hoc
707 2678 902 2734 Pascha
954 2676 1153 2729 Domini
1180 2683 1258 2727 est
1284 2673 1477 2742 (Exod.
1524 2687 1617 2732 ιιι,
1646 2671 1856 2738 (20·27).
1897 2671 2070 2735 »Οιὶιι

523 2764 763 2835 am‘plius,
797 2765 978 2834 inquit,
1001 2753 1352 2819 necessarium
1379 2765 1441 2817 ad
1471 2764 1822 2817 testimonium
1838 2765 1859 2814 ’ἰ
1877 2763 1977 2816 Lex
1999 2762 2071 2813 lo-

519 2839 714 2922 quitur,
741 2856 1017 2923 Apostolus
1033 2857 1241 2923 probat,
1264 2856 1362 2909 hoc
1383 2866 1621 2926 superest
1648 2867 1700 2909 ut
1724 2856 2074 2908 contradictnr

421 2990 429 3000 .
519 2949 792 3016 abiit-iatur
822 2957 877 3000 ut
905 2949 1161 3015 pervicax.
1189 2949 1509 3002 Manifestum
1534 2961 1613 3002 est
1636 2949 1773 3002 enim
1802 2938 2104 3000 transitnm'

522 3052 633 3106 ItOSl
655 3037 846 3089 Pascha
871 3037 1046 3089 luisse.
1067 3039 1287 3106 Sanguis
1303 3039 1454 3105 igitur
1471 3037 1691 3090 salutem
1709 3034 2075 3103 prmstititmon

521 3127 764 3179 transitus
790 3143 800 3175 :
831 3126 948 3192 quia
982 3135 1037 3177 ut
1066 3129 1312 3177 transitus
1335 3141 1440 3177 non
1465 3135 1696 3186 noceret,
1719 3124 1922 3177 obsistit
1948 3137 2070 3177 san-

519 3219 651 3283 guis.
695 3234 710 3264 ι
743 3215 849 3268 lloc
875 3215 1039 3279 timui,
1070 3223 1122 3268 et
1167 3229 1250 3268 me
1297 3219 1531 3282 perculit.
1569 3216 1690 3267 Item
1726 3223 2060 3282 perscrutans

522 3306 712 3368 inveni,
754 3316 800 3358 et
848 3304 1122 3371 Origenem
1155 3305 1540 3358 chaleeuterum
1577 3311 1629 3356 et
1671 3318 1791 3356 vcte
1817 3305 2096 3383 adamare,

2175 1960 2423 2026 pulturae,
2484 1960 2849 2014 resurrectioni
2907 1962 3220 2029 deputavit:
3274 1961 3499 2030 passioni
3557 1977 3588 2014 a
3648 1977 3731 2014 xtv

2171 2045 2221 2098 in
2253 2062 2339 2109 xx,
2373 2048 2654 2114 sepultura:
2681 2064 2804 2113 μιν
2837 2050 2887 2102 in
2921 2064 3028 2115 xxi,
3062 2051 3428 2104 resurrectioni
3478 2065 3508 2103 s
3552 2064 3638 2102 xvr
3681 2051 3732 2102 in

2173 2151 2271 2203 sitv
2305 2136 2509 2200 lunam;
2540 2141 2883 2211 septimanam
2910 2156 3002 2207 pro
3022 2143 3312 2195 reverentia
3341 2140 3602 2193 Dominici
3627 2141 3730 2193 diei

2171 2239 2505 2280 consecratis.
2551 2226 2678 2293 Quia
2709 2228 2750 2281 si
2784 2243 2866 2280 xtv
2896 2231 3016 2282 luna
3050 2228 3418 2282 resurrectioni
3445 2228 3729 2294 deputetur

2171 2303 2252 2384 ("ut
2279 2329 2369 2367 vos
2409 2315 2620 2382 facitis),
2656 2332 2744 2368 xm
2781 2317 2830 2369 in
2879 2319 3146 2384 sepultura
3191 2327 3241 2369 et
3286 2332 3354 2371 xit
3389 2319 3436 2368 in
3477 2317 3728 2385 passione

2173 2412 2493 2470 praepostero
2522 2405 2708 2458 ordine
2741 2407 2845 2459 liet.
2879 2407 2985 2458 llac
3015 2407 3078 2460 de
3123 2420 3180 2460 re
3219 2406 3434 2476 synodis
3479 2409 3532 2458 in
3566 2421 3728 2459 unum

2171 2497 2499 2563 congregatis
2516 2496 2584 2550 ob
2598 2495 2957 2550 diversitatem
2977 2510 3337 2550 successorum
3364 2497 3725 2564 apostolorum

2172 2583 2316 2650 (dum
2346 2586 2565 2651 aposmli
2603 2587 2830 2654 undique
2871 2587 3148 2654 pressaris,
3180 2595 3234 2639 ut
3264 2585 3508 2655 legimus,
3541 2587 3645 2638 acti
3675 2594 3726 2637 et

2172 2673 2394 2728 diversis
2438 2676 2684 2728 limitibus
2711 2677 2879 2742 sparsi
2911 2677 3154 2731 ordinare
3183 2676 3384 2746 cyclutn
3413 2675 3726 2744 regulariter

2174 2766 2563 2832 nequiverunt),
2590 2765 2638 2817 id
2668 2777 2746 2820 est
2777 2769 2940 2820 sancti
2973 2769 3109 2821 Petri
3142 2768 3524 2821 claiiculariiet
3554 2771 3724 2820 sancti

2130 2867 2141 2875 '
2173 2851 2387 2907 Joannis
2419 2855 2644 2922 petalici,
2673 2856 2886 2918 alterius
2915 2858 2964 2909 in
3003 2858 3476 2918 circnmcisionem,
3504 2857 3723 2910 alterius

2173 2945 2223 2997 in
2268 2946 2578 3013 praeputium
2624 2948 2986 3014 prmdirantis;
3021 2950 3188 3002 inveni
3225 2949 3474 3015 scriptum
3503 2963 3720 3001 excom-

2176 3037 2516 3090 municandos
2547 3046 2598 3090 et
2636 3038 2699 3090 de
2731 3039 2960 3090 Ecclesia
2995 3038 3261 3106 pe’lendos
3295 3049 3345 3091 et
3375 3038 3718 3090 anathemati-

2177 3127 2367 3178 ttndos
2412 3139 2503 3177 eos
2551 3129 2634 3192 qui
2683 3137 2862 3178 centra
2913 3137 3100 3179 statuta
3156 3129 3402 3180 canonica
3450 3137 3719 3196 quaterna:

2169 3216 2307 3268 sedis
2331 3217 2630 3281 apostolica:
2661 3217 2946 3284 (Ιιοιιιιιιιιιε
2989 3219 3255 3283 videlicet,
3289 3218 3718 3288 lin-resnIymiLa-

2166 3322 2286 3371 tua,
2335 3307 2709 3371 Antiocltetttn,
2761 3309 3165 3375 Alexandrinae)
3203 3311 3447 3370 veniunt,
3497 3324 3719 3362 concor-

521 3385 681 3449 ι’ἱηιιιιι
731 3396 1023 3450 dicentem:
1081 3416 1098 3448 ι
1156 3397 1241 3450 Est
1285 3397 1494 3466 quidem
1542 3398 1788 3451 solemnis
1835 3398 1946 3451 dies
2011 3398 2060 3451 in
2149 3393 2395 3445 dantibus
2427 3395 2504 3446 his
2539 3395 2588 3446 in
2630 3397 2826 3446 unitate
2866 3395 3096 3448 Paschw.
3149 3396 3354 3449 Nicama
3385 3399 3541 3449 etiam
3591 3413 3713 3464 syn-

521 3504 697 3541 nieuse
720 3490 919 3555 primo;
944 3488 1041 3540 alia
1062 3487 1362 3542 solemnitas
1387 3486 1620 3562 Paschtc,
1649 3489 1744 3540 alia
1765 3487 2062 3541 solemnitas

521 3591 837 3645 azymorum,
869 3578 990 3632 licet
1032 3576 1208 3646 juncta
1234 3578 1470 3631 videatur
1493 3579 1712 3645 azymis.
1748 3578 2062 3644 Principium

523 3684 743 3736 namque
797 3683 1094 3738 azymorum
1141 3670 1204 3720 ad
1259 3671 1412 3724 iidem
1472 3672 1663 3723 Pascha
1705 3672 2060 3738 conjungitur:

523 3757 716 3810 Pascha
747 3767 918 3810 autem
945 3759 1054 3824 ipse
1079 3759 1222 3811 solus
1252 3759 1750 3826 diesappellatur,in
1778 3775 1882 3828 quo
1901 3773 2062 3828 agnus

521 3867 594 3902 oe.
620 3851 802 3902 iditnr:
829 3851 1010 3918 reliqui
1039 3866 1162 3903 vero
1203 3865 1500 3920 azymorum
1529 3861 1726 3920 septem
1756 3851 1867 3905 dies
1886 3852 2063 3920 appelo

522 3943 713 3994 lantur.-
744 3941 833 3994 Sic
853 3941 1162 3994 enim-dicit:
1186 3939 1360 3994 Facies
1381 3941 1740 3994 solemnitatem
1770 3957 2060 4011 azymorum

522 4042 703 4099 septem
729 4031 916 4082 diebus.
957 4048 974 4080 ι
1012 4032 1206 4084 Deinde
1228 4032 1293 4084 ἱι(
1311 4033 1587 4099 Evangelio
1610 4034 1956 4086 inveniemus.
1986 4033 2063 4087 ln-

524 4122 638 4173 veni
696 4120 968 4172 Dominum
1014 4136 1184 4176 meum
1231 4120 1404 4175 Jesum
1457 4123 1722 4175 Christum
1769 4123 2064 4176 dicentem:

493 4272 496 4275 _
523 4211 778 4263 Desiderio
807 4211 1080 4264 desideravi
1112 4212 1202 4264 hoc
1236 4211 1430 4264 Pascha
1458 4214 1766 4266 manduCare
1792 4213 2061 4274 vobiscum,

521 4309 779 4364 antequam
827 4303 992 4369 patiar
1039 4300 1184 4369 (Luc.
1218 4317 1343 4366 xxlt,
1399 4302 1509 4373 15)·
1536 4302 1681 4368 Quod
1712 4301 2062 4376 Hieronymus

521 4394 808 4461 explanat:
871 4412 889 4443 ι
946 4393 1127 4448 Finem
1163 4435 1178 4458 ,
1229 4396 1505 4463 inquiens,
1556 4396 1750 4450 carnali
1806 4395 2064 4450 iestivitsti
2098 4418 2112 4423 -

2166 3485 2294 3537 ndus
2323 3492 2669 3537 trecentorum
2700 3485 2878 3537 decem
2909 3496 2960 3537 et
2991 3495 3110 3537 octo
3139 3487 3498 3554 episcoporum
3526 3498 3608 3540 est
3627 3489 3714 3538 ad~

2161 3576 2359 3641 juncm,
2375 3576 2721 3642 judicantium
2747 3577 2810 3629 de
2833 3577 3194 3630 observatione
3219 3577 3426 3630 Pascha:
3447 3577 3713 3645 antiquum

2167 3679 2419 3716 canonem
2457 3665 2887 3728 observandum,
2935 3681 3026 3734 per
3054 3683 3206 3733 quem
3245 3668 3378 3720 nulla
3419 3668 3484 3722 de
3512 3670 3714 3736 reliquo

2165 3754 2365 3806 orietur
2397 3753 2646 3806 Ecclesiis
2676 3755 2949 3808 diversitas
2972 3798 2986 3820 ,
3018 3756 3260 3810 omnibus
3299 3757 3395 3809 rite
3423 3758 3709 3828 dispositis,

2165 3857 2220 3899 et
2245 3844 2598 3899 Ecclesiarnm
2632 3862 2726 3914 pax
2774 3859 2829 3902 et
2879 3848 3005 3902 ﬁdes
3035 3850 3375 3916 (inquierunt)
3408 3849 3458 3900 in
3488 3848 3712 3901 Orientis

2165 3943 2218 3989 et
2248 3936 2547 3990 Occidentis
2579 3935 2812 4003 partibus
2854 3953 2951 3989 una
2983 3936 3138 4004 atque
3175 3940 3354 3992 eadem
3393 3948 3708 3992 servaretur.

2168 4025 2294 4078 Item
2344 4027 2633 4080 Ar’elatensi
2687 4027 2888 4095 synodo
2941 4040 3301 4082 sescentorum
3351 4030 3708 4098 episcoporum

2165 4114 2509 4168 conlirmante
2557 4115 2722 4180 primo
2769 4116 2818 4167 in
2859 4117 2972 4168 loco
3008 4117 3074 4170 de
3104 4117 3466 4172 observatione
3497 4119 3708 4172 Paschw

2169 4213 2222 4256 ut
2250 4219 2353 4258 uno
2383 4205 2468 4258 die
2497 4215 2549 4258 et
2593 4219 2696 4258 uno
2743 4215 2977 4274 tempore
3013 4223 3103 4275 per
3129 4219 3291 4262 totum
3319 4189 3500 4263 orbem
3539 4221 3708 4264 terra-

2169 4309 2283 4347 rum
2318 4307 2364 4370 Va
2414 4295 2563 4348 nobis
2609 4307 2998 4351 conservetur:
3031 4308 3083 4370 ut
3129 4299 3437 4352 universalis
3478 4300 3704 4358 Ecclesia

2168 4399 2274 4437 uno
2317 4397 2447 4448 ore,
2492 4383 2640 4452 juxta
2685 4387 2989 4454 Apostolum
3015 4430 3028 4453 ,
3081 4387 3393 4442 honorilicet
3431 4388 3706 4443 Dominum

523 4488 698 4536 νυιι-ιιδ
731 4485 1020 4551 imponere,
1049 4486 1333 4552 umbraque
1357 4478 1656 4538 transeunte
1695 4485 1906 4540 Pascha:
1943 4487 2061 4539 red-

2171 4492 2352 4530 unum.
2388 4477 2534 4532 Unde
2563 4479 2850 4533 cavendum
2891 4487 3006 4544 est,
3036 4489 3091 4531 ut
3137 4479 3481 4547 Hieronymus
3525 4481 3624 4542 ait,
3653 4498 3708 4532 ne

521 4583 642 4629 uere
695 4578 986 4638 veritatem,
1038 4576 1308 4640 complens
1361 4575 1545 4642 legem,
1579 4573 1710 4628 sicut
1741 4575 1896 4629 dixit:
1945 4576 2064 4630 Non

523 4668 627 4718 veni
666 4668 851 4717 solvere
881 4667 1052 4733 legem,
1080 4672 1161 4716 sed
1192 4665 1464 4734 adimplere
1490 4663 1699 4734 (Matth.
1741 4653 1791 4731 v',
1819 4665 1926 4736 l7),
1968 4666 2065 4722 hoc

523 4769 621 4828 est,
649 4757 856 4808 addere.
895 4776 912 4808 ›
951 4756 1099 4811 Unde
1127 4756 1189 4808 ad
1219 4756 1514 4824 passionem
1543 4754 1775 4822 veniens,
1802 4755 2062 4826 Vetnsqne

523 4862 889 4903 consumtnans
951 4847 1338 4901 Tcsumentum
1396 4855 1449 4901 et
1510 4845 1711 4900 Novum
1773 4845 2064 4909 inchoatis,

525 4941 701 5006 quinta
747 4938 900 4998 retia,
954 4936 1075 4990 luna
1116 4953 1195 4990 xtv
1240 4937 1391 5006 primi
1440 4939 1633 4992 mensis
1668 4934 1774 5008 (qui
1813 4943 1895 4990 est
1931 4939 2064 5004 apud

527 5030 778 5082 iicbl'IBO's
804 5027 982 5089 Nsan,
1013 5027 1145 5091 apud
1189 5028 1494 5081 Macedones
1515 5027 1900 5095 Spantoriacos,
1930 5013 2079 5094 apud.

529 5122 798 5188 1F.§)pti05
854 5117 1116 5172 Parmotlti
1155 5133 1168 5180 ;
1214 5115 1304 5184 'qui
1351 5117 1486 5185 apud
1542 5119 1751 5172 Latinos
1809 5120 2064 5171 interdmn

529 5209 727 5268 Martii,
771 5208 1024 5279 interdum
1080 5207 1270 5279 Aprilis
1315 5207 1514 5261 obtinet
1549 5207 1798 5275 partem),
1849 5221 2063 5276 vespera

530 5276 836 5368 procedezite
870 5342 883 5363 ,
937 5310 1132 5368 accepto
1181 5276 1306 5368 parte
1352 5299 1544 5369 gratias
1589 5301 1718 5368 egit,
1774 5283 2064 5360 benedixit,

530 5394 696 5461 (regit,
742 5392 876 5441 dedit
906 5390 1160 5456 discipulis
1208 5392 1332 5454 suis,
1384 5392 1591 5440 dicens:
1639 5388 1747 5440 lloc
1777 5399 2068 5456 est.rorpus

531 5493 807 5547 ηιειιηιςθι
857 5482 1051 5548 reliqua
1101 5481 1247 5548 (Luc.
1305 5498 1426 5544 xxtt,
1476 5482 1582 5547 l9).
1643 5483 1814 5533 llem:
1856 5480 1952 5532 Hic
1997 5492 2068 5534 est

530 5575 660 5626 calix
688 5573 883 5626 Novum
907 5572 1269 5626 Tes:amcntum
1289 5575 1340 5626 in
1358 5574 1597 5643 sanguine
1615 5587 1721 5624 meo
1750 5569 1932 5640 (lliid.,
1952 5571 2064 5637 ‘20).

534 5665 681 5718 Mane
723 5676 894 5718 autem
948 5666 1121 5727 lucto,
1180 5675 1344 5748 sextae
1397 5666 1638 5720 videlicet
1693 5664 1854 5729 ferite,
1897 5667 2067 5718 consi-

531 5756 652 5809 lium
710 5755 937 5811 iniet'unt
989 5770 1173 5812 omnes
1230 5757 1486 5825 principes
1551 5758 1928 5822 sacerdotum;
1987 5758 2060 5810 al-

2168 4579 2306 4620 extra
2350 4583 2500 4620 unam
2547 4569 2991 4632 domum,contra
3021 4579 3333 4636 prwceptum
3377 4571 3523 4640 legis,
3559 4573 3609 4625 id
3635 4583 3709 4624 est

2167 4668 2312 4711 extra
2341 4658 2634 4723 Ecclcsjam
2663 4659 3035 4727 universalem,
3069 4674 3257 4729 agnum
3283 4659 3507 4731 typicum
3535 4676 3706 4716 come-

2167 4750 2372 4804 damus.
2410 4751 2481 4804 Ex
2514 4732 2618 4819 quo
2649 4752 2977 4806 manilestum
3008 4763 3088 4808 est
3114 4754 3325 4824 (inquit)
3364 4756 3502 4822 quod
3549 4754 3706 4808 Juda-i

2167 4853 2217 4896 et
2245 4842 2472 4896 haeretici
2505 4850 2558 4896 ct
2584 4843 2758 4896 omnia
2785 4845 3142 4899 conventicula
3171 4845 3474 4919 dogmatum
3507 4859 3708 4912 perver-
3771 4861 3776 4866 λ

2167 4946 2366 4998 sorum,
2398 4931 2484 4999 qui
2516 4949 2707 5005 agupm
2755 4935 2806 4987 in
2855 4949 2954 4989 una
3005 4935 3240 4989 Ecclesia
3279 4949 3379 4988 non
3409 4937 3705 4997 comedunt,

2169 5039 2270 5076 non
2297 5037 2387 5076 eos
2415 5021 2534 5093 agni
2572 5035 2755 5079 carnes
2781 5026 3088 5088 comedere,
3121 5030 3210 5078 sed
3236 5025 3481 5100 draconis
3509 5029 3597 5094 qui
3626 5027 3708 5100 ds-

2168 5126 2248 5166 tus
2273 5127 2352 5169 est
2377 5157 2391 5179 ,
2419 5117 2562 5184 juxta
2604 5117 2910 5170 Psalterium
2936 5157 2951 5180 ,
2984 5116 3034 5169 in
3064 5129 3236 5169 escam
3277 5099 3484 5188 populis
3513 5099 3707 5172 Ethio-

2168 5205 2315 5271 pibus
2348 5204 2512 5273 (Psal.
2563 5220 2751 5270 cxxnt,
2799 5204 2908 5273 Μ).
2961 5205 3026 5258 Et
3074 5205 3170 5259 hoc
3217 5185 3401 5261 vereor
3423 5185 3441 5270 ’ς
3486 5207 3577 5260 sed
3627 5221 3708 5257 vos

2167 5296 2494 5350 considerate
2521 5309 2635 5363 qua:
2664 5302 2786 5348 sunt
2811 5297 3168 5352 conventicula
3198 5312 3312 5362 qua:
3349 5296 3464 5348 dixi
3501 5313 3512 5347 :
3544 5306 3707 5350 utrum

2171 5387 2372 5440 llebrzei
2395 5396 2449 5441 et
2479 5385 2650 5440 (Σιωυὶ-
2671 5395 2722 5438 et
2750 5387 2916 5441 Latini
2940 5396 2994 5442 et
3016 5387 3247 5457 Egyptii
3270 5385 3425 5440 simul
3455 5388 3507 5440 in
3537 5390 3706 5442 obser-

2172 5491 2374 5533 vabone
2421 5483 2795 5547 pra‘cpuarnm
2839 5480 3229 5533 solemtiitatum
3257 5478 3417 5543 uniti;
3545 5477 3702 5530 Britoo

2170 5585 2290 5622 num
2321 5571 2724 5637 Scottorumque
2750 5571 3022 5635 particula,
3045 5571 3129 5637 qui
3160 5577 3281 5622 sunt
3309 5582 3443 5636 pene
3470 5566 3701 5624 extremi,

2167 5673 2219 5716 et
2250 5663 2343 5728 (4H
2386 5663 2454 5714 ita
2499 5661 2708 5733 dicam)
2739 5672 3023 5730 mentagra:
3050 5662 3192 5716 orbis
3233 5671 3520 5724 terrarum;
3547 5659 3597 5712 in
3620 5656 3705 5712 hoc

2171 5757 2291 5811 mihi
2317 5755 2564 5825 indie-tte.
2611 5755 2673 5810 In
2705 5775 2801 5826 quo
2831 5761 2961 5814 enim
2998 5761 3194 5830 judicio
3217 5755 3601 5822 iudicat-eritis,
3625 5754 3700 5820 ju-
