3848 6234
102 509 189 562 973

970 492 1289 551 EPISTULA
1334 490 1417 546 DE
1454 485 1972 546 CONTROVERSIA
2014 484 2365 539 PASCIIALI.

3086 476 3311 541 ‘97s

102 615 317 671 dicatum
360 612 418 663 de
463 611 592 663 vobis
635 612 651 679 (
681 608 863 661 Matth.
908 622 997 670 vit,
1042 607 1114 675 3)
1148 623 1163 658 :
1191 606 1253 657 Et
1291 605 1341 655 in
1383 600 1610 669 periculo
1641 603 1687 658 Α
1717 602 1959 661 mavcro,
1994 598 2059 650 ab
2093 597 2385 656 universali
2410 594 2638 648 Ecclesia
2671 595 2927 649 catholica
2955 610 3264 652 excommu-

104 717 255 760 vestro
297 703 390 754 hoc
435 682 644 765 pendet.
696 696 798 750 Vos
839 696 977 750 enim
1024 696 1151 749 estis
1195 694 1360 761 capita
1400 702 1452 744 et
1479 690 1613 743 oculi

104 794 255 864 populi
293 808 307 844 :
353 789 441 857 qui
484 788 527 843 si
576 790 625 840 in
655 800 886 840 errorem
916 801 1007 855 per
1034 794 1258 838 vestram
1283 784 1614 865 obstinatiam

107 886 376 945 inducetur,
406 880 633 933 reddctis
661 879 841 930 stricto
860 876 1022 944 judici
1053 875 1304 929 rationem
1334 874 1399 927 tle
1418 873 1617 927 mitius-

107 974 328 1043 cujusque
347 970 509 1039 (juxta
541 964 895 1033 Ezechielem)
918 967 1167 1033 sanguine
1190 966 1375 1019 anith
1402 962 1615 1031 (Exerit.

109 1081 170 1126 ιιι,
200 1060 379 1124 18·20;
413 1073 592 1120 XXIIII,
625 1057 698 1124 8).
730 1056 976 1111 Seniores
1014 1071 1142 1109 vero
1168 1056 1330 1109 no~tri
1354 1096 1370 1117 ,
1400 1071 1533 1123 quos
1567 1054 1616 1105 in

108 1152 338 1208 velamine
365 1147 673 1214 repulsiettis
701 1146 923 1212 habetis,
952 1146 1090 1212 quod
1134 1146 1391 1211 optimum
1432 1145 1483 1196 iu
1509 1144 1619 1195 die-

113 1246 191 1296 bus
216 1235 318 1294 suis
351 1252 466 1292 esse
496 1246 750 1290 noverunt
794 1236 1104 1303 simpliciter
1132 1246 1185 1288 et
1232 1234 1474 1295 lideliter,
1506 1234 1621 1287 sine

110 1333 238 1398 culpa
271 1324 690 1381 conitadictiouis
734 1326 887 1378 ullius
925 1324 1271 1376 anitnositatis
1307 1324 1619 1401 observavi--

116 1429 227 1481 mut,
251 1430 295 1470 et
321 1416 428 1469 suis
457 1415 681 1483 posteris
708 1415 785 1467 sic
812 1414 1191 1467 mandaverunt
1212 1412 1360 1480 juxta
1392 1411 1620 1489 Aposto-

115 1510 198 1559 lum
242 1524 254 1557 :
301 1504 477 1556 Omnia
521 1503 765 1571 probate,
818 1504 952 1570 quod
998 1503 1177 1555 bonum
1225 1512 1295 1556 est
1344 1514 1532 1575 tenete;
1560 1504 1621 1552 ab

116 1596 223 1647 omni
266 1596 417 1664 specie
465 1595 601 1646 mala
638 1595 877 1647 abstinete
904 1612 986 1647 vos
1016 1592 1066 1661 (Ι
1097 1594 1274 1648 Thus.
1306 1610 1355 1657 ν,
1384 1594 1472 1659 21,
1505 1594 1621 1663 22).

118 1685 199 1738 Sed
223 1699 393 1737 vereor
420 1698 485 1738 ne
526 1682 729 1737 accidat
759 1681 907 1736 vobis
936 1692 988 1735 ut
1028 1683 1333 1736 universalis
1382 1684 1623 1736 Ecclesia:

120 1774 350 1826 catholicae
395 1773 689 1826 unanimem
740 1771 969 1838 regulam
1012 1772 1219 1825 malam,
1249 1772 1474 1836 speciem
1516 1770 1625 1824 fore

122 1860 325 1929 iudicetis
356 1878 368 1912 :
395 1861 532 1927 quod
557 1859 715 1913 absit.
746 1857 877 1925 Quid
905 1859 1091 1926 plura?
1127 1857 1285 1909 Venio
1307 1858 1370 1911 ad
1399 1862 1624 1925 Aposto-

124 1953 207 2003 lum
248 1950 363 2003 item
405 1948 670 2001 dicentem

124 2048 234 2106 parte
256 2037 346 2088 diei
367 2036 495 2104 festi,
511 2046 599 2085 aut
628 2036 920 2098 neoutcrtiw,
946 2045 1031 2087 aut
1055 2038 1368 2087 sabbatorum
1384 2051 1493 2102 qua:
1514 2047 1629 2087 sunt

126 2130 267 2199 umbra
312 2129 632 2199 futurorum,
660 2144 837 2195 corpus
879 2138 1042 2181 autem
1089 2129 1271 2180 Christi
1320 2128 1534 2195 (Coloss.
1570 2146 1626 2193 ιι,

129 2223 196 2283 16,
236 2220 343 2286 17).
389 2218 536 2283 Quod
588 2218 904 2273 veneranda:
952 2204 1214 2271 memoriae
1262 2230 1475 2271 sanctus
1524 2219 1630 2271 Au-

127 2309 331 2377 gustinus
358 2308 567 2375 pulchre
609 2308 853 2375 explanat
885 2328 896 2359 ;
934 2326 952 2359 ι
992 2308 1110 2361 Dies
1139 2307 1298 2360 festus
1322 2347 1337 2372 ,
1367 2308 1628 2375 inquiens,

134 2402 295 2455 Pascha
320 2411 396 2455 est
420 2441 433 2461 ,
472 2400 620 2466 juxta
652 2400 1023 2477 evangelistam
1071 2400 1295 2461 Lucam,
1325 2400 1582 2453 dicentem
1614 2414 1628 2450 :

134 2494 549 2562 Appropinquabat
576 2503 743 2545 autem
780 2492 883 2543 dies
906 2491 1062 2558 festus
1093 2490 1417 2558 Azymorum,
1460 2491 1511 2541 in
1537 2505 1633 2554 qua

133 2602 290 2639 necesse
325 2593 422 2639 erat
468 2584 625 2635 occidi
672 2581 867 2634 Pascha
904 2580 1051 2646 (Luc.
1084 2595 1211 2641 χχιι,
1243 2579 1294 2644 2,
1328 2578 1399 2645 ἲ).
1425 2578 1635 2641 Pascha

135 2676 362 2733 oeciditur,
396 2672 595 2725 Veritas
624 2671 933 2723 vivilicatur.
962 2688 981 2720 ι
1013 2669 1137 2721 Pars
1164 2678 1337 2722 autem
1377 2667 1481 2720 diei
1513 2666 1631 2721 festi

136 2778 203 2813 ιιι
231 2763 355 2823 luna,
388 2774 487 2813 non
519 2768 657 2813 totus
683 2760 811 2822 dies,
861 2759 913 2812 in
954 2774 1055 2828 qua
1097 2758 1416 2822 seducimur,
1447 2758 1537 2812 sed
1583 2759 1633 2812 in

138 2859 349 2914 inite,et
397 2850 613 2903 sabbato
659 2850 847 2912 otioso,
892 2858 947 2903 et
1000 2848 1270 2902 neomenia
1314 2849 1583 2902 bucciuala
1619 2866 1630 2899 :

137 2955 229 3002 qlia:
250 2950 352 2989 sunt
384 2937 584 2999 uuibia,
619 2953 722 2989 non
749 2952 940 3004 corpus
967 2936 1178 2990 Christi.
1224 2937 1413 2989 Umbra
1442 2934 1634 2989 occidi-

142 3039 203 3080 tur
230 3046 241 3081 :
272 3028 459 3081 Veritas
482 3028 799 3081 viviliCator.
835 3026 898 3079 Et
941 3031 1057 3087 hoc,
1088 3027 1328 3088 obsecro,
1358 3025 1636 3091 diligenter

146 3118 359 3186 inspicite,
390 3129 439 3170 ut
468 3116 926 3185 mihi‘ignoscatis,
952 3117 1030 3177 vel
1060 3132 1142 3168 me
1182 3114 1436 3184 dirigatis,
1465 3115 1637 3168 verbis

143 3208 293 3260 vestris
317 3209 390 3259 vel
418 3207 624 3274 scriptis
655 3206 954 3259 fortioribus
979 3216 1024 3259 et
1058 3206 1367 3259 certioribus
1398 3206 1630 3271 prolatis,

1718 694 1885 756 nicor,
1912 692 1998 745 cui
2026 690 2268 758 alligandi
2289 688 2628 758 ssilventlique
2646 691 2928 743 auctoritas
2954 705 2985 743 α
3016 690 3121 746 Deo
3141 692 3261 744 data

1716 791 1817 836 est.
1851 781 1941 834 His
1988 780 2357 849 perscrutatis,
2399 779 2552 833 venio
2592 778 2657 832 ad
2705 778 3054 847 Cypriorum,
3099 789 3263 835 totum

1722 871 1799 937 (ut
1822 870 1989 935 aiunt)
2017 868 2359 931 sumendum;
2384 876 2438 921 et
2465 867 2670 921 invenio
2701 868 2844 921 illum
2876 884 3007 934 pene
3035 872 3267 924 omnium

1717 958 1783 1013 de
1826 962 2020 1011 unitate
2054 957 2302 1011 Ecclesiae
2336 959 2733 1026 gravissimum,
2773 960 2859 1026 qui
2889 959 2962 1011 ait
2996 977 3009 1011 :
3061 960 3140 1013 Ab
3164 978 3271 1013 uno

1721 1060 1865 1115 patre
1893 1059 1944 1102 et
1968 1052 2033 1102 ab
2063 1063 2163 1101 una
2192 1060 2354 1102 matre
2384 1050 2433 1101 in
2476 1050 2612 1102 hunc
2644 1052 2889 1104 nutuduut
2916 1069 2946 1117 ,ι
2960 1054 3191 1115 animus,
3220 1066 3271 1106 et

1719 1142 1795 1194 sic
1835 1143 1883 1193 in
1914 1140 2144 1193 futurum
2172 1139 2462 1193 veniemus.
2515 1142 2611 1204 Qui
2664 1159 2763 1192 non
2800 1142 2955 1195 habet
2983 1160 3135 1194 unum
3164 1160 3271 1197 tita-

1722 1241 1849 1285 trem
1883 1230 1933 1283 itt
1966 1239 2100 1283 terra
2127 1270 2142 1294 ,
2176 1245 2271 1283 nec
2312 1245 2467 1281 unum
2500 1242 2699 1295 patrem
2741 1232 2950 1284 labebit
2986 1234 3035 1285 in
3063 1238 3197 1286 cado
3225 1240 3271 1289 υ.

1722 1320 1842 1372 Ideo
1874 1330 1989 1386 post
2018 1320 2400 1372 confessmnem
2434 1320 2705 1373 Trinitatis
2730 1362 2743 1381 ,
2778 1322 2827 1373 iu
2858 1337 2954 1388 qua
3000 1334 3075 1374 εει
3120 1323 3273 1375 Pater

1721 1428 1836 1465 cum
1868 1411 1997 1465 Filio
2022 1420 2075 1465 et
2099 1412 2295 1477 Spiritu
2325 1421 2527 1473 sancto,
2552 1412 2886 1478 subsequitur
2914 1413 3064 1464 unius
3094 1414 3276 1465 matris

1726 1506 1804 1570 pia
1831 1504 2095 1557 confessio
2114 1544 2127 1561 ,
2166 1504 2347 1555 tlicms
2376 1513 2610 1555 sanctam
2640 1517 2755 1556 esse
2786 1502 3069 1556 Eat-lesiam
3096 1504 3276 1556 calliu.

1726 1595 1895 1643 licam.
1928 1595 2031 1643 llur
2054 1609 2120 1643 un
2146 1606 2187 1641 :s
2216 1592 2379 1643 Adam
2412 1593 2641 1656 liitgitur,
2671 1600 2723 1644 et
2750 1607 2849 1643 una
2884 1592 2985 1645 Eva
3016 1593 3080 1647 de
3110 1593 3277 1646 latere

1728 1680 1920 1731 tollitur
1944 1690 1993 1731 et
2038 1681 2086 1730 in
2134 1680 2405 1731 mulierem
2439 1678 2723 1731 formatur?
2746 1678 2948 1740 Nomm,
2987 1681 3274 1733 secundum

1728 1769 2052 1828 A3'05l0ltllll,
2085 1771 2371 1837 mysterium
2403 1784 2639 1834 magnum
2672 1779 2741 1821 est
2786 1770 2837 1821 in
2882 1768 3103 1833 Christo,
3134 1780 3181 1823 et
3226 1772 3277 1821 in

1732 1856 1954 1909 Ecclesia
1984 1859 2195 1926 (Ephes.
2235 1875 2287 1919 v,
2319 1856 2443 1924 59.)?
2471 1859 2583 1911 Non
2622 1870 2699 1911 est
2737 1874 2862 1926 ergo
2892 1861 3053 1913 altera
3082 1858 3277 1913 Chrisu

719 1962 735 2001 :
786 1947 1018 2010 Fratres,
1053 1963 1193 1999 nemo
1222 1963 1306 1998 vos
1334 1947 1546 2003 seducat
1576 1949 1625 1998 in
1661 1940 1701 1995 Β
1729 1947 1793 1998 de
1820 1947 2003 2008 latere,
2031 1948 2121 1999 sed
2161 1963 2259 2000 una
2290 1960 2369 1999 εει
2397 1949 2631 2000 fortnam.
2671 1949 2815 2001 l'ntle
2846 1966 2979 2001 unus
3009 1960 3086 2002 est
3122 1950 3278 2019 iu‘la-

1732 2046 1842 2089 tere
1868 2035 2060 2087 Christi
2086 2035 2207 2089 Jesu
2232 2038 2405 2087 lancea
2432 2036 2609 2089 militis
2633 2037 3067 2105 mysticustocns,
3094 2039 3158 2091 de
3178 2056 3276 2102 qua

1730 2124 1845 2175 exiit
1871 2139 1998 2190 aqua
2024 2134 2067 2175 et
2093 2127 2297 2193 sanguis
2324 2124 2514 2194 (Joan.
2556 2141 2639 2178 xix
2662 2168 2676 2190 ,
2705 2124 2826 2191 5i);
2853 2144 2968 2195 quae
2999 2128 3100 2180 duo
3128 2128 3176 2180 in
3208 2130 3281 2179 al-

1732 2227 1830 2277 gna
1865 2213 2018 2265 unius
2049 2212 2319 2267 Ecclesiae.
2356 2213 2503 2268 Unde
2531 2230 2631 2267 una
2665 2229 2786 2268 arca
2813 2229 3048 2270 servatur
3071 2219 3121 2270 in
3152 2218 3279 2269 tlilu»

1734 2301 1846 2365 vio,
1897 2316 1991 2353 nec
2034 2301 2215 2353 altera.
2251 2318 2270 2350 ι
2302 2300 2357 2355 Si
2399 2302 2569 2370 potuit
2604 2303 2828 2357 evadere
2872 2319 3147 2372 quisquam
3194 2305 3283 2370 qui

1736 2386 1831 2443 fuit
1874 2402 2023 2469 extra
2073 2406 2245 2443 arcam
2290 2392 2418 2456 Noe,
2466 2402 2521 2448 et
2565 2398 2650 2463 qui
2701 2404 2846 2449 extra
2879 2397 3158 2449 Ecc'esiam
3208 2399 3285 2447 1.»-

1736 2477 1808 2532 ris
1854 2479 2006 2533 fuerit
2061 2480 2248 2535 evadet
2286 2481 2597 2550 (Cyprium,
2646 2489 2707 2537 de
2755 2484 2958 2538 Unitatr
2988 2484 3279 2554 Eccles.).s

1740 2572 1885 2626 Unde
1930 2589 2087 2626 unum
2139 2575 2524 2628 tabernaculum
2569 2580 2618 2628 in
2665 2586 2841 2631 monte
2885 2578 3046 2645 Moysi
3094 2589 3141 2631 et
3195 2594 3287 2631 ex-

1737 2663 1935 2732 emplar
1980 2674 2243 2717 ostensum
2291 2674 2393 2720 est.
2454 2667 2600 2721 Unde
2649 2684 2784 2721 unus
2832 2664 2977 2722 locus
3022 2680 3103 2723 est
3148 2670 3285 2737 apud

1738 2753 1922 2818 Deum,
1968 2754 2017 2807 in
2047 2770 2151 2823 quo
2189 2755 2395 2824 Moyses
2430 2768 2665 2811 extrema
2709 2772 2893 2810 manus
2920 2773 3178 2825 suprema:
3211 2761 3288 2811 vi-

1734 2843 1847 2907 dit,
1892 2844 2101 2897 dicente
2148 2844 2368 2899 Domino
2415 2863 2454 2911 ε,
2482 2845 2568 2899 Est
2612 2848 2751 2900 locus
2791 2847 2927 2913 apud
2974 2864 3048 2899 me
3076 2862 3095 2899 :
3130 2859 3205 2899 sta
3236 2851 3288 2900 iu

1737 2932 1981 2998 foramine
2030 2941 2221 2999 putrw,
2271 2941 2317 2984 et
2366 2935 2641 3001 posteriora
2685 2951 2790 2987 mea
2842 2936 3027 2989 videbis
3072 2936 3258 3006 (Exod

1738 3034 1930 3084 xxxiii,
1977 3016 2191 3089 ιιι-25).
2248 3023 2397 3076 Petra
2445 3034 2616 3078 autem
2656 3037 2768 3080 erat
2811 3024 3082 3091 Christus;
3113 3039 3289 3095 poste-

1738 3115 1874 3165 riora
1898 3126 2105 3176 manus,
2136 3114 2455 3177 iucaruatio;
2482 3114 2715 3169 foramen
2743 3132 2926 3183 unum,
2953 3132 3051 3170 uua
3080 3120 3287 3186 passio;

1740 3201 1881 3255 locus
1906 3217 2063 3267 unus,
2098 3218 2196 3255 una
2228 3203 2460 3257 Ecclesia
2509 3204 2794 3271 figuraliter
2840 3206 3056 3275 intelligi
3095 3219 3288 3276 potest.

145 3297 193 3345 ad
221 3295 340 3347 aliud
368 3296 549 3348 melius
581 3295 993 3361 intelligendum,
1022 3294 1063 3346 si
1098 3294 1299 3347 habetis
1326 3312 1339 3359 ;
1370 3294 1539 3360 silete,
1584 3284 1705 3347 etC
1752 3291 1932 3346 Videte
1958 3293 2095 3361 quod
2137 3310 2238 3345 non
2270 3294 2475 3346 videtur
2504 3296 2685 3348 dextra
2720 3296 2920 3349 Domini
2955 3298 3053 3351 nisi
3102 3298 3151 3350 in
3190 3315 3291 3349 uno

146 3385 275 3437 milite
297 3401 382 3437 nos
404 3386 677 3438 llitl'l'eliCUS
699 3400 905 3438 vocare.
937 3386 1196 3451 Scriptum
1222 3397 1299 3438 est
1329 3389 1466 3439 enim
1499 3404 1512 3438 :
1556 3386 1640 3440 γω

145 3474 211 3531 αιδί
236 3473 377 3527 dicitis
421 3473 598 3525 bonum
629 3474 819 3524 malum
849 3484 895 3525 et
928 3472 1115 3525 malum
1156 3475 1377 3537 bonum;
1408 3486 1642 3540 pauentes

146 3562 331 3614 tenebras
357 3563 543 3624 larem,
589 3574 634 3613 et
683 3566 840 3614 lucem
889 3564 940 3613 in
988 3565 1207 3614 tenebras
1250 3561 1400 3630 (Isai.
1445 3577 1494 3625 ιι,
1525 3563 1638 3627 20).

149 3652 238 3704 llaei
263 3653 382 3704 enim
409 3667 586 3704 sumus
618 3651 731 3714 lilii,
765 3666 864 3704 non
898 3652 1064 3704 noctis
1093 3666 1261 3717 neque
1290 3653 1639 3705 tenebrarum.

155 3743 195 3792 ιλ
226 3758 388 3793 cavere
408 3742 605 3794 debetis
628 3742 764 3809 quod
793 3741 858 3795 de
878 3742 994 3795 aliis
1016 3743 1204 3795 dicitur
1230 3759 1243 3794 :
1267 3742 1645 3800 Martilicabattt

149 3847 307 3881 uitiatas
328 3847 424 3896 quia
452 3845 546 3881 non
577 3830 879 3891 moriuntur,
906 3841 948 3881 et
978 3832 1286 3896 uioiﬁcabaut
1314 3834 1507 3883 animas
1535 3848 1644 3897 qtae

150 3938 224 3973 non
247 3934 389 3973 vivunt
418 3920 624 3990 (Bacch.
657 3936 768 3981 xm,
802 3921 909 3988 19).
961 3922 1069 3972 Non
1124 3937 1247 3987 ergo
1295 3908 1388 3973 nos
1418 3937 1505 3973 vos
1534 3923 1644 3973 odi-

152 4026 256 4074 mus,
295 4012 497 4073 setl_nos
544 4014 683 4064 veris
732 4013 1078 4064 defendimus.
1138 4013 1482 4079 llierouyutus
1520 4013 1649 4061 item

153 4107 265 4153 adest
291 4103 574 4165 auxiliator,
605 4102 785 4154 dicens
814 4118 827 4152 :
856 4120 876 4150 ι
917 4101 1027 4154 Non
1055 4110 1135 4155 est
1158 4101 1256 4154 alia
1284 4102 1528 4155 ltuntaute
1560 4118 1647 4153 ur-

155 4190 212 4239 lus
234 4189 465 4255 Ecclesia,
494 4191 593 4243 alia
622 4193 783 4243 totius
808 4192 950 4245 orbis
980 4193 1280 4243 a-stitnanda
1308 4203 1405 4243 est.
1441 4191 1503 4243 lit
1530 4190 1646 4243 Cal-

156 4278 231 4338 liae,
259 4277 538 4343 Britannias,
570 4279 780 4341 Αἰτίαι),
811 4289 862 4331 et
906 4280 1078 4333 l'ersis
1106 4281 1291 4333 Oriens
1321 4290 1374 4334 et
1405 4282 1565 4343 ludia,
1598 4293 1649 4334 et

155 4384 300 4422 omnes
343 4370 569 4424 barbara:
609 4370 846 4422 nationes
891 4386 1047 4422 unum
1093 4370 1355 4424 Christum
1404 4374 1645 4438 adorant,

158 4474 274 4511 uitam
298 4461 562 4514 obsonant
592 4462 820 4527 regulam
854 4461 1103 4513 veritatis.
1136 4461 1191 4513 Si
1235 4468 1537 4524 auctoritas,
1566 4462 1647 4515 iu-

158 4550 257 4610 quit,
284 4553 537 4615 qttmritur,
563 4553 708 4605 orbis
740 4552 904 4617 major
930 4562 1010 4603 cst
1038 4551 1193 4605 Urbe.
1225 4553 1512 4619 Episcopus
1540 4555 1642 4607 llu-

1742 3386 1879 3446 toco,
1920 3384 1969 3435 in
2001 3398 2097 3435 una
2129 3392 2295 3449 petra,
2347 3383 2397 3435 in
2425 3398 2525 3436 uno
2550 3386 2820 3439 foramine.
2858 3386 2965 3441 Una
2998 3388 3141 3441 Raab
3169 3402 3282 3441 me-

1740 3473 1944 3524 retricis
1975 3472 2158 3523 domus
2176 3472 2240 3525 ab
2266 3472 2506 3525 incendio
2532 3471 2741 3526 Jeticlio
2768 3474 2865 3527 sub
2888 3476 3134 3528 coccineo
3164 3476 3285 3528 tuae

1741 3559 1970 3611 salt-ator
2023 3558 2199 3627 (Josue
2244 3575 2299 3625 ιι,
2333 3560 2539 3626 its-2|).
2572 3562 2715 3614 L‘nde
2746 3578 2905 3615 unum
2958 3564 3207 3630 templum
3255 3578 3286 3617 a

1742 3648 2024 3704 Salomone
2075 3650 2412 3703 construitur.
2466 3650 2594 3703 Ecce
2623 3667 2772 3719 quam
2824 3651 3007 3704 bonum
3045 3662 3093 3705 et
3136 3669 3288 3719 quan:

1735 3739 2021 3806 jucundum
2047 3739 2271 3792 habitare
2291 3743 2472 3807 fratres
2499 3742 2551 3792 in
2578 3757 2733 3794 unum
2758 3741 2925 3811 (Paul.
2956 3757 3177 3807 cxxxtn,
3211 3746 3285 3803 l).

1745 3830 1871 3895 Qua:
1894 3834 2068 3883 omnia
2106 3833 2370 3898 quomodo
2399 3834 2465 3886 dc
2490 3838 2693 3899 unitate
2712 3833 2956 3887 Ecclesia:
3007 3837 3283 3903 explanata

1745 3932 1887 3986 Sunt,
1920 3924 2051 3976 bene
2094 3926 2171 3982 (ut
2198 3923 2379 3993 credo)
2409 3925 2739 3977 meministis.
2777 3924 2865 3977 llis
2890 3929 3194 3991 perterritus
3223 3926 3289 3977 atl

1746 4013 1846 4063 alia
1879 4028 1962 4064 me
1989 4014 2243 4077 converti,
2275 4022 2327 4065 et
2350 4014 2519 4066 inveni
2552 4014 2898 4081 Augustinum
2944 4016 3051 4085 (qui
3091 4017 3283 4079 dic.tur

1747 4118 1873 4167 aqua
1902 4104 1967 4154 de
2000 4103 2246 4167 nubibus)
2278 4118 2481 4156 versum
2527 4108 2591 4157 de
2642 4104 2894 4157 l’salterio
2924 4108 3287 4173 explanantem

1750 4195 1883 4244 hunc
1912 4210 1924 4244 :
1954 4190 2052 4243 Per
2082 4193 2213 4244 diem
2248 4193 2324 4245 sal
2362 4210 2458 4246 non
2483 4184 2590 4246 iuet
2639 4207 2704 4259 te,
2751 4212 2906 4262 neque
2936 4200 3056 4248 (una
3081 4214 3168 4265 per
3196 4215 3291 4249 no-

1750 4280 2051 4351 ctent(Psal.
2082 4298 2219 4345 cui,
2238 4284 2311 4349 6).
2338 4284 2432 4336 Per
2457 4286 2593 4337 diem
2617 4306 2641 4334 ιι
2666 4287 2778 4339 sole
2802 4288 2988 4349 uritur,
3013 4289 3099 4351 qui
3132 4303 3284 4351 prava

1750 4372 1814 4423 de
1859 4370 2064 4424 Ultris;o
2101 4372 2289 4432 Sentit;
2342 4380 2393 4424 et
2442 4388 2533 4437 per
2582 4386 2784 4426 noctem
2834 4376 2972 4438 luna,
3010 4378 3098 4444 qui
3127 4393 3286 4445 prava

1752 4464 1816 4516 tlc
1844 4462 2074 4516 Ecclesia
2119 4470 2297 4515 sentit.
2333 4460 2477 4515 Unde
2508 4466 2756 4531 Scriptum
2806 4477 2884 4519 cst
2910 4468 2960 4519 iit
3005 4468 3155 4536 lege:
3192 4468 3291 4535 Qui

1754 4553 2061 4604 ntaletlia'erit
2110 4552 2239 4618 patri
2268 4560 2352 4602 aut
2392 4553 2559 4614 matri,
2610 4562 2765 4605 morte
2805 4558 3048 4608 moriatur
3095 4557 3286 4625 (Exod.

160 4652 247 4698 tuae,
272 4610 371 4691 sive
400 4610 721 4694 Alexandriae
751 4610 1097 4711 (Hicroaym.,
1130 4610 1282 4709 epist:
1302 4642 1389 4705 85,
1417 4610 1485 4695 itd
1516 4647 1644 4697 Iiva-
1676 4610 1723 4669 υ
1751 4660 1861 4705 xxt,
1890 4642 1950 4693 17
1981 4659 1993 4706 ;
2022 4610 2176 4696 Leuit.
2212 4659 2295 4707 xx,
2328 4644 2359 4697 9
2387 4660 2400 4707 ;
2426 4610 2607 4697 Matth.
2639 4660 2724 4709 xv,
2752 4645 2819 4707 4;
2854 4645 3016 4699 Marc.
3046 4610 3141 4711 vii,
3179 4648 3289 4715 10).

160 4727 353 4791 arium).
390 4746 407 4778 ι
459 4736 559 4782 etc.
594 4730 658 4781 Et
702 4740 817 4795 post
856 4734 1160 4797 aliquanta:
1214 4757 1229 4781 I
1264 4733 1421 4797 lliuc,
1454 4736 1646 4801 inquit,

165 4818 367 4875 prasidiis
396 4818 518 4872 fulta
550 4822 728 4873 mundi
762 4822 951 4876 Ariana
998 4824 1171 4877 fretnit
1211 4826 1376 4877 rabies
1409 4842 1421 4879 :
1456 4826 1573 4877 hinc
1599 4830 1647 4877 in

167 4915 242 4956 tres
266 4917 417 4971 partes
443 4909 601 4960 scissa
648 4920 700 4960 rt
748 4908 979 4962 Ecclesia
1026 4913 1089 4963 ad
1117 4928 1173 4965 se
1216 4930 1396 4977 rapere
1441 4914 1650 4966 festinat

168 4999 482 5050 nl~?n:l('iltlt‘tllll
535 5002 752 5051 t'lturutn
803 4999 939 5051 circa
994 5005 1424 5055 couitttoratttittttt
1478 5002 1645 5070 (·Ι‹ι..

170 5083 380 5147 muniis,
408 5095 468 5137 ad
496 5086 820 5155 Damasum).
862 5106 879 5138 ι
915 5106 932 5137 ι
969 5090 1221 5155 Antiqua,
1257 5092 1451 5157 inquit,
1488 5096 1535 5144 iu
1569 5110 1652 5147 me

173 5168 340 5239 insurgit
360 5177 658 5228 auctoritas.
702 5177 808 5245 Ego
832 5178 1038 5230 interim
1068 5179 1275 5229 clauiitu
1308 5198 1318 5229 :
1348 5182 1400 5233 Si
1428 5186 1541 5248 quis
1568 5200 1654 5234 ca-

174 5256 322 5315 thedra:
346 5265 501 5318 sancti
519 5264 670 5318 ‘Petrl
692 5268 959 5333 jungatur,
994 5284 1138 5319 incus
1160 5280 1234 5321 est
1265 5267 1369 5320 ille.
1400 5274 1503 5323 Aut
1531 5288 1654 5339 ergo

179 5346 253 5397 duo
274 5357 567 5407 mentiuntur
597 5366 685 5405 aut
715 5372 893 5409 mones
924 5357 1123 5425 (ωειλ).
1168 5376 1185 5407 ι
1233 5345 1495 5424 Angustim
1528 5364 1654 5414 mihi

179 5441 352 5509 undique
385 5465 396 5499 :
426 5446 480 5500 Si
519 5462 617 5515 ego
663 5445 763 5499 hoc
810 5450 1101 5501 clamat-ero
1146 5466 1261 5501 cum
1316 5450 1651 5519 Hieronymo,

180 5524 409 5586 divinarum
436 5535 819 5604 Scripturarut'n
850 5535 1129 5602 interprete
1150 5548 1201 5590 et
1231 5538 1459 5590 omnium
1491 5541 1657 5593 haue-

183 5617 348 5675 licorutu
373 5624 747 5695 impugnatore,
781 5642 809 5678 a
840 5626 983 5679 vobis
1008 5627 1317 5696 impuguor;
1346 5630 1391 5683 si
1419 5643 1523 5682 non
1555 5632 1658 5686 cla-

189 5817 309 5883 εἰει).
336 5846 352 5876 ι

1751 4735 1884 4799 Quid
1914 4744 2085 4786 autem
2111 4735 2318 4800 pravius
2343 4735 2522 4787 sentiri
2556 4744 2725 4803 potest
2758 4737 2823 4787 de
2846 4736 3074 4788 Ecclesia
3103 4750 3289 4803 matre,

1750 4841 1901 4892 quam
1929 4830 1971 4879 si
1994 4827 2247 4890 dicamus,
2266 4825 2428 4877 Roma
2446 4834 2609 4888 errat,
2630 4826 2980 4893 Hierosolyma
3008 4839 3169 4891 errat,
3188 4833 3299 4884 An-

1752 4915 1939 4966 tiochia
1962 4926 2119 4979 errat,
2147 4926 2283 4966 tutus
2309 4914 2530 4965 mundus
2547 4924 2711 4976 errat;
2738 4915 2832 4967 soli
2863 4926 3057 4969 tantum
3077 4921 3216 4971 Scoti
3242 4932 3295 4971 et

1753 5004 1992 5056 Britones
2018 5016 2214 5055 rectum
2234 5004 2459 5081 sapiunt.
2488 5003 2607 5056 Item
2628 5003 2972 5074 Hieronymus
3004 5025 3014 5057 :
3042 5026 3059 5057 ι
3088 5007 3291 5074 Moyses

1757 5097 1917 5162 inquit
1949 5097 2173 5147 moriens
2208 5096 2492 5162 plangitur;
2538 5096 2690 5150 Jesus
2735 5100 2931 5166 absque
2973 5098 3215 5165 lacrytnis
3242 5100 3295 5151 iit

1756 5197 1929 5237 monte
1982 5185 2247 5250 sepelitur.
2289 5204 2305 5234 ι
2350 5184 2404 5237 lu
2444 5187 2556 5254 lege
2614 5189 2915 5249 tn0rientes,
2966 5188 3063 5240 sub
3088 5188 3291 5242 decima

1754 5286 1937 5339 quarta
1970 5274 2087 5327 luna
2115 5275 2387 5329 Dominum
2418 5278 2783 5344 crucifigeutes
2810 5317 2825 5341 ,
2853 5279 3093 5346 plangam
3126 5296 3139 5341 ;
3199 5295 3241 5331 δι
3261 5280 3293 5330 d

1754 5380 1871 5416 cum
1927 5363 2136 5417 Christo
2183 5379 2511 5433 resurgentes
2556 5369 2605 5419 in
2652 5366 2930 5435 Evangelia
2986 5370 3293 5435 suscipiam.

1759 5456 1994 5507 Occurrit
2022 5457 2143 5509 mihi
2169 5458 2292 5511 item
2322 5457 2639 5524 Augustinus
2693 5470 2904 5511 sanctus
2936 5501 2948 5523 ,
2982 5461 3065 5511 ubi
3113 5470 3295 5510 c0ntra

1763 5556 1895 5598 totas
1924 5546 2147 5603 luere-ses
2169 5550 2267 5602 sub
2292 5551 2635 5603 auathematis
2664 5552 2813 5604 titulo
2837 5551 3086 5615 disputat,
3116 5548 3297 5600 dicens

1767 5646 1989 5691 tessares
2010 5640 2358 5705 cxdecaditae,
2412 5640 2462 5691 id
2492 5648 2594 5708 cst,
2624 5652 2887 5708 quartanae
2912 5639 3127 5691 decima:
3176 5652 3294 5690 esse

233 5759 292 5838 ῘἽ
324 5756 636 5825 “maciam
667 5773 768 5811 “0n
796 5767 964 5826 Ροιεδι
992 5758 1151 5811 Deum
1182 5770 1416 5829 patrem,
1455 5762 1543 5833 qui
1602 5764 1885 5823 Ecclesium
1954 5786 2053 5824 non
2096 5772 2247 5824 habet
2284 5779 2519 5824 matrem.
2556 5769 2845 5838 (Cypr‘itttt.,
2877 5767 2935 5817 ttc
2971 5765 3167 5818 Unttale
3194 5762 3296 5817 Ec-
