3848 6234
568 436 666 493 915

1843 427 2075 482 SANCTI
2115 425 2438 482 CUMMIANI

3630 426 3718 483 976

563 547 792 603 ba-reses
830 560 1009 600 eorum
1039 543 1121 612 qui
1158 542 1349 598 Pascha
1377 542 1577 597 decima
1621 549 1802 609 quarta
1829 541 1947 594 luna
1976 553 2092 595 eum
2125 544 2170 601 Α
2200 550 2249 593 ta
2277 541 2419 603 luna,
2447 542 2497 592 in
2530 537 2697 607 primo
2751 516 2951 601 mense,
2971 536 3023 591 in
3046 538 3375 605 aequinoctio.
3413 555 3430 588 ι
3462 538 3718 595 Scrutami-

562 636 757 690 Judteis
787 636 1001 689 faciunt.
1049 634 1174 687 Item
1208 642 1436 685 tractans
1490 630 1851 698 Evangelium,
1889 631 1953 682 de
2004 632 2103 681 illis

566 722 773 788 inquit:
814 740 834 775 ι
866 723 937 775 Ex
970 720 1334 789 languentibus
1356 734 1514 787 super
1552 720 1800 787 piscinam
1830 733 1989 770 unum
2019 718 2096 771 Je-

560 830 655 867 sus
675 812 829 882 elegit
849 829 1001 881 quem
1032 822 1265 878 sanaret,
1288 814 1406 880 quia
1450 813 1684 881 quisquis
1717 822 1907 880 pra-ter
1929 813 2102 865 uni'a-

567 912 668 954 tem
692 901 865 963 fuerit,
907 902 1029 955 licet
1054 901 1276 964 venerit,
1305 902 1478 954 sanari
1508 915 1611 955 non
1659 910 1847 969 potesL
1874 918 1892 952 ι
1918 901 1982 953 Et
2008 902 2105 953 hoc

568 994 693 1047 mihi
723 992 919 1056 horret,
944 992 1041 1065 nisi
1067 1005 1149 1067 me
1170 991 1471 1044 consulatus
1501 992 1661 1044 vestri
1694 990 1790 1067 fida
1824 992 1958 1042 ratio
1979 990 2105 1041 vali-

567 1081 706 1161 dlori
726 1094 775 1134 ct
802 1081 1011 1134 certiori
1032 1064 1306 1134 sententia:
1353 1080 1619 1147 perducat.
1652 1063 1784 1145 Quid
1819 1078 2003 1148 plura?
2028 1079 2105 1131 Ad

567 1171 807 1241 Gregorii
838 1185 1021 1239 papas,
1072 1171 1215 1224 urbis
1243 1170 1422 1223 Romae
1445 1170 1674 1239 episcopi
1718 1170 1737 1236 (
1786 1184 1816 1224 a
1861 1169 2013 1223 nobis
2054 1168 2105 1221 in

567 1277 841 1315 commune
863 1264 1112 1330 suscepti,
1144 1272 1199 1315 et
1222 1262 1328 1316 oris
1356 1264 1499 1315 aurei
1523 1261 1873 1330 appellatione
1899 1258 2104 1328 donati)

573 1351 728 1404 verba
774 1346 857 1404 ιιιέ
907 1352 1180 1415 converti;
1212 1350 1298 1419 qui
1320 1352 1423 1405 etsi
1482 1360 1595 1418 post
1643 1365 1825 1405 oumes
1876 1351 2104 1418 scripsit,

572 1450 743 1493 tamen
776 1450 855 1494 est
906 1441 1095 1493 merito
1124 1441 1365 1492 Omnibus
1394 1440 1789 1507 pra-ferendus;
1833 1448 1892 1493 et
1937 1440 2109 1494 iuveni

570 1529 713 1582 illum
745 1528 882 1582 hunc
903 1529 1071 1582 locum
1101 1528 1236 1595 apud
1262 1528 1357 1582 Job
1383 1528 1534 1597 (Cap.
1565 1544 1746 1593 xxvnt,
1780 1531 1832 1597 1)
1885 1538 2111 1583 tractau-

569 1628 707 1684 tem;
733 1618 864 1672 Auro
882 1620 1014 1673 locus
1041 1630 1109 1673 est
1126 1621 1177 1672 in
1201 1636 1299 1689 quo
1317 1623 1588 1686 conﬂatur,
1615 1632 1716 1674 etc.
1736 1618 1971 1690 (Grcgor.
1994 1619 2049 1673 Μ
2053 1638 2106 1674 o-

568 1709 665 1760 ral.
690 1710 739 1761 in
760 1706 855 1761 Job
885 1708 970 1763 lib.
1002 1725 1125 1763 xvtu
1153 1710 1196 1778 ).
1226 1713 1421 1763 Aurum
1449 1718 1532 1764 est
1558 1722 1857 1765 sanctorum
1888 1727 2055 1765 massa
2088 1704 2108 1777 ‘;

571 1799 714 1869 locus
740 1800 1084 1862 conflationis,
1128 1802 1303 1854 unitas
1350 1800 1629 1864 Ecclesiae;
1661 1801 1816 1869 ignis,
1844 1803 2109 1855 tribulatio

576 1892 832 1958 martyrii.
872 1890 969 1955 Qui
1011 1905 1135 1958 ergo
1182 1900 1326 1945 extra
1360 1882 1609 1945 unitatem
1659 1890 1897 1944 Ecclesia:
1924 1896 2110 1957 uritur,
2149 1883 2188 1941 Β

575 1981 790 2032 conflari
809 1989 995 2045 potest.
1015 1981 1217 2048 purgari
1233 1994 1333 2048 non
1359 1991 1544 2047 potest.
1563 1979 1708 2033 Unde
1728 1987 1782 2033 ct
1800 1979 1987 2033 Paulus
2010 1983 2077 2033 ait
2098 1998 2110 2032 :

580 2068 639 2123 Si
675 2070 926 2122 tradidero
966 2084 1144 2138 corpus
1172 2085 1335 2121 meum
1362 2079 1413 2121 ut
1436 2071 1660 2132 ardeam,
1705 2068 1991 2122 charitatcm
2022 2087 2115 2121 au-

578 2170 675 2212 tem
704 2174 800 2233 non
826 2159 1052 2223 habeam,
1081 2159 1205 2211 nihil
1231 2159 1352 2211 mihi
1366 2160 1563 2229 prodest
1586 2167 1680 2229 ,let
1701 2158 1898 2227 reliqua
1921 2156 1973 2229 (Ι
1998 2157 2115 2211 Cor.

577 2251 745 2318 xut,5)
758 2290 770 2301 .
790 2248 916 2314 Item
934 2249 997 2303 ad
1011 2251 1247 2304 eumdem
1264 2264 1471 2303 sensum
1487 2250 1903 2315 interpretantem
1918 2259 1969 2301 et
1985 2249 2119 2302 lumc

578 2356 785 2394 versum
810 2341 915 2394 alio
944 2341 1057 2394 loco
1084 2341 1253 2394 inveni
1274 2355 1288 2391 :
1313 2337 1435 2391 Esto
1462 2340 1581 2390 mihi
1604 2340 1654 2391 in
1684 2338 1839 2391 Deum
1871 2348 2118 2405 protecto-

581 2446 685 2481 rem
708 2467 727 2493 ,
755 2439 799 2481 et
812 2431 862 2480 in
895 2430 1058 2481 locum
1081 2430 1347 2492 munitum,
1377 2439 1429 2480 nt
1448 2430 1634 2491 salvum
1656 2444 1731 2480 me
1753 2429 1909 2495 facias
1940 2427 2116 2495 (Psal.

584 2533 730 2581 XXXI,
757 2516 835 2585 5).
854 2518 957 2571 Nec
982 2516 1035 2569 in
1064 2517 1197 2570 ctelo
1226 2517 1441 2584 angelis,
1472 2530 1565 2568 nec
1587 2516 1636 2567 iu
1662 2526 1799 2567 terra
1822 2515 2118 2567 hominibus

581 2606 751 2658 locum
799 2600 1157 2667 munitumﬁd
1188 2612 1288 2667 est,
1316 2614 1480 2657 unum
1533 2604 1728 2655 invenit
1757 2642 1772 2664 ,
1802 2602 1903 2655 nisi
1955 2604 2121 2655 bumio

587 2696 688 2748 lem
712 2694 986 2761 unitatem;
1018 2707 1173 2761 quem
1194 2693 1533 2761 archangelus
1555 2692 1727 2745 amisit
1753 2703 1807 2745 et
1836 2706 1972 2746 nunc
2001 2694 2110 2745 dia-

596 2787 743 2841 bolus
768 2796 873 2851 est,
896 2795 955 2843 et
997 2800 1149 2855 quem
1184 2785 1338 2838 homo
1378 2785 1628 2849 imitatus,
1664 2784 1802 2837 illum
1850 2785 2043 2847 amisit,
2070 2794 2123 2838 ct

590 2893 727 2932 nunc
750 2889 990 2931 mortuus
1034 2891 1134 2932 εει.
1168 2878 1230 2931 Et
1276 2870 1370 2931 hoc
1410 2877 1608 2930 timeo:
1657 2890 1747 2929 vos
1799 2875 2124 2933 considerate

589 2970 985 3035 compaticnter,
1007 2966 1216 3032 fratres,
1246 2968 1288 3020 si
1319 2967 1503 3020 merito
1540 2974 1639 3031 est,
1665 2982 1729 3018 an
1762 2966 1983 3033 ignavia.

622 3096 639 3105 ς
660 3062 930 3114 Postremo
954 3061 1015 3111 ad
1044 3060 1309 3128 cyclorum
1340 3060 1775 3126 computationem
1798 3057 2124 3111 diversorum

578 3152 716 3217 uuid
746 3164 1066 3226 unaquaque
1090 3148 1259 3215 lingua
1282 3148 1346 3200 de
1367 3162 1520 3200 cursu
1544 3147 1668 3200 solis
1682 3147 1880 3200 etlunte
1893 3147 2123 3215 sentiret.

531 3302 535 3306 ἢ
595 3254 876 3293 conversus
890 3247 1046 3303 totus,
1063 3237 1390 3311 licetdiverse
1402 3237 1557 3289 alium
1576 3237 1625 3289 in
1639 3237 1740 3298 die,
1754 3236 1910 3289 alium
1927 3236 1975 3289 in
1989 3236 2132 3301 luna,

605 3329 760 3382 alium
785 3328 837 3380 in
864 3341 1058 3391 mense,
1080 3326 1236 3379 alium
1261 3324 1309 3378 in
1348 3325 1596 3391 bissexto,
1619 3325 1773 3378 alium
1793 3327 1840 3379 in
1857 3335 2055 3392 epacta,
2077 3341 2133 3377 a-

610 3420 731 3471 lium
744 3421 799 3471 in
814 3424 1089 3486 augmento
1107 3414 1268 3468 lunari
1283 3414 1439 3482 (quod
1456 3428 1545 3467 vos
1564 3414 1748 3467 saltum
1763 3414 1974 3482 dicitis),
1992 3415 2135 3467 inve-

607 3512 657 3561 ni
673 3510 843 3579 cyclos
855 3517 1033 3562 contra
1058 3506 1191 3561 hunc
1213 3521 1364 3575 quem
1383 3521 1472 3558 vos
1494 3506 1675 3561 tenetis
1694 3520 1809 3560 esse
1827 3508 2130 3559 contrarios.

613 3600 837 3654 Primum
856 3599 997 3651 illum
1015 3612 1166 3665 quem
1184 3608 1390 3651 sanctus
1407 3596 1655 3650 Patricius
1675 3611 1802 3663 papa
1830 3605 2002 3651 noster
2020 3596 2135 3650 tulit

605 3699 654 3741 et
671 3688 825 3751 facit;
852 3688 902 3739 in
931 3703 1033 3754 quo
1050 3687 1167 3740 luna
1191 3700 1220 3738 a
1242 3686 1435 3739 decima
1450 3694 1624 3754 quarta
1640 3699 1801 3752 usque
1822 3685 1871 3737 in
1892 3685 2135 3751 vigesima

608 3780 773 3846 prima
836 3777 1161 3844 regulariter,
1209 3784 1260 3827 et
1308 3775 1677 3841 arquinoctium
1726 3788 1753 3826 a
1796 3789 1867 3826 xu
1917 3772 2132 3828 Kalend.

608 3868 775 3935 April.
807 3867 1135 3920 observatur.
1168 3862 1408 3919 Secundo
1456 3862 1746 3915 Anatolium
1780 3902 1796 3929 ,
1844 3877 1996 3931 quem
2042 3878 2138 3918 vos

607 3956 855 4012 extollitis
878 3954 1082 4022 quidem
1112 3963 1136 3989 α
1166 3952 1227 4006 ad
1255 3967 1428 4005 veram
1468 3952 1677 4006 Pascha:
1723 3953 1977 4005 rationem
2007 3967 2135 4004 nuu-

610 4060 763 4110 quant
797 4042 1071 4108 pervenire
1121 4052 1212 4093 eos
1260 4039 1342 4106 qui
1387 4038 1588 4108 cyclum
1628 4054 1837 4091 Lxxxun
1886 4054 2135 4092 annorum

610 4132 906 4184 observant.
968 4126 1143 4180 Tertio
1195 4125 1553 4191 TheOpliilum.
1607 4126 1799 4189 Quarto
1838 4125 2150 4193 Dionysium.

605 4222 800 4298 Quinto
829 4215 1097 4285 Cyrillum.
1122 4213 1277 4268 Sexto
1309 4213 1589 4267 Morinum.
1632 4212 1865 4277 Septimo
1895 4215 2132 4280 Augusti-

593 4302 761 4361 'num.
786 4308 980 4361 Octavo
1002 4305 1301 4357 Victorium.
1328 4303 1471 4356 Nono
1484 4301 2139 4378 Pacomiuummonachum

615 4398 830 4466 xligypti
876 4396 1235 4450 cinnobiorum
1292 4394 1661 4457 fundatorcm;
1709 4394 1791 4447 cui
1845 4396 1909 4447 ab
1957 4396 2141 4463 angelo

2201 632 2377 697 nique,
2413 638 2468 682 ut
2491 626 2763 696 Cyrillusb
2792 629 2883 692 ait,
2923 628 3061 696 quod
3089 627 3353 680 ordinavit
3386 629 3604 697 synodus
3640 633 3717 684 bii.

2201 732 2341 771 creua
2382 721 2532 772 lunas
2558 726 2770 785 quartas
2812 715 3044 770 decimas
3088 705 3319 770 omnium
3362 730 3603 772 annorum
3641 736 3720 788 per

2202 808 2735 863 decemnovennalem
2772 808 2973 877 cyclum
3003 808 3179 877 (quem
3210 807 3472 862 Victorius
3500 822 3582 876 per
3601 813 3722 865 vice-

2203 901 2366 954 simas
2412 910 2465 955 et
2512 909 2721 954 octavas
2778 902 2915 953 vices
2969 916 3087 954 cum
3129 899 3378 955 Kalendis
3425 917 3629 969 nuru,
3672 918 3723 959 et

2203 988 2452 1044 bissextis
2502 1004 2696 1047 cxxxut
2726 1028 2741 1053 ,
2791 989 2839 1043 in
2869 991 2920 1043 id
2952 990 3118 1059 ipsum
3158 993 3296 1047 unde
3324 1002 3475 1047 ortus
3506 1003 3581 1048 est
3603 1000 3723 1051 redi-

2205 1092 2262 1130 re
2293 1075 2455 1145 fecit),
2491 1088 2545 1132 ut
2571 1088 2670 1132 non
2704 1080 2944 1134 fallamur
2974 1083 3022 1134 in
3058 1082 3177 1135 luna
3211 1082 3364 1148 primi
3414 1084 3632 1150 mensis;
3678 1096 3725 1141 et

2205 1169 2532 1224 celebremus
2569 1169 2764 1224 Pascha
2792 1170 2844 1223 iu
2874 1170 3113 1239 sequenti
3149 1170 3441 1234 Dominico,
3468 1180 3520 1226 et
3542 1188 3635 1229 non
3660 1174 3725 1227 fa-

2206 1264 2408 1317 ciamus
2436 1265 2484 1315 in
2512 1263 2628 1315 luna
2665 1263 2869 1316 decima
2901 1272 3083 1329 quarta
3111 1277 3228 1315 cum
3258 1263 3455 1318 Iudaeis
3498 1272 3548 1318 et
3581 1266 3727 1320 hare-

2209 1354 2324 1407 ticis
2347 1355 2434 1422 qui
2482 1354 2723 1406 dicuntur
2763 1346 3451 1408 Tesszirescmdccaditae.Et
3494 1354 3726 1407 constitu.

2207 1452 2316 1497 tum
2337 1454 2436 1507 est,
2465 1443 2651 1511 inquit,
2678 1444 2728 1495 iu
2757 1442 3000 1495 omnibus
3017 1442 3257 1511 synodis,
3287 1452 3479 1510 prater
3493 1444 3724 1511 synodum

2208 1536 2558 1602 Gangrensem
2587 1538 2639 1585 et
2684 1531 3079 1595 Czcsarieus‘em,
3140 1538 3196 1584 ut
3239 1546 3346 1584 non
3400 1530 3590 1586 faceret
3635 1532 3727 1586 ulla

2208 1624 2437 1678 Ecclesia
2462 1624 2539 1677 vel
2560 1620 2764 1685 civitas,
2795 1631 2847 1675 et
2878 1621 3045 1674 omnis
3072 1622 3215 1689 regio
3239 1620 3500 1675 contraria
3525 1621 3605 1673 his'
3623 1637 3727 1689 qua:

2209 1725 2397 1770 statuta
2420 1724 2541 1769 sunt
2576 1715 2642 1769 de
2668 1714 2869 1769 Pascha
2891 1715 2941 1768 in
2972 1713 3183 1768 Nicmno
3208 1713 3455 1767 concilio.
3490 1713 3547 1766 Et
3568 1715 3607 1767 si
3634 1729 3725 1767 neu

2210 1805 2507 1875 scripsisset
2551 1807 2781 1875 synodus
2829 1804 3033 1858 Nicaana
3083 1804 3288 1872 cyclum
3323 1804 3551 1857 lunarem
3591 1802 3729 1872 primi

2217 1896 2430 1959 mensis,
2461 1895 2727 1949 sufﬁceret
2749 1894 2927 1964 cyclus
2951 1903 2973 1932 ε
2995 1894 3176 1960 lapidis
3201 1892 3437 1948 selenitis
3466 1896 3513 1946 in
3546 1892 3733 1948 Perside

2216 1986 2279 2037 ad
2304 1985 2597 2051 exemplum
2627 1984 2844 2037 rationis
2869 1983 3126 2051 paschalis
3156 1999 3170 2047 ;
3197 1984 3350 2050 cujus
3379 1982 3571 2036 calidor
3610 1981 3726 2037 inte-

2217 2078 2325 2129 rior
2350 2089 2467 2127 cum
2510 2074 2649 2126 luna‘
2680 2074 2831 2140 primi
2869 2074 3062 2127 mensis
3109 2074 3300 2127 crescit
3337 2081 3389 2137 et
3419 2072 3679 2127 decrescit.
3714 2092 3729 2122 ι

2220 2164 2283 2218 Ut
2306 2179 2405 2216 non
2447 2160 2696 2217 faciamus
2717 2176 3046 2216 communem
3068 2161 3132 2215 de
3158 2159 3467 2216 embolismo
3488 2171 3537 2213 et
3566 2153 3735 2213 embo-

2218 2256 2423 2307 lismum
2444 2253 2509 2306 de
2536 2267 2831 2317 commune,
2862 2252 2911 2305 id
2935 2260 3034 2312 est.
3060 2253 3269 2305 brevem
3298 2263 3492 2302 annum
3519 2249 3733 2303 luuaiem

2218 2360 2289 2396 xu
2344 2345 2598 2397 mensium
2638 2344 2703 2396 de
2735 2344 2910 2411 longo,
2944 2343 2994 2395 id
3046 2351 3125 2396 est
3176 2357 3285 2403 xut,
3334 2344 3383 2394 in
3437 2355 3539 2410 quo
3563 2341 3736 2395 aborti-

2219 2450 2331 2486 vam
2358 2435 2530 2486 lunam
2554 2431 2807 2486 fallaciter
2849 2433 3143 2486 celebratis.
3171 2432 3236 2486 L't
3286 2431 3336 2483 in
3365 2430 3529 2499 primo
3575 2446 3738 2485 mense

2221 2525 2270 2576 in
2315 2523 2511 2577 unitate
2538 2522 2787 2576 Ecclesiae
2826 2536 3004 2575 verum
3035 2534 3221 2589 agnum
3250 2522 3359 2573 veri
3392 2520 3625 2575 lsraelitzc
3650 2522 3735 2573 i'm-

2222 2613 2529 2665 maculatum
2577 2610 2894 2664 immaculati
2945 2610 2997 2662 in
3043 2625 3141 2661 una
3170 2614 3339 2674 domo,
3380 2610 3513 2664 sicut
3563 2624 3739 2678 praece-

2223 2713 2360 2770 ptum
2389 2712 2468 2756 est
2496 2701 2686 2770 (Exod.
2718 2715 2809 2762 xu,
2852 2698 2942 2769 46)
2966 2701 3319 2753 comedamus.
3363 2702 3420 2754 In
3451 2716 3548 2767 quo
3577 2715 3739 2753 mettse

2221 2788 2399 2843 eduxit
2441 2788 2569 2842 Cain
2597 2787 2725 2841 Abel
2767 2786 2966 2853 justum
3006 2788 3055 2839 iu
3095 2803 3336 2855 campum
3390 2798 3445 2841 ut
3494 2789 3741 2843 occideret

2223 2898 2363 2947 cum,
2395 2881 2445 2935 in
2477 2890 2599 2949 typo
2643 2878 2831 2933 Christi
2872 2879 3042 2933 educti
3095 2879 3144 2931 in
3174 2879 3472 2947 praetorium
3517 2879 3654 2933 Pilati
3696 2882 3738 2932 iu

2221 2984 2365 3027 sexta
2392 2970 2540 3024 feria.
2581 2968 2710 3033 Quia
2754 2967 2804 3020 in
2834 2969 3015 3022 eadem
3047 2965 3130 3021 die
3149 2979 3433 3035 conreptus
3457 2970 3673 3022 creditur
3697 2970 3740 3021 in

2223 3069 2391 3124 utero,
2423 3071 2475 3113 et
2526 3067 2760 3112 mortuus
2786 3056 2939 3110 estin
2971 3070 3125 3109 cruce
3150 3072 3165 3120 ;
3195 3057 3318 3108 dum
3370 3058 3421 3107 iu
3464 3068 3601 3109 sexta
3630 3055 3744 3109 feria

2236 3158 2468 3201 mortuus
2507 3154 2589 3200 est
2610 3146 2775 3201 Adam
2801 3146 2852 3199 in
2882 3146 3051 3199 anima
3091 3159 3182 3213 pro
3207 3155 3422 3213 peceato
3446 3147 3495 3200 in
3524 3147 3743 3216 paradiso

2236 3247 2287 3290 et
2309 3238 2357 3287 iu
2383 3236 2561 3287 eadem
2592 3233 2675 3288 die
2712 3233 2840 3287 obiit
2866 3235 2915 3286 in
2944 3248 3182 3298 corpore.

2300 3325 2422 3377 llirc
2446 3326 2675 3390 probate,
2700 3324 2742 3375 si
2774 3322 2951 3387 vultis;
2975 3323 3017 3376 si
3049 3337 3172 3385 non,
3198 3324 3487 3377 renuntiate
3500 3324 3745 3378 catholicis

2234 3414 2574 3470 testimoniis:
2607 3415 2649 3466 si
2674 3427 2770 3465 nec
2798 3421 3092 3478 utrumque,
3138 3411 3343 3479 utrique
3389 3415 3487 3467 hoc
3514 3414 3741 3466 dicamus.

2236 3507 2417 3560 Omnes
2465 3519 2555 3555 nos
2607 3501 2923 3568 manifestari
2966 3510 3154 3568 Oportet
3182 3512 3297 3552 ante
3321 3502 3537 3553 tribunal
3564 3501 3743 3567 Christi,

2234 3609 2286 3648 ut
2312 3597 2496 3663 referat
2519 3593 2853 3661 unusquisque
2880 3594 3085 3659 propria
3114 3592 3341 3658 corporis
3360 3589 3411 3655 (ι
3421 3589 3447 3642 1
3461 3590 3745 3659 Cor.v,ftl).

2236 3684 2297 3737 Et
2319 3701 2417 3737 non
2446 3683 2733 3751 iudicemus
2770 3690 2883 3733 ante
2905 3690 3111 3749 tempus,
3139 3680 3293 3732 donec
3335 3682 3498 3733 veniat
3523 3682 3599 3748 qui
3635 3680 3745 3731 illu-

2236 3777 2439 3827 minabit
2482 3775 2674 3826 occulta
2726 3772 3064 3835 tenebrarum,
3102 3782 3146 3825 et
3192 3773 3528 3841 manifestabit
3566 3774 3744 3825 consilia

2236 3868 2460 3920 cordium
2486 3864 2536 3934 (Ι
2570 3864 2686 3919 Cor.
2735 3878 2807 3930 Iv,
2850 3860 2924 3935 5).
2962 3861 3026 3914 Et
3057 3878 3069 3913 :
3103 3860 3275 3915 Nolite
3294 3865 3545 3931 judicare,
3588 3873 3636 3914 ut
3661 3878 3744 3913 non

2230 3956 2519 4026 judiccmini
2548 3971 2565 4019 ;
2590 3958 2641 4007 in
2667 3969 2766 4024 quo
2788 3954 2918 4006 enim
2951 3943 3145 4021 judicio
3188 3954 3545 4019 jttdicareritis,
3567 3953 3744 4022 judica-

2237 4047 2367 4098 bitur
2394 4046 2455 4096 de
2474 4046 2606 4096 vobis
2638 4042 2951 4111 (Matth.’vu,
2986 4041 3032 4103 l,
3057 4040 3131 4110 2).
3162 4040 3253 4093 Et:
3279 4040 3624 4110 Quidyudicas
3643 4044 3743 4095 alie.

2238 4149 2355 4184 num
2384 4120 2576 4185 serbum
2603 4133 2624 4183 ?
2652 4130 2869 4182 Domino
2896 4145 2986 4183 suo
3006 4138 3100 4181 stat
3129 4138 3213 4181 aut
3242 4132 3742 4199 radit(liom.xrv,4).

2239 4224 2380 4276 Onus
2400 4232 2481 4276 est
2505 4222 2669 4283 vobis,
2694 4231 2743 4274 ut
2768 4222 2943 4285 video,
2982 4221 3118 4288 quod
3148 4224 3285 4288 dico,
3315 4238 3448 4276 onus
3472 4234 3549 4277 est
3568 4235 3615 4279 et
3638 4224 3743 4276 m;bi

2240 4310 2375 4378 quod
2418 4309 2614 4371 dicitis,
2658 4308 2754 4361 nisi
2786 4310 2955 4363 verbis
2980 4310 3259 4377 Scriptura:
3300 4323 3495 4364 sancta:
3528 4314 3745 4377 probave-

2242 4402 2373 4455 ritis.
2387 4402 2553 4454 Onera
2570 4414 2693 4467 ergo
2714 4410 2889 4453 nostra
2918 4399 3136 4453 invicem
3152 4410 3448 4466 portemus;
3467 4403 3598 4454 etsic
3612 4403 3745 4453 adiui-

621 4491 753 4542 ratio
780 4488 987 4541 Paschae
1015 4487 1203 4538 dictata
1232 4494 1331 4537 est.
1357 4484 1566 4537 Decimo
1592 4490 1935 4537 trecentorum
1960 4484 2137 4538 decem
2172 4521 2216 4579 υ
2242 4491 2667 4560 plebimttslegcttt
2684 4490 2871 4543 Christi
2892 4488 3077 4559 (Gutat.
3099 4487 3328 4557 vi,2).Si
3344 4491 3620 4543 enimalter
3634 4494 3743 4543 alte-

619 4591 671 4631 ct
702 4588 817 4631 octo
841 4577 1197 4644 episcoporum
1248 4572 1750 4626 decennovennalcm
1780 4575 1978 4640 cyclum
2027 4576 2136 4641 (qui

619 4670 794 4721 Graece
822 4662 1326 4721 enneacedcciterida
1354 4662 1562 4728 dicitur)
1607 4661 1657 4711 in
1685 4675 1785 4727 quo
1813 4661 2028 4715 Kalend.
2057 4664 2142 4717 Ju-

622 4760 783 4810 nuarii
810 4757 1047 4823 lutumque
1086 4752 1318 4821 ejusdem
1344 4748 1447 4804 diei
1492 4757 1544 4803 et
1587 4748 1734 4801 initia
1771 4749 1919 4815 primi
1947 4751 2143 4805 mensis

621 4847 882 4914 ipsiusque
908 4844 1119 4896 decima:
1155 4851 1350 4908 quarta:
1379 4839 1515 4892 luna:
1543 4846 1686 4892 recto
1704 4837 1822 4906 jure
1850 4852 1911 4890 ac
1948 4838 1990 4890 si
2018 4854 2143 4906 quo-

616 4944 733 4991 dam
757 4934 1043 4989 clarissimo
1068 4932 1291 4993 tramite,
1320 4929 1622 4997 ignorantiae
1658 4929 1851 4982 relictis
1894 4930 2140 4992 tenebris,

620 5026 865 5082 studiosis
894 5024 1181 5091 quibusque
1208 5019 1406 5071 cunctis
1449 5017 1771 5086 temporibus
1816 5025 1938 5071 sunt
1985 5018 2145 5071 adno-

623 5125 765 5176 tatur,
804 5112 993 5181 quibus
1024 5107 1279 5179 paschalis
1304 5104 1605 5158 solemnitas
1636 5104 1973 5176 probabiliter
2003 5107 2146 5159 inve-

619 5205 717 5256 niri
757 5210 940 5267 potest.
968 5200 1112 5251 llunc
1141 5194 1309 5249 inveni
1340 5192 1485 5245 valde
1508 5191 1625 5245 huic
1648 5192 1833 5261 (cujus
1860 5206 2142 5257 auctorem,

620 5296 811 5351 locum,
847 5296 1045 5355 tempus
1071 5287 1324 5339 incertum
1355 5281 1628 5346 habemus)
1668 5295 1785 5335 esse
1831 5283 2142 5336 contrarium

623 5384 674 5433 iu
706 5374 972 5435 Kalendis,
1022 5374 1072 5425 in
1100 5374 1349 5437 bissexto,
1382 5371 1429 5423 in
1457 5377 1657 5437 epacta,
1688 5370 1738 5422 in
1776 5369 1972 5424 decima
1994 5387 2142 5440 quar-

689 5500 713 5524 α
741 5486 1068 5541 Desideratur
1135 5484 1217 5535 hic
1261 5482 1468 5550 aliquid,
1526 5480 1591 5533 de
1613 5494 1714 5547 quo
1754 5480 1970 5532 videnda
2014 5481 2141 5535 Wil.

620 5556 1023 5623 fritlidisputatio
1044 5551 1413 5623 apudBedam,
1430 5552 1517 5603 lib.
1545 5566 1600 5623 ut
1628 5550 2139 5623 liistor._eceJesi;ist,

620 5642 733 5689 cap.
782 5617 870 5688 23,
896 5634 948 5677 et
979 5617 1221 5681 Aitlelmi,
1250 5621 1385 5689 inter
1420 5621 1665 5687 epistolas
1691 5617 1969 5684 Bonifacii,
2004 5622 2137 5673 Edit.

624 5687 944 5757 ungunt.“
975 5691 1128 5753 1605,
1154 5704 1267 5755 pag.
1294 5687 1381 5757 59.
1414 5755 1437 5757 Α
1470 5756 1473 5757 ν
1554 5756 1563 5757 ί
1644 5716 1647 5717 ν

691 5755 814 5812 δἸίῖι
840 5762 1022 5813 lacinia
1046 5760 1285 5824 epistolzn
1304 5755 1477 5821 Cyrilli
1506 5756 1567 5809 ad
1616 5756 1892 5826 synodum,
1924 5758 2140 5811 Cartha—

2240 4582 2346 4631 rius
2372 4582 2714 4646 percutiamus
2746 4579 3000 4630 infirmam
3029 4578 3399 4632 conscientiam
3428 4578 3481 4648 (I
3508 4578 3619 4633 Cor.
3642 4594 3739 4640 vut,

2238 4668 2347 4734 11),
2398 4669 2448 4720 in
2474 4665 2681 4720 Christo
2712 4680 3007 4733 peccamus.
3039 4666 3092 4718 Si
3121 4682 3300 4719 sanum
3347 4671 3596 4737 sapimus,
3621 4672 3743 4723 vobis

2238 4754 2556 4821 sapimus;si
2587 4763 2760 4805 mente
2780 4752 3085 4816 excidimus,
3114 4754 3217 4808 Deo
3237 4753 3320 4820 (Il
3348 4756 3468 4810 Cor.
3501 4773 3549 4816 v.
3580 4756 3743 4825 13);si

2239 4844 2475 4903 vivimus,
2508 4840 2722 4893 Domino
2764 4840 3013 4903 vivimus;
3041 4843 3082 4894 si
3108 4842 3378 4905 morimur,
3408 4842 3624 4898 Domino
3650 4858 3743 4896 tuo-

2241 4931 2419 4991 rimur,
2452 4929 2568 4995 quia
2603 4927 2802 4979 Domini
2844 4943 3021 4981 sumus
3050 4929 3225 4997 (Rom.
3280 4945 3386 4996 xlv,
3420 4931 3495 4999 8).
3519 4932 3743 4985 Obscen-

2240 5034 2354 5071 mus
2376 5034 2467 5070 νυε
2494 5034 2585 5085 pro
2619 5017 2845 5084 Christo,
2890 5029 2943 5073 ut
2969 5036 3069 5072 non
3103 5022 3249 5073 nobis
3276 5020 3630 5089 improperetis
3646 5039 3743 5077 cum

2242 5116 2403 5159 umtre
2426 5117 2620 5166 nostra,
2653 5109 2771 5174 quia
2794 5111 2963 5161 cuiuis
2988 5108 3193 5160 soboles
3216 5124 3322 5161 sua:
3345 5113 3522 5165 matris
3542 5118 3744 5179 speciem

2242 5196 2486 5247 imitatur.
2547 5194 2691 5249 Unde
2744 5196 3025 5261 accipimus
3052 5179 3311 5263 spiritum,
3342 5202 3460 5255 inde
3484 5216 3743 5270 spzramtn;

2242 5282 2604 5350 loqiiairitateiii
2637 5293 2864 5335 nostram
2892 5297 3055 5335 vestra
3086 5286 3265 5339 tiduma
3298 5299 3524 5355 praestat.

2312 5376 2462 5427 Anno
2486 5375 2639 5441 igitur
2662 5375 2739 5441 (ut
2762 5372 3001 5443 praedixi)
3029 5390 3259 5441 emenso,
3279 5380 3427 5446 juxta
3456 5380 3745 5437 Deutet'ouo-

2242 5487 2523 5555 giuiensem
2557 5487 2728 5545 inepte
2771 5495 2967 5547 assuta,
2998 5489 3061 5541 de
3088 5502 3185 5555 qua
3246 5494 3593 5549 emisuleudus
3622 5493 3747 5546 Pctao

2243 5560 2412 5629 vinus.
2445 5554 3010 5629 Uncti-iu.temporum,
3050 5554 3172 5609 tom.
3202 5555 3251 5625 Ι,
3284 5574 3397 5629 pag.
3428 5562 3518 5629 22,
3550 5571 3603 5617 et
3634 5572 3743 5614 tota.

2244 5619 2738 5690 11,..ag.sos,sut.
2806 5619 2818 5621 '
3237 5619 3297 5626 "
3346 5619 3375 5629 ν
3502 5619 3517 5629 ’
3620 5634 3625 5639 -

2316 5704 2336 5728 ε
2367 5691 2493 5765 Vide
2518 5690 2914 5765 Qau‘tasciumiu
2949 5692 3064 5745 Vita
3093 5694 3292 5763 lsidori,
3316 5698 3452 5765 apud
3504 5696 3744 5763 Pbotium,

2247 5778 2358 5830 pag.
2390 5758 2511 5825 563,
2538 5759 2656 5823 509,
2684 5762 2805 5813 edit.
2838 5762 3005 5812 (ἔπι-ρ.
3043 5778 3057 5790 ’
3222 5782 3225 5783 ν
