3820 6326
102 396 198 448 977

765 401 961 456 LIBER
1003 403 1086 485 DF
1126 403 1451 463 MENSURA
1495 405 2100 468 PCENITENTIARUM.
2137 442 2207 455 —
2244 415 2626 475 PREFATIO.

3182 430 3292 484 978

97 510 230 563 mica
258 510 432 581 (Dm.
470 527 635 578 xxxii,
662 522 738 591 7),
766 516 1267 587 interregni-patres
1305 536 1439 572 meos
1462 530 1513 574 ut
1540 536 1636 571 mt-
1668 523 1713 581 Α
1740 523 1951 595 Scytha,
1980 539 2031 581 et
2052 527 2382 598 Egyptiaco,
2412 531 2461 586 in
2502 532 2722 587 ecclesia
2758 535 2923 589 sancti
2957 533 3092 589 Petri
3131 539 3289 595 simul

93 600 377 654 nuntiarent
402 602 545 667 mihi,
574 608 791 676 majores
834 623 966 661 meos
1016 621 1067 661 ut
1096 611 1312 664 dicerent
1343 613 1465 664 mihi
1490 613 1644 681 (suc-

92 703 328 743 cessores
359 691 600 746 videlicet
626 704 921 748 nostrorum
951 706 1153 765 patrum
1178 702 1430 765 priorum,
1469 701 1645 756 Ailbei
1680 697 1697 773 "
1742 702 1979 769 fuerunt;
2033 714 2087 760 et
2132 718 2252 762 ante
2289 719 2465 764 sancta
2509 710 2584 764 sic
2624 712 2793 778 testati
2820 706 2961 766 'sunt
2995 714 3175 777 nobis,
3215 691 3292 768 tli-

88 776 339 843 episeopi.
392 779 617 845 Queratii
672 782 1020 849 Coloniensis,
1079 787 1346 853 Breudini,
1400 790 1639 853 Nessani,

90 864 312 935 Lugidi),
344 870 470 938 quid
500 875 755 939 sentirent
778 874 844 929 de
871 880 1411 934 excommunicatione
1440 891 1639 945 nostra,

86 971 111 1007 a
132 960 448 1023 supradictis
462 962 676 1016 sedibus
697 966 997 1031 apostolicis
1019 966 1171 1021 facta.
1201 971 1263 1022 At
1288 970 1387 1035 illi,
1416 984 1639 1035 Congre-

84 1044 181 1110 gati
226 1046 281 1099 in
313 1064 495 1113 unum,
518 1051 652 1119 alius
680 1065 775 1119 per
818 1066 897 1118 se,
935 1055 1070 1108 alius
1098 1069 1193 1125 per
1220 1057 1446 1123 legatum
1486 1073 1637 1111 suum

86 1139 193 1192 vice
220 1154 317 1194 sua
346 1142 583 1207 missum,
615 1145 667 1197 in
694 1159 883 1212 campo
910 1146 1050 1200 Lene
1084 1158 1386 1211 sanxerunt,
1411 1160 1463 1202 et
1490 1151 1639 1204 dixe-

84 1236 228 1279 runt:
265 1246 284 1279 ι
334 1230 650 1286 Decessores
678 1235 839 1287 nostri
881 1229 1256 1291 mandaierunt
1300 1253 1393 1306 per
1420 1240 1638 1295 idoneos

88 1324 260 1379 testes,
290 1318 426 1372 alios
472 1320 727 1386 viventes,
776 1323 905 1377 alios
948 1324 1005 1377 in
1049 1339 1177 1392 pace
1204 1325 1549 1392 dormientes,
1582 1338 1637 1382 ιιι

82 1402 290 1456 meliora
333 1416 392 1460 et
430 1408 630 1485 potiora
662 1411 877 1477 probata
905 1427 935 1465 a
963 1414 1104 1467 ionte
1125 1413 1369 1481 baptismi
1391 1418 1561 1471 nostri
1583 1427 1638 1472 et

78 1492 345 1557 sapientia:
376 1505 429 1549 et
456 1502 845 1556 successoribus
887 1505 1244 1571 apostolorum
1278 1507 1492 1562 Domini
1544 1509 1635 1563 de-

81 1584 178 1636 lata
205 1588 327 1641 sine
372 1592 617 1658 scrupulo
664 1591 933 1647 humiliter
970 1608 1314 1651 sumeremus.
1364 1617 1382 1650 ι
1433 1599 1552 1653 Post
1580 1601 1631 1652 in

78 1694 355 1734 commune
404 1694 759 1748 surrexerunt,
807 1693 862 1738 et
912 1700 1071 1754 super
1102 1688 1199 1740 hoc
1225 1690 1517 1743 orationem
1551 1690 1631 1752 (ut

78 1769 227 1823 moris
271 1770 380 1837 est)
420 1772 567 1824 nobis
596 1773 1015 1839 celebraverunt,
1045 1785 1102 1829 ut
1142 1776 1337 1830 Pascha
1362 1794 1479 1833 cum
1512 1780 1629 1831 uni-

1745 617 1794 666 in
1830 616 2026 669 Pascha
2067 619 2143 683 (in
2196 634 2300 687 quo
2339 635 2519 675 mense
2570 622 2768 690 integro
2810 622 3055 690 disjuncti
3087 632 3291 696 sumus)

1741 801 1950 847 centes:
1988 812 2007 846 ι
2049 795 2150 857 Per
2171 806 2336 851 totum
2368 798 2550 853 orbem
2577 810 2828 853 terrarum
2861 802 2957 854 hoc
2984 802 3203 869 Pascha,
3238 814 3295 857 ut

1741 884 1960 951 scimus,
1991 886 2303 942 celebratur.
2360 906 2379 939 ι
2429 890 2496 944 Et
2534 904 2628 943 nos
2656 891 2706 945 in
2733 890 2963 959 reliquiis
2988 902 3289 947 sanctorum

1741 968 2056 1045 martyrum,
2088 988 2138 1031 et
2164 979 2435 1045 scripturis
2460 995 2586 1045 quas
2614 981 2915 1047 attulerunt,
2959 982 3292 1051 probavimus

1740 1064 1912 1118 inesse
1941 1066 2187 1121 virtutem
2231 1068 2344 1123 Dei.
2391 1069 2625 1125 Vidimus
2650 1071 2815 1125 oculis
2846 1074 3038 1127 nostris
3066 1074 3288 1139 puellam

1736 1168 1927 1209 raucam
1964 1160 2179 1211 omnino
2206 1159 2270 1213 ad
2313 1160 2408 1214 has
2447 1161 2691 1227 reliquias
2717 1164 2896 1218 oculos
2940 1166 3286 1233 aperientem,

1735 1254 1788 1299 et
1850 1248 2189 1318 paralyticum
2253 1252 2645 1322 ambulantem,
2710 1264 2763 1309 et
2818 1257 2981 1311 multa
3028 1259 3289 1312 ᾱωιιιωιιιε

1735 1335 1928 1402 ejecta.

1807 1424 1927 1478 lltcc
1953 1424 2082 1491 dixi,
2117 1442 2221 1482 non
2252 1438 2306 1481 ut
2329 1445 2419 1483 vos
2446 1430 2827 1500 impugnarem,
2870 1434 2961 1488 sed
3012 1444 3065 1489 ut
3105 1451 3190 1491 me
3235 1447 3287 1492 ut

1735 1514 2118 1581 uy‘cticoracem
2174 1518 2227 1571 in
2280 1519 2546 1574 domicilio
2582 1521 2873 1575 latitantem
2924 1523 3282 1579 defenderem.

1730 1603 1832 1656 Sed
1856 1604 1899 1657 si
1926 1606 2046 1672 quid
2075 1607 2206 1661 forte
2238 1608 2523 1674 impolitum
2542 1610 2624 1663 vel
2644 1610 2883 1663 vitiosum
2904 1625 2996 1680 per
3015 1613 3282 1667 immunda

1732 1698 1863 1751 labia
1907 1700 2034 1765 dixi,
2072 1701 2230 1767 bicipi
2272 1704 2390 1757 labii
2420 1706 2578 1759 vestri
2628 1708 2822 1771 forcipe
2874 1722 2965 1774 per
3002 1706 3279 1775 igniferum

1731 1786 1989 1841 lsaianum
2019 1790 2199 1844 altaris
2232 1792 2319 1845 Dei
2350 1793 2633 1847 carbonem
2662 1795 2855 1862 tangite
2892 1793 3041 1862 (luti.
3081 1810 3151 1861 vt,
3194 1794 3279 1860 6i,

77 1858 253 1909 vet-sali
281 1858 521 1912 Ecclesia
546 1860 597 1913 in
627 1860 801 1915 futuro
829 1876 966 1916 anno
994 1866 1341 1920 celebrarent.
1384 1866 1486 1922 Sed
1521 1884 1618 1922 non

1728 1889 1780 1931 et
1811 1882 2117 1949 praeputium
2146 1882 2323 1938 inculti
2350 1885 2471 1955 logii
2501 1884 2684 1939 bifaris
2711 1896 2793 1939 ter
2812 1886 3078 1953 quaternis
3098 1887 3279 1941 cultris

75 1957 183 2012 post
206 1947 682 2005 multumsurrexit
707 1952 918 2021 quidam
941 1953 1112 2017 paries
1139 1954 1431 2022 dealbatus,
1464 1960 1627 2012 tradi-

72 2036 259 2087 tionem
311 2036 578 2091 seniorum
620 2026 833 2095 servare
872 2056 930 2097 se
964 2042 1237 2110 simulans,
1288 2046 1372 2111 qui
1405 2058 1623 2116 utraque

71 2139 166 2177 non
194 2125 313 2179 fecit
344 2142 535 2192 unum,
551 2129 640 2184 Sed
666 2129 863 2194 divisit,
892 2142 942 2185 et
973 2134 1178 2187 irritum
1228 2149 1291 2187 ex
1338 2146 1481 2201 parte
1503 2136 1623 2190 fecit

70 2215 200 2279 quod
232 2218 554 2283 promissum
580 2227 680 2286 est,
712 2234 868 2285 quem
901 2220 1153 2274 Dominus
1180 2224 1260 2287 (ut
1286 2226 1462 2290 spero)
1494 2239 1621 2291 per-

70 2305 224 2357 cutiet
253 2321 467 2375 quoquo
512 2309 665 2360 modo
706 2308 946 2363 voluerit.
990 2311 1186 2366 Deinde
1218 2314 1383 2367 visum
1428 2325 1509 2368 est
1536 2330 1621 2368 se-

69 2392 292 2446 nioribus
342 2396 555 2457 nostris,
609 2396 757 2462 juxta
805 2398 1129 2463 mandatum,
1190 2412 1241 2454 ut
1271 2404 1314 2455 si
1346 2401 1621 2456 diversitas

68 2482 242 2537 orbata
288 2482 450 2537 fuerit
499 2483 633 2540 inter
668 2500 917 2552 causam,
960 2500 1012 2542 et
1060 2492 1337 2544 variaverit
1370 2492 1618 2559 judicium

66 2574 197 2642 inter
246 2575 451 2640 lepram
505 2586 559 2630 et
602 2593 704 2631 non
757 2579 973 2645 lepram,
1007 2579 1143 2633 irent
1170 2581 1233 2633 ad
1269 2579 1437 2638 locum
1466 2600 1618 2651 quem

65 2663 215 2731 elegit
261 2664 516 2719 Dominus
548 2665 721 2737 (Deut.
758 2682 892 2733 xvtt,
922 2670 1007 2734 8);
1048 2679 1104 2723 ut
1140 2670 1183 2723 si
1214 2683 1385 2725 causa:
1431 2673 1621 2727 iuerint

67 2754 307 2821 majores,
331 2754 480 2821 juxta
508 2755 775 2809 decretum
805 2757 1215 2825 synodicum,ad
1233 2768 1391 2828 caput
1409 2761 1617 2815 urbium

63 2846 167 2897 sint
191 2842 505 2898 referendae.
553 2846 789 2899 Misimus
816 2862 947 2913 quos
990 2850 1230 2902 novimus
1270 2850 1531 2916 sapientes
1563 2862 1618 2906 et

66 2931 282 2985 humiles
304 2947 445 2995 esse,
483 2934 621 2987 velut
651 2946 800 2987 natos
826 2934 890 2988 ad
923 2944 1164 2990 matrem.
1211 2938 1274 2991 Et
1304 2955 1616 3009 prosperum

70 3021 161 3071 iter
202 3022 252 3073 in
298 3022 571 3078 voluntate
599 3024 687 3079 Dei
717 3024 992 3091 habentes,
1021 3035 1075 3081 et
1103 3028 1169 3081 ad
1196 3016 1411 3084 Romam
1437 3033 1616 3088 urbem

69 3110 222 3177 aiiqui
274 3126 339 3165 ex
390 3113 469 3179 eis
508 3113 805 3179 venientes,
847 3117 1000 3173 tertio
1034 3135 1174 3176 anno
1210 3124 1273 3177 ad
1316 3139 1410 3180 nos
1455 3142 1619 3195 usque

64 3197 433 3265 pervenerunt.
464 3202 530 3256 Et
558 3206 634 3259 sic
672 3208 847 3262 omnia
878 3208 1116 3265 viderunt
1159 3212 1296 3266 sicut
1321 3216 1615 3279 audierunt,
1648 3205 1693 3265 C

64 3290 146 3343 sed
175 3301 227 3344 et
257 3292 414 3348 valde
433 3295 679 3363 certiora,
728 3307 911 3367 utpote
939 3300 1048 3355 visa
1071 3316 1227 3372 quam
1251 3304 1448 3372 audita,
1467 3306 1614 3360 inve~

63 3390 265 3438 nerant.
298 3384 367 3438 Et
396 3386 447 3439 in
482 3401 587 3441 uno
612 3387 837 3458 hospitio
876 3405 996 3446 cum
1029 3392 1237 3458 Graeco,
1274 3404 1327 3449 et
1366 3395 1609 3461 Hebraeo,

1730 1972 1989 2028 Ben-Non
2036 1976 2209 2043 quinis
2238 1976 2387 2031 denis
2415 1977 2649 2045 digitulis
2679 1978 2901 2031 humatis
2950 1992 3068 2031 cum
3115 1979 3279 2045 plebis

1727 2064 1997 2130 praecidite
2051 2066 2242 2133 prioris
2298 2069 2569 2135 praeputiis
2602 2066 2780 2139 (Josue
2807 2082 2857 2133 v,
2891 2068 2968 2137 3).
3006 2068 3159 2122 Nefas
3203 2077 3283 2122 est

1724 2154 1863 2207 enim
1892 2148 2061 2207 errata
2116 2165 2200 2208 tua
2252 2170 2354 2207 non
2382 2146 2703 2226 agnoscere,
2748 2165 2801 2210 et
2826 2159 3025 2224 prolata
3054 2158 3279 2211 certiora

1730 2261 1832 2297 non
1864 2245 2170 2311 approbare.
2200 2245 2571 2301 lltereticor‘um
2605 2257 2684 2301 est
2711 2247 2919 2314 pmprie
2957 2250 3274 2301 sententiam

1725 2348 1869 2385 suam
1902 2348 2004 2387 non
2033 2332 2318 2403 corrigere,
2364 2337 2519 2391 malle
2550 2351 2852 2404 perversam
2891 2351 3046 2405 quam
3076 2347 3280 2391 mutare

1724 2424 1993 2479 defensam
2064 2424 2254 2479 Scienti
2301 2429 2480 2480 etenim
2522 2428 2703 2480 bonum
2737 2428 2921 2497 facere,
2971 2436 3018 2479 et
3064 2443 3163 2479 non
3203 2430 3279 2495 fa-

1721 2516 1890 2580 cienti,
1938 2526 2197 2585 peccatum
2243 2529 2316 2571 ett
2370 2518 2445 2571 illi
2482 2517 2617 2585 (Jac.
2662 2533 2733 2583 tv,
2766 2516 2876 2585 l7).
2909 2518 3114 2572 Peccati
3153 2533 3277 2571 vero

1722 2607 2035 2673 stipendium
2065 2622 2206 2662 mors
2228 2618 2307 2662 est
2333 2608 2504 2679 (Rom.
2533 2622 2604 2675 Vl,
2627 2608 2750 2677 25);
2790 2623 2818 2661 a
2860 2622 2960 2675 qua
2986 2622 3081 2660 nos
3101 2607 3276 2661 divina

1724 2697 1986 2762 Maiestas,
2038 2707 2092 2751 et
2144 2698 2363 2763 simplex
2408 2698 2657 2763 Trinitas,
2713 2707 2765 2751 et
2813 2696 3087 2763 multiplex
3140 2712 3272 2763 apex

1724 2786 1933 2855 (subtus
1961 2800 2115 2852 quem
2164 2787 2293 2839 nihil
2345 2797 2446 2851 est,
2488 2789 2619 2841 intra
2656 2803 2809 2855 quem
2850 2787 2978 2840 nibil
3018 2796 3121 2850 est,
3150 2788 3280 2839 citra

1722 2892 1881 2945 quem
1934 2876 2085 2940 nihil,
2132 2878 2263 2931 ultra
2319 2892 2473 2944 quem
2522 2878 2668 2940 nihil,
2719 2894 2874 2942 supra
2927 2893 3081 2945 quem
3130 2878 3281 2937 nihil,

1720 2968 1985 3022 sustinens
2016 2970 2187 3021 omnia
2226 2966 2339 3021 sine
2380 2967 2577 3033 labore,
2624 2978 2906 3035 penetrans
2944 2969 3119 3020 omnia
3162 2966 3275 3019 sine

1721 3061 2129 3122 extenuatione,
2174 3058 2502 3113 circumdans
2545 3058 2717 3112 omnia
2762 3058 2889 3129 sine
2923 3056 3269 3123 extensione,

1723 3165 1974 3220 superans
1998 3151 2175 3205 omnia
2206 3150 2320 3205 sine
2341 3135 2743 3219 inquietudine),
2770 3149 2990 3205 liberare
3010 3146 3268 3215 dignetur.

1725 3242 1910 3306 Amen,
1940 3254 2116 3293 amen.

1792 3330 2017 3384 Grandis
2039 3330 2184 3384 labor
2206 3339 2287 3385 est
2317 3330 2625 3399 prudentiae.

97 3505 3261 3549 ————________._____________________

730 3599 1015 3703 LIBER
1072 3607 1199 3704 DE
1253 3608 1705 3711 MENSUBA
1774 3612 2639 3723 PCENITENTIARUM.

970 3849 1397 3910 BENEVOLO
1446 3852 1782 3913 LECTORI
1851 3853 2339 3915 COLLECTOR.

1321 3969 1565 4028 [Uiblioth.
1606 3968 1797 4018 Patrum
1821 3968 1996 4019 LabbJ

117 4176 508 4251 Sabacriptum,
559 4177 780 4251 benigne
826 4179 1009 4244 lector,
1058 4183 1125 4237 do
1175 4185 1600 4251 poenitentiarum

57 4247 95 4299 lt
120 4247 288 4301 «intra
321 4254 601 4301 tractatum
629 4249 726 4301 sub
764 4252 975 4304 nomine
1023 4247 1276 4307 Cuméani
1318 4256 1523 4309 abbatis
1552 4257 1625 4308 in

2689 4042 2723 4085 Χ

1711 4188 2105 4243 ιιίυθτηὶυιιι-ιιιη
2162 4199 2425 4253 exstante,
2479 4189 2915 4257 praidecessoiem
2970 4205 3127 4244 suum
3169 4192 3262 4247 Su-

1711 4259 1938 4321 gienum.
1971 4263 2327 4325 cmterumque
2363 4258 2627 4311 Hiensium
2669 4261 3038 4312 monachorum
3069 4271 3261 4315 ctettnn

56 4318 259 4381 Scotia',
290 4333 484 4387 nempe
511 4317 701 4393 Veteri,
723 4329 815 4393 seu
840 4319 1106 4393 Hibernia,
1134 4324 1256 4393 orti,
1284 4326 1605 4393 transumpsi
1636 4328 1680 4388 D
1708 4317 2011 4381 dehortatus
2042 4335 2124 4380 est
2151 4342 2178 4380 a
2210 4317 2355 4380 more
2378 4327 2673 4381 celebrandi
2699 4329 2995 4391 paschalem
3021 4330 3262 4384 solemni-

56 4400 111 4438 ει
142 4397 472 4453 pervetusto.
500 4387 592 4442 sed
620 4389 870 4443 mendoso
899 4405 999 4444 ms.
1044 4387 1234 4447 Codice
1273 4387 1604 4448 bibliothecas

54 4453 445 4530 Sanﬁallensis
473 4456 546 4526 (in
575 4472 679 4530 quo
705 4472 803 4511 una
829 4458 1047 4530 habetur
1078 4459 1193 4513 Vita
1224 4460 1431 4530 Georgii
1462 4478 1604 4517 mar-

55 4525 198 4600 tyris)
222 4525 381 4600 eique
411 4528 741 4600 pmmittitur
768 4528 1157 4600 prtefatiuncula
1186 4534 1352 4585 sancti
1370 4525 1605 4585 'Colum-

56 4593 265 4669 ιιρηὶεά
284 4595 523 4669 ejusdem
544 4593 872 4669 argu'menti'_
893 4602 1201 4669 opusculum
1230 4615 1259 4652 a
1290 4616 1349 4655 se
1385 4616 1599 4669 compo-

56 4662 223 4735 situm,
262 4662 407 4735 quod
433 4678 591 4735 supra
622 4666 780 4735 babes
810 4667 905 4735 (α),
932 4662 1058 4723 huic
1100 4670 1439 4733 simillimum,
1482 4662 1602 4723 cum

55 4747 150 4800 quo
167 4733 414 4788 nimirum
430 4733 494 4804 in
507 4735 642 4804 stylo
665 4733 968 4804 plerumque
986 4749 1039 4792 et
1062 4740 1264 4801 ordine,
1282 4755 1345 4794 ac
1363 4756 1605 4793 nonnun-

54 4814 207 4867 quam
232 4805 398 4857 eti'am
427 4803 524 4858 sub
550 4803 732 4857 eodem
766 4803 949 4860 tenore
978 4809 1255 4861 verborum
1289 4810 1339 4863 in
1364 4810 1605 4863 doctrina

53 4873 356 4942 concordat.
401 4872 504 4929 Sed
531 4887 649 4927 cum
694 4873 1008 4942 variihujtts
1052 4875 1280 4933 nominis
1308 4878 1606 4933 exstiterint
1640 4926 1655 4936 κ

55 4938 207 4993 etiam
260 4943 501 5014 anates,
552 4950 777 5014 non__est
981 4944 1130 4999 facile
1182 4946 1337 5014 hujus
1365 4948 1604 5014 opusculi

56 5018 324 5086 auctorem
359 5013 618 5086 invenire.
651 5009 967 5086 Kalettgaria
1006 5022 1058 5086 et
1087 5009 1377 5086 Menol'ogia
1405 5009 1608 5077 'lliber-

60 5081 168 5131 nica
213 5081 567 5135 memineth
612 5084 674 5135 ad
706 5079 771 5134 η
811 5080 1077 5137 Februarii
1106 5079 1353 5139 Cumea'ni
1401 5089 1606 5141 abbatis

57 5146 539 5215 Glinnemonensis;
565 5150 636 5203 ΞΑ
658 5150 927 5207 Februarii
946 5153 1198 5208 Cumeani
1222 5155 1425 5209 abbatis
1449 5158 1605 5210 llien-

58 5218 176 5282 sis;
221 5220 288 5273 ad
330 5219 402 5274 24
448 5219 791 5288 Septembris,
843 5224 1097 5278 Cumeani
1143 5225 1346 5280 abbatis
1386 5226 1604 5279 Drmns-

60 5289 380 5360 nectimusis.
408 5300 461 5345 et
499 5298 764 5360 postremo
791 5292 856 5346 ad
903 5292 965 5346 l7
993 5292 1323 5360 Septembris
1350 5296 1602 5349 Cutneani

60 5355 258 5429 abbatis
322 5355 726 5429 Benehorensis.
779 5370 831 5412 et
882 5355 1081 5429 aliquot
1143 5365 1362 5418 aliorum
1417 5365 1605 5419 diebus

60 5423 202 5489 aliis;
235 5430 484 5503 aquibus
514 5427 775 5503 Iliensis}
803 5423 1067 5503 veteribus
1089 5442 1196 5487 tum
1221 5434 1602 5503 Martyrologis,

60 5503 162 5547 tum
190 5498 546 5572 scriptoribus
564 5499 694 5572 _aliis
723 5498 986 5572 Sapientis
1035 5503 1206 5571 elogio
1250 5498 1527 5572 dignatus,
1555 5512 1608 5556 et

59 5576 197 5640 anno
231 5564 427 5640 Christi
482 5567 584 5640 654
635 5564 1149 5640 gravi—eruditaque'
1180 5564 1419 5640 epistola,
1469 5573 1608 5640 apud

61 5628 303 5690 lacobum
334 5631 601 5692 Usserium
636 5628 702 5692 'iu
749 5638 959 5709 Sylloge
986 5628 1229 5697 veterani
1255 5628 1603 5713 epistularum

127 5762 451 5835 Muciuset:
479 5746 791 5839 Patrologia:
819 5777 960 5825 torno
978 5769 1193 5839 LXXX,
1228 5773 1327 5828 cui.
1350 5774 1471 5829 ωδ.
1505 5774 1548 5828 Ε
1584 5791 1657 5837 ιτ,

1693 4406 1867 4456 ,tatem
1920 4398 2037 4449 luna
2093 4397 2180 4451 Μ.
2211 4396 2463 4462 Qui-mos
2494 4397 2545 4450 in
2600 4398 2697 4450 hoc
2731 4412 2937 4466 quoque
2984 4402 3257 4466 opusculo,

1705 4476 1910 4519 etnon
1964 4468 2109 4520 solus
2187 4466 2447 4529 fortasse,
2518 4466 3109 4533 Quartadecimanorum
3178 4485 3264 4522 re-

1706 4536 1994 4600 probatur;
2028 4538 2399 4604 supponendus
2428 4536 2631 4589 videtur
2660 4546 2843 4588 auctor
2888 4537 3039 4601 hujus
3070 4547 3259 4591 tracta-

1707 4613 1807 4663 tus,
1840 4604 2010 4659 dottec
2038 4606 2247 4665 aliunde
2279 4620 2361 4659 res
2393 4605 2561 4659 notior
2592 4604 2698 4657 ﬁat.
2748 4604 3002 4658 Caeterum
3027 4607 3262 4674 quisquis

1706 4675 1878 4737 fuerit,
1904 4689 1967 4727 ex
1993 4676 2328 4741 antiquorum
2357 4673 2566 4726 Patrum
2597 4680 2905 4743 auctoritate
2926 4684 2977 4725 et
3001 4673 3266 4743 consensu

1708 4745 1852 4813 plura
1876 4744 2198 4813 deprompsit
2218 4744 2283 4798 de
2302 4745 2458 4797 modo
2486 4756 2538 4797 et
2566 4758 2806 4798 mensura
2836 4740 3259 4810 pmnitentiarum

1705 4812 2037 4866 douutnenta.

1776 4881 1904 4934 illud
1958 4883 2020 4935 ad
2072 4895 2302 4947 praesens
2348 4880 2551 4934 videtur
2588 4880 2997 4945 observandum,
3048 4900 3109 4935 ea
3146 4896 3263 4948 ηας,

1706 4950 1843 5003 circa
1897 4962 2217 5019 praaceptum
2269 4951 2395 5006 illud
2448 4951 2562 5004 Act.
2618 4965 2683 5003 xv
2732 4953 2797 5004 de
2846 4953 3109 5004 sull‘ocatis
3157 4966 3259 5002 non

1705 5020 1923 5073 edendis
1953 5020 2131 5083 habet,
2182 5035 2285 5074 non
2334 5036 2452 5076 esse
2490 5034 2519 5074 a
2564 5019 2865 5089 Scriptura!
2894 5022 3130 5079 veritate.
3170 5030 3259 5072 aut

1705 5090 1867 5142 sacris
1898 5091 2186 5144 canonibus
2214 5090 2380 5157 aliena
2413 5105 2575 5153 ;n.tm
2608 5091 2725 5144 licet
2777 5090 3000 5143 Irenaeus
3029 5089 3138 5157 (lib.
3173 5103 3257 5152 ut,

1706 5175 1750 5211 c.
1789 5160 1895 5229 12),
1944 5156 2299 5229 Tertullianus
2347 5159 2445 5229 (De
2478 5158 2610 5213 Pud.
2639 5176 2685 5229 ς.
2721 5160 2831 5221 η),
2873 5156 3163 5229 Cyprianus
3192 5161 3256 5210 ad

1704 5227 1978 5293 Quirinum
2030 5228 2168 5292 (Lib.
2220 5244 2294 5291 tu,
2349 5227 2486 5297 lim),
2547 5228 2798 5297 Pa’cianus
2830 5228 2917 5297 (de
2975 5228 3154 5281 Paruit.
3211 5237 3259 5281 et

1706 5298 1983 5373 (ionicam),
2015 5299 2321 5373 Ambrosius
2374 5296 2467 5366 (in.
2496 5296 2687 5373 “Epist.
2740 5300 2808 5348 ad
2836 5296 3012 5373 Colat.
3038 5314 3103 5373 pc.
3149 5299 3255 5361 12),

1707 5367 2025 5433 Augustinus
2054 5377 2233 5420 contra
2270 5367 2446 5421 Faust.
2488 5366 2624 5431 (Lib.
2660 5382 2827 5431 xxxii,
2858 5384 2905 5420 c.
2943 5368 3044 5436 l5),
3082 5380 3260 5436 copfg-

1705 5436 1813 5487 sius
1842 5452 1867 5486 a
1902 5436 2122 5489 Baronio
2150 5436 2298 5489 relati
2330 5437 2392 5491 ad
2421 5450 2616 5489 annum
2655 5436 2847 5489 Christi
2879 5438 2964 5500 5|,
2998 5434 3141 5488 num.
3169 5434 3257 5498 l7,

1710 5507 1808 5556 tria
1836 5505 2088 5557 duntaxat
2122 5507 2210 5558 illo
2238 5515 2498 5575 pracepto
2529 5506 2787 5572 prohibita
2824 5522 2939 5559 esse
2962 5503 3266 5575 credentes,

1706 5576 2006 5626 oxistbneut
2038 5575 2163 5627 illud
2213 5575 2280 5628 de
2331 5574 2585 5629 suﬂocato
2615 5591 2718 5630 non
2762 5576 2966 5628 edendo
3000 5574 3108 5625 non
3139 5585 3265 5631 esse
3341 5619 3344 5622 .

1706 5644 1773 5697 de
1826 5652 1990 5711 textu,
2044 5647 2133 5700 scd
2183 5643 2444 5716 adjectum
2495 5644 2561 5700 ab
2613 5644 2868 5715 aliquibus
2925 5640 3263 5713 Scripturatn'
