3848 6234
554 286 654 335 9'75)

1850 285 2089 340 SANCTI
2131 285 2456 340 cumtum
2741 269 2751 278 ’
3626 298 3706 347 in.

553 397 984 471 :nlulterantibus,
1016 408 1068 471 ut
1098 398 1322 471 loquitur
1355 397 1680 471 Ambrosius,
1717 396 1792 448 vel
1838 398 2097 466 interpre-
2129 406 2172 460 Α
2206 404 2381 460 vento,
2427 411 2568 471 hunc
2615 410 2896 471 praecepta
2924 399 3012 452 Dei
3058 400 3250 471 divina,
3285 417 3418 456 nunc
3449 403 3724 471 reipublscm’

553 467 800 528 tantibus,
848 476 905 520 ut
946 467 1206 517 inStimant
1237 466 1352 528 alii;
1396 465 1563 518 (ira-ci
1596 475 1765 517 tanien
1797 465 2004 532 semper
2035 483 2097 521 eo

554 535 709 588 tnodo
738 535 925 603 legisse
961 537 1311 601 reperiuntur,
1363 543 1517 601 prout
1559 535 1712 584 etiam
1763 550 1897 585 nunc
1943 536 2098 588 habet

552 606 839 658 i-omitlunis
871 605 1041 657 Editio
1069 603 1366 656 Latinorum
1391 619 1505 654 cum
1536 605 1707 654 verbis
1730 603 1832 655 illis
1859 615 1904 654 et
1945 605 2096 669 stt/fa-

550 683 677 734 cato,
707 676 840 726 sicut
882 675 1040 726 citato
1068 673 1238 738 capite
1269 674 1390 740 legit
1419 674 1579 724 Cunte
1617 687 1711 724 nus
1733 689 1767 736 ;ι
1789 673 1909 737 quin
1942 683 2094 726 Cllntll

551 755 643 793 usu
675 751 942 808 receptum
989 742 1149 794 tuisse
1198 742 1400 793 videtur
1439 742 1488 792 in
1528 741 1782 803 Ecclesia,
1831 751 1885 793 ut
1914 741 2096 795 lidcles
2132 798 2137 804 _

547 811 614 863 ab
641 825 732 864 esu
763 811 1034 877 sanguints
1063 811 1413 870 abstinerent;
1441 811 1574 862 unde
1603 812 1960 863 Tcrtutlianns
1986 815 2096 864 Ιιςιτο

545 879 614 931 ait
643 879 894 933 adversus
919 888 1102 947 gentes
1130 896 1142 930 :
1179 898 1196 928 ι
1238 880 1520 931 Erubescat
1551 896 1699 930 error
1747 888 1917 930 vester
1945 881 2095 932 Chri-

544 950 748 1012 stianis,
804 951 890 1016 qui
945 963 1011 1001 ne
1065 948 1363 1000 animali-um
1418 950 1626 1016 quidem
1678 950 1984 1015 sanguinem
2043 951 2092 1002 in

545 1019 828 1071 esculentis
853 1019 1144 1082 habemus;
1173 1016 1264 1084 qui
1289 1027 1561 1085 propterea
1591 1033 1797 1083 quoque
1829 1018 2094 1072 sulfocatis

548 1099 598 1135 ιιι
627 1087 936 1140 utorticiniis
963 1088 1305 1151 abstinemus,
1340 1102 1404 1138 ne
1431 1102 1535 1154 quo
1557 1091 1805 1152 saiiguine
1829 1088 2088 1139 contami-

548 1170 730 1206 nentur
757 1157 834 1208 vel
877 1159 1006 1208 intra
1037 1159 1232 1208 viscera
1272 1156 1494 1221 sepulto.
1550 1156 1781 1221 Denique
1814 1157 1947 1208 inter
1977 1166 2090 1209 tcu-

550 1234 776 1276 tamenta
806 1224 1220 1277 Christianorum
1253 1225 1458 1275 botulus
1490 1229 1645 1276 ctiam
1678 1241 1866 1276 cmore
1898 1227 2092 1278 disten-

547 1301 627 1361 tus
682 1295 988 1346 admovetis.
1037 1312 1055 1344 ι
1101 1295 1220 1345 υκε
1261 1293 1470 1361 Tertull
1497 1308 1645 1354 auus,
1705 1293 1898 1361 (Apol.
1930 1309 1975 1345 ε.
2016 1299 2089 1361 1t).

547 1359 791 1413 Blandina
825 1376 1020 1430 martyr
1066 1364 1199 1429 apud
1234 1360 1512 1414 Eusebium
1565 1364 1676 1412 lucc
1716 1359 1775 1413 Vin
1823 1359 2088 1428 gentiles:

550 1447 568 1477 ι
605 1429 817 1482 Multum
842 1429 1054 1494 enatis,
1082 1446 1115 1483 o
1143 1432 1258 1492 viri,
1281 1432 1415 1497 quod
1450 1435 1636 1498 putetis
1668 1433 1934 1482 infantium
1975 1449 2089 1483 car-

544 1500 692 1550 ttibﬂs
727 1504 864 1553 vesci
891 1516 982 1552 eos
1030 1503 1116 1566 qtti
1151 1517 1215 1552 ne
1249 1511 1506 1552 mutorum
1546 1500 1752 1568 quidem
1784 1501 2083 1553 animalium

543 1570 795 1636 sanguine
845 1579 1078 1622 utuntur.
1116 1589 1135 1620 ι
1194 1571 1258 1624 Et
1300 1571 1545 1622 Minatius
1593 1568 1734 1621 Felix
1785 1585 1989 1636 quoque
2039 1588 2086 1623 tn

539 1639 754 1689 Octavio
783 1640 968 1696 hacin
1015 1641 1251 1691 eamdem
1282 1642 1592 1692 sententiam
1621 1657 1632 1689 :
1671 1657 1688 1687 ι
1737 1639 1894 1692 Nobis
1926 1640 2091 1692 homi-

541 1708 734 1757 cidium
793 1722 888 1760 nec
934 1709 1112 1760 videre
1159 1714 1255 1771 las,
1286 1723 1381 1760 uec
1424 1709 1647 1769 audire;
1699 1716 2000 1774 tantumque
2026 1710 2091 1760 ab

542 1774 771 1827 humano
819 1778 1074 1843 sanguine
1124 1791 1388 1839 cavemus,
1441 1785 1496 1827 nt
1535 1791 1627 1829 nec
1672 1777 1898 1828 edulium
1934 1793 2083 1844 peco-

539 1857 656 1895 rum
702 1847 752 1897 in
798 1845 930 1898 cibis
975 1849 1276 1913 sanguinem
1325 1846 1648 1902 noverimus.
1681 1865 1698 1894 ι
1734 1844 1884 1896 Ratio
1935 1861 2089 1910 porro

538 1927 701 1977 quare
721 1913 853 1981 jttssi
885 1924 1006 1966 sunt
1033 1916 1196 1967 Judzei
1226 1929 1287 1966 ac
1312 1916 1532 1982 gentiles
1561 1917 1791 1967 conversi
1819 1929 1846 1965 a
1878 1916 2088 1983 sangui-

541 1997 607 2033 ne
654 1984 950 2052 abstinere,
983 1985 1067 2036 illa
1118 1985 1384 2049 potissima
1431 1983 1643 2052 alierlur
1689 1983 1754 2035 ab
1799 1986 2088 2052 Augustino

537 2051 671 2114 apud
704 2053 978 2104 Baronium
1011 2053 1127 2106 loco
1155 2057 1245 2106 cit.
1278 2052 1485 2121 (Contra
1522 2051 1769 2104 Faustum
1794 2051 2084 2119 Ιιὺζιιχιιιι,

537 2137 651 2187 cap.
685 2121 792 2185 15),
824 2133 878 2174 ut
903 2123 1097 2193 aliquo,
1144 2123 1263 2176 licet
1292 2128 1341 2174 in
1374 2139 1428 2174 re
1458 2122 1740 2185 levissima,
1785 2137 2086 2193 remanente

539 2138 651 2187 rap.
685 2138 792 2185 ιο),
824 2138 878 2174 ιιι
903 2138 970 2174 att
1013 2138 1097 2185 uo,
1144 2138 1263 2176 licet
1292 2138 1341 2174 tn
1374 2139 1428 2174 re
1458 2138 1740 2185 levissima,
1785 2138 2084 2189 remanente

539 2205 632 2262 usu
662 2193 938 2262 legdiutn,
975 2138 1157 2262 gudzei
1187 2194 1506 2262 acgentiles
1538 2193 1586 2243 in
1620 2207 1777 2242 unum
1819 2189 2084 2246 Christum

486 2308 490 2313 ι
539 2259 759 2322 lapidein
789 2259 1088 2328 angularem
1135 2259 1336 2312 facilius
1365 2271 1712 2313 necterentur.
1769 2261 1892 2313 Vide
1922 2263 2082 2314 Baro-

536 2330 676 2380 niunt
703 2330 937 2393 citatum,
964 2333 1050 2397 qui
1077 2339 1130 2383 et
1155 2330 1307 2382 aliam
1348 2331 1557 2382 adducit
1583 2331 1837 2382 rationem
1869 2345 1932 2384 ex
1963 2332 2085 2384 Ori-

531 2413 684 2463 gene,
719 2399 812 2452 lib.
841 2414 930 2452 vm
955 2409 1136 2452 contra
1151 2399 1382 2452 Celsum.

600 2467 859 2522 (Ia-terum
891 2473 1024 2534 quod
1057 2470 1120 2520 ad
1173 2484 1322 2520 usum
1381 2467 1634 2534 ejusmodi
1674 2468 2001 2524 abstinentia:
2033 2472 2084 2524 in

533 2539 765 2590 hcc-tesia
817 2548 992 2604 postea
1045 2540 1344 2604 impositum
1385 2552 1434 2590 et
1487 2538 1824 2602 practicatum
1873 2541 2079 2603 attinet,

533 2613 642 2659 :na-c
694 2609 945 2661 habemus
995 2607 1044 2658 in
1088 2610 1375 2672 apostolico
1421 2622 1621 2659 canone
1670 2607 1770 2660 62:
1805 2628 1822 2659 ι
1883 2611 2083 2676 Siquis

530 2679 825 2743 episcopus,
855 2684 947 2728 aut
979 2679 1268 2744 presbyter,
1316 2686 1405 2727 aut
1432 2679 1703 2742 diaconus,
1743 2690 1831 2731 aut
1860 2678 2080 2744 quicun-

530 2760 630 2810 que
676 2763 739 2797 ex
790 2747 1098 2798 sacerdotali
1150 2747 1411 2798 CUHStlrliU
1457 2747 1742 2801 comederit
1797 2763 1982 2802 carnes
2030 2753 2080 2801 iit

530 2816 784 2880 sanguine
829 2818 1016 2867 attinnt:
1063 2816 1197 2882 ejus,
1241 2827 1328 2868 aut
1371 2830 1399 2868 a
1448 2815 1629 2868 bestiis
1670 2818 1965 2886 abreptum,
1994 2827 2083 2872 aut

533 2888 864 2950 sutlocatum,
896 2886 1215 2950 deponitur;
1263 2887 1303 2938 si
1339 2899 1467 2937 vero
1517 2886 1677 2937 laicus
1720 2889 1810 2950 sit,
1857 2903 1888 2940 a
1931 2901 2080 2939 com-

532 2955 779 3024 munione
807 2955 1120 3008 excluditur.
1160 2972 1178 3004 ι
1210 2953 1335 3007 Item
1366 2956 1416 3006 in
1446 2953 1666 3006 concilio
1693 2955 2004 3024 Gangrensi,
2030 2971 2082 3010 c.
2106 2982 2119 2988 κ

527 3031 560 3071 2
598 3039 610 3074 :
650 3041 667 3072 ι
705 3023 760 3077 Si
791 3024 907 3091 quis
922 3037 1140 3075 carnem
1171 3024 1412 3076 edentem
1443 3025 1654 3090 (praeter
1681 3023 2007 3091 sanguinem,
2028 3035 2081 3078 et

2201 476 2394 541 nostrae
2424 467 2749 541 honestatem
2798 469 3055 541 dedecore
3096 470 3232 522 allici
3279 467 3554 536 sostincns,
3588 477 3708 541 jubet

2199 549 2266 588 ne
2295 538 2417 610 quis.
2443 534 2500 610 id_
2539 537 2744 610 scelus_
2768 552 2933 610 neque
2985 537 3048 589 ad
3091 553 3234 610 usum
3275 555 3459 606 suum,
3493 534 3708 610 nequeut

2197 605 2450 669 emptoris
2471 604 2782 658 detesundo
2798 608 2916 658 cibo
2937 608 3432 671 contaminarentur,
3450 604 3708 665 (ullo-modo

2197 687 2446 725 exercere
2477 674 2685 726 audeat.
2734 679 2798 726 At
2826 677 2955 727 sciat
2981 678 3274 742 quicunque
3299 678 3484 732 dcltinc
3511 683 3708 734 divinum

2201 742 2500 812 mandatum
2528 751 2888 806 contemnere,
2920 746 3329 812 sanguinemque
3356 750 3402 798 in
3427 751 3584 801 cibum
3607 766 3708 802 con-

2201 820 2404 863 vertere
2434 811 2568 881 (sive
2599 813 2808 881 vendat,
2832 813 2943 865 sive
2972 818 3130 880 emat)
3153 811 3504 878 deprehensus
3531 823 3636 881 erit,
3663 835 3711 872 se

2199 883 2452 931 bonorum
2485 880 2818 949 publicationi
2858 881 3258 949 subjiciendum,
3291 897 3342 936 et
3372 888 3454 937 ubi
3496 880 3710 939 acerbum

2195 950 2247 1000 in
2279 949 2487 1000 modum
2517 948 2689 1014 ﬂagris
2716 964 2778 1003 ac
2805 959 2924 1003 cute
2951 948 3099 1005 lenus
3130 953 3265 1007 finde
3295 956 3539 1007 detonsus
3557 956 3710 1018 fuerit,

2198 1026 2450 1087 perpetuo
2478 1019 2656 1087 patria:
2685 1020 2867 1072 exsilio
2907 1021 3226 1074 multandum
3258 1040 3391 1087 esse,
3420 1033 3520 1078 etc.
3547 1043 3564 1076 ι

2266 1085 2357 1139 His
2385 1086 2636 1139 accedunt
2666 1089 2802 1141 varia
2831 1090 3167 1143 conciliorum
3209 1085 3414 1144 decreta
3447 1095 3571 1146 idem
3599 1096 3712 1148 inbi-

2197 1154 2426 1206 bentium
2455 1171 2467 1211 ;
2495 1170 2611 1207 nam
2635 1169 2801 1208 canon
2826 1160 3108 1225 vigesimus
3128 1163 3334 1213 οοιιοιιιι
3360 1164 3715 1216 Aurelianensis

2197 1225 2436 1295 secundi,
2487 1225 2944 1295 suil'ocatisvesci
3001 1229 3258 1295 prohibet,
3308 1243 3360 1283 et
3405 1248 3466 1284 ex
3520 1236 3714 1285 concilio

2200 1293 2600 1369 tiartllaginensi
2653 1295 2719 1369 ad
2770 1294 2907 1369 idem
2954 1293 3065 1349 haec
3118 1301 3402 1369 recitantur
3450 1303 3497 1352 in
3540 1306 3715 1369 synodo

2201 1360 2548 1434 _\’ormatieusi
2577 1378 2589 1412 :
2628 1378 2646 1411 ι
2685 1364 2962 1428 Animalia,
2998 1381 3111 1430 qua!
3140 1381 3167 1416 a
3199 1367 3333 1434 lupis
3361 1385 3449 1421 seu
3480 1386 3506 1420 a
3527 1360 3715 1422 canibus

2200 1430 2515 1501 lacerantur,
2561 1445 2662 1482 non
2694 1442 2812 1501 sunt
2839 1435 3178 1501 etilttedeitda,
3212 1430 3309 1488 nisi
3343 1438 3506 1501 porcis
3526 1448 3573 1490 et
3592 1444 3714 1491 cani-

2196 1499 2328 1562 bus;
2363 1515 2457 1552 nec
2483 1515 2668 1552 corvus
2700 1500 2949 1570 [cervus],
2982 1519 3074 1555 nec
3112 1519 3290 1570 capia,
3316 1499 3358 1558 si
3383 1508 3564 1559 mortui
3591 1510 3715 1560 inve-

2197 1572 2424 1621 niantur.
2466 1588 2482 1619 ι
2520 1570 2581 1622 Ει
2605 1572 2772 1622 intra:
2813 1589 2829 1619 ι
2863 1575 2995 1623 Aves
3016 1587 3139 1625 vero
3159 1576 3330 1626 etalia
3353 1577 3581 1628 animalia
3608 1578 3643 1628 si
3668 1579 3713 1629 in

2199 1640 2394 1712 retibus
2422 1640 2831 1712 strangulantur,
2880 1656 2980 1712 non
3012 1645 3354 1712 comedenda.
3394 1664 3412 1694 ι
3451 1644 3519 1696 Ex
3546 1646 3714 1712 quibus

2202 1709 2445 1770 habetur,
2478 1710 2737 1774 ejusmodi
2769 1711 3061 1762 abstinendi
3097 1724 3410 1776 pra‘Ccpttltll
3435 1714 3482 1766 in
3509 1709 3714 1767 Ecclesia

2197 1780 2549 1838 perinansiSse
2593 1793 2756 1844 usque
2800 1780 2863 1831 ad
2912 1791 3142 1845 tempora
3191 1784 3402 1835 Adriani
3454 1798 3608 1848 papae.
3631 1784 3717 1835 sub

2185 1841 2293 1911 ’ψιο
2339 1841 2809 1906 celebratum—fuit
2865 1841 3143 1901 COIICliiJlII
3205 1852 3328 1903 illud
3385 1841 3718 1904 Vtirtt'lalirnse

2191 1914 2330 1966 circa
2369 1930 2560 1987 annum
2611 1916 2811 1967 Domitii
2843 1915 2966 1980 772',
3006 1917 3153 1986 jata
3205 1922 3502 1987 (Manium,
3550 1933 3716 1987 ptictcr

2188 1998 2341 2056 quem
2371 1994 2423 2036 ct
2454 1984 2762 2056 Theodorus
2794 1987 2843 2036 in
2868 2003 2965 2056 suo
2997 1984 3498 2053 (a)'l’a:nitcntiarto
3533 1984 3716 2056 primam

2188 2053 2413 2120 imponit
2443 2055 2772 2127 tre-Tacentibus
2793 2053 3058 2127 suffocatis
3084 2073 3098 2119 ;
3130 2059 3219 2108 sed
3245 2073 3342 2109 nec
3362 2075 3452 2109 esu
3477 2053 3717 2127 sanguinis

2192 2131 2416 2188 tantum,
2446 2125 2538 2175 sed
2578 2124 2940 2188 aquibusdam
2971 2126 3303 2188 animalibus,
3329 2144 3443 2192 qua:
3472 2130 3546 2179 lex
3573 2124 3715 2179 inter-

2186 2195 2337 2254 dixit,
2388 2202 2442 2245 et
2500 2201 2682 2243 natura
2735 2193 3018 2246 abhorrere
3074 2196 3225 2248 solita
3275 2209 3373 2255 est.
3427 2198 3716 2250 instituisse

2185 2275 2252 2333 qn
2277 2263 2498 2333 udoque
2541 2258 2869 2333 Christianos
2897 2273 3115 2333 constat
3157 2280 3224 2318 ex
3266 2266 3485 2330 C(tiSitlla
3513 2270 3714 2333 quadam

2187 2327 2452 2403 Zachariae
2481 2329 2624 2403 papa:
2649 2331 2712 2381 ad
2757 2330 3094 2403 Bonifacium,
3137 2327 3348 2385 citata-rt
3387 2336 3457 2403 ἲὁ)
3493 2327 3713 2395 “animo,

2186 2398 2235 2448 in
2277 2414 2379 2466 quo
2411 2401 2495 2450 illa
2533 2400 2842 2469 signantur_;
2874 2416 2977 2467 quo
3022 2401 3282 2469 intelligas
3312 2405 3359 2455 id
3384 2398 3518 2469 quod
3559 2416 3718 2469 postea

2186 2467 3035 2541 totius,oecid_entalisEcclesia:
3088 2467 3350 2541 eonSensu
3406 2467 3717 2541 laudabiliter

2185 2540 2508 2605 antiquatum
2541 2539 2658 2602 fuit,
2694 2539 2984 2608 istiusmodi
3033 2539 3232 2593 scilicet
3277 2539 3514 2608 legalium
3554 2547 3717 2591 ubst-r-

2184 2617 2436 2673 vanttam,
2480 2609 2800 2673 temporibus
2847 2607 3117 2677 Cunteani,
3169 2611 3257 2677 qui
3305 2607 3544 2663 exactam
3578 2613 3720 2663 cibo-

2185 2691 2298 2727 rum
2345 2680 2560 2742 przelato
2611 2687 2781 2744 capite
2828 2675 3202 2730 differentiam—
3229 2682 3476 2744 instituit,
3509 2682 3555 2732 in
3594 2679 3718 2731 auti-

2183 2759 2426 2812 quorutn,
2462 2757 2517 2798 ut
2546 2748 2798 2800 hactenus
2827 2745 3074 2813 vidimus,
3107 2763 3365 2813 canonum
3407 2760 3458 2802 et
3489 2751 3713 2802 ουιιειιιυο

2185 2831 2297 2867 rum
2346 2819 2653 2868 auctoritate
2705 2816 2992 2880 fundatam,
3035 2833 3094 2869 ea
3130 2833 3229 2886 qua
3274 2819 3359 2871 alii
3407 2819 3542 2872 idem
3580 2833 3717 2870 usur-

2185 2895 2365 2950 pantes
2405 2887 2605 2937 ratione
2645 2886 2970 2938 ducebantur
3002 2896 3284 2953 permotus.

2257 2954 2634 3026 Dettique_ltoc
2683 2955 2859 3026 velim,
2898 2956 3088 3026 lector,
3135 2954 3416 3026 intelligas,
3454 2970 3536 3009 me
3577 2969 3638 3008 eo
3667 2955 3716 3006 in

2182 3022 2544 3091 abstergendis
2583 3024 2807 3089 imperiti
2857 3023 3055 3077 librarii
3112 3022 3329 3078 mendis'
3371 3027 3716 3077 moderamine

527 3093 684 3144 idolis
714 3092 1612 3158 immolatum,etsull'oeatum)cuut
1639 3098 1889 3162 religione
1914 3097 2080 3148 ettide
2109 3095 2151 3153 C
2186 3107 2355 3154 usum,
2405 3103 2457 3144 ut
2478 3107 2595 3162 'uce
2633 3093 2964 3155 sententiam,
3018 3108 3112 3147 nec
3159 3097 3371 3147 verbum
3422 3104 3615 3147 mutare
3645 3097 3716 3146 vel

527 3163 865 3222 eondetnnat,
902 3167 1038 3213 velut
1069 3176 1216 3229 spem
1237 3166 1350 3228 (sic)
1384 3173 1593 3228 propter
1625 3165 1917 3229 hujusmodi
1949 3179 2080 3231 prae-

527 3234 826 3296 ceptionem
861 3245 962 3282 non
998 3232 1292 3294 habentem,
1323 3231 1599 3283 anathema
1628 3234 1713 3284 sit.
1756 3250 1775 3283 ι
1815 3233 1918 3286 Leo
1951 3248 2079 3300 quo-

526 3316 627 3366 que
657 3303 939 3366 imperator
982 3300 1203 3367 (Novati.
1238 3301 1439 3352 canuit.
1472 3300 1560 3369 58)
1595 3303 1672 3353 bis
1701 3304 1764 3354 ad
1802 3304 2078 3355 Stilianum

524 3385 794 3439 sacrorum
817 3371 1108 3437 olliciorutn
1133 3373 1436 3439 magistrum
1479 3371 1706 3423 ostendit
1727 3387 1882 3439 quam
1900 3385 2082 3425 Sll‘ltJe

524 3438 679 3491 fuerit
728 3441 826 3493 hoc
882 3440 1006 3492 olim
1040 3438 1408 3493 observatum:
1446 3457 1463 3489 ι
1508 3443 1671 3493 Simul
1704 3438 1851 3507 olim,
1893 3443 2077 3508 inquit,

525 3507 811 3575 legislatOri
841 3510 1004 3578 Moysi
1035 3510 1291 3577 sanguine
1312 3510 1628 3562 vescendum
1658 3526 1760 3563 non
1790 3525 1909 3564 esse
1939 3507 2081 3563 man-

523 3580 664 3628 davit
699 3579 852 3643 Deus,
884 3579 1035 3629 sintul
1084 3583 1148 3629 ab
1189 3579 1479 3630 istiusmodi
1520 3578 1638 3631 c‘ibo
1679 3580 1945 3632 abstinere
1987 3581 2079 3634 de.-

527 3649 668 3709 bet'e,
725 3663 752 3697 ιι
806 3661 895 3712 pra
915 3649 1132 3700 combus
1181 3649 1364 3716 gratia:
1412 3660 1493 3700 e3t
1541 3659 1899 3700 censtttutunt.
1949 3667 1966 3698 ι
2015 3651 2075 3701 Et

526 3717 695 3766 intra:
733 3732 751 3765 ι
811 3717 1068 3769 Perlatum
1114 3729 1195 3770 est
1233 3721 1296 3769 ad
1326 3733 1479 3770 aures
1527 3729 1730 3770 nostras
1771 3721 1908 3784 quod
1948 3718 2076 3772 inte-

521 3788 674 3837 stmis
705 3799 945 3852 tanquam
1000 3790 1189 3839 tunicis
1239 3802 1544 3853 sanguinem
1595 3789 1894 3852 iniarctum,
1935 3794 2077 3842 velut

522 3863 828 3926 Consuetum
875 3871 1097 3922 'JIIQIIL'JII
1147 3859 1321 3908 cibum
1368 3873 1530 3909 ventri
1580 3862 1888 3923 praebeant;
1935 3859 2071 3926 quod

522 3924 734 3975 tolerari
768 3938 868 3975 non
893 3929 1084 3977 debere
1113 3926 1444 3991 imperatoria
1471 3942 1642 3978 uestra
1670 3929 1917 3994 tnajcstas
1938 3924 2068 3992 rata,

522 4007 692 4061 neque
727 4002 828 4044 tam
860 3997 1019 4060 impio
1061 3999 1156 4046 solt
1185 3998 1317 4061 gulae
1347 3999 1654 4047 inhianttum
1690 3998 1956 4048 hominum
1987 3997 2069 4048 in-

590 4113 664 4182 (a)
698 4109 785 4164 Ait
812 4110 1003 4163 Barou.
1031 4125 1087 4163 se
1117 4110 1241 4162 Illud
1272 4110 1632 4163 l‘tcnitentialc
1652 4109 1933 4164 invenisse.

2185 3168 2528 3233 transponere
2565 3161 2763 3233 luerim
2826 3177 2982 3216 avsus
3027 3166 3297 3233 (exceptis
3354 3165 3584 3232 pauculis
3628 3178 3718 3215 suo

2183 3232 2296 3282 loco
2323 3231 2643 3294 iutimandis,
2694 3247 2912 3300 quorum
2942 3231 3088 3299 quasi
3121 3231 3261 3286 certa
3311 3231 3605 3287 emendatio
3633 3248 3715 3284 oc-

2181 3301 2385 3361 currit),
2419 3304 2511 3353 sed
2556 3303 2744 3353 nudam
2795 3304 3048 3354 duntaxat
3090 3317 3271 3354 eorum
3314 3304 3714 3356 terminationem

2182 3369 2267 3420 ubi
2293 3364 2630 3438 incongruam
2656 3372 2993 3439 deprehendi,
3020 3374 3288 3426 asteriscls
3303 3374 3367 3424 ad
3384 3372 3578 3439 Singula
3596 3373 3714 3422 desi-

2178 3443 2348 3507 gnatis
2395 3445 2696 3503 emeudare,
2743 3457 2806 3493 ne
2852 3443 3208 3494 doctissimum
3257 3451 3532 3493 tractatum
3579 3441 3715 3506 ejus-

2183 3507 2325 3560 modi
2379 3514 2540 3562 na:vis
2593 3511 2857 3563 obscurari
2905 3508 3248 3579 Contingeret,
3299 3522 3390 3564 aut
3433 3508 3712 3562 criticorutn

2181 3583 2552 3646 quorunnlain,
2585 3594 2742 3631 omne
2778 3595 2885 3631 non
2905 3579 2916 3590 ’
2936 3586 3175 3645 politum,
3204 3593 3258 3633 et
3290 3581 3715 3646 punctulisetiani

2180 3645 2423 3698 erunibus
2471 3651 2790 3712 absolutum,
2843 3649 3238 3708 l'asttdientitnn.
3270 3645 3583 3715 contemptui
3626 3664 3711 3700 ex-

2180 3716 2301 3780 poni
2331 3719 2678 3784 contingeret.
2711 3719 2846 3770 Loca
2890 3732 3014 3770 vero
3054 3732 3308 3786 perpauca
3359 3722 3410 3772 in
3441 3734 3504 3771 eo
3535 3717 3714 3777 hiulca,

2180 3786 2388 3851 punctis
2433 3789 2678 3848 obducta,
2724 3788 2895 3855 aliqua
2938 3791 3070 3841 torte
3105 3789 3392 3841 correCtior
3441 3801 3618 3839 manus
3651 3801 3709 3836 ex

2176 3856 2591 3908 emendatiorem
2629 3858 2880 3910 Codicum
2911 3857 3190 3909 Collattone
3219 3866 3479 3910 restituet.
3523 3856 3714 3906 Interim

2178 3934 2409 3976 uestram
2454 3927 2704 3991 opellam,
2753 3927 2976 3992 benigne
3027 3929 3207 3992 lector,
3233 3929 3370 3993 sequi
3409 3926 3637 3989 consule,
3666 3935 3715 3976 ct

2179 3997 2313 4045 vale.

2254 4108 2327 4177 (ὸ)
2361 4107 2490 4162 Vide
2519 4120 2644 4162 tom.
2681 4107 2744 4162 Ill
2768 4107 2969 4164 Concil.
3002 4117 3198 4163 recent.
3247 4109 3372 4163 Edit.

1690 4343 2095 4404 PROLOGUS
2141 4326 2548 4407 AUCTOBIS.
2623 4364 2626 4375 ·

588 4490 661 4545 De
686 4489 931 4547 remediis
962 4465 1230 4542 voluerunt
1263 4488 1545 4543 secundum
1577 4490 1808 4556 priorum
1850 4487 2060 4543 Patrum
2090 4490 2140 4552 υ
2164 4489 2360 4544 minum
2405 4485 2689 4551 confessio,
2720 4484 2995 4539 Psalmista
3035 4493 3296 4540 testante:
3331 4483 3472 4551 Dixi,
3494 4465 3707 4555 ‘Ctmﬁtc-

1186 4449 1212 4478 Ι

515 4587 874 4642 definitionem
905 4583 1113 4647 dicturi,
1138 4595 1170 4635 e
1197 4563 1359 4636 sacris
1389 4582 1479 4636 tibi
1510 4583 1751 4652 eloquiis,
1778 4581 1854 4636 mi-
1877 4581 2070 4637 ﬁdelis-

514 4680 666 4742 sime,
695 4686 818 4730 ante
864 4673 1227 4737 medicamina,
1253 4673 1548 4741 compendii
1582 4675 1805 4740 ratione,
1859 4673 2068 4726 intime-

513 4780 652 4822 mus.
684 4763 858 4817 Prima
887 4764 1061 4832 itaque
1105 4773 1187 4818 est
1230 4759 1492 4830 remissio,
1538 4778 1638 4831 qua
1666 4756 1988 4832 Baptizamur
2013 4761 2064 4814 in

510 4873 666 4923 aqua,
716 4854 1004 4909 secundum
1051 4853 1176 4908 illud
1205 4853 1379 4921 (Joan.
1410 4854 1486 4921 ιιι)
1513 4869 1529 4904 :
1559 4853 1676 4906 Nisi
1721 4853 1830 4921 quis
1866 4861 2067 4905 renatus

512 4947 664 5017 fuerit
707 4960 768 5000 es
815 4959 945 5011 aqua
990 4952 1033 4996 ct
1079 4943 1275 5008 Spiritu
1315 4954 1505 5006 sancto,
1553 4959 1651 4994 non
1694 4951 1859 5008 potest
1904 4942 2069 4996 videre

513 5052 718 5104 regnum
748 5033 912 5108 [Dei].
951 5033 1188 5088 Secunda
1239 5033 1498 5100 remissio,
1530 5033 1800 5086 charitatis
1825 5033 2061 5097 ellectus,

512 5135 566 5175 ut
598 5133 678 5175 est
706 5124 826 5175 illud
853 5141 864 5176 :
897 5123 1238 5178 Remittuntur
1265 5122 1307 5173 ei
1329 5132 1528 5187 peccata
1550 5122 1726 5186 multa,
1749 5122 1868 5190 quia
1891 5121 2063 5174 dilexit

511 5214 721 5265 multum
756 5210 901 5279 (Luc.
934 5212 1052 5280 vn).
1077 5211 1295 5275 'Tertia,
1343 5211 1789 5278 eleemosynarum
1842 5210 2060 5275 fructus,

510 5303 796 5356 secundum
824 5301 925 5355 hoc
952 5319 962 5352 :
997 5301 1139 5354 Sicut
1186 5318 1316 5372 aqua
1359 5291 1637 5370 exstinguit
1657 5303 1842 5371 ignem,
1867 5304 1941 5354 ita
1965 5305 2064 5356 cic-

509 5409 745 5461 cmosyna
792 5392 1064 5461 exstinguit
1113 5405 1369 5458 peccatum
1399 5389 1585 5460 (Ereti.
1614 5395 1718 5463 ut).
1767 5394 1959 5460 Quarta
1988 5393 2064 5447 ef-

510 5485 643 5537 fusio
696 5486 1066 5553 Iaerymarum,
1118 5483 1337 5538 Domino
1382 5484 1632 5540 dicente:
1685 5487 1974 5554 Quia-ﬂevit
2009 5487 2061 5539 in

508 5587 768 5642 (cnspectu
792 5591 898 5628 meo
923 5585 966 5629 ct
996 5576 1264 5628 ambulavit
1293 5577 1445 5630 tristis
1471 5592 1640 5628 coram
1667 5592 1763 5638 me,
1788 5593 1887 5628 non
1910 5577 2059 5628 indu-

511 5681 620 5716 Cum
652 5644 782 5718 mata
805 5668 854 5721 in
882 5667 1053 5720 diebus
1081 5669 1187 5735 ejus
1218 5667 1265 5736 (I
1302 5667 1425 5737 Reg.
1456 5671 1586 5735 xu).
1632 5667 1695 5720 Et
1724 5667 1922 5735 quinta,
1950 5669 2053 5722 cri-

2175 4579 2264 4632 bor
2311 4578 2575 4632 adversum
2620 4592 2695 4629 me
2736 4576 3036 4644 injustitiam
3083 4592 3245 4630 meum
3289 4575 3522 4640 Domino,
3575 4587 3619 4631 ct
3663 4587 3712 4628 tu

2174 4669 2407 4722 remisisti
2451 4668 2754 4734 impietatem
2803 4669 2987 4734 peccati
3016 4668 3112 4720 mei
3139 4666 3306 4738 (Ρωι.
3343 4670 3515 4736 xxxi).
3544 4668 3707 4732 Sexta,

2173 4760 2385 4815 alllictio
2425 4759 2598 4814 cordis
2626 4767 2679 4824 et
2720 4760 2978 4827 corporis,
3026 4759 3277 4827 Apostolo
3313 4758 3524 4814 dicente
3552 4776 3563 4810 :
3595 4757 3710 4810 Dedi

2175 4849 2462 4917 hujtumodt'
2502 4849 2751 4902 hominem
2792 4849 3003 4902 Satanae
3048 4847 3100 4900 in
3146 4848 3402 4900 interitum
3439 4849 3623 4910 carnis,
3663 4858 3709 4899 at

2173 4940 2378 5008 spiritus
2419 4941 2584 4992 salvus
2611 4940 2674 4990 sit
2706 4939 2758 4990 in
2782 4939 2865 4990 die
2903 4937 3106 4991 Domini
3138 4935 3190 5006 (1
3213 4935 3330 4990 Cor.
3361 4937 3449 5005 v).‘
3467 4938 3705 5006 Septima,

2169 5027 2469 5083 emendatio
2507 5044 2730 5092 morum,
2764 5028 2862 5081 hoc
2905 5037 3004 5090 est,
3043 5026 3429 5090 abrenuntiatio
3458 5028 3708 5088 vitiorum.

2172 5121 2452 5190 Evangelia
2509 5124 2883 5174 contestante:
2933 5117 3048 5170 Jam
3095 5135 3245 5172 sanus
3293 5123 3455 5188 factus
3499 5133 3572 5184 cs,
3618 5121 3708 5170 noti

2170 5193 2375 5266 ulterius
2399 5227 2626 5280 peccare,
2651 5228 2712 5265 ne
2733 5211 2853 5279 quid
2879 5211 2966 5263 tibi
2989 5211 3200 5265 deterius
3222 5213 3415 5263 accidat
3441 5209 3618 5284 (Iona.
3639 5213 3705 5275 ν).

2166 5305 2382 5365 Octava,
2417 5302 2722 5357 intercessio
2758 5307 3083 5370 sanetorum,
3113 5311 3169 5354 ut
3195 5309 3280 5355 est
3316 5300 3480 5354 illud:
3510 5301 3585 5356 Si
3607 5301 3711 5368 quis.

2165 5395 2476 5458 inﬁrmatur,
2503 5394 2712 5446 inducat
2751 5395 3062 5462 presbyteros
3101 5390 3358 5457 Ecclesitc,
3382 5401 3428 5446 et
3463 5399 3604 5445 orent
3626 5405 3705 5468 pro

2141 5460 2220 5535 xeo
2246 5482 2381 5552 (Jac.
2414 5484 2484 5551 v),
2515 5490 2568 5536 et
2616 5481 2842 5550 reliqua;
2891 5460 2986 5535 et~z
3014 5479 3233 5533 lituum
3261 5481 3386 5534 valet
3433 5465 3704 5555 deprecatio

2156 5574 2284 5640 justi
2314 5573 2518 5626 assidua
2553 5570 2758 5641 (Ibid).
2783 5571 2948 5634 Nona,
2973 5570 3326 5625 misericordia
3352 5580 3406 5625 et
3434 5570 3555 5622 tidei
3599 5582 3700 5622 ine-

2167 5677 2346 5732 rttunt,
2393 5665 2676 5722 secundum
2725 5666 2859 5720 hoc:
2898 5663 3034 5717 Beati
3079 5663 3440 5728 misericordes,
3470 5660 3700 5729 quoniam
