  <div class='ocr_page' id='page_1' title='image "/cluster/home/n/w/nwhite01/storage/ocr_20150623/87-88/uva.x000827073/498.png"; bbox 0 0 3820 6348; ppageno 0'>
   <div class='ocr_carea' id='block_1_1' title="bbox 94 400 2312 497">
    <p class='ocr_par' dir='ltr' id='par_1_1' title="bbox 94 400 2312 497">
     <span class='ocr_line' id='line_1_1' title="bbox 94 400 2312 497; baseline -0.003 -1"><span class='ocrx_word' id='word_1_1' title='bbox 94 444 177 496; x_wconf 68' lang='lat' dir='ltr'><strong>92a</strong></span> <span class='ocrx_word' id='word_1_2' title='bbox 995 440 1189 495; x_wconf 78' lang='lat' dir='ltr'><strong>Linea</strong></span> <span class='ocrx_word' id='word_1_3' title='bbox 1231 440 1316 494; x_wconf 82' lang='lat' dir='ltr'><strong>os</strong></span> <span class='ocrx_word' id='word_1_4' title='bbox 1358 435 1675 497; x_wconf 67' lang='lat' dir='ltr'><strong>nassum</strong></span> <span class='ocrx_word' id='word_1_5' title='bbox 1716 400 2312 492; x_wconf 65' lang='lat' dir='ltr'><strong>PQSNITENTIARUM.</strong></span> 
     </span>
    </p>
   </div>
   <div class='ocr_carea' id='block_1_2' title="bbox 3136 439 3237 491">
    <p class='ocr_par' dir='ltr' id='par_1_2' title="bbox 3136 439 3237 491">
     <span class='ocr_line' id='line_1_2' title="bbox 3136 439 3237 491; baseline 0 -1"><span class='ocrx_word' id='word_1_6' title='bbox 3136 439 3237 491; x_wconf 70' lang='lat'><strong>982</strong></span> 
     </span>
    </p>
   </div>
   <div class='ocr_carea' id='block_1_3' title="bbox 88 546 3234 620">
    <p class='ocr_par' dir='ltr' id='par_1_3' title="bbox 88 546 3234 620">
     <span class='ocr_line' id='line_1_3' title="bbox 88 546 3234 620; baseline 0 -14"><span class='ocrx_word' id='word_1_7' title='bbox 88 556 174 619; x_wconf 76' lang='lat' dir='ltr'><strong>ipsi</strong></span> <span class='ocrx_word' id='word_1_8' title='bbox 212 551 595 606; x_wconf 70' lang='lat' dir='ltr'><strong>misericordiam</strong></span> <span class='ocrx_word' id='word_1_9' title='bbox 621 562 975 620; x_wconf 76' lang='lat' dir='ltr'><strong>consequentur</strong></span> <span class='ocrx_word' id='word_1_10' title='bbox 1010 554 1220 619; x_wconf 74' lang='lat' dir='ltr'><strong>(Matth.</strong></span> <span class='ocrx_word' id='word_1_11' title='bbox 1254 554 1325 620; x_wconf 92' lang='lat' dir='ltr'><strong>v).</strong></span> <span class='ocrx_word' id='word_1_12' title='bbox 1372 554 1598 617; x_wconf 86' lang='lat' dir='ltr'><strong>Decima,</strong></span> <span class='ocrx_word' id='word_1_13' title='bbox 1629 552 1679 609; x_wconf 80' lang='grc' dir='ltr'>Α</span> <span class='ocrx_word' id='word_1_14' title='bbox 1703 551 1800 617; x_wconf 82' lang='lat' dir='ltr'><strong>Qui</strong></span> <span class='ocrx_word' id='word_1_15' title='bbox 1828 553 2024 606; x_wconf 79' lang='lat' dir='ltr'><strong>iuratur</strong></span> <span class='ocrx_word' id='word_1_16' title='bbox 2044 552 2239 613; x_wconf 82' lang='lat' dir='ltr'><strong>cibum,</strong></span> <span class='ocrx_word' id='word_1_17' title='bbox 2272 548 2607 619; x_wconf 79' lang='lat' dir='ltr'><strong>quadraginta</strong></span> <span class='ocrx_word' id='word_1_18' title='bbox 2632 546 2745 605; x_wconf 83' lang='lat' dir='ltr'><strong>dies</strong></span> <span class='ocrx_word' id='word_1_19' title='bbox 2767 552 3047 618; x_wconf 65' lang='lat' dir='ltr'><strong>paniteat;</strong></span> <span class='ocrx_word' id='word_1_20' title='bbox 3070 555 3111 608; x_wconf 91' lang='lat' dir='ltr'><strong>si</strong></span> <span class='ocrx_word' id='word_1_21' title='bbox 3141 556 3234 608; x_wconf 52' lang='lat' dir='ltr'><strong>ite-</strong></span> 
     </span>
    </p>
   </div>
   <div class='ocr_carea' id='block_1_4' title="bbox 91 641 1600 707">
    <p class='ocr_par' dir='ltr' id='par_1_4' title="bbox 91 641 1600 707">
     <span class='ocr_line' id='line_1_4' title="bbox 91 641 1600 707; baseline -0.002 -9"><span class='ocrx_word' id='word_1_22' title='bbox 91 661 109 677; x_wconf 72' lang='grc' dir='ltr'><strong><em>ο</em></strong></span> <span class='ocrx_word' id='word_1_23' title='bbox 134 643 397 703; x_wconf 77' lang='lat' dir='ltr'><strong>conversio</strong></span> <span class='ocrx_word' id='word_1_24' title='bbox 441 651 497 695; x_wconf 88' lang='lat' dir='ltr'><strong>et</strong></span> <span class='ocrx_word' id='word_1_25' title='bbox 522 641 662 695; x_wconf 81' lang='lat' dir='ltr'><strong>salus</strong></span> <span class='ocrx_word' id='word_1_26' title='bbox 707 641 949 707; x_wconf 85' lang='lat' dir='ltr'><strong>aliorum,</strong></span> <span class='ocrx_word' id='word_1_27' title='bbox 993 643 1190 696; x_wconf 82' lang='lat' dir='ltr'><strong>Jacobo</strong></span> <span class='ocrx_word' id='word_1_28' title='bbox 1216 646 1559 697; x_wconf 88' lang='lat' dir='ltr'><strong>conllrmante</strong></span> <span class='ocrx_word' id='word_1_29' title='bbox 1588 660 1600 695; x_wconf 91' lang='lat'>:</span> 
     </span>
    </p>
   </div>
   <div class='ocr_carea' id='block_1_5' title="bbox 91 727 1604 796">
    <p class='ocr_par' dir='ltr' id='par_1_5' title="bbox 91 727 1604 796">
     <span class='ocr_line' id='line_1_5' title="bbox 91 727 1604 796; baseline 0 -13"><span class='ocrx_word' id='word_1_30' title='bbox 91 732 177 795; x_wconf 73' lang='lat' dir='ltr'><strong>Qui</strong></span> <span class='ocrx_word' id='word_1_31' title='bbox 202 730 413 787; x_wconf 70' lang='lat' dir='ltr'><strong>conveni</strong></span> <span class='ocrx_word' id='word_1_32' title='bbox 438 727 607 795; x_wconf 69' lang='lat' dir='ltr'><strong>iecerit</strong></span> <span class='ocrx_word' id='word_1_33' title='bbox 634 739 935 796; x_wconf 78' lang='lat' dir='ltr'><strong>peccatovem</strong></span> <span class='ocrx_word' id='word_1_34' title='bbox 957 730 1018 781; x_wconf 84' lang='lat' dir='ltr'><strong>ob</strong></span> <span class='ocrx_word' id='word_1_35' title='bbox 1048 746 1217 784; x_wconf 81' lang='lat' dir='ltr'><strong>errore</strong></span> <span class='ocrx_word' id='word_1_36' title='bbox 1242 732 1332 782; x_wconf 76' lang='lat' dir='ltr'><strong>via:</strong></span> <span class='ocrx_word' id='word_1_37' title='bbox 1356 747 1480 794; x_wconf 75' lang='lat' dir='ltr'><strong>sure,</strong></span> <span class='ocrx_word' id='word_1_38' title='bbox 1505 732 1604 783; x_wconf 46' lang='lat' dir='ltr'><strong>sal.</strong></span> 
     </span>
    </p>
   </div>
   <div class='ocr_carea' id='block_1_6' title="bbox 90 820 1607 889">
    <p class='ocr_par' dir='ltr' id='par_1_6' title="bbox 90 820 1607 889">
     <span class='ocr_line' id='line_1_6' title="bbox 90 820 1607 889; baseline 0.002 -19"><span class='ocrx_word' id='word_1_39' title='bbox 90 820 199 871; x_wconf 72' lang='lat' dir='ltr'><strong>rubii</strong></span> <span class='ocrx_word' id='word_1_40' title='bbox 246 820 465 871; x_wconf 71' lang='lat' dir='ltr'><strong>animum</strong></span> <span class='ocrx_word' id='word_1_41' title='bbox 503 822 614 889; x_wconf 76' lang='lat' dir='ltr'><strong>ejus</strong></span> <span class='ocrx_word' id='word_1_42' title='bbox 658 834 690 871; x_wconf 74' lang='grc' dir='ltr'><strong>ι</strong></span> <span class='ocrx_word' id='word_1_43' title='bbox 728 827 903 881; x_wconf 72' lang='lat' dir='ltr'><strong>morte,</strong></span> <span class='ocrx_word' id='word_1_44' title='bbox 942 831 990 872; x_wconf 87' lang='lat' dir='ltr'><strong>et</strong></span> <span class='ocrx_word' id='word_1_45' title='bbox 1032 822 1191 885; x_wconf 81' lang='lat' dir='ltr'><strong>operit</strong></span> <span class='ocrx_word' id='word_1_46' title='bbox 1236 821 1607 873; x_wconf 62' lang='lat' dir='ltr'><strong>multitudinem</strong></span> 
     </span>
    </p>
   </div>
   <div class='ocr_carea' id='block_1_7' title="bbox 90 904 1608 975">
    <p class='ocr_par' dir='ltr' id='par_1_7' title="bbox 90 904 1608 975">
     <span class='ocr_line' id='line_1_7' title="bbox 90 904 1608 975; baseline 0.002 -17"><span class='ocrx_word' id='word_1_47' title='bbox 90 915 377 965; x_wconf 49' lang='lat' dir='ltr'><strong>recedentia</strong></span> <span class='ocrx_word' id='word_1_48' title='bbox 409 922 608 960; x_wconf 68' lang='lat' dir='ltr'><strong>uorum</strong></span> <span class='ocrx_word' id='word_1_49' title='bbox 648 904 784 973; x_wconf 78' lang='lat' dir='ltr'><strong>(Jac.</strong></span> <span class='ocrx_word' id='word_1_50' title='bbox 835 923 865 959; x_wconf 84' lang='lat' dir='ltr'><strong>v</strong></span> <span class='ocrx_word' id='word_1_51' title='bbox 886 907 929 975; x_wconf 92' lang='lat'><strong>).</strong></span> <span class='ocrx_word' id='word_1_52' title='bbox 958 907 1059 961; x_wconf 86' lang='lat' dir='ltr'><strong>Sed</strong></span> <span class='ocrx_word' id='word_1_53' title='bbox 1106 908 1294 962; x_wconf 86' lang='lat' dir='ltr'><strong>melius</strong></span> <span class='ocrx_word' id='word_1_54' title='bbox 1321 918 1400 962; x_wconf 89' lang='lat' dir='ltr'><strong>est</strong></span> <span class='ocrx_word' id='word_1_55' title='bbox 1431 908 1519 961; x_wconf 87' lang='lat' dir='ltr'><strong>tibi</strong></span> <span class='ocrx_word' id='word_1_56' title='bbox 1550 917 1608 961; x_wconf 91' lang='lat' dir='ltr'><strong>ut</strong></span> 
     </span>
    </p>
   </div>
   <div class='ocr_carea' id='block_1_8' title="bbox 88 996 1607 1066">
    <p class='ocr_par' dir='ltr' id='par_1_8' title="bbox 88 996 1607 1066">
     <span class='ocr_line' id='line_1_8' title="bbox 88 996 1607 1066; baseline 0.004 -20"><span class='ocrx_word' id='word_1_57' title='bbox 88 998 107 1031; x_wconf 68' lang='grc' dir='ltr'>ιο</span> <span class='ocrx_word' id='word_1_58' title='bbox 131 996 354 1050; x_wconf 78' lang='lat' dir='ltr'><strong>iniimus</strong></span> <span class='ocrx_word' id='word_1_59' title='bbox 386 996 542 1050; x_wconf 80' lang='lat' dir='ltr'><strong>lucris</strong></span> <span class='ocrx_word' id='word_1_60' title='bbox 568 1004 624 1049; x_wconf 87' lang='lat' dir='ltr'><strong>et</strong></span> <span class='ocrx_word' id='word_1_61' title='bbox 666 998 824 1049; x_wconf 87' lang='lat' dir='ltr'><strong>vitam</strong></span> <span class='ocrx_word' id='word_1_62' title='bbox 871 997 1160 1051; x_wconf 72' lang='lat' dir='ltr'><strong>solitariam</strong></span> <span class='ocrx_word' id='word_1_63' title='bbox 1200 998 1607 1066; x_wconf 43' lang='lat' dir='ltr'><strong>duceregquam</strong></span> 
     </span>
    </p>
   </div>
   <div class='ocr_carea' id='block_1_9' title="bbox 88 1084 1609 1158">
    <p class='ocr_par' dir='ltr' id='par_1_9' title="bbox 88 1084 1609 1158">
     <span class='ocr_line' id='line_1_9' title="bbox 88 1084 1609 1158; baseline 0.005 -21"><span class='ocrx_word' id='word_1_64' title='bbox 88 1084 286 1150; x_wconf 78' lang='lat' dir='ltr'><strong>perdere</strong></span> <span class='ocrx_word' id='word_1_65' title='bbox 333 1099 453 1139; x_wconf 84' lang='lat' dir='ltr'><strong>cum</strong></span> <span class='ocrx_word' id='word_1_66' title='bbox 506 1085 763 1151; x_wconf 72' lang='lat' dir='ltr'><strong>plurimis.</strong></span> <span class='ocrx_word' id='word_1_67' title='bbox 825 1086 1128 1152; x_wconf 85' lang='lat' dir='ltr'><strong>Undecima,</strong></span> <span class='ocrx_word' id='word_1_68' title='bbox 1184 1089 1504 1158; x_wconf 85' lang='lat' dir='ltr'><strong>indulgentia</strong></span> <span class='ocrx_word' id='word_1_69' title='bbox 1554 1097 1609 1144; x_wconf 84' lang='lat' dir='ltr'><strong>et</strong></span> 
     </span>
    </p>
   </div>
   <div class='ocr_carea' id='block_1_10' title="bbox 86 1173 1606 1243">
    <p class='ocr_par' dir='ltr' id='par_1_10' title="bbox 86 1173 1606 1243">
     <span class='ocr_line' id='line_1_10' title="bbox 86 1173 1606 1243; baseline 0.004 -19"><span class='ocrx_word' id='word_1_70' title='bbox 86 1174 323 1236; x_wconf 80' lang='lat' dir='ltr'><strong>remissio,</strong></span> <span class='ocrx_word' id='word_1_71' title='bbox 382 1173 609 1228; x_wconf 78' lang='lat' dir='ltr'><strong>Veritate</strong></span> <span class='ocrx_word' id='word_1_72' title='bbox 669 1176 970 1242; x_wconf 83' lang='lat' dir='ltr'><strong>pollicente,</strong></span> <span class='ocrx_word' id='word_1_73' title='bbox 1026 1177 1115 1243; x_wconf 85' lang='lat' dir='ltr'><strong>qui</strong></span> <span class='ocrx_word' id='word_1_74' title='bbox 1174 1179 1247 1231; x_wconf 89' lang='lat' dir='ltr'><strong>ait</strong></span> <span class='ocrx_word' id='word_1_75' title='bbox 1294 1195 1305 1229; x_wconf 89' lang='lat'>:</span> <span class='ocrx_word' id='word_1_76' title='bbox 1358 1176 1606 1233; x_wconf 80' lang='lat' dir='ltr'><strong>Dimittite</strong></span> 
     </span>
    </p>
   </div>
   <div class='ocr_carea' id='block_1_11' title="bbox 82 1261 1609 1339">
    <p class='ocr_par' dir='ltr' id='par_1_11' title="bbox 82 1261 1609 1339">
     <span class='ocr_line' id='line_1_11' title="bbox 82 1261 1609 1339; baseline 0.004 -27"><span class='ocrx_word' id='word_1_77' title='bbox 82 1274 119 1312; x_wconf 75' lang='lat' dir='ltr'><strong>rt</strong></span> <span class='ocrx_word' id='word_1_78' title='bbox 142 1262 402 1315; x_wconf 72' lang='lat' dir='ltr'><strong>dimittetur</strong></span> <span class='ocrx_word' id='word_1_79' title='bbox 424 1262 555 1316; x_wconf 69' lang='lat' dir='ltr'><strong>vobis</strong></span> <span class='ocrx_word' id='word_1_80' title='bbox 592 1261 722 1331; x_wconf 76' lang='lat' dir='ltr'><strong>(Luc</strong></span> <span class='ocrx_word' id='word_1_81' title='bbox 750 1265 841 1333; x_wconf 90' lang='lat' dir='ltr'><strong>vt).</strong></span> <span class='ocrx_word' id='word_1_82' title='bbox 867 1264 1200 1330; x_wconf 82' lang='lat' dir='ltr'><strong>Duodecima,</strong></span> <span class='ocrx_word' id='word_1_83' title='bbox 1227 1268 1398 1333; x_wconf 87' lang='lat' dir='ltr'><strong>passio</strong></span> <span class='ocrx_word' id='word_1_84' title='bbox 1418 1280 1609 1339; x_wconf 82' lang='lat' dir='ltr'><strong>marty-</strong></span> 
     </span>
    </p>
   </div>
   <div class='ocr_carea' id='block_1_12' title="bbox 84 1354 1610 1425">
    <p class='ocr_par' dir='ltr' id='par_1_12' title="bbox 84 1354 1610 1425">
     <span class='ocr_line' id='line_1_12' title="bbox 84 1354 1610 1425; baseline 0.005 -22"><span class='ocrx_word' id='word_1_85' title='bbox 84 1354 156 1416; x_wconf 81' lang='lat' dir='ltr'><strong>rti,</strong></span> <span class='ocrx_word' id='word_1_86' title='bbox 196 1368 313 1421; x_wconf 84' lang='lat' dir='ltr'><strong>spes</strong></span> <span class='ocrx_word' id='word_1_87' title='bbox 348 1354 523 1416; x_wconf 86' lang='lat' dir='ltr'><strong>unica,</strong></span> <span class='ocrx_word' id='word_1_88' title='bbox 552 1356 737 1409; x_wconf 82' lang='lat' dir='ltr'><strong>salutis</strong></span> <span class='ocrx_word' id='word_1_89' title='bbox 765 1356 1103 1425; x_wconf 69' lang='lat' dir='ltr'><strong>indulgentia,</strong></span> <span class='ocrx_word' id='word_1_90' title='bbox 1135 1365 1187 1411; x_wconf 90' lang='lat' dir='ltr'><strong>et</strong></span> <span class='ocrx_word' id='word_1_91' title='bbox 1224 1356 1408 1411; x_wconf 91' lang='lat' dir='ltr'><strong>latroni</strong></span> <span class='ocrx_word' id='word_1_92' title='bbox 1438 1358 1610 1411; x_wconf 85' lang='lat' dir='ltr'><strong>cruci-</strong></span> 
     </span>
    </p>
   </div>
   <div class='ocr_carea' id='block_1_13' title="bbox 81 1442 1596 1511">
    <p class='ocr_par' dir='ltr' id='par_1_13' title="bbox 81 1442 1596 1511">
     <span class='ocr_line' id='line_1_13' title="bbox 81 1442 1596 1511; baseline 0.004 -18"><span class='ocrx_word' id='word_1_93' title='bbox 81 1446 171 1494; x_wconf 78' lang='lat' dir='ltr'><strong>lito</strong></span> <span class='ocrx_word' id='word_1_94' title='bbox 198 1442 299 1495; x_wconf 87' lang='lat' dir='ltr'><strong>Deo</strong></span> <span class='ocrx_word' id='word_1_95' title='bbox 323 1444 705 1511; x_wconf 69' lang='lat' dir='ltr'><strong>respondente:</strong></span> <span class='ocrx_word' id='word_1_96' title='bbox 737 1457 758 1483; x_wconf 76' lang='grc' dir='ltr'>ε</span> <span class='ocrx_word' id='word_1_97' title='bbox 790 1446 945 1499; x_wconf 76' lang='lat' dir='ltr'><strong>Amen</strong></span> <span class='ocrx_word' id='word_1_98' title='bbox 966 1446 1080 1499; x_wconf 82' lang='lat' dir='ltr'><strong>dico</strong></span> <span class='ocrx_word' id='word_1_99' title='bbox 1103 1447 1210 1510; x_wconf 84' lang='lat' dir='ltr'><strong>tibi,</strong></span> <span class='ocrx_word' id='word_1_100' title='bbox 1237 1446 1385 1501; x_wconf 81' lang='lat' dir='ltr'><strong>hodie</strong></span> <span class='ocrx_word' id='word_1_101' title='bbox 1407 1464 1596 1501; x_wconf 80' lang='lat' dir='ltr'><strong>mecum</strong></span> 
     </span>
    </p>
   </div>
   <div class='ocr_carea' id='block_1_14' title="bbox 79 1534 1612 1606">
    <p class='ocr_par' dir='ltr' id='par_1_14' title="bbox 79 1534 1612 1606">
     <span class='ocr_line' id='line_1_14' title="bbox 79 1534 1612 1606; baseline 0.004 -21"><span class='ocrx_word' id='word_1_102' title='bbox 79 1534 161 1585; x_wconf 73' lang='lat' dir='ltr'><strong>erit</strong></span> <span class='ocrx_word' id='word_1_103' title='bbox 193 1534 241 1585; x_wconf 78' lang='lat' dir='ltr'><strong>in</strong></span> <span class='ocrx_word' id='word_1_104' title='bbox 282 1535 520 1603; x_wconf 77' lang='lat' dir='ltr'><strong>paradiso</strong></span> <span class='ocrx_word' id='word_1_105' title='bbox 549 1538 697 1603; x_wconf 80' lang='lat' dir='ltr'><strong>(Luc.</strong></span> <span class='ocrx_word' id='word_1_106' title='bbox 728 1536 907 1606; x_wconf 80' lang='lat' dir='ltr'><strong>unt).</strong></span> <span class='ocrx_word' id='word_1_107' title='bbox 960 1535 1050 1592; x_wconf 88' lang='lat' dir='ltr'><strong>His</strong></span> <span class='ocrx_word' id='word_1_108' title='bbox 1078 1548 1253 1592; x_wconf 86' lang='lat' dir='ltr'><strong>autem</strong></span> <span class='ocrx_word' id='word_1_109' title='bbox 1279 1537 1346 1591; x_wconf 89' lang='lat' dir='ltr'><strong>de</strong></span> <span class='ocrx_word' id='word_1_110' title='bbox 1388 1542 1612 1592; x_wconf 78' lang='lat' dir='ltr'><strong>canonis</strong></span> 
     </span>
    </p>
   </div>
   <div class='ocr_carea' id='block_1_15' title="bbox 78 1624 1606 1693">
    <p class='ocr_par' dir='ltr' id='par_1_15' title="bbox 78 1624 1606 1693">
     <span class='ocr_line' id='line_1_15' title="bbox 78 1624 1606 1693; baseline 0.006 -20"><span class='ocrx_word' id='word_1_111' title='bbox 78 1624 370 1678; x_wconf 81' lang='lat' dir='ltr'><strong>auctoritate</strong></span> <span class='ocrx_word' id='word_1_112' title='bbox 396 1625 634 1693; x_wconf 79' lang='lat' dir='ltr'><strong>prolatis,</strong></span> <span class='ocrx_word' id='word_1_113' title='bbox 656 1625 865 1679; x_wconf 79' lang='lat' dir='ltr'><strong>Patrum</strong></span> <span class='ocrx_word' id='word_1_114' title='bbox 886 1627 1045 1681; x_wconf 89' lang='lat' dir='ltr'><strong>etiam</strong></span> <span class='ocrx_word' id='word_1_115' title='bbox 1069 1636 1260 1681; x_wconf 83' lang='lat' dir='ltr'><strong>statuta</strong></span> <span class='ocrx_word' id='word_1_116' title='bbox 1284 1627 1490 1682; x_wconf 82' lang='lat' dir='ltr'><strong>Domini</strong></span> <span class='ocrx_word' id='word_1_117' title='bbox 1514 1644 1606 1682; x_wconf 88' lang='lat' dir='ltr'><strong>ore</strong></span> 
     </span>
    </p>
   </div>
   <div class='ocr_carea' id='block_1_16' title="bbox 79 1710 1609 1783">
    <p class='ocr_par' dir='ltr' id='par_1_16' title="bbox 79 1710 1609 1783">
     <span class='ocr_line' id='line_1_16' title="bbox 79 1710 1609 1783; baseline 0.004 -21"><span class='ocrx_word' id='word_1_118' title='bbox 79 1714 98 1743; x_wconf 67' lang='grc' dir='ltr'>α</span> <span class='ocrx_word' id='word_1_119' title='bbox 126 1710 453 1779; x_wconf 72' lang='lat' dir='ltr'><strong>subrogatum</strong></span> <span class='ocrx_word' id='word_1_120' title='bbox 501 1715 813 1782; x_wconf 83' lang='lat' dir='ltr'><strong>investigare</strong></span> <span class='ocrx_word' id='word_1_121' title='bbox 839 1713 1103 1783; x_wconf 73' lang='lat' dir='ltr'><strong>convenit,</strong></span> <span class='ocrx_word' id='word_1_122' title='bbox 1128 1718 1411 1771; x_wconf 86' lang='lat' dir='ltr'><strong>secundum</strong></span> <span class='ocrx_word' id='word_1_123' title='bbox 1445 1719 1567 1769; x_wconf 76' lang='lat' dir='ltr'><strong>illud</strong></span> <span class='ocrx_word' id='word_1_124' title='bbox 1598 1736 1609 1767; x_wconf 82' lang='lat'><strong>;</strong></span> 
     </span>
    </p>
   </div>
   <div class='ocr_carea' id='block_1_17' title="bbox 81 1799 1607 1875">
    <p class='ocr_par' dir='ltr' id='par_1_17' title="bbox 81 1799 1607 1875">
     <span class='ocr_line' id='line_1_17' title="bbox 81 1799 1607 1875; baseline 0.007 -26"><span class='ocrx_word' id='word_1_125' title='bbox 81 1799 324 1871; x_wconf 71' lang='lat' dir='ltr'><strong>Interroga</strong></span> <span class='ocrx_word' id='word_1_126' title='bbox 376 1815 564 1869; x_wconf 82' lang='lat' dir='ltr'><strong>patrem</strong></span> <span class='ocrx_word' id='word_1_127' title='bbox 627 1817 767 1855; x_wconf 73' lang='lat' dir='ltr'><strong>tuum</strong></span> <span class='ocrx_word' id='word_1_128' title='bbox 814 1815 859 1855; x_wconf 85' lang='lat' dir='ltr'><strong>et</strong></span> <span class='ocrx_word' id='word_1_129' title='bbox 902 1806 1218 1857; x_wconf 71' lang='lat' dir='ltr'><strong>annuntiabit</strong></span> <span class='ocrx_word' id='word_1_130' title='bbox 1271 1806 1359 1858; x_wconf 83' lang='lat' dir='ltr'><strong>tibi</strong></span> <span class='ocrx_word' id='word_1_131' title='bbox 1418 1806 1607 1875; x_wconf 82' lang='lat' dir='ltr'><strong>(Deut.</strong></span> 
     </span>
    </p>
   </div>
   <div class='ocr_carea' id='block_1_18' title="bbox 1706 640 3235 710">
    <p class='ocr_par' dir='ltr' id='par_1_18' title="bbox 1706 640 3235 710">
     <span class='ocr_line' id='line_1_18' title="bbox 1706 640 3235 710; baseline 0.001 -14"><span class='ocrx_word' id='word_1_132' title='bbox 1706 657 1840 705; x_wconf 88' lang='lat' dir='ltr'><strong>rum,</strong></span> <span class='ocrx_word' id='word_1_133' title='bbox 1889 651 1995 696; x_wconf 87' lang='lat' dir='ltr'><strong>tres</strong></span> <span class='ocrx_word' id='word_1_134' title='bbox 2041 641 2487 709; x_wconf 64' lang='lat' dir='ltr'><strong>quadragesimus;</strong></span> <span class='ocrx_word' id='word_1_135' title='bbox 2517 640 2562 694; x_wconf 88' lang='lat' dir='ltr'><strong>si</strong></span> <span class='ocrx_word' id='word_1_136' title='bbox 2600 642 2773 705; x_wconf 89' lang='lat' dir='ltr'><strong>tertio,</strong></span> <span class='ocrx_word' id='word_1_137' title='bbox 2807 656 2945 696; x_wconf 89' lang='lat' dir='ltr'><strong>anno</strong></span> <span class='ocrx_word' id='word_1_138' title='bbox 2966 645 3235 710; x_wconf 55' lang='lat' dir='ltr'><strong>paeniteat.</strong></span> 
     </span>
    </p>
   </div>
   <div class='ocr_carea' id='block_1_19' title="bbox 1704 729 3244 797">
    <p class='ocr_par' dir='ltr' id='par_1_19' title="bbox 1704 729 3244 797">
     <span class='ocr_line' id='line_1_19' title="bbox 1704 729 3244 797; baseline 0.002 -15"><span class='ocrx_word' id='word_1_139' title='bbox 1704 730 1803 795; x_wconf 85' lang='lat' dir='ltr'><strong>Qui</strong></span> <span class='ocrx_word' id='word_1_140' title='bbox 1829 731 2105 784; x_wconf 88' lang='lat' dir='ltr'><strong>manducat</strong></span> <span class='ocrx_word' id='word_1_141' title='bbox 2130 744 2338 784; x_wconf 86' lang='lat' dir='ltr'><strong>carnem</strong></span> <span class='ocrx_word' id='word_1_142' title='bbox 2367 729 2711 792; x_wconf 79' lang='lat' dir='ltr'><strong>immundam,</strong></span> <span class='ocrx_word' id='word_1_143' title='bbox 2740 737 2825 783; x_wconf 83' lang='lat' dir='ltr'><strong>aut</strong></span> <span class='ocrx_word' id='word_1_144' title='bbox 2845 740 3131 797; x_wconf 83' lang='lat' dir='ltr'><strong>mortuam,</strong></span> <span class='ocrx_word' id='word_1_145' title='bbox 3155 746 3244 785; x_wconf 90' lang='lat' dir='ltr'><strong>ant</strong></span> 
     </span>
    </p>
   </div>
   <div class='ocr_carea' id='block_1_20' title="bbox 1704 818 3241 886">
    <p class='ocr_par' dir='ltr' id='par_1_20' title="bbox 1704 818 3241 886">
     <span class='ocr_line' id='line_1_20' title="bbox 1704 818 3241 886; baseline 0.001 -15"><span class='ocrx_word' id='word_1_146' title='bbox 1704 818 2051 871; x_wconf 85' lang='lat' dir='ltr'><strong>delaeeratam</strong></span> <span class='ocrx_word' id='word_1_147' title='bbox 2078 833 2105 870; x_wconf 88' lang='lat' dir='ltr'><strong>a</strong></span> <span class='ocrx_word' id='word_1_148' title='bbox 2136 818 2335 881; x_wconf 76' lang='lat' dir='ltr'><strong>bestiis,</strong></span> <span class='ocrx_word' id='word_1_149' title='bbox 2374 818 2717 885; x_wconf 77' lang='lat' dir='ltr'><strong>quadraginta</strong></span> <span class='ocrx_word' id='word_1_150' title='bbox 2746 818 2859 872; x_wconf 88' lang='lat' dir='ltr'><strong>dies</strong></span> <span class='ocrx_word' id='word_1_151' title='bbox 2889 821 3172 886; x_wconf 73' lang='lat' dir='ltr'><strong>ptrniteat;</strong></span> <span class='ocrx_word' id='word_1_152' title='bbox 3196 824 3241 875; x_wconf 81' lang='lat' dir='ltr'><strong>si</strong></span> 
     </span>
    </p>
   </div>
   <div class='ocr_carea' id='block_1_21' title="bbox 1707 906 3243 975">
    <p class='ocr_par' dir='ltr' id='par_1_21' title="bbox 1707 906 3243 975">
     <span class='ocr_line' id='line_1_21' title="bbox 1707 906 3243 975; baseline -0.003 -13"><span class='ocrx_word' id='word_1_153' title='bbox 1707 908 1991 962; x_wconf 84' lang='lat' dir='ltr'><strong>necessitas</strong></span> <span class='ocrx_word' id='word_1_154' title='bbox 2032 907 2188 974; x_wconf 84' lang='lat' dir='ltr'><strong>cogit,</strong></span> <span class='ocrx_word' id='word_1_155' title='bbox 2219 906 2349 962; x_wconf 76' lang='lat' dir='ltr'><strong>nihil</strong></span> <span class='ocrx_word' id='word_1_156' title='bbox 2382 917 2495 970; x_wconf 87' lang='lat' dir='ltr'><strong>est;</strong></span> <span class='ocrx_word' id='word_1_157' title='bbox 2530 920 2581 960; x_wconf 91' lang='lat' dir='ltr'><strong>et</strong></span> <span class='ocrx_word' id='word_1_158' title='bbox 2605 906 2692 975; x_wconf 86' lang='lat' dir='ltr'><strong>qui</strong></span> <span class='ocrx_word' id='word_1_159' title='bbox 2738 922 2829 973; x_wconf 90' lang='lat' dir='ltr'><strong>per</strong></span> <span class='ocrx_word' id='word_1_160' title='bbox 2879 910 3243 961; x_wconf 78' lang='lat' dir='ltr'><strong>necessitatem</strong></span> 
     </span>
    </p>
   </div>
   <div class='ocr_carea' id='block_1_22' title="bbox 1706 996 3243 1065">
    <p class='ocr_par' dir='ltr' id='par_1_22' title="bbox 1706 996 3243 1065">
     <span class='ocr_line' id='line_1_22' title="bbox 1706 996 3243 1065; baseline -0.003 -14"><span class='ocrx_word' id='word_1_161' title='bbox 1706 996 1984 1051; x_wconf 75' lang='lat' dir='ltr'><strong>manducet</strong></span> <span class='ocrx_word' id='word_1_162' title='bbox 2003 997 2195 1050; x_wconf 88' lang='lat' dir='ltr'><strong>animal</strong></span> <span class='ocrx_word' id='word_1_163' title='bbox 2221 996 2357 1065; x_wconf 91' lang='lat' dir='ltr'><strong>quod</strong></span> <span class='ocrx_word' id='word_1_164' title='bbox 2391 996 2721 1050; x_wconf 90' lang='lat' dir='ltr'><strong>immundum</strong></span> <span class='ocrx_word' id='word_1_165' title='bbox 2746 996 2970 1059; x_wconf 85' lang='lat' dir='ltr'><strong>videtur,</strong></span> <span class='ocrx_word' id='word_1_166' title='bbox 2992 996 3075 1049; x_wconf 83' lang='lat' dir='ltr'><strong>vel</strong></span> <span class='ocrx_word' id='word_1_167' title='bbox 3094 1011 3243 1050; x_wconf 88' lang='lat' dir='ltr'><strong>avem</strong></span> 
     </span>
    </p>
   </div>
   <div class='ocr_carea' id='block_1_23' title="bbox 1708 1085 3242 1157">
    <p class='ocr_par' dir='ltr' id='par_1_23' title="bbox 1708 1085 3242 1157">
     <span class='ocr_line' id='line_1_23' title="bbox 1708 1085 3242 1157; baseline -0.001 -19"><span class='ocrx_word' id='word_1_168' title='bbox 1708 1087 1787 1140; x_wconf 90' lang='lat' dir='ltr'><strong>vel</strong></span> <span class='ocrx_word' id='word_1_169' title='bbox 1820 1088 2059 1150; x_wconf 83' lang='lat' dir='ltr'><strong>bestiam,</strong></span> <span class='ocrx_word' id='word_1_170' title='bbox 2094 1100 2196 1140; x_wconf 88' lang='lat' dir='ltr'><strong>non</strong></span> <span class='ocrx_word' id='word_1_171' title='bbox 2227 1096 2400 1141; x_wconf 87' lang='lat' dir='ltr'><strong>nocet.</strong></span> <span class='ocrx_word' id='word_1_172' title='bbox 2431 1086 2527 1153; x_wconf 85' lang='lat' dir='ltr'><strong>Qui</strong></span> <span class='ocrx_word' id='word_1_173' title='bbox 2560 1085 2647 1157; x_wconf 89' lang='lat' dir='ltr'><strong>[si]</strong></span> <span class='ocrx_word' id='word_1_174' title='bbox 2686 1094 2811 1141; x_wconf 80' lang='lat' dir='ltr'><strong>casu</strong></span> <span class='ocrx_word' id='word_1_175' title='bbox 2831 1088 2949 1155; x_wconf 88' lang='lat' dir='ltr'><strong>quis</strong></span> <span class='ocrx_word' id='word_1_176' title='bbox 2979 1086 3242 1140; x_wconf 82' lang='lat' dir='ltr'><strong>immunda</strong></span> 
     </span>
    </p>
   </div>
   <div class='ocr_carea' id='block_1_24' title="bbox 1709 1174 3247 1244">
    <p class='ocr_par' dir='ltr' id='par_1_24' title="bbox 1709 1174 3247 1244">
     <span class='ocr_line' id='line_1_24' title="bbox 1709 1174 3247 1244; baseline -0.003 -16"><span class='ocrx_word' id='word_1_177' title='bbox 1709 1190 1863 1229; x_wconf 83' lang='lat' dir='ltr'><strong>manu</strong></span> <span class='ocrx_word' id='word_1_178' title='bbox 1890 1175 2062 1229; x_wconf 84' lang='lat' dir='ltr'><strong>cibum</strong></span> <span class='ocrx_word' id='word_1_179' title='bbox 2087 1175 2270 1244; x_wconf 78' lang='lat' dir='ltr'><strong>tangit,</strong></span> <span class='ocrx_word' id='word_1_180' title='bbox 2303 1174 2385 1227; x_wconf 82' lang='lat' dir='ltr'><strong>vel</strong></span> <span class='ocrx_word' id='word_1_181' title='bbox 2412 1189 2589 1238; x_wconf 83' lang='lat' dir='ltr'><strong>canes,</strong></span> <span class='ocrx_word' id='word_1_182' title='bbox 2622 1174 2701 1228; x_wconf 88' lang='lat' dir='ltr'><strong>vel</strong></span> <span class='ocrx_word' id='word_1_183' title='bbox 2751 1175 2911 1242; x_wconf 72' lang='lat' dir='ltr'><strong>pilas,</strong></span> <span class='ocrx_word' id='word_1_184' title='bbox 2942 1183 3033 1227; x_wconf 87' lang='lat' dir='ltr'><strong>aut</strong></span> <span class='ocrx_word' id='word_1_185' title='bbox 3056 1175 3247 1227; x_wconf 77' lang='lat' dir='ltr'><strong>animal</strong></span> 
     </span>
    </p>
   </div>
   <div class='ocr_carea' id='block_1_25' title="bbox 1710 1262 3249 1331">
    <p class='ocr_par' dir='ltr' id='par_1_25' title="bbox 1710 1262 3249 1331">
     <span class='ocr_line' id='line_1_25' title="bbox 1710 1262 3249 1331; baseline -0.002 -16"><span class='ocrx_word' id='word_1_186' title='bbox 1710 1262 2079 1316; x_wconf 62' lang='lat' dir='ltr'><strong>immundum‘</strong></span> <span class='ocrx_word' id='word_1_187' title='bbox 2105 1264 2412 1331; x_wconf 81' lang='lat' dir='ltr'><strong>sanguinem</strong></span> <span class='ocrx_word' id='word_1_188' title='bbox 2443 1263 2581 1328; x_wconf 90' lang='lat' dir='ltr'><strong>edat,</strong></span> <span class='ocrx_word' id='word_1_189' title='bbox 2612 1277 2714 1315; x_wconf 90' lang='lat' dir='ltr'><strong>non</strong></span> <span class='ocrx_word' id='word_1_190' title='bbox 2764 1271 2934 1315; x_wconf 89' lang='lat' dir='ltr'><strong>nocet.</strong></span> <span class='ocrx_word' id='word_1_191' title='bbox 2985 1262 3083 1326; x_wconf 86' lang='lat' dir='ltr'><strong>Qui</strong></span> <span class='ocrx_word' id='word_1_192' title='bbox 3128 1275 3249 1313; x_wconf 69' lang='lat' dir='ltr'><strong>san-</strong></span> 
     </span>
    </p>
   </div>
   <div class='ocr_carea' id='block_1_26' title="bbox 1708 1350 3253 1419">
    <p class='ocr_par' dir='ltr' id='par_1_26' title="bbox 1708 1350 3253 1419">
     <span class='ocr_line' id='line_1_26' title="bbox 1708 1350 3253 1419; baseline -0.001 -18"><span class='ocrx_word' id='word_1_193' title='bbox 1708 1350 1886 1417; x_wconf 88' lang='lat' dir='ltr'><strong>guine,</strong></span> <span class='ocrx_word' id='word_1_194' title='bbox 1942 1350 2024 1403; x_wconf 89' lang='lat' dir='ltr'><strong>vel</strong></span> <span class='ocrx_word' id='word_1_195' title='bbox 2075 1364 2383 1419; x_wconf 89' lang='lat' dir='ltr'><strong>quocunque</strong></span> <span class='ocrx_word' id='word_1_196' title='bbox 2431 1351 2697 1404; x_wconf 85' lang='lat' dir='ltr'><strong>immundo</strong></span> <span class='ocrx_word' id='word_1_197' title='bbox 2732 1351 2995 1419; x_wconf 90' lang='lat' dir='ltr'><strong>polluitur,</strong></span> <span class='ocrx_word' id='word_1_198' title='bbox 3018 1350 3063 1404; x_wconf 90' lang='lat' dir='ltr'><strong>si</strong></span> <span class='ocrx_word' id='word_1_199' title='bbox 3086 1354 3253 1405; x_wconf 84' lang='lat' dir='ltr'><strong>noscit</strong></span> 
     </span>
    </p>
   </div>
   <div class='ocr_carea' id='block_1_27' title="bbox 1709 1434 3249 1517">
    <p class='ocr_par' dir='ltr' id='par_1_27' title="bbox 1709 1434 3249 1517">
     <span class='ocr_line' id='line_1_27' title="bbox 1709 1434 3249 1517; baseline 0.001 -28"><span class='ocrx_word' id='word_1_200' title='bbox 1709 1434 1795 1505; x_wconf 81' lang='lat' dir='ltr'><strong>qui</strong></span> <span class='ocrx_word' id='word_1_201' title='bbox 1827 1437 2131 1504; x_wconf 87' lang='lat' dir='ltr'><strong>manducat,</strong></span> <span class='ocrx_word' id='word_1_202' title='bbox 2150 1438 2277 1492; x_wconf 87' lang='lat' dir='ltr'><strong>nihil</strong></span> <span class='ocrx_word' id='word_1_203' title='bbox 2299 1448 2408 1517; x_wconf 79' lang='lat' dir='ltr'><strong>est;</strong></span> <span class='ocrx_word' id='word_1_204' title='bbox 2441 1440 2483 1491; x_wconf 87' lang='lat' dir='ltr'><strong>si</strong></span> <span class='ocrx_word' id='word_1_205' title='bbox 2501 1448 2671 1492; x_wconf 87' lang='lat' dir='ltr'><strong>autem</strong></span> <span class='ocrx_word' id='word_1_206' title='bbox 2694 1439 2813 1503; x_wconf 87' lang='lat' dir='ltr'><strong>scit,</strong></span> <span class='ocrx_word' id='word_1_207' title='bbox 2838 1440 3249 1507; x_wconf 68' lang='lat' dir='ltr'><strong>pmniteatjusta</strong></span> 
     </span>
    </p>
   </div>
   <div class='ocr_carea' id='block_1_28' title="bbox 1714 1527 3249 1599">
    <p class='ocr_par' dir='ltr' id='par_1_28' title="bbox 1714 1527 3249 1599">
     <span class='ocr_line' id='line_1_28' title="bbox 1714 1527 3249 1599; baseline 0.003 -19"><span class='ocrx_word' id='word_1_208' title='bbox 1714 1527 1923 1581; x_wconf 87' lang='lat' dir='ltr'><strong>modum</strong></span> <span class='ocrx_word' id='word_1_209' title='bbox 1954 1528 2277 1595; x_wconf 74' lang='lat' dir='ltr'><strong>pollutionis.</strong></span> <span class='ocrx_word' id='word_1_210' title='bbox 2304 1529 2401 1594; x_wconf 86' lang='lat' dir='ltr'><strong>Qui</strong></span> <span class='ocrx_word' id='word_1_211' title='bbox 2423 1530 2758 1599; x_wconf 81' lang='lat' dir='ltr'><strong>sanguinem,</strong></span> <span class='ocrx_word' id='word_1_212' title='bbox 2783 1540 2873 1584; x_wconf 88' lang='lat' dir='ltr'><strong>aut</strong></span> <span class='ocrx_word' id='word_1_213' title='bbox 2897 1544 3078 1584; x_wconf 81' lang='lat' dir='ltr'><strong>semen</strong></span> <span class='ocrx_word' id='word_1_214' title='bbox 3112 1531 3249 1584; x_wconf 86' lang='lat' dir='ltr'><strong>bibe-</strong></span> 
     </span>
    </p>
   </div>
   <div class='ocr_carea' id='block_1_29' title="bbox 1715 1619 3250 1689">
    <p class='ocr_par' dir='ltr' id='par_1_29' title="bbox 1715 1619 3250 1689">
     <span class='ocr_line' id='line_1_29' title="bbox 1715 1619 3250 1689; baseline 0 -18"><span class='ocrx_word' id='word_1_215' title='bbox 1715 1620 1801 1683; x_wconf 88' lang='lat' dir='ltr'><strong>rit,</strong></span> <span class='ocrx_word' id='word_1_216' title='bbox 1836 1619 1999 1673; x_wconf 84' lang='lat' dir='ltr'><strong>tribus</strong></span> <span class='ocrx_word' id='word_1_217' title='bbox 2027 1620 2177 1674; x_wconf 89' lang='lat' dir='ltr'><strong>annis</strong></span> <span class='ocrx_word' id='word_1_218' title='bbox 2226 1620 2493 1689; x_wconf 72' lang='lat' dir='ltr'><strong>pmniteat.</strong></span> <span class='ocrx_word' id='word_1_219' title='bbox 2549 1622 2601 1676; x_wconf 88' lang='lat' dir='ltr'><strong>Si</strong></span> <span class='ocrx_word' id='word_1_220' title='bbox 2644 1629 2818 1676; x_wconf 88' lang='lat' dir='ltr'><strong>autem</strong></span> <span class='ocrx_word' id='word_1_221' title='bbox 2861 1631 3153 1675; x_wconf 84' lang='lat' dir='ltr'><strong>stercorant</strong></span> <span class='ocrx_word' id='word_1_222' title='bbox 3201 1621 3250 1672; x_wconf 90' lang='lat' dir='ltr'><strong>in</strong></span> 
     </span>
    </p>
   </div>
   <div class='ocr_carea' id='block_1_30' title="bbox 1714 1710 3251 1775">
    <p class='ocr_par' dir='ltr' id='par_1_30' title="bbox 1714 1710 3251 1775">
     <span class='ocr_line' id='line_1_30' title="bbox 1714 1710 3251 1775; baseline 0.002 -17"><span class='ocrx_word' id='word_1_223' title='bbox 1714 1722 2027 1775; x_wconf 88' lang='lat' dir='ltr'><strong>quocunque</strong></span> <span class='ocrx_word' id='word_1_224' title='bbox 2057 1710 2279 1775; x_wconf 84' lang='lat' dir='ltr'><strong>liquore,</strong></span> <span class='ocrx_word' id='word_1_225' title='bbox 2313 1710 2521 1762; x_wconf 90' lang='lat' dir='ltr'><strong>tollatur</strong></span> <span class='ocrx_word' id='word_1_226' title='bbox 2549 1712 2616 1763; x_wconf 87' lang='lat' dir='ltr'><strong>ab</strong></span> <span class='ocrx_word' id='word_1_227' title='bbox 2638 1724 2702 1763; x_wconf 89' lang='lat' dir='ltr'><strong>eo</strong></span> <span class='ocrx_word' id='word_1_228' title='bbox 2730 1719 2951 1772; x_wconf 85' lang='lat' dir='ltr'><strong>stercus,</strong></span> <span class='ocrx_word' id='word_1_229' title='bbox 2976 1720 3026 1763; x_wconf 88' lang='lat' dir='ltr'><strong>et</strong></span> <span class='ocrx_word' id='word_1_230' title='bbox 3058 1711 3251 1762; x_wconf 87' lang='lat' dir='ltr'><strong>sancti-</strong></span> 
     </span>
    </p>
   </div>
   <div class='ocr_carea' id='block_1_31' title="bbox 1716 1798 3247 1865">
    <p class='ocr_par' dir='ltr' id='par_1_31' title="bbox 1716 1798 3247 1865">
     <span class='ocr_line' id='line_1_31' title="bbox 1716 1798 3247 1865; baseline 0.002 -18"><span class='ocrx_word' id='word_1_231' title='bbox 1716 1799 1897 1849; x_wconf 82' lang='lat' dir='ltr'><strong>licetur</strong></span> <span class='ocrx_word' id='word_1_232' title='bbox 1927 1813 2082 1865; x_wconf 75' lang='lat' dir='ltr'><strong>aqua,</strong></span> <span class='ocrx_word' id='word_1_233' title='bbox 2114 1808 2165 1851; x_wconf 91' lang='lat' dir='ltr'><strong>et</strong></span> <span class='ocrx_word' id='word_1_234' title='bbox 2188 1800 2411 1851; x_wconf 89' lang='lat' dir='ltr'><strong>mundus</strong></span> <span class='ocrx_word' id='word_1_235' title='bbox 2443 1800 2541 1853; x_wconf 90' lang='lat' dir='ltr'><strong>erit</strong></span> <span class='ocrx_word' id='word_1_236' title='bbox 2567 1798 2735 1853; x_wconf 88' lang='lat' dir='ltr'><strong>cibus.</strong></span> <span class='ocrx_word' id='word_1_237' title='bbox 2763 1799 2818 1853; x_wconf 92' lang='lat' dir='ltr'><strong>Si</strong></span> <span class='ocrx_word' id='word_1_238' title='bbox 2843 1800 3091 1853; x_wconf 80' lang='lat' dir='ltr'><strong>ceciderit</strong></span> <span class='ocrx_word' id='word_1_239' title='bbox 3111 1802 3247 1851; x_wconf 74' lang='lat' dir='ltr'><strong>sorix</strong></span> 
     </span>
    </p>
   </div>
   <div class='ocr_carea' id='block_1_32' title="bbox 78 1872 1611 1965">
    <p class='ocr_par' dir='ltr' id='par_1_32' title="bbox 78 1872 1607 1965">
     <span class='ocr_line' id='line_1_32' title="bbox 78 1872 1607 1965; baseline 0.008 -28"><span class='ocrx_word' id='word_1_240' title='bbox 78 1891 264 1957; x_wconf 81' lang='lat' dir='ltr'><strong>mn);</strong></span> <span class='ocrx_word' id='word_1_241' title='bbox 292 1892 418 1944; x_wconf 86' lang='lat' dir='ltr'><strong>item</strong></span> <span class='ocrx_word' id='word_1_242' title='bbox 449 1909 463 1945; x_wconf 91' lang='lat'><strong>:</strong></span> <span class='ocrx_word' id='word_1_243' title='bbox 501 1893 665 1946; x_wconf 69' lang='lat' dir='ltr'><strong>Causa</strong></span> <span class='ocrx_word' id='word_1_244' title='bbox 690 1892 955 1947; x_wconf 76' lang='lat' dir='ltr'><strong>delentur</strong></span> <span class='ocrx_word' id='word_1_245' title='bbox 996 1895 1065 1946; x_wconf 83' lang='lat' dir='ltr'><strong>ad</strong></span> <span class='ocrx_word' id='word_1_246' title='bbox 1089 1894 1204 1947; x_wconf 82' lang='lat' dir='ltr'><strong>deos</strong></span> <span class='ocrx_word' id='word_1_247' title='bbox 1232 1872 1437 1964; x_wconf 35' lang='lat' dir='ltr'><strong>(Exod;</strong></span> <span class='ocrx_word' id='word_1_248' title='bbox 1458 1898 1607 1965; x_wconf 71' lang='lat' dir='ltr'><strong>nn).</strong></span> 
     </span>
    </p>
   </div>
   <div class='ocr_carea' id='block_1_33' title="bbox 1714 1872 3253 1965">
    <p class='ocr_par' dir='ltr' id='par_1_33' title="bbox 1715 1884 3253 1960">
     <span class='ocr_line' id='line_1_33' title="bbox 1715 1884 3253 1960; baseline 0.005 -25"><span class='ocrx_word' id='word_1_249' title='bbox 1715 1884 1765 1937; x_wconf 88' lang='lat' dir='ltr'><strong>in</strong></span> <span class='ocrx_word' id='word_1_250' title='bbox 1796 1886 2071 1952; x_wconf 90' lang='lat' dir='ltr'><strong>liquorem,</strong></span> <span class='ocrx_word' id='word_1_251' title='bbox 2097 1886 2306 1940; x_wconf 87' lang='lat' dir='ltr'><strong>tollatur</strong></span> <span class='ocrx_word' id='word_1_252' title='bbox 2334 1886 2495 1953; x_wconf 80' lang='lat' dir='ltr'><strong>foras,</strong></span> <span class='ocrx_word' id='word_1_253' title='bbox 2545 1898 2597 1942; x_wconf 92' lang='lat' dir='ltr'><strong>et</strong></span> <span class='ocrx_word' id='word_1_254' title='bbox 2629 1889 2723 1942; x_wconf 87' lang='lat' dir='ltr'><strong>hoc</strong></span> <span class='ocrx_word' id='word_1_255' title='bbox 2754 1899 2929 1956; x_wconf 89' lang='lat' dir='ltr'><strong>potum</strong></span> <span class='ocrx_word' id='word_1_256' title='bbox 2975 1890 3124 1960; x_wconf 78' lang='lat' dir='ltr'><strong>[tunc</strong></span> <span class='ocrx_word' id='word_1_257' title='bbox 3175 1900 3253 1942; x_wconf 89' lang='lat' dir='ltr'><strong>to-</strong></span> 
     </span>
    </p>
   </div>
   <div class='ocr_carea' id='block_1_34' title="bbox 76 1978 1608 2048">
    <p class='ocr_par' dir='ltr' id='par_1_34' title="bbox 76 1978 1608 2048">
     <span class='ocr_line' id='line_1_34' title="bbox 76 1978 1608 2048; baseline 0.006 -19"><span class='ocrx_word' id='word_1_258' title='bbox 76 1978 305 2031; x_wconf 81' lang='lat' dir='ltr'><strong>Statuuut</strong></span> <span class='ocrx_word' id='word_1_259' title='bbox 330 1980 505 2047; x_wconf 88' lang='lat' dir='ltr'><strong>itaque</strong></span> <span class='ocrx_word' id='word_1_260' title='bbox 527 1991 652 2034; x_wconf 89' lang='lat' dir='ltr'><strong>octo</strong></span> <span class='ocrx_word' id='word_1_261' title='bbox 693 1983 998 2048; x_wconf 79' lang='lat' dir='ltr'><strong>principalia</strong></span> <span class='ocrx_word' id='word_1_262' title='bbox 1031 1984 1173 2044; x_wconf 87' lang='lat' dir='ltr'><strong>vitia,</strong></span> <span class='ocrx_word' id='word_1_263' title='bbox 1204 1986 1443 2039; x_wconf 74' lang='lat' dir='ltr'><strong>humanm</strong></span> <span class='ocrx_word' id='word_1_264' title='bbox 1471 1988 1608 2039; x_wconf 81' lang='lat' dir='ltr'><strong>salu-</strong></span> 
     </span>
    </p>
   </div>
   <div class='ocr_carea' id='block_1_35' title="bbox 76 2064 1613 2137">
    <p class='ocr_par' dir='ltr' id='par_1_35' title="bbox 76 2064 1613 2137">
     <span class='ocr_line' id='line_1_35' title="bbox 76 2064 1613 2137; baseline 0.008 -21"><span class='ocrx_word' id='word_1_265' title='bbox 76 2065 133 2117; x_wconf 85' lang='lat' dir='ltr'><strong>tis</strong></span> <span class='ocrx_word' id='word_1_266' title='bbox 158 2064 351 2137; x_wconf 85' lang='lat' dir='ltr'><strong>[saluti]</strong></span> <span class='ocrx_word' id='word_1_267' title='bbox 377 2070 660 2133; x_wconf 86' lang='lat' dir='ltr'><strong>contraria,</strong></span> <span class='ocrx_word' id='word_1_268' title='bbox 697 2076 721 2103; x_wconf 72' lang='lat'><strong><em>&#39;</em></strong></span> <span class='ocrx_word' id='word_1_269' title='bbox 759 2070 840 2125; x_wconf 86' lang='lat' dir='ltr'><strong>his</strong></span> <span class='ocrx_word' id='word_1_270' title='bbox 881 2083 1000 2124; x_wconf 84' lang='lat' dir='ltr'><strong>octo</strong></span> <span class='ocrx_word' id='word_1_271' title='bbox 1044 2076 1321 2127; x_wconf 82' lang='lat' dir='ltr'><strong>contrariis</strong></span> <span class='ocrx_word' id='word_1_272' title='bbox 1365 2082 1613 2129; x_wconf 80' lang='lat' dir='ltr'><strong>sanentur</strong></span> 
     </span>
    </p>
   </div>
   <div class='ocr_carea' id='block_1_36' title="bbox 75 2156 1611 2231">
    <p class='ocr_par' dir='ltr' id='par_1_36' title="bbox 75 2156 1611 2231">
     <span class='ocr_line' id='line_1_36' title="bbox 75 2156 1611 2231; baseline 0.008 -25"><span class='ocrx_word' id='word_1_273' title='bbox 75 2156 323 2211; x_wconf 76' lang='lat' dir='ltr'><strong>remediis.</strong></span> <span class='ocrx_word' id='word_1_274' title='bbox 371 2158 526 2213; x_wconf 82' lang='lat' dir='ltr'><strong>Vetus</strong></span> <span class='ocrx_word' id='word_1_275' title='bbox 565 2174 794 2228; x_wconf 86' lang='lat' dir='ltr'><strong>namque</strong></span> <span class='ocrx_word' id='word_1_276' title='bbox 824 2162 1155 2231; x_wconf 86' lang='lat' dir='ltr'><strong>proverbium</strong></span> <span class='ocrx_word' id='word_1_277' title='bbox 1187 2176 1265 2218; x_wconf 89' lang='lat' dir='ltr'><strong>est</strong></span> <span class='ocrx_word' id='word_1_278' title='bbox 1297 2184 1307 2217; x_wconf 90' lang='lat'>:</span> <span class='ocrx_word' id='word_1_279' title='bbox 1354 2167 1611 2219; x_wconf 66' lang='lat' dir='ltr'><strong>contraria</strong></span> 
     </span>
    </p>
   </div>
   <div class='ocr_carea' id='block_1_37' title="bbox 72 2248 1611 2322">
    <p class='ocr_par' dir='ltr' id='par_1_37' title="bbox 72 2248 1611 2322">
     <span class='ocr_line' id='line_1_37' title="bbox 72 2248 1611 2322; baseline 0.006 -27"><span class='ocrx_word' id='word_1_280' title='bbox 72 2248 331 2299; x_wconf 69' lang='lat' dir='ltr'><strong>contrariis</strong></span> <span class='ocrx_word' id='word_1_281' title='bbox 375 2258 628 2303; x_wconf 80' lang='lat' dir='ltr'><strong>sanentur</strong></span> <span class='ocrx_word' id='word_1_282' title='bbox 667 2249 1110 2322; x_wconf 75' lang='lat' dir='ltr'><strong>[Sanantur];qui</strong></span> <span class='ocrx_word' id='word_1_283' title='bbox 1148 2254 1288 2307; x_wconf 85' lang='lat' dir='ltr'><strong>enim</strong></span> <span class='ocrx_word' id='word_1_284' title='bbox 1335 2253 1511 2308; x_wconf 87' lang='lat' dir='ltr'><strong>illicita</strong></span> <span class='ocrx_word' id='word_1_285' title='bbox 1554 2254 1611 2305; x_wconf 86' lang='lat' dir='ltr'><strong>li-</strong></span> 
     </span>
    </p>
   </div>
   <div class='ocr_carea' id='block_1_38' title="bbox 73 2339 1468 2402">
    <p class='ocr_par' dir='ltr' id='par_1_38' title="bbox 73 2339 1468 2402">
     <span class='ocr_line' id='line_1_38' title="bbox 73 2339 1468 2402; baseline 0.008 -18"><span class='ocrx_word' id='word_1_286' title='bbox 73 2346 238 2389; x_wconf 79' lang='lat' dir='ltr'><strong>center</strong></span> <span class='ocrx_word' id='word_1_287' title='bbox 264 2340 619 2402; x_wconf 85' lang='lat' dir='ltr'><strong>committunt,</strong></span> <span class='ocrx_word' id='word_1_288' title='bbox 651 2353 681 2390; x_wconf 89' lang='lat' dir='ltr'><strong>a</strong></span> <span class='ocrx_word' id='word_1_289' title='bbox 712 2339 868 2392; x_wconf 86' lang='lat' dir='ltr'><strong>licitis</strong></span> <span class='ocrx_word' id='word_1_290' title='bbox 904 2354 1151 2396; x_wconf 74' lang='lat' dir='ltr'><strong>coercere</strong></span> <span class='ocrx_word' id='word_1_291' title='bbox 1176 2356 1233 2397; x_wconf 87' lang='lat' dir='ltr'><strong>se</strong></span> <span class='ocrx_word' id='word_1_292' title='bbox 1259 2342 1468 2398; x_wconf 83' lang='lat' dir='ltr'><strong>debent.</strong></span> 
     </span>
    </p>
   </div>
   <div class='ocr_carea' id='block_1_39' title="bbox 577 2448 1123 2507">
    <p class='ocr_par' dir='ltr' id='par_1_39' title="bbox 577 2448 1123 2507">
     <span class='ocr_line' id='line_1_39' title="bbox 577 2448 1123 2507; baseline 0.011 -6"><span class='ocrx_word' id='word_1_293' title='bbox 577 2448 802 2505; x_wconf 82' lang='lat' dir='ltr'><strong>CAPUT</strong></span> <span class='ocrx_word' id='word_1_294' title='bbox 844 2450 1123 2507; x_wconf 73' lang='lat' dir='ltr'><strong>PRIMUM.</strong></span> 
     </span>
    </p>
   </div>
   <div class='ocr_carea' id='block_1_40' title="bbox 522 2517 1185 2589">
    <p class='ocr_par' dir='ltr' id='par_1_40' title="bbox 522 2517 1185 2589">
     <span class='ocr_line' id='line_1_40' title="bbox 522 2517 1185 2589; baseline 0.006 -18"><span class='ocrx_word' id='word_1_295' title='bbox 522 2517 619 2571; x_wconf 37' lang='grc' dir='ltr'><strong>,υς</strong></span> <span class='ocrx_word' id='word_1_296' title='bbox 668 2524 785 2589; x_wconf 81' lang='lat' dir='ltr'><strong>gnto</strong></span> <span class='ocrx_word' id='word_1_297' title='bbox 838 2531 883 2573; x_wconf 81' lang='lat' dir='ltr'><strong>et</strong></span> <span class='ocrx_word' id='word_1_298' title='bbox 931 2525 1185 2577; x_wconf 79' lang='lat' dir='ltr'><strong>ebrietate.</strong></span> 
     </span>
    </p>
   </div>
   <div class='ocr_carea' id='block_1_41' title="bbox 133 2606 1611 2680">
    <p class='ocr_par' dir='ltr' id='par_1_41' title="bbox 133 2606 1611 2680">
     <span class='ocr_line' id='line_1_41' title="bbox 133 2606 1611 2680; baseline 0.005 -20"><span class='ocrx_word' id='word_1_299' title='bbox 133 2606 185 2660; x_wconf 90' lang='lat' dir='ltr'><strong>Si</strong></span> <span class='ocrx_word' id='word_1_300' title='bbox 205 2606 322 2676; x_wconf 86' lang='lat' dir='ltr'><strong>quis</strong></span> <span class='ocrx_word' id='word_1_301' title='bbox 352 2609 651 2677; x_wconf 81' lang='lat' dir='ltr'><strong>episcOpus,</strong></span> <span class='ocrx_word' id='word_1_302' title='bbox 680 2620 770 2663; x_wconf 91' lang='lat' dir='ltr'><strong>aut</strong></span> <span class='ocrx_word' id='word_1_303' title='bbox 790 2612 980 2679; x_wconf 72' lang='lat' dir='ltr'><strong>aliquis</strong></span> <span class='ocrx_word' id='word_1_304' title='bbox 997 2614 1294 2680; x_wconf 87' lang='lat' dir='ltr'><strong>ordinatus,</strong></span> <span class='ocrx_word' id='word_1_305' title='bbox 1321 2615 1371 2669; x_wconf 92' lang='lat' dir='ltr'><strong>in</strong></span> <span class='ocrx_word' id='word_1_306' title='bbox 1392 2629 1611 2669; x_wconf 89' lang='lat' dir='ltr'><strong>consue-</strong></span> 
     </span>
    </p>
   </div>
   <div class='ocr_carea' id='block_1_42' title="bbox 73 2696 1613 2765">
    <p class='ocr_par' dir='ltr' id='par_1_42' title="bbox 73 2696 1613 2765">
     <span class='ocr_line' id='line_1_42' title="bbox 73 2696 1613 2765; baseline 0.007 -20"><span class='ocrx_word' id='word_1_307' title='bbox 73 2696 235 2750; x_wconf 86' lang='lat' dir='ltr'><strong>tudine</strong></span> <span class='ocrx_word' id='word_1_308' title='bbox 262 2697 444 2750; x_wconf 88' lang='lat' dir='ltr'><strong>vitium</strong></span> <span class='ocrx_word' id='word_1_309' title='bbox 475 2698 715 2753; x_wconf 80' lang='lat' dir='ltr'><strong>habuerit</strong></span> <span class='ocrx_word' id='word_1_310' title='bbox 738 2698 1027 2765; x_wconf 84' lang='lat' dir='ltr'><strong>ebrietatis,</strong></span> <span class='ocrx_word' id='word_1_311' title='bbox 1054 2712 1142 2754; x_wconf 89' lang='lat' dir='ltr'><strong>aut</strong></span> <span class='ocrx_word' id='word_1_312' title='bbox 1161 2701 1385 2765; x_wconf 85' lang='lat' dir='ltr'><strong>desinat,</strong></span> <span class='ocrx_word' id='word_1_313' title='bbox 1415 2713 1504 2755; x_wconf 89' lang='lat' dir='ltr'><strong>aut</strong></span> <span class='ocrx_word' id='word_1_314' title='bbox 1525 2707 1613 2757; x_wconf 88' lang='lat' dir='ltr'><strong>de-</strong></span> 
     </span>
    </p>
   </div>
   <div class='ocr_carea' id='block_1_43' title="bbox 75 2788 1611 2859">
    <p class='ocr_par' dir='ltr' id='par_1_43' title="bbox 75 2788 1611 2859">
     <span class='ocr_line' id='line_1_43' title="bbox 75 2788 1611 2859; baseline 0.008 -22"><span class='ocrx_word' id='word_1_315' title='bbox 75 2798 298 2849; x_wconf 81' lang='lat' dir='ltr'><strong>ponatur.</strong></span> <span class='ocrx_word' id='word_1_316' title='bbox 347 2788 404 2842; x_wconf 87' lang='lat' dir='ltr'><strong>Si</strong></span> <span class='ocrx_word' id='word_1_317' title='bbox 431 2789 549 2857; x_wconf 83' lang='lat' dir='ltr'><strong>quis</strong></span> <span class='ocrx_word' id='word_1_318' title='bbox 576 2789 863 2845; x_wconf 88' lang='lat' dir='ltr'><strong>monachus</strong></span> <span class='ocrx_word' id='word_1_319' title='bbox 892 2806 983 2859; x_wconf 87' lang='lat' dir='ltr'><strong>per</strong></span> <span class='ocrx_word' id='word_1_320' title='bbox 1006 2791 1314 2846; x_wconf 87' lang='lat' dir='ltr'><strong>ebrietatem</strong></span> <span class='ocrx_word' id='word_1_321' title='bbox 1360 2796 1611 2849; x_wconf 84' lang='lat' dir='ltr'><strong>vomitum</strong></span> 
     </span>
    </p>
   </div>
   <div class='ocr_carea' id='block_1_44' title="bbox 70 2874 1613 2955">
    <p class='ocr_par' dir='ltr' id='par_1_44' title="bbox 70 2874 1613 2955">
     <span class='ocr_line' id='line_1_44' title="bbox 70 2874 1613 2955; baseline 0.008 -29"><span class='ocrx_word' id='word_1_322' title='bbox 70 2874 200 2940; x_wconf 81' lang='lat' dir='ltr'><strong>iacit,</strong></span> <span class='ocrx_word' id='word_1_323' title='bbox 230 2878 437 2946; x_wconf 79' lang='lat' dir='ltr'><strong>triginta</strong></span> <span class='ocrx_word' id='word_1_324' title='bbox 466 2878 654 2933; x_wconf 87' lang='lat' dir='ltr'><strong>diebus</strong></span> <span class='ocrx_word' id='word_1_325' title='bbox 682 2880 949 2947; x_wconf 66' lang='lat' dir='ltr'><strong>paniteat.</strong></span> <span class='ocrx_word' id='word_1_326' title='bbox 992 2882 1048 2936; x_wconf 89' lang='lat' dir='ltr'><strong>Si</strong></span> <span class='ocrx_word' id='word_1_327' title='bbox 1078 2883 1194 2951; x_wconf 89' lang='lat' dir='ltr'><strong>quis</strong></span> <span class='ocrx_word' id='word_1_328' title='bbox 1223 2886 1498 2955; x_wconf 82' lang='lat' dir='ltr'><strong>presbyter</strong></span> <span class='ocrx_word' id='word_1_329' title='bbox 1519 2895 1613 2938; x_wconf 87' lang='lat' dir='ltr'><strong>aut</strong></span> 
     </span>
    </p>
   </div>
   <div class='ocr_carea' id='block_1_45' title="bbox 69 2966 1613 3044">
    <p class='ocr_par' dir='ltr' id='par_1_45' title="bbox 69 2966 1613 3044">
     <span class='ocr_line' id='line_1_45' title="bbox 69 2966 1613 3044; baseline 0.008 -28"><span class='ocrx_word' id='word_1_330' title='bbox 69 2966 327 3033; x_wconf 77' lang='lat' dir='ltr'><strong>diaconus,</strong></span> <span class='ocrx_word' id='word_1_331' title='bbox 372 2967 718 3037; x_wconf 74' lang='lat' dir='ltr'><strong>quadraginta</strong></span> <span class='ocrx_word' id='word_1_332' title='bbox 770 2971 881 3025; x_wconf 86' lang='lat' dir='ltr'><strong>dies</strong></span> <span class='ocrx_word' id='word_1_333' title='bbox 935 2975 1209 3041; x_wconf 70' lang='lat' dir='ltr'><strong>pmniteat.</strong></span> <span class='ocrx_word' id='word_1_334' title='bbox 1258 2976 1313 3029; x_wconf 87' lang='lat' dir='ltr'><strong>Si</strong></span> <span class='ocrx_word' id='word_1_335' title='bbox 1368 2991 1494 3029; x_wconf 90' lang='lat' dir='ltr'><strong>vero</strong></span> <span class='ocrx_word' id='word_1_336' title='bbox 1522 2991 1613 3044; x_wconf 90' lang='lat' dir='ltr'><strong>per</strong></span> 
     </span>
    </p>
   </div>
   <div class='ocr_carea' id='block_1_46' title="bbox 72 3055 1606 3133">
    <p class='ocr_par' dir='ltr' id='par_1_46' title="bbox 72 3055 1606 3133">
     <span class='ocr_line' id='line_1_46' title="bbox 72 3055 1606 3133; baseline 0.009 -27"><span class='ocrx_word' id='word_1_337' title='bbox 72 3055 440 3121; x_wconf 63' lang='lat' dir='ltr'><strong>inﬁrmitatem,</strong></span> <span class='ocrx_word' id='word_1_338' title='bbox 481 3070 573 3114; x_wconf 91' lang='lat' dir='ltr'><strong>aut</strong></span> <span class='ocrx_word' id='word_1_339' title='bbox 608 3062 696 3129; x_wconf 91' lang='lat' dir='ltr'><strong>qui</strong></span> <span class='ocrx_word' id='word_1_340' title='bbox 746 3063 902 3131; x_wconf 87' lang='lat' dir='ltr'><strong>longo</strong></span> <span class='ocrx_word' id='word_1_341' title='bbox 931 3074 1165 3132; x_wconf 87' lang='lat' dir='ltr'><strong>tempore</strong></span> <span class='ocrx_word' id='word_1_342' title='bbox 1192 3082 1251 3122; x_wconf 86' lang='lat' dir='ltr'><strong>se</strong></span> <span class='ocrx_word' id='word_1_343' title='bbox 1277 3067 1606 3133; x_wconf 86' lang='lat' dir='ltr'><strong>abstinuerit,</strong></span> 
     </span>
    </p>
   </div>
   <div class='ocr_carea' id='block_1_47' title="bbox 73 3149 1610 3214">
    <p class='ocr_par' dir='ltr' id='par_1_47' title="bbox 73 3149 1610 3214">
     <span class='ocr_line' id='line_1_47' title="bbox 73 3149 1610 3214; baseline 0.009 -15"><span class='ocrx_word' id='word_1_344' title='bbox 73 3157 119 3199; x_wconf 88' lang='lat' dir='ltr'><strong>ct</strong></span> <span class='ocrx_word' id='word_1_345' title='bbox 156 3149 206 3203; x_wconf 90' lang='lat' dir='ltr'><strong>in</strong></span> <span class='ocrx_word' id='word_1_346' title='bbox 253 3152 638 3207; x_wconf 87' lang='lat' dir='ltr'><strong>consuetudine</strong></span> <span class='ocrx_word' id='word_1_347' title='bbox 667 3167 771 3207; x_wconf 89' lang='lat' dir='ltr'><strong>non</strong></span> <span class='ocrx_word' id='word_1_348' title='bbox 814 3165 928 3208; x_wconf 90' lang='lat' dir='ltr'><strong>erat</strong></span> <span class='ocrx_word' id='word_1_349' title='bbox 971 3156 1021 3209; x_wconf 90' lang='lat' dir='ltr'><strong>ei</strong></span> <span class='ocrx_word' id='word_1_350' title='bbox 1050 3158 1271 3211; x_wconf 81' lang='lat' dir='ltr'><strong>multant</strong></span> <span class='ocrx_word' id='word_1_351' title='bbox 1320 3159 1500 3214; x_wconf 89' lang='lat' dir='ltr'><strong>bibere</strong></span> <span class='ocrx_word' id='word_1_352' title='bbox 1533 3161 1610 3213; x_wconf 87' lang='lat' dir='ltr'><strong>vel</strong></span> 
     </span>
    </p>
   </div>
   <div class='ocr_carea' id='block_1_48' title="bbox 71 3226 1612 3312">
    <p class='ocr_par' dir='ltr' id='par_1_48' title="bbox 71 3226 1612 3312">
     <span class='ocr_line' id='line_1_48' title="bbox 71 3226 1612 3312; baseline 0.011 -25"><span class='ocrx_word' id='word_1_353' title='bbox 71 3226 396 3304; x_wconf 80' lang='lat' dir='ltr'><strong>manducare,</strong></span> <span class='ocrx_word' id='word_1_354' title='bbox 429 3251 519 3294; x_wconf 90' lang='lat' dir='ltr'><strong>aut</strong></span> <span class='ocrx_word' id='word_1_355' title='bbox 552 3257 647 3309; x_wconf 86' lang='lat' dir='ltr'><strong>pro</strong></span> <span class='ocrx_word' id='word_1_356' title='bbox 674 3244 865 3312; x_wconf 83' lang='lat' dir='ltr'><strong>gaudio</strong></span> <span class='ocrx_word' id='word_1_357' title='bbox 893 3245 942 3298; x_wconf 91' lang='lat' dir='ltr'><strong>in</strong></span> <span class='ocrx_word' id='word_1_358' title='bbox 980 3244 1151 3300; x_wconf 83' lang='lat' dir='ltr'><strong>Natali</strong></span> <span class='ocrx_word' id='word_1_359' title='bbox 1186 3245 1413 3310; x_wconf 78' lang='lat' dir='ltr'><strong>Domini,</strong></span> <span class='ocrx_word' id='word_1_360' title='bbox 1444 3261 1529 3301; x_wconf 91' lang='lat' dir='ltr'><strong>aut</strong></span> <span class='ocrx_word' id='word_1_361' title='bbox 1560 3250 1612 3303; x_wconf 91' lang='lat' dir='ltr'><strong>in</strong></span> 
     </span>
    </p>
   </div>
   <div class='ocr_carea' id='block_1_49' title="bbox 72 3328 1612 3401">
    <p class='ocr_par' dir='ltr' id='par_1_49' title="bbox 72 3328 1612 3401">
     <span class='ocr_line' id='line_1_49' title="bbox 72 3328 1612 3401; baseline 0.011 -23"><span class='ocrx_word' id='word_1_362' title='bbox 72 3328 282 3393; x_wconf 76' lang='lat' dir='ltr'><strong>l&#39;asclta,</strong></span> <span class='ocrx_word' id='word_1_363' title='bbox 305 3340 397 3384; x_wconf 92' lang='lat' dir='ltr'><strong>aut</strong></span> <span class='ocrx_word' id='word_1_364' title='bbox 422 3345 517 3398; x_wconf 79' lang='lat' dir='ltr'><strong>pro</strong></span> <span class='ocrx_word' id='word_1_365' title='bbox 542 3330 765 3401; x_wconf 82' lang='lat' dir='ltr'><strong>alicujus</strong></span> <span class='ocrx_word' id='word_1_366' title='bbox 786 3347 1087 3389; x_wconf 88' lang='lat' dir='ltr'><strong>sanctorum</strong></span> <span class='ocrx_word' id='word_1_367' title='bbox 1112 3339 1612 3395; x_wconf 87' lang='lat' dir='ltr'><strong>commemoratione</strong></span> 
     </span>
    </p>
   </div>
   <div class='ocr_carea' id='block_1_50' title="bbox 75 3422 1613 3498">
    <p class='ocr_par' dir='ltr' id='par_1_50' title="bbox 75 3422 1613 3498">
     <span class='ocr_line' id='line_1_50' title="bbox 75 3422 1613 3498; baseline 0.007 -25"><span class='ocrx_word' id='word_1_368' title='bbox 75 3422 309 3487; x_wconf 81' lang='lat' dir='ltr'><strong>iaciebat,</strong></span> <span class='ocrx_word' id='word_1_369' title='bbox 340 3434 399 3478; x_wconf 86' lang='lat' dir='ltr'><strong>et</strong></span> <span class='ocrx_word' id='word_1_370' title='bbox 425 3434 549 3479; x_wconf 86' lang='lat' dir='ltr'><strong>tunc</strong></span> <span class='ocrx_word' id='word_1_371' title='bbox 577 3426 696 3493; x_wconf 90' lang='lat' dir='ltr'><strong>plus</strong></span> <span class='ocrx_word' id='word_1_372' title='bbox 738 3442 841 3481; x_wconf 87' lang='lat' dir='ltr'><strong>non</strong></span> <span class='ocrx_word' id='word_1_373' title='bbox 888 3429 1091 3495; x_wconf 89' lang='lat' dir='ltr'><strong>accepit</strong></span> <span class='ocrx_word' id='word_1_374' title='bbox 1132 3445 1286 3498; x_wconf 86' lang='lat' dir='ltr'><strong>quam</strong></span> <span class='ocrx_word' id='word_1_375' title='bbox 1343 3431 1613 3483; x_wconf 86' lang='lat' dir='ltr'><strong>decretum</strong></span> 
     </span>
    </p>
   </div>
   <div class='ocr_carea' id='block_1_51' title="bbox 68 3514 1610 3585">
    <p class='ocr_par' dir='ltr' id='par_1_51' title="bbox 68 3514 1610 3585">
     <span class='ocr_line' id='line_1_51' title="bbox 68 3514 1610 3585; baseline 0.005 -23"><span class='ocrx_word' id='word_1_376' title='bbox 68 3520 145 3563; x_wconf 81' lang='lat' dir='ltr'><strong>est</strong></span> <span class='ocrx_word' id='word_1_377' title='bbox 184 3525 214 3564; x_wconf 89' lang='lat' dir='ltr'><strong>a</strong></span> <span class='ocrx_word' id='word_1_378' title='bbox 264 3514 588 3579; x_wconf 80' lang='lat' dir='ltr'><strong>senioribus,</strong></span> <span class='ocrx_word' id='word_1_379' title='bbox 612 3514 744 3569; x_wconf 84' lang='lat' dir='ltr'><strong>nihil</strong></span> <span class='ocrx_word' id='word_1_380' title='bbox 770 3526 944 3570; x_wconf 89' lang='lat' dir='ltr'><strong>nocet.</strong></span> <span class='ocrx_word' id='word_1_381' title='bbox 994 3518 1050 3571; x_wconf 86' lang='lat' dir='ltr'><strong>Si</strong></span> <span class='ocrx_word' id='word_1_382' title='bbox 1071 3520 1345 3585; x_wconf 81' lang='lat' dir='ltr'><strong>episcopus</strong></span> <span class='ocrx_word' id='word_1_383' title='bbox 1374 3517 1610 3585; x_wconf 89' lang='lat' dir='ltr'><strong>jusserit,</strong></span> 
     </span>
    </p>
   </div>
   <div class='ocr_carea' id='block_1_52' title="bbox 71 3605 1615 3673">
    <p class='ocr_par' dir='ltr' id='par_1_52' title="bbox 71 3605 1615 3673">
     <span class='ocr_line' id='line_1_52' title="bbox 71 3605 1615 3673; baseline 0.006 -22"><span class='ocrx_word' id='word_1_384' title='bbox 71 3608 334 3659; x_wconf 64' lang='lat' dir='ltr'><strong>nonnocu</strong></span> <span class='ocrx_word' id='word_1_385' title='bbox 362 3605 460 3669; x_wconf 88' lang='lat' dir='ltr'><strong>illi,</strong></span> <span class='ocrx_word' id='word_1_386' title='bbox 513 3606 613 3660; x_wconf 85' lang='lat' dir='ltr'><strong>nisi</strong></span> <span class='ocrx_word' id='word_1_387' title='bbox 636 3606 747 3673; x_wconf 83' lang='lat' dir='ltr'><strong>ipse</strong></span> <span class='ocrx_word' id='word_1_388' title='bbox 795 3607 1035 3660; x_wconf 84' lang='lat' dir='ltr'><strong>similiter</strong></span> <span class='ocrx_word' id='word_1_389' title='bbox 1065 3606 1108 3660; x_wconf 72' lang='grc' dir='ltr'><strong>ί.</strong></span> <span class='ocrx_word' id='word_1_390' title='bbox 1136 3608 1189 3661; x_wconf 88' lang='lat' dir='ltr'><strong>Si</strong></span> <span class='ocrx_word' id='word_1_391' title='bbox 1244 3610 1405 3661; x_wconf 66' lang='lat' dir='ltr'><strong>la‘cns</strong></span> <span class='ocrx_word' id='word_1_392' title='bbox 1446 3607 1615 3662; x_wconf 76' lang='lat' dir='ltr'><strong>ﬁdelis</strong></span> 
     </span>
    </p>
   </div>
   <div class='ocr_carea' id='block_1_53' title="bbox 71 3690 1615 3767">
    <p class='ocr_par' dir='ltr' id='par_1_53' title="bbox 71 3690 1615 3767">
     <span class='ocr_line' id='line_1_53' title="bbox 71 3690 1615 3767; baseline 0.004 -22"><span class='ocrx_word' id='word_1_393' title='bbox 71 3706 154 3757; x_wconf 80' lang='lat' dir='ltr'><strong>per</strong></span> <span class='ocrx_word' id='word_1_394' title='bbox 174 3690 489 3747; x_wconf 81' lang='lat' dir='ltr'><strong>ebrietatem</strong></span> <span class='ocrx_word' id='word_1_395' title='bbox 522 3696 779 3748; x_wconf 76' lang='lat' dir='ltr'><strong>vomitum</strong></span> <span class='ocrx_word' id='word_1_396' title='bbox 812 3698 954 3759; x_wconf 82' lang='lat' dir='ltr'><strong>facit,</strong></span> <span class='ocrx_word' id='word_1_397' title='bbox 979 3698 1275 3767; x_wconf 84' lang='lat' dir='ltr'><strong>quindecim</strong></span> <span class='ocrx_word' id='word_1_398' title='bbox 1305 3698 1415 3751; x_wconf 84' lang='lat' dir='ltr'><strong>dies</strong></span> <span class='ocrx_word' id='word_1_399' title='bbox 1448 3699 1615 3767; x_wconf 79' lang='lat' dir='ltr'><strong>pumi-</strong></span> 
     </span>
    </p>
   </div>
   <div class='ocr_carea' id='block_1_54' title="bbox 71 3763 1612 3859">
    <p class='ocr_par' dir='ltr' id='par_1_54' title="bbox 71 3763 1612 3859">
     <span class='ocr_line' id='line_1_54' title="bbox 71 3763 1612 3859; baseline 0.008 -28"><span class='ocrx_word' id='word_1_400' title='bbox 71 3792 185 3833; x_wconf 75' lang='lat' dir='ltr'><strong>teat.</strong></span> <span class='ocrx_word' id='word_1_401' title='bbox 207 3782 492 3846; x_wconf 82' lang='lat' dir='ltr'><strong>Sacerdos,</strong></span> <span class='ocrx_word' id='word_1_402' title='bbox 518 3783 560 3836; x_wconf 86' lang='lat' dir='ltr'><strong>si</strong></span> <span class='ocrx_word' id='word_1_403' title='bbox 590 3783 880 3839; x_wconf 88' lang='lat' dir='ltr'><strong>inebrietur</strong></span> <span class='ocrx_word' id='word_1_404' title='bbox 910 3763 1008 3854; x_wconf 81' lang='lat' dir='ltr'><strong>per</strong></span> <span class='ocrx_word' id='word_1_405' title='bbox 1025 3763 1383 3855; x_wconf 69' lang='lat' dir='ltr'><strong>ignorantiam,</strong></span> <span class='ocrx_word' id='word_1_406' title='bbox 1412 3763 1612 3859; x_wconf 75' lang='lat' dir='ltr'><strong>septem</strong></span> 
     </span>
    </p>
   </div>
   <div class='ocr_carea' id='block_1_55' title="bbox 68 3870 1609 3949">
    <p class='ocr_par' dir='ltr' id='par_1_55' title="bbox 68 3870 1609 3949">
     <span class='ocr_line' id='line_1_55' title="bbox 68 3870 1609 3949; baseline 0.009 -28"><span class='ocrx_word' id='word_1_407' title='bbox 68 3870 173 3924; x_wconf 82' lang='lat' dir='ltr'><strong>dies</strong></span> <span class='ocrx_word' id='word_1_408' title='bbox 200 3872 456 3938; x_wconf 75' lang='lat' dir='ltr'><strong>preniteat</strong></span> <span class='ocrx_word' id='word_1_409' title='bbox 484 3872 535 3926; x_wconf 92' lang='lat' dir='ltr'><strong>in</strong></span> <span class='ocrx_word' id='word_1_410' title='bbox 572 3888 707 3943; x_wconf 85' lang='lat' dir='ltr'><strong>pane</strong></span> <span class='ocrx_word' id='word_1_411' title='bbox 736 3885 787 3929; x_wconf 92' lang='lat' dir='ltr'><strong>et</strong></span> <span class='ocrx_word' id='word_1_412' title='bbox 818 3892 984 3946; x_wconf 87' lang='lat' dir='ltr'><strong>aqua;</strong></span> <span class='ocrx_word' id='word_1_413' title='bbox 1028 3880 1072 3931; x_wconf 88' lang='lat' dir='ltr'><strong>si</strong></span> <span class='ocrx_word' id='word_1_414' title='bbox 1104 3881 1609 3949; x_wconf 24' lang='lat' dir='ltr'><strong>per-negligentiam,</strong></span> 
     </span>
    </p>
   </div>
   <div class='ocr_carea' id='block_1_56' title="bbox 68 3959 1614 4036">
    <p class='ocr_par' dir='ltr' id='par_1_56' title="bbox 68 3959 1614 4036">
     <span class='ocr_line' id='line_1_56' title="bbox 68 3959 1614 4036; baseline 0.008 -26"><span class='ocrx_word' id='word_1_415' title='bbox 68 3959 360 4023; x_wconf 75' lang='lat' dir='ltr'><strong>Quindecim</strong></span> <span class='ocrx_word' id='word_1_416' title='bbox 378 3961 497 4016; x_wconf 89' lang='lat' dir='ltr'><strong>dies</strong></span> <span class='ocrx_word' id='word_1_417' title='bbox 515 3978 531 4026; x_wconf 85' lang='lat'><strong>;</strong></span> <span class='ocrx_word' id='word_1_418' title='bbox 560 3962 605 4016; x_wconf 86' lang='lat' dir='ltr'><strong>si</strong></span> <span class='ocrx_word' id='word_1_419' title='bbox 630 3978 724 4030; x_wconf 89' lang='lat' dir='ltr'><strong>per</strong></span> <span class='ocrx_word' id='word_1_420' title='bbox 744 3975 1125 4034; x_wconf 90' lang='lat' dir='ltr'><strong>contemptum,</strong></span> <span class='ocrx_word' id='word_1_421' title='bbox 1148 3969 1485 4036; x_wconf 78' lang='lat' dir='ltr'><strong>quadraginta</strong></span> <span class='ocrx_word' id='word_1_422' title='bbox 1500 3971 1614 4023; x_wconf 89' lang='lat' dir='ltr'><strong>dies</strong></span> 
     </span>
    </p>
   </div>
   <div class='ocr_carea' id='block_1_57' title="bbox 70 4050 1612 4125">
    <p class='ocr_par' dir='ltr' id='par_1_57' title="bbox 70 4050 1612 4125">
     <span class='ocr_line' id='line_1_57' title="bbox 70 4050 1612 4125; baseline 0.005 -23"><span class='ocrx_word' id='word_1_423' title='bbox 70 4050 333 4115; x_wconf 68' lang='lat' dir='ltr'><strong>pteniteat.</strong></span> <span class='ocrx_word' id='word_1_424' title='bbox 369 4050 631 4107; x_wconf 88' lang='lat' dir='ltr'><strong>Diaconus</strong></span> <span class='ocrx_word' id='word_1_425' title='bbox 657 4061 712 4108; x_wconf 90' lang='lat' dir='ltr'><strong>et</strong></span> <span class='ocrx_word' id='word_1_426' title='bbox 760 4057 1049 4109; x_wconf 81' lang='lat' dir='ltr'><strong>monachus</strong></span> <span class='ocrx_word' id='word_1_427' title='bbox 1075 4067 1297 4125; x_wconf 88' lang='lat' dir='ltr'><strong>quatuor</strong></span> <span class='ocrx_word' id='word_1_428' title='bbox 1325 4058 1612 4112; x_wconf 74' lang='lat' dir='ltr'><strong>hebdoma-</strong></span> 
     </span>
    </p>
   </div>
   <div class='ocr_carea' id='block_1_58' title="bbox 68 4142 1614 4215">
    <p class='ocr_par' dir='ltr' id='par_1_58' title="bbox 68 4142 1614 4215">
     <span class='ocr_line' id='line_1_58' title="bbox 68 4142 1614 4215; baseline 0.009 -23"><span class='ocrx_word' id='word_1_429' title='bbox 68 4144 179 4203; x_wconf 84' lang='lat' dir='ltr'><strong>das;</strong></span> <span class='ocrx_word' id='word_1_430' title='bbox 196 4142 554 4198; x_wconf 84' lang='lat' dir='ltr'><strong>subdiaconus</strong></span> <span class='ocrx_word' id='word_1_431' title='bbox 573 4154 701 4213; x_wconf 84' lang='lat' dir='ltr'><strong>tres,</strong></span> <span class='ocrx_word' id='word_1_432' title='bbox 718 4146 749 4180; x_wconf 74' lang='lat'><strong><em>&quot;</em></strong></span> <span class='ocrx_word' id='word_1_433' title='bbox 762 4143 1068 4215; x_wconf 51' lang='lat' dir='ltr'><strong>duos&#39;dies;</strong></span> <span class='ocrx_word' id='word_1_434' title='bbox 1092 4150 1206 4205; x_wconf 83' lang='lat' dir='ltr'><strong>laici</strong></span> <span class='ocrx_word' id='word_1_435' title='bbox 1231 4167 1383 4209; x_wconf 86' lang='lat' dir='ltr'><strong>unam</strong></span> <span class='ocrx_word' id='word_1_436' title='bbox 1414 4150 1614 4205; x_wconf 87' lang='lat' dir='ltr'><strong>hebdo-</strong></span> 
     </span>
    </p>
   </div>
   <div class='ocr_carea' id='block_1_59' title="bbox 70 4232 1614 4303">
    <p class='ocr_par' dir='ltr' id='par_1_59' title="bbox 70 4232 1614 4303">
     <span class='ocr_line' id='line_1_59' title="bbox 70 4232 1614 4303; baseline 0.011 -22"><span class='ocrx_word' id='word_1_437' title='bbox 70 4232 284 4286; x_wconf 87' lang='lat' dir='ltr'><strong>madam.</strong></span> <span class='ocrx_word' id='word_1_438' title='bbox 309 4233 411 4300; x_wconf 89' lang='lat' dir='ltr'><strong>Qui</strong></span> <span class='ocrx_word' id='word_1_439' title='bbox 432 4236 579 4303; x_wconf 82' lang='lat' dir='ltr'><strong>cogit</strong></span> <span class='ocrx_word' id='word_1_440' title='bbox 604 4235 868 4291; x_wconf 87' lang='lat' dir='ltr'><strong>hominem</strong></span> <span class='ocrx_word' id='word_1_441' title='bbox 892 4250 948 4293; x_wconf 90' lang='lat' dir='ltr'><strong>ut</strong></span> <span class='ocrx_word' id='word_1_442' title='bbox 971 4241 1256 4295; x_wconf 89' lang='lat' dir='ltr'><strong>inebrietur</strong></span> <span class='ocrx_word' id='word_1_443' title='bbox 1277 4244 1614 4298; x_wconf 84' lang='lat' dir='ltr'><strong>immanitatis</strong></span> 
     </span>
    </p>
   </div>
   <div class='ocr_carea' id='block_1_60' title="bbox 68 4323 1614 4402">
    <p class='ocr_par' dir='ltr' id='par_1_60' title="bbox 68 4323 1614 4402">
     <span class='ocr_line' id='line_1_60' title="bbox 68 4323 1614 4402; baseline 0.009 -28"><span class='ocrx_word' id='word_1_444' title='bbox 68 4323 265 4390; x_wconf 71' lang='lat' dir='ltr'><strong>iniusta:</strong></span> <span class='ocrx_word' id='word_1_445' title='bbox 293 4325 487 4393; x_wconf 84' lang='lat' dir='ltr'><strong>gratia,</strong></span> <span class='ocrx_word' id='word_1_446' title='bbox 516 4336 577 4377; x_wconf 90' lang='lat' dir='ltr'><strong>ut</strong></span> <span class='ocrx_word' id='word_1_447' title='bbox 601 4326 842 4381; x_wconf 89' lang='lat' dir='ltr'><strong>ebriosus</strong></span> <span class='ocrx_word' id='word_1_448' title='bbox 870 4330 1149 4396; x_wconf 78' lang='lat' dir='ltr'><strong>preniteat;</strong></span> <span class='ocrx_word' id='word_1_449' title='bbox 1206 4334 1250 4386; x_wconf 88' lang='lat' dir='ltr'><strong>si</strong></span> <span class='ocrx_word' id='word_1_450' title='bbox 1292 4348 1385 4402; x_wconf 89' lang='lat' dir='ltr'><strong>per</strong></span> <span class='ocrx_word' id='word_1_451' title='bbox 1411 4334 1614 4399; x_wconf 84' lang='lat' dir='ltr'><strong>odium,</strong></span> 
     </span>
    </p>
   </div>
   <div class='ocr_carea' id='block_1_61' title="bbox 70 4414 1614 4491">
    <p class='ocr_par' dir='ltr' id='par_1_61' title="bbox 70 4414 1614 4491">
     <span class='ocr_line' id='line_1_61' title="bbox 70 4414 1614 4491; baseline 0.011 -28"><span class='ocrx_word' id='word_1_452' title='bbox 70 4423 119 4465; x_wconf 87' lang='lat' dir='ltr'><strong>ut</strong></span> <span class='ocrx_word' id='word_1_453' title='bbox 166 4414 431 4469; x_wconf 87' lang='lat' dir='ltr'><strong>homicida</strong></span> <span class='ocrx_word' id='word_1_454' title='bbox 478 4415 762 4483; x_wconf 76' lang='lat' dir='ltr'><strong>iudicetur.</strong></span> <span class='ocrx_word' id='word_1_455' title='bbox 806 4418 903 4485; x_wconf 89' lang='lat' dir='ltr'><strong>Qui</strong></span> <span class='ocrx_word' id='word_1_456' title='bbox 954 4421 1177 4487; x_wconf 83' lang='lat' dir='ltr'><strong>psallere</strong></span> <span class='ocrx_word' id='word_1_457' title='bbox 1205 4438 1309 4476; x_wconf 87' lang='lat' dir='ltr'><strong>non</strong></span> <span class='ocrx_word' id='word_1_458' title='bbox 1338 4435 1530 4491; x_wconf 86' lang='lat' dir='ltr'><strong>potest,</strong></span> <span class='ocrx_word' id='word_1_459' title='bbox 1566 4427 1614 4480; x_wconf 91' lang='lat' dir='ltr'><strong>in</strong></span> 
     </span>
    </p>
   </div>
   <div class='ocr_carea' id='block_1_62' title="bbox 1714 1972 3249 2045">
    <p class='ocr_par' dir='ltr' id='par_1_62' title="bbox 1714 1972 3249 2045">
     <span class='ocr_line' id='line_1_62' title="bbox 1714 1972 3249 2045; baseline 0.004 -20"><span class='ocrx_word' id='word_1_460' title='bbox 1714 1972 1846 2043; x_wconf 84' lang='lat' dir='ltr'><strong>tum]</strong></span> <span class='ocrx_word' id='word_1_461' title='bbox 1888 1985 2197 2044; x_wconf 74' lang='lat' dir='ltr'><strong>aspergatur</strong></span> <span class='ocrx_word' id='word_1_462' title='bbox 2245 1990 2374 2045; x_wconf 88' lang='lat' dir='ltr'><strong>aqua</strong></span> <span class='ocrx_word' id='word_1_463' title='bbox 2424 1978 2768 2044; x_wconf 80' lang='lat' dir='ltr'><strong>sanctiﬁcata,</strong></span> <span class='ocrx_word' id='word_1_464' title='bbox 2823 1990 2876 2033; x_wconf 90' lang='lat' dir='ltr'><strong>et</strong></span> <span class='ocrx_word' id='word_1_465' title='bbox 2921 1990 3179 2043; x_wconf 88' lang='lat' dir='ltr'><strong>sumatur,</strong></span> <span class='ocrx_word' id='word_1_466' title='bbox 3206 1981 3249 2031; x_wconf 85' lang='lat' dir='ltr'><strong>si</strong></span> 
     </span>
    </p>
   </div>
   <div class='ocr_carea' id='block_1_63' title="bbox 1711 2065 3246 2135">
    <p class='ocr_par' dir='ltr' id='par_1_63' title="bbox 1711 2065 3246 2135">
     <span class='ocr_line' id='line_1_63' title="bbox 1711 2065 3246 2135; baseline 0.003 -19"><span class='ocrx_word' id='word_1_467' title='bbox 1711 2065 1894 2117; x_wconf 80' lang='lat' dir='ltr'><strong>vivens</strong></span> <span class='ocrx_word' id='word_1_468' title='bbox 1921 2066 2017 2129; x_wconf 85' lang='lat' dir='ltr'><strong>sit;</strong></span> <span class='ocrx_word' id='word_1_469' title='bbox 2078 2067 2123 2118; x_wconf 88' lang='lat' dir='ltr'><strong>si</strong></span> <span class='ocrx_word' id='word_1_470' title='bbox 2172 2079 2374 2120; x_wconf 87' lang='lat' dir='ltr'><strong>mortua</strong></span> <span class='ocrx_word' id='word_1_471' title='bbox 2426 2067 2583 2121; x_wconf 81' lang='lat' dir='ltr'><strong>fuerit</strong></span> <span class='ocrx_word' id='word_1_472' title='bbox 2629 2069 2861 2133; x_wconf 87' lang='lat' dir='ltr'><strong>inventa,</strong></span> <span class='ocrx_word' id='word_1_473' title='bbox 2889 2070 3060 2122; x_wconf 88' lang='lat' dir='ltr'><strong>omnis</strong></span> <span class='ocrx_word' id='word_1_474' title='bbox 3091 2068 3246 2135; x_wconf 86' lang='lat' dir='ltr'><strong>liquot</strong></span> 
     </span>
    </p>
   </div>
   <div class='ocr_carea' id='block_1_64' title="bbox 1714 2155 3253 2226">
    <p class='ocr_par' dir='ltr' id='par_1_64' title="bbox 1714 2155 3253 2226">
     <span class='ocr_line' id='line_1_64' title="bbox 1714 2155 3253 2226; baseline 0.001 -19"><span class='ocrx_word' id='word_1_475' title='bbox 1714 2156 2019 2223; x_wconf 80' lang='lat' dir='ltr'><strong>projieiatur</strong></span> <span class='ocrx_word' id='word_1_476' title='bbox 2063 2155 2225 2219; x_wconf 77' lang='lat' dir='ltr'><strong>foras.</strong></span> <span class='ocrx_word' id='word_1_477' title='bbox 2268 2164 2321 2210; x_wconf 81' lang='lat' dir='ltr'><strong>et</strong></span> <span class='ocrx_word' id='word_1_478' title='bbox 2350 2157 2633 2210; x_wconf 88' lang='lat' dir='ltr'><strong>mondctur</strong></span> <span class='ocrx_word' id='word_1_479' title='bbox 2657 2173 2768 2213; x_wconf 87' lang='lat' dir='ltr'><strong>vas.</strong></span> <span class='ocrx_word' id='word_1_480' title='bbox 2801 2158 3058 2210; x_wconf 82' lang='lat' dir='ltr'><strong>Animalia</strong></span> <span class='ocrx_word' id='word_1_481' title='bbox 3085 2173 3197 2226; x_wconf 63' lang='lat' dir='ltr'><strong>qum</strong></span> <span class='ocrx_word' id='word_1_482' title='bbox 3227 2173 3253 2208; x_wconf 88' lang='lat' dir='ltr'><strong>a</strong></span> 
     </span>
    </p>
   </div>
   <div class='ocr_carea' id='block_1_65' title="bbox 1711 2245 3251 2313">
    <p class='ocr_par' dir='ltr' id='par_1_65' title="bbox 1711 2245 3251 2313">
     <span class='ocr_line' id='line_1_65' title="bbox 1711 2245 3251 2313; baseline 0.001 -14"><span class='ocrx_word' id='word_1_483' title='bbox 1711 2245 1847 2313; x_wconf 83' lang='lat' dir='ltr'><strong>lupis</strong></span> <span class='ocrx_word' id='word_1_484' title='bbox 1880 2262 1971 2300; x_wconf 89' lang='lat' dir='ltr'><strong>seu</strong></span> <span class='ocrx_word' id='word_1_485' title='bbox 2004 2247 2221 2299; x_wconf 82' lang='lat' dir='ltr'><strong>canibus</strong></span> <span class='ocrx_word' id='word_1_486' title='bbox 2250 2248 2564 2311; x_wconf 86' lang='lat' dir='ltr'><strong>lacerantur,</strong></span> <span class='ocrx_word' id='word_1_487' title='bbox 2600 2264 2703 2302; x_wconf 90' lang='lat' dir='ltr'><strong>non</strong></span> <span class='ocrx_word' id='word_1_488' title='bbox 2750 2260 2869 2302; x_wconf 90' lang='lat' dir='ltr'><strong>sunt</strong></span> <span class='ocrx_word' id='word_1_489' title='bbox 2909 2249 3251 2309; x_wconf 83' lang='lat' dir='ltr'><strong>comedenda,</strong></span> 
     </span>
    </p>
   </div>
   <div class='ocr_carea' id='block_1_66' title="bbox 1711 2334 3251 2405">
    <p class='ocr_par' dir='ltr' id='par_1_66' title="bbox 1711 2334 3251 2405">
     <span class='ocr_line' id='line_1_66' title="bbox 1711 2334 3251 2405; baseline 0.003 -20"><span class='ocrx_word' id='word_1_490' title='bbox 1711 2336 1811 2387; x_wconf 79' lang='lat' dir='ltr'><strong>nisi</strong></span> <span class='ocrx_word' id='word_1_491' title='bbox 1847 2334 1981 2389; x_wconf 81' lang='lat' dir='ltr'><strong>forte</strong></span> <span class='ocrx_word' id='word_1_492' title='bbox 2006 2334 2072 2389; x_wconf 90' lang='lat' dir='ltr'><strong>ab</strong></span> <span class='ocrx_word' id='word_1_493' title='bbox 2096 2336 2395 2393; x_wconf 86' lang='lat' dir='ltr'><strong>hominibus</strong></span> <span class='ocrx_word' id='word_1_494' title='bbox 2415 2338 2583 2392; x_wconf 85' lang='lat' dir='ltr'><strong>adhuc</strong></span> <span class='ocrx_word' id='word_1_495' title='bbox 2614 2339 2727 2391; x_wconf 82' lang='lat' dir='ltr'><strong>viva</strong></span> <span class='ocrx_word' id='word_1_496' title='bbox 2757 2338 3062 2393; x_wconf 86' lang='lat' dir='ltr'><strong>occidantur</strong></span> <span class='ocrx_word' id='word_1_497' title='bbox 3091 2339 3251 2405; x_wconf 87' lang='lat' dir='ltr'><strong>prius,</strong></span> 
     </span>
    </p>
   </div>
   <div class='ocr_carea' id='block_1_67' title="bbox 1712 2425 3252 2498">
    <p class='ocr_par' dir='ltr' id='par_1_67' title="bbox 1712 2425 3252 2498">
     <span class='ocr_line' id='line_1_67' title="bbox 1712 2425 3252 2498; baseline 0.002 -21"><span class='ocrx_word' id='word_1_498' title='bbox 1712 2425 1805 2479; x_wconf 86' lang='lat' dir='ltr'><strong>sed</strong></span> <span class='ocrx_word' id='word_1_499' title='bbox 1840 2427 2016 2493; x_wconf 86' lang='lat' dir='ltr'><strong>porcis</strong></span> <span class='ocrx_word' id='word_1_500' title='bbox 2044 2436 2097 2480; x_wconf 92' lang='lat' dir='ltr'><strong>et</strong></span> <span class='ocrx_word' id='word_1_501' title='bbox 2121 2428 2340 2481; x_wconf 86' lang='lat' dir='ltr'><strong>canibus</strong></span> <span class='ocrx_word' id='word_1_502' title='bbox 2367 2428 2587 2493; x_wconf 85' lang='lat' dir='ltr'><strong>dentur;</strong></span> <span class='ocrx_word' id='word_1_503' title='bbox 2622 2446 2717 2483; x_wconf 89' lang='lat' dir='ltr'><strong>nec</strong></span> <span class='ocrx_word' id='word_1_504' title='bbox 2738 2446 2942 2495; x_wconf 87' lang='lat' dir='ltr'><strong>cervus,</strong></span> <span class='ocrx_word' id='word_1_505' title='bbox 2963 2446 3058 2483; x_wconf 88' lang='lat' dir='ltr'><strong>nec</strong></span> <span class='ocrx_word' id='word_1_506' title='bbox 3076 2446 3252 2498; x_wconf 80' lang='lat' dir='ltr'><strong>capra,</strong></span> 
     </span>
    </p>
   </div>
   <div class='ocr_carea' id='block_1_68' title="bbox 1712 2515 3253 2585">
    <p class='ocr_par' dir='ltr' id='par_1_68' title="bbox 1712 2515 3253 2585">
     <span class='ocr_line' id='line_1_68' title="bbox 1712 2515 3253 2585; baseline 0 -18"><span class='ocrx_word' id='word_1_507' title='bbox 1712 2515 1755 2567; x_wconf 89' lang='lat' dir='ltr'><strong>si</strong></span> <span class='ocrx_word' id='word_1_508' title='bbox 1805 2516 1995 2569; x_wconf 89' lang='lat' dir='ltr'><strong>mortui</strong></span> <span class='ocrx_word' id='word_1_509' title='bbox 2041 2518 2235 2573; x_wconf 87' lang='lat' dir='ltr'><strong>inventi</strong></span> <span class='ocrx_word' id='word_1_510' title='bbox 2288 2517 2501 2572; x_wconf 79' lang='lat' dir='ltr'><strong>iuerint.</strong></span> <span class='ocrx_word' id='word_1_511' title='bbox 2560 2521 2685 2572; x_wconf 79' lang='lat' dir='ltr'><strong>Avis</strong></span> <span class='ocrx_word' id='word_1_512' title='bbox 2742 2535 2885 2585; x_wconf 85' lang='lat' dir='ltr'><strong>vero,</strong></span> <span class='ocrx_word' id='word_1_513' title='bbox 2933 2531 2985 2574; x_wconf 89' lang='lat' dir='ltr'><strong>et</strong></span> <span class='ocrx_word' id='word_1_514' title='bbox 3014 2522 3253 2572; x_wconf 68' lang='lat' dir='ltr'><strong>animalia</strong></span> 
     </span>
    </p>
   </div>
   <div class='ocr_carea' id='block_1_69' title="bbox 1712 2604 3257 2675">
    <p class='ocr_par' dir='ltr' id='par_1_69' title="bbox 1712 2604 3257 2675">
     <span class='ocr_line' id='line_1_69' title="bbox 1712 2604 3257 2675; baseline 0.003 -19"><span class='ocrx_word' id='word_1_515' title='bbox 1712 2614 1925 2669; x_wconf 76' lang='lat' dir='ltr'><strong>czetera,</strong></span> <span class='ocrx_word' id='word_1_516' title='bbox 1970 2604 2013 2658; x_wconf 86' lang='lat' dir='ltr'><strong>si</strong></span> <span class='ocrx_word' id='word_1_517' title='bbox 2064 2606 2113 2659; x_wconf 90' lang='lat' dir='ltr'><strong>in</strong></span> <span class='ocrx_word' id='word_1_518' title='bbox 2140 2607 2340 2661; x_wconf 87' lang='lat' dir='ltr'><strong>retibus</strong></span> <span class='ocrx_word' id='word_1_519' title='bbox 2385 2609 2789 2675; x_wconf 84' lang='lat' dir='ltr'><strong>strangulantur,</strong></span> <span class='ocrx_word' id='word_1_520' title='bbox 2819 2624 2922 2663; x_wconf 90' lang='lat' dir='ltr'><strong>non</strong></span> <span class='ocrx_word' id='word_1_521' title='bbox 2952 2621 3073 2663; x_wconf 90' lang='lat' dir='ltr'><strong>sunt</strong></span> <span class='ocrx_word' id='word_1_522' title='bbox 3116 2626 3257 2662; x_wconf 83' lang='lat' dir='ltr'><strong>corn-</strong></span> 
     </span>
    </p>
   </div>
   <div class='ocr_carea' id='block_1_70' title="bbox 1713 2693 3254 2764">
    <p class='ocr_par' dir='ltr' id='par_1_70' title="bbox 1713 2693 3254 2764">
     <span class='ocr_line' id='line_1_70' title="bbox 1713 2693 3254 2764; baseline 0.001 -18"><span class='ocrx_word' id='word_1_523' title='bbox 1713 2693 1915 2747; x_wconf 88' lang='lat' dir='ltr'><strong>edenda</strong></span> <span class='ocrx_word' id='word_1_524' title='bbox 1964 2694 2290 2762; x_wconf 86' lang='lat' dir='ltr'><strong>hominibus;</strong></span> <span class='ocrx_word' id='word_1_525' title='bbox 2323 2712 2415 2751; x_wconf 90' lang='lat' dir='ltr'><strong>nec</strong></span> <span class='ocrx_word' id='word_1_526' title='bbox 2457 2697 2689 2764; x_wconf 83' lang='lat' dir='ltr'><strong>accipitri</strong></span> <span class='ocrx_word' id='word_1_527' title='bbox 2732 2699 2775 2751; x_wconf 88' lang='lat' dir='ltr'><strong>si</strong></span> <span class='ocrx_word' id='word_1_528' title='bbox 2822 2701 3010 2750; x_wconf 86' lang='lat' dir='ltr'><strong>mortui</strong></span> <span class='ocrx_word' id='word_1_529' title='bbox 3044 2698 3254 2755; x_wconf 72' lang='lat' dir='ltr'><strong>iuerint,</strong></span> 
     </span>
    </p>
   </div>
   <div class='ocr_carea' id='block_1_71' title="bbox 1714 2784 3255 2853">
    <p class='ocr_par' dir='ltr' id='par_1_71' title="bbox 1714 2784 3255 2853">
     <span class='ocr_line' id='line_1_71' title="bbox 1714 2784 3255 2853; baseline 0.002 -19"><span class='ocrx_word' id='word_1_530' title='bbox 1714 2784 1829 2849; x_wconf 88' lang='lat' dir='ltr'><strong>quia</strong></span> <span class='ocrx_word' id='word_1_531' title='bbox 1876 2793 2101 2851; x_wconf 87' lang='lat' dir='ltr'><strong>quatuor</strong></span> <span class='ocrx_word' id='word_1_532' title='bbox 2130 2785 2369 2853; x_wconf 83' lang='lat' dir='ltr'><strong>capitalia</strong></span> <span class='ocrx_word' id='word_1_533' title='bbox 2407 2784 2418 2821; x_wconf 77' lang='grc' dir='ltr'><strong>ί</strong></span> <span class='ocrx_word' id='word_1_534' title='bbox 2477 2787 2639 2839; x_wconf 84' lang='lat' dir='ltr'><strong>Actus</strong></span> <span class='ocrx_word' id='word_1_535' title='bbox 2688 2787 3039 2853; x_wconf 87' lang='lat' dir='ltr'><strong>apostolorum</strong></span> <span class='ocrx_word' id='word_1_536' title='bbox 3077 2788 3255 2851; x_wconf 69' lang='lat' dir='ltr'><strong>pracci-</strong></span> 
     </span>
    </p>
   </div>
   <div class='ocr_carea' id='block_1_72' title="bbox 1716 2872 3254 2944">
    <p class='ocr_par' dir='ltr' id='par_1_72' title="bbox 1716 2872 3254 2944">
     <span class='ocr_line' id='line_1_72' title="bbox 1716 2872 3254 2944; baseline 0.001 -21"><span class='ocrx_word' id='word_1_537' title='bbox 1716 2873 1862 2937; x_wconf 90' lang='lat' dir='ltr'><strong>piunt</strong></span> <span class='ocrx_word' id='word_1_538' title='bbox 1895 2872 2159 2926; x_wconf 86' lang='lat' dir='ltr'><strong>abstinere</strong></span> <span class='ocrx_word' id='word_1_539' title='bbox 2198 2889 2225 2926; x_wconf 91' lang='lat' dir='ltr'><strong>a</strong></span> <span class='ocrx_word' id='word_1_540' title='bbox 2257 2876 2603 2931; x_wconf 81' lang='lat' dir='ltr'><strong>fornicatione</strong></span> <span class='ocrx_word' id='word_1_541' title='bbox 2630 2886 2682 2929; x_wconf 89' lang='lat' dir='ltr'><strong>et</strong></span> <span class='ocrx_word' id='word_1_542' title='bbox 2711 2876 2963 2944; x_wconf 85' lang='lat' dir='ltr'><strong>sanguine</strong></span> <span class='ocrx_word' id='word_1_543' title='bbox 2997 2885 3048 2927; x_wconf 85' lang='lat' dir='ltr'><strong>et</strong></span> <span class='ocrx_word' id='word_1_544' title='bbox 3095 2876 3254 2927; x_wconf 79' lang='lat' dir='ltr'><strong>sulln~</strong></span> 
     </span>
    </p>
   </div>
   <div class='ocr_carea' id='block_1_73' title="bbox 1713 2963 3253 3033">
    <p class='ocr_par' dir='ltr' id='par_1_73' title="bbox 1713 2963 3253 3033">
     <span class='ocr_line' id='line_1_73' title="bbox 1713 2963 3253 3033; baseline 0.001 -16"><span class='ocrx_word' id='word_1_545' title='bbox 1713 2974 1852 3028; x_wconf 79' lang='lat' dir='ltr'><strong>cato,</strong></span> <span class='ocrx_word' id='word_1_546' title='bbox 1882 2972 1935 3015; x_wconf 89' lang='lat' dir='ltr'><strong>ct</strong></span> <span class='ocrx_word' id='word_1_547' title='bbox 1958 2963 2248 3018; x_wconf 87' lang='lat' dir='ltr'><strong>idololatria</strong></span> <span class='ocrx_word' id='word_1_548' title='bbox 2280 2966 2417 3033; x_wconf 78' lang='lat' dir='ltr'><strong>(Act.</strong></span> <span class='ocrx_word' id='word_1_549' title='bbox 2456 2967 2566 3033; x_wconf 78' lang='lat' dir='ltr'><strong>xv).</strong></span> <span class='ocrx_word' id='word_1_550' title='bbox 2603 2966 2778 3019; x_wconf 87' lang='lat' dir='ltr'><strong>Pisces</strong></span> <span class='ocrx_word' id='word_1_551' title='bbox 2808 2968 2929 3021; x_wconf 83' lang='lat' dir='ltr'><strong>licet</strong></span> <span class='ocrx_word' id='word_1_552' title='bbox 2956 2966 3253 3031; x_wconf 78' lang='lat' dir='ltr'><strong>comedere,</strong></span> 
     </span>
    </p>
   </div>
   <div class='ocr_carea' id='block_1_74' title="bbox 1716 3054 3254 3127">
    <p class='ocr_par' dir='ltr' id='par_1_74' title="bbox 1716 3054 3254 3127">
     <span class='ocr_line' id='line_1_74' title="bbox 1716 3054 3254 3127; baseline -0.001 -19"><span class='ocrx_word' id='word_1_553' title='bbox 1716 3054 1838 3124; x_wconf 88' lang='lat' dir='ltr'><strong>quia</strong></span> <span class='ocrx_word' id='word_1_554' title='bbox 1880 3054 2348 3109; x_wconf 75' lang='lat' dir='ltr'><strong>alterius-natura:</strong></span> <span class='ocrx_word' id='word_1_555' title='bbox 2396 3063 2535 3108; x_wconf 84' lang='lat' dir='ltr'><strong>sunt.</strong></span> <span class='ocrx_word' id='word_1_556' title='bbox 2584 3056 2785 3123; x_wconf 82' lang='lat' dir='ltr'><strong>Equum</strong></span> <span class='ocrx_word' id='word_1_557' title='bbox 2840 3071 2943 3127; x_wconf 90' lang='lat' dir='ltr'><strong>non</strong></span> <span class='ocrx_word' id='word_1_558' title='bbox 2997 3058 3254 3123; x_wconf 74' lang='lat' dir='ltr'><strong>prohibet,</strong></span> 
     </span>
    </p>
   </div>
   <div class='ocr_carea' id='block_1_75' title="bbox 1722 3146 3261 3215">
    <p class='ocr_par' dir='ltr' id='par_1_75' title="bbox 1722 3146 3261 3215">
     <span class='ocr_line' id='line_1_75' title="bbox 1722 3146 3261 3215; baseline -0.002 -19"><span class='ocrx_word' id='word_1_559' title='bbox 1722 3151 1737 3196; x_wconf 81' lang='grc' dir='ltr'><strong>ι</strong></span> <span class='ocrx_word' id='word_1_560' title='bbox 1778 3157 1951 3201; x_wconf 82' lang='lat' dir='ltr'><strong>tamen</strong></span> <span class='ocrx_word' id='word_1_561' title='bbox 1980 3146 2335 3211; x_wconf 86' lang='lat' dir='ltr'><strong>consuetudo;</strong></span> <span class='ocrx_word' id='word_1_562' title='bbox 2371 3147 2597 3215; x_wconf 85' lang='lat' dir='ltr'><strong>leporem</strong></span> <span class='ocrx_word' id='word_1_563' title='bbox 2648 3148 2768 3201; x_wconf 88' lang='lat' dir='ltr'><strong>licet</strong></span> <span class='ocrx_word' id='word_1_564' title='bbox 2796 3148 3093 3201; x_wconf 85' lang='lat' dir='ltr'><strong>comedere.</strong></span> <span class='ocrx_word' id='word_1_565' title='bbox 3126 3150 3261 3215; x_wconf 78' lang='lat' dir='ltr'><strong>Apc..</strong></span> 
     </span>
    </p>
   </div>
   <div class='ocr_carea' id='block_1_76' title="bbox 1718 3236 3263 3304">
    <p class='ocr_par' dir='ltr' id='par_1_76' title="bbox 1718 3236 3263 3304">
     <span class='ocr_line' id='line_1_76' title="bbox 1718 3236 3263 3304; baseline 0.001 -14"><span class='ocrx_word' id='word_1_566' title='bbox 1718 3251 1846 3291; x_wconf 91' lang='lat' dir='ltr'><strong>vero</strong></span> <span class='ocrx_word' id='word_1_567' title='bbox 1875 3236 1919 3291; x_wconf 88' lang='lat' dir='ltr'><strong>si</strong></span> <span class='ocrx_word' id='word_1_568' title='bbox 1946 3236 2193 3291; x_wconf 87' lang='lat' dir='ltr'><strong>occidunt</strong></span> <span class='ocrx_word' id='word_1_569' title='bbox 2220 3236 2505 3301; x_wconf 88' lang='lat' dir='ltr'><strong>hominem,</strong></span> <span class='ocrx_word' id='word_1_570' title='bbox 2534 3236 2630 3304; x_wconf 79' lang='lat' dir='ltr'><strong>ipsi</strong></span> <span class='ocrx_word' id='word_1_571' title='bbox 2664 3253 2867 3304; x_wconf 85' lang='lat' dir='ltr'><strong>quoque</strong></span> <span class='ocrx_word' id='word_1_572' title='bbox 2912 3238 3075 3291; x_wconf 88' lang='lat' dir='ltr'><strong>occidi</strong></span> <span class='ocrx_word' id='word_1_573' title='bbox 3120 3240 3263 3291; x_wconf 74' lang='lat' dir='ltr'><strong>testi-</strong></span> 
     </span>
    </p>
   </div>
   <div class='ocr_carea' id='block_1_77' title="bbox 1718 3326 3257 3397">
    <p class='ocr_par' dir='ltr' id='par_1_77' title="bbox 1718 3326 3257 3397">
     <span class='ocr_line' id='line_1_77' title="bbox 1718 3326 3257 3397; baseline 0 -16"><span class='ocrx_word' id='word_1_574' title='bbox 1718 3337 1911 3381; x_wconf 87' lang='lat' dir='ltr'><strong>nantur</strong></span> <span class='ocrx_word' id='word_1_575' title='bbox 1931 3326 2301 3397; x_wconf 78' lang='lat' dir='ltr'><strong>[festinentur],</strong></span> <span class='ocrx_word' id='word_1_576' title='bbox 2329 3329 2426 3381; x_wconf 89' lang='lat' dir='ltr'><strong>mel</strong></span> <span class='ocrx_word' id='word_1_577' title='bbox 2453 3337 2623 3380; x_wconf 81' lang='lat' dir='ltr'><strong>tamen</strong></span> <span class='ocrx_word' id='word_1_578' title='bbox 2656 3329 3019 3382; x_wconf 83' lang='lat' dir='ltr'><strong>mamlueetur.</strong></span> <span class='ocrx_word' id='word_1_579' title='bbox 3055 3329 3109 3382; x_wconf 88' lang='lat' dir='ltr'><strong>Si</strong></span> <span class='ocrx_word' id='word_1_580' title='bbox 3133 3344 3257 3382; x_wconf 78' lang='lat' dir='ltr'><strong>casn</strong></span> 
     </span>
    </p>
   </div>
   <div class='ocr_carea' id='block_1_78' title="bbox 1718 3416 3257 3486">
    <p class='ocr_par' dir='ltr' id='par_1_78' title="bbox 1718 3416 3257 3486">
     <span class='ocr_line' id='line_1_78' title="bbox 1718 3416 3257 3486; baseline -0.001 -16"><span class='ocrx_word' id='word_1_581' title='bbox 1718 3416 1865 3486; x_wconf 88' lang='lat' dir='ltr'><strong>porci</strong></span> <span class='ocrx_word' id='word_1_582' title='bbox 1892 3419 1969 3472; x_wconf 84' lang='lat' dir='ltr'><strong>vel</strong></span> <span class='ocrx_word' id='word_1_583' title='bbox 1992 3418 2186 3486; x_wconf 78' lang='lat' dir='ltr'><strong>gallina</strong></span> <span class='ocrx_word' id='word_1_584' title='bbox 2231 3418 2537 3485; x_wconf 81' lang='lat' dir='ltr'><strong>sanguinem</strong></span> <span class='ocrx_word' id='word_1_585' title='bbox 2568 3416 2793 3469; x_wconf 84' lang='lat' dir='ltr'><strong>hominis</strong></span> <span class='ocrx_word' id='word_1_586' title='bbox 2822 3420 3122 3479; x_wconf 72' lang='lat' dir='ltr'><strong>comedunt,</strong></span> <span class='ocrx_word' id='word_1_587' title='bbox 3156 3436 3257 3471; x_wconf 85' lang='lat' dir='ltr'><strong>ttun</strong></span> 
     </span>
    </p>
   </div>
   <div class='ocr_carea' id='block_1_79' title="bbox 1717 3506 3260 3575">
    <p class='ocr_par' dir='ltr' id='par_1_79' title="bbox 1717 3506 3260 3575">
     <span class='ocr_line' id='line_1_79' title="bbox 1717 3506 3260 3575; baseline -0.001 -16"><span class='ocrx_word' id='word_1_588' title='bbox 1717 3506 2041 3575; x_wconf 85' lang='lat' dir='ltr'><strong>abjiciendos</strong></span> <span class='ocrx_word' id='word_1_589' title='bbox 2095 3507 2381 3571; x_wconf 85' lang='lat' dir='ltr'><strong>credimus,</strong></span> <span class='ocrx_word' id='word_1_590' title='bbox 2438 3509 2527 3558; x_wconf 49' lang='lat' dir='ltr'><strong>serl</strong></span> <span class='ocrx_word' id='word_1_591' title='bbox 2580 3508 2999 3569; x_wconf 81' lang='lat' dir='ltr'><strong>manducandos;</strong></span> <span class='ocrx_word' id='word_1_592' title='bbox 3052 3511 3142 3559; x_wconf 78' lang='lat' dir='ltr'><strong>sed</strong></span> <span class='ocrx_word' id='word_1_593' title='bbox 3177 3528 3260 3575; x_wconf 66' lang='lat' dir='ltr'><strong>qu.</strong></span> 
     </span>
    </p>
   </div>
   <div class='ocr_carea' id='block_1_80' title="bbox 1717 3599 3259 3661">
    <p class='ocr_par' dir='ltr' id='par_1_80' title="bbox 1717 3599 3259 3661">
     <span class='ocr_line' id='line_1_80' title="bbox 1717 3599 3259 3661; baseline -0.003 -7"><span class='ocrx_word' id='word_1_594' title='bbox 1717 3601 1970 3654; x_wconf 79' lang='lat' dir='ltr'><strong>cadavera</strong></span> <span class='ocrx_word' id='word_1_595' title='bbox 2000 3609 2323 3653; x_wconf 83' lang='lat' dir='ltr'><strong>mortuorum</strong></span> <span class='ocrx_word' id='word_1_596' title='bbox 2348 3599 2638 3652; x_wconf 85' lang='lat' dir='ltr'><strong>lacerantes</strong></span> <span class='ocrx_word' id='word_1_597' title='bbox 2669 3599 3119 3661; x_wconf 80' lang='lat' dir='ltr'><strong>manducavcrint,</strong></span> <span class='ocrx_word' id='word_1_598' title='bbox 3143 3616 3259 3650; x_wconf 82' lang='lat' dir='ltr'><strong>car-</strong></span> 
     </span>
    </p>
   </div>
   <div class='ocr_carea' id='block_1_81' title="bbox 1719 3688 3237 3756">
    <p class='ocr_par' dir='ltr' id='par_1_81' title="bbox 1719 3688 3237 3756">
     <span class='ocr_line' id='line_1_81' title="bbox 1719 3688 3237 3756; baseline -0.003 -15"><span class='ocrx_word' id='word_1_599' title='bbox 1719 3704 1836 3743; x_wconf 88' lang='lat' dir='ltr'><strong>nem</strong></span> <span class='ocrx_word' id='word_1_600' title='bbox 1860 3703 2041 3743; x_wconf 88' lang='lat' dir='ltr'><strong>eorurn</strong></span> <span class='ocrx_word' id='word_1_601' title='bbox 2075 3688 2395 3741; x_wconf 87' lang='lat' dir='ltr'><strong>manducare</strong></span> <span class='ocrx_word' id='word_1_602' title='bbox 2426 3702 2526 3740; x_wconf 91' lang='lat' dir='ltr'><strong>non</strong></span> <span class='ocrx_word' id='word_1_603' title='bbox 2571 3688 2712 3749; x_wconf 84' lang='lat' dir='ltr'><strong>licet,</strong></span> <span class='ocrx_word' id='word_1_604' title='bbox 2748 3703 2911 3756; x_wconf 81' lang='lat' dir='ltr'><strong>usque</strong></span> <span class='ocrx_word' id='word_1_605' title='bbox 2944 3689 3064 3739; x_wconf 88' lang='lat' dir='ltr'><strong>dum</strong></span> <span class='ocrx_word' id='word_1_606' title='bbox 3094 3706 3237 3738; x_wconf 59' lang='lat' dir='ltr'><strong>mare</strong></span> 
     </span>
    </p>
   </div>
   <div class='ocr_carea' id='block_1_82' title="bbox 1717 3768 3258 3847">
    <p class='ocr_par' dir='ltr' id='par_1_82' title="bbox 1717 3768 3258 3847">
     <span class='ocr_line' id='line_1_82' title="bbox 1717 3768 3258 3847; baseline -0.003 -14"><span class='ocrx_word' id='word_1_607' title='bbox 1717 3768 1918 3833; x_wconf 79' lang='lat' dir='ltr'><strong>rantur.</strong></span> <span class='ocrx_word' id='word_1_608' title='bbox 1952 3780 2015 3832; x_wconf 85' lang='lat' dir='ltr'><strong>Et</strong></span> <span class='ocrx_word' id='word_1_609' title='bbox 2041 3788 2157 3847; x_wconf 89' lang='lat' dir='ltr'><strong>post</strong></span> <span class='ocrx_word' id='word_1_610' title='bbox 2188 3778 2309 3831; x_wconf 85' lang='lat' dir='ltr'><strong>anni</strong></span> <span class='ocrx_word' id='word_1_611' title='bbox 2340 3778 2589 3832; x_wconf 83' lang='lat' dir='ltr'><strong>circulum</strong></span> <span class='ocrx_word' id='word_1_612' title='bbox 2638 3778 2879 3831; x_wconf 75' lang='lat' dir='ltr'><strong>animalia</strong></span> <span class='ocrx_word' id='word_1_613' title='bbox 2931 3780 3067 3829; x_wconf 81' lang='lat' dir='ltr'><strong>coitu</strong></span> <span class='ocrx_word' id='word_1_614' title='bbox 3101 3780 3258 3830; x_wconf 76' lang='lat' dir='ltr'><strong>Immi-</strong></span> 
     </span>
    </p>
   </div>
   <div class='ocr_carea' id='block_1_83' title="bbox 1718 3870 3233 3937">
    <p class='ocr_par' dir='ltr' id='par_1_83' title="bbox 1718 3870 3233 3937">
     <span class='ocr_line' id='line_1_83' title="bbox 1718 3870 3233 3937; baseline -0.004 -14"><span class='ocrx_word' id='word_1_615' title='bbox 1718 3886 1841 3923; x_wconf 91' lang='lat' dir='ltr'><strong>num</strong></span> <span class='ocrx_word' id='word_1_616' title='bbox 1893 3872 2087 3937; x_wconf 87' lang='lat' dir='ltr'><strong>polluta</strong></span> <span class='ocrx_word' id='word_1_617' title='bbox 2135 3870 2465 3935; x_wconf 72' lang='lat' dir='ltr'><strong>occidantur,</strong></span> <span class='ocrx_word' id='word_1_618' title='bbox 2513 3883 2801 3934; x_wconf 84' lang='lat' dir='ltr'><strong>carnesque</strong></span> <span class='ocrx_word' id='word_1_619' title='bbox 2844 3870 3059 3921; x_wconf 85' lang='lat' dir='ltr'><strong>canilms</strong></span> <span class='ocrx_word' id='word_1_620' title='bbox 3106 3871 3233 3934; x_wconf 72' lang='lat' dir='ltr'><strong>prtiji</strong></span> 
     </span>
    </p>
   </div>
   <div class='ocr_carea' id='block_1_84' title="bbox 1716 3959 3263 4028">
    <p class='ocr_par' dir='ltr' id='par_1_84' title="bbox 1716 3959 3263 4028">
     <span class='ocr_line' id='line_1_84' title="bbox 1716 3959 3263 4028; baseline -0.002 -14"><span class='ocrx_word' id='word_1_621' title='bbox 1716 3960 1951 4025; x_wconf 88' lang='lat' dir='ltr'><strong>ciantur,</strong></span> <span class='ocrx_word' id='word_1_622' title='bbox 1976 3959 2066 4014; x_wconf 90' lang='lat' dir='ltr'><strong>sed</strong></span> <span class='ocrx_word' id='word_1_623' title='bbox 2098 3975 2213 4027; x_wconf 83' lang='lat' dir='ltr'><strong>qua:</strong></span> <span class='ocrx_word' id='word_1_624' title='bbox 2242 3972 2513 4028; x_wconf 86' lang='lat' dir='ltr'><strong>generant,</strong></span> <span class='ocrx_word' id='word_1_625' title='bbox 2547 3962 2650 4011; x_wconf 84' lang='lat' dir='ltr'><strong>sint</strong></span> <span class='ocrx_word' id='word_1_626' title='bbox 2702 3961 2751 4012; x_wconf 91' lang='lat' dir='ltr'><strong>in</strong></span> <span class='ocrx_word' id='word_1_627' title='bbox 2800 3975 2969 4019; x_wconf 86' lang='lat' dir='ltr'><strong>usum,</strong></span> <span class='ocrx_word' id='word_1_628' title='bbox 3020 3974 3070 4011; x_wconf 91' lang='lat' dir='ltr'><strong>ct</strong></span> <span class='ocrx_word' id='word_1_629' title='bbox 3123 3962 3263 4012; x_wconf 69' lang='lat' dir='ltr'><strong>ctu-ia</strong></span> 
     </span>
    </p>
   </div>
   <div class='ocr_carea' id='block_1_85' title="bbox 1717 4048 3255 4113">
    <p class='ocr_par' dir='ltr' id='par_1_85' title="bbox 1717 4048 3255 4113">
     <span class='ocr_line' id='line_1_85' title="bbox 1717 4048 3255 4113; baseline -0.001 -11"><span class='ocrx_word' id='word_1_630' title='bbox 1717 4058 2083 4113; x_wconf 82' lang='lat' dir='ltr'><strong>assumantur;</strong></span> <span class='ocrx_word' id='word_1_631' title='bbox 2115 4050 2197 4103; x_wconf 89' lang='lat' dir='ltr'><strong>ubi</strong></span> <span class='ocrx_word' id='word_1_632' title='bbox 2228 4059 2401 4101; x_wconf 89' lang='lat' dir='ltr'><strong>autem</strong></span> <span class='ocrx_word' id='word_1_633' title='bbox 2424 4048 2638 4101; x_wconf 89' lang='lat' dir='ltr'><strong>dubium</strong></span> <span class='ocrx_word' id='word_1_634' title='bbox 2670 4059 2770 4113; x_wconf 87' lang='lat' dir='ltr'><strong>est,</strong></span> <span class='ocrx_word' id='word_1_635' title='bbox 2801 4064 2902 4102; x_wconf 89' lang='lat' dir='ltr'><strong>non</strong></span> <span class='ocrx_word' id='word_1_636' title='bbox 2933 4052 3255 4102; x_wconf 72' lang='lat' dir='ltr'><strong>occidantur.</strong></span> 
     </span>
    </p>
   </div>
   <div class='ocr_carea' id='block_1_86' title="bbox 1718 4139 3262 4205">
    <p class='ocr_par' dir='ltr' id='par_1_86' title="bbox 1718 4139 3262 4205">
     <span class='ocr_line' id='line_1_86' title="bbox 1718 4139 3262 4205; baseline 0 -12"><span class='ocrx_word' id='word_1_637' title='bbox 1718 4139 1941 4194; x_wconf 89' lang='lat' dir='ltr'><strong>lnlirmis</strong></span> <span class='ocrx_word' id='word_1_638' title='bbox 1994 4139 2119 4193; x_wconf 39' lang='lat' dir='ltr'><strong>licet</strong></span> <span class='ocrx_word' id='word_1_639' title='bbox 2159 4141 2298 4193; x_wconf 89' lang='lat' dir='ltr'><strong>omni</strong></span> <span class='ocrx_word' id='word_1_640' title='bbox 2359 4141 2483 4193; x_wconf 80' lang='lat' dir='ltr'><strong>hora</strong></span> <span class='ocrx_word' id='word_1_641' title='bbox 2539 4142 2710 4193; x_wconf 84' lang='lat' dir='ltr'><strong>cibum</strong></span> <span class='ocrx_word' id='word_1_642' title='bbox 2744 4156 2972 4205; x_wconf 86' lang='lat' dir='ltr'><strong>sumere,</strong></span> <span class='ocrx_word' id='word_1_643' title='bbox 3006 4152 3055 4193; x_wconf 86' lang='lat' dir='ltr'><strong>ct</strong></span> <span class='ocrx_word' id='word_1_644' title='bbox 3088 4156 3262 4205; x_wconf 79' lang='lat' dir='ltr'><strong>potum</strong></span> 
     </span>
    </p>
   </div>
   <div class='ocr_carea' id='block_1_87' title="bbox 1717 4232 3263 4302">
    <p class='ocr_par' dir='ltr' id='par_1_87' title="bbox 1717 4232 3263 4302">
     <span class='ocr_line' id='line_1_87' title="bbox 1717 4232 3263 4302; baseline 0.001 -15"><span class='ocrx_word' id='word_1_645' title='bbox 1717 4235 1925 4302; x_wconf 89' lang='lat' dir='ltr'><strong>quando</strong></span> <span class='ocrx_word' id='word_1_646' title='bbox 1951 4234 2270 4299; x_wconf 87' lang='lat' dir='ltr'><strong>desiderant,</strong></span> <span class='ocrx_word' id='word_1_647' title='bbox 2304 4233 2382 4288; x_wconf 88' lang='lat' dir='ltr'><strong>vel</strong></span> <span class='ocrx_word' id='word_1_648' title='bbox 2413 4243 2614 4300; x_wconf 87' lang='lat' dir='ltr'><strong>petunt,</strong></span> <span class='ocrx_word' id='word_1_649' title='bbox 2658 4234 2701 4286; x_wconf 91' lang='lat' dir='ltr'><strong>si</strong></span> <span class='ocrx_word' id='word_1_650' title='bbox 2750 4232 2772 4270; x_wconf 77' lang='grc' dir='ltr'><strong>ιι</strong></span> <span class='ocrx_word' id='word_1_651' title='bbox 2823 4238 3118 4302; x_wconf 82' lang='lat' dir='ltr'><strong>importune</strong></span> <span class='ocrx_word' id='word_1_652' title='bbox 3164 4253 3263 4287; x_wconf 83' lang='lat' dir='ltr'><strong>non</strong></span> 
     </span>
    </p>
   </div>
   <div class='ocr_carea' id='block_1_88' title="bbox 1721 4319 3267 4392">
    <p class='ocr_par' dir='ltr' id='par_1_88' title="bbox 1721 4319 3267 4392">
     <span class='ocr_line' id='line_1_88' title="bbox 1721 4319 3267 4392; baseline 0.001 -16"><span class='ocrx_word' id='word_1_653' title='bbox 1721 4319 1921 4391; x_wconf 85' lang='lat' dir='ltr'><strong>petunt.</strong></span> <span class='ocrx_word' id='word_1_654' title='bbox 1950 4325 2047 4388; x_wconf 85' lang='lat' dir='ltr'><strong>Qui</strong></span> <span class='ocrx_word' id='word_1_655' title='bbox 2096 4324 2302 4378; x_wconf 84' lang='lat' dir='ltr'><strong>dederit</strong></span> <span class='ocrx_word' id='word_1_656' title='bbox 2326 4323 2525 4392; x_wconf 83' lang='lat' dir='ltr'><strong>aliquos</strong></span> <span class='ocrx_word' id='word_1_657' title='bbox 2557 4326 2785 4391; x_wconf 90' lang='lat' dir='ltr'><strong>liquores</strong></span> <span class='ocrx_word' id='word_1_658' title='bbox 2816 4324 2866 4376; x_wconf 90' lang='lat' dir='ltr'><strong>in</strong></span> <span class='ocrx_word' id='word_1_659' title='bbox 2898 4328 3086 4392; x_wconf 87' lang='lat' dir='ltr'><strong>quibus</strong></span> <span class='ocrx_word' id='word_1_660' title='bbox 3116 4329 3267 4377; x_wconf 74' lang='lat' dir='ltr'><strong>lum-it</strong></span> 
     </span>
    </p>
   </div>
   <div class='ocr_carea' id='block_1_89' title="bbox 1719 4414 3257 4477">
    <p class='ocr_par' dir='ltr' id='par_1_89' title="bbox 1719 4414 3257 4477">
     <span class='ocr_line' id='line_1_89' title="bbox 1719 4414 3257 4477; baseline -0.001 -9"><span class='ocrx_word' id='word_1_661' title='bbox 1719 4416 1957 4474; x_wconf 84' lang='lat' dir='ltr'><strong>mustela,</strong></span> <span class='ocrx_word' id='word_1_662' title='bbox 1990 4416 2198 4477; x_wconf 85' lang='lat' dir='ltr'><strong>milvos,</strong></span> <span class='ocrx_word' id='word_1_663' title='bbox 2225 4414 2309 4467; x_wconf 85' lang='lat' dir='ltr'><strong>vel</strong></span> <span class='ocrx_word' id='word_1_664' title='bbox 2355 4422 2555 4467; x_wconf 83' lang='lat' dir='ltr'><strong>mortua</strong></span> <span class='ocrx_word' id='word_1_665' title='bbox 2607 4415 2955 4473; x_wconf 85' lang='lat' dir='ltr'><strong>inveniantur,</strong></span> <span class='ocrx_word' id='word_1_666' title='bbox 2989 4415 3152 4467; x_wconf 71' lang='lat' dir='ltr'><strong>tribus</strong></span> <span class='ocrx_word' id='word_1_667' title='bbox 3177 4434 3257 4466; x_wconf 73' lang='lat' dir='ltr'><strong>sn-</strong></span> 
     </span>
    </p>
   </div>
   <div class='ocr_carea' id='block_1_90' title="bbox 70 4502 3256 4587">
    <p class='ocr_par' dir='ltr' id='par_1_90' title="bbox 70 4502 3256 4587">
     <span class='ocr_line' id='line_1_90' title="bbox 70 4502 3256 4587; baseline 0.001 -34"><span class='ocrx_word' id='word_1_668' title='bbox 70 4502 232 4571; x_wconf 77' lang='lat' dir='ltr'><strong>lingua</strong></span> <span class='ocrx_word' id='word_1_669' title='bbox 264 4512 290 4551; x_wconf 75' lang='lat'><strong>8</strong></span> <span class='ocrx_word' id='word_1_670' title='bbox 324 4506 789 4573; x_wconf 77' lang='lat' dir='ltr'><strong>superponat.Qui</strong></span> <span class='ocrx_word' id='word_1_671' title='bbox 822 4507 1073 4577; x_wconf 79' lang='lat' dir='ltr'><strong>anticipat</strong></span> <span class='ocrx_word' id='word_1_672' title='bbox 1095 4514 1275 4565; x_wconf 86' lang='lat' dir='ltr'><strong>horam</strong></span> <span class='ocrx_word' id='word_1_673' title='bbox 1303 4516 1612 4569; x_wconf 80' lang='lat' dir='ltr'><strong>canonicam</strong></span> <span class='ocrx_word' id='word_1_674' title='bbox 1641 4529 1691 4587; x_wconf 83' lang='lat' dir='ltr'>D</span> <span class='ocrx_word' id='word_1_675' title='bbox 1720 4506 2159 4574; x_wconf 81' lang='lat' dir='ltr'><strong>perpositinnibus</strong></span> <span class='ocrx_word' id='word_1_676' title='bbox 2202 4504 2488 4571; x_wconf 65' lang='lat' dir='ltr'><strong>paeniteat;</strong></span> <span class='ocrx_word' id='word_1_677' title='bbox 2521 4504 2605 4571; x_wconf 89' lang='lat' dir='ltr'><strong>qui</strong></span> <span class='ocrx_word' id='word_1_678' title='bbox 2656 4521 2757 4556; x_wconf 86' lang='lat' dir='ltr'><strong>non</strong></span> <span class='ocrx_word' id='word_1_679' title='bbox 2810 4506 3019 4585; x_wconf 85' lang='lat' dir='ltr'><strong>noverit</strong></span> <span class='ocrx_word' id='word_1_680' title='bbox 3058 4515 3256 4571; x_wconf 64' lang='lat' dir='ltr'><strong>postm,</strong></span> 
     </span>
    </p>
   </div>
   <div class='ocr_carea' id='block_1_91' title="bbox 68 4590 1612 4670">
    <p class='ocr_par' dir='ltr' id='par_1_91' title="bbox 68 4590 1612 4670">
     <span class='ocr_line' id='line_1_91' title="bbox 68 4590 1612 4670; baseline 0.01 -28"><span class='ocrx_word' id='word_1_681' title='bbox 68 4600 117 4642; x_wconf 88' lang='lat' dir='ltr'><strong>et</strong></span> <span class='ocrx_word' id='word_1_682' title='bbox 152 4590 396 4646; x_wconf 84' lang='lat' dir='ltr'><strong>suaviora</strong></span> <span class='ocrx_word' id='word_1_683' title='bbox 453 4594 664 4647; x_wconf 57' lang='lat' dir='ltr'><strong>casteria</strong></span> <span class='ocrx_word' id='word_1_684' title='bbox 708 4600 888 4662; x_wconf 89' lang='lat' dir='ltr'><strong>sumit,</strong></span> <span class='ocrx_word' id='word_1_685' title='bbox 945 4600 1076 4667; x_wconf 73' lang='lat' dir='ltr'><strong>gula:</strong></span> <span class='ocrx_word' id='word_1_686' title='bbox 1125 4608 1324 4655; x_wconf 88' lang='lat' dir='ltr'><strong>tantum</strong></span> <span class='ocrx_word' id='word_1_687' title='bbox 1373 4603 1612 4670; x_wconf 88' lang='lat' dir='ltr'><strong>obtentu,</strong></span> 
     </span>
    </p>
   </div>
   <div class='ocr_carea' id='block_1_92' title="bbox 68 4683 1616 4763">
    <p class='ocr_par' dir='ltr' id='par_1_92' title="bbox 68 4683 1616 4763">
     <span class='ocr_line' id='line_1_92' title="bbox 68 4683 1616 4763; baseline 0.01 -30"><span class='ocrx_word' id='word_1_688' title='bbox 68 4694 210 4734; x_wconf 72' lang='lat' dir='ltr'><strong>creua</strong></span> <span class='ocrx_word' id='word_1_689' title='bbox 238 4692 441 4744; x_wconf 84' lang='lat' dir='ltr'><strong>careat,</strong></span> <span class='ocrx_word' id='word_1_690' title='bbox 473 4683 556 4737; x_wconf 78' lang='lat' dir='ltr'><strong>vel</strong></span> <span class='ocrx_word' id='word_1_691' title='bbox 594 4684 795 4741; x_wconf 89' lang='lat' dir='ltr'><strong>duobus</strong></span> <span class='ocrx_word' id='word_1_692' title='bbox 822 4688 1008 4743; x_wconf 87' lang='lat' dir='ltr'><strong>diebus</strong></span> <span class='ocrx_word' id='word_1_693' title='bbox 1037 4690 1089 4744; x_wconf 90' lang='lat' dir='ltr'><strong>in</strong></span> <span class='ocrx_word' id='word_1_694' title='bbox 1115 4703 1327 4760; x_wconf 76' lang='lat' dir='ltr'><strong>panect</strong></span> <span class='ocrx_word' id='word_1_695' title='bbox 1352 4710 1483 4763; x_wconf 87' lang='lat' dir='ltr'><strong>aqua</strong></span> <span class='ocrx_word' id='word_1_696' title='bbox 1508 4712 1616 4762; x_wconf 67' lang='lat' dir='ltr'><strong>prn-</strong></span> 
     </span>
    </p>
   </div>
   <div class='ocr_carea' id='block_1_93' title="bbox 69 4769 1615 4839">
    <p class='ocr_par' dir='ltr' id='par_1_93' title="bbox 69 4769 1615 4839">
     <span class='ocr_line' id='line_1_93' title="bbox 69 4769 1615 4839; baseline 0.014 -21"><span class='ocrx_word' id='word_1_697' title='bbox 69 4770 243 4823; x_wconf 84' lang='lat' dir='ltr'><strong>uiteat.</strong></span> <span class='ocrx_word' id='word_1_698' title='bbox 292 4769 394 4834; x_wconf 87' lang='lat' dir='ltr'><strong>Qui</strong></span> <span class='ocrx_word' id='word_1_699' title='bbox 450 4770 714 4839; x_wconf 83' lang='lat' dir='ltr'><strong>superﬂua</strong></span> <span class='ocrx_word' id='word_1_700' title='bbox 762 4778 961 4830; x_wconf 86' lang='lat' dir='ltr'><strong>ventris</strong></span> <span class='ocrx_word' id='word_1_701' title='bbox 1006 4778 1325 4835; x_wconf 81' lang='lat' dir='ltr'><strong>distentione</strong></span> <span class='ocrx_word' id='word_1_702' title='bbox 1374 4783 1615 4839; x_wconf 87' lang='lat' dir='ltr'><strong>dolorem</strong></span> 
     </span>
    </p>
   </div>
   <div class='ocr_carea' id='block_1_94' title="bbox 68 4862 1615 4938">
    <p class='ocr_par' dir='ltr' id='par_1_94' title="bbox 68 4862 1615 4938">
     <span class='ocr_line' id='line_1_94' title="bbox 68 4862 1615 4938; baseline 0.01 -24"><span class='ocrx_word' id='word_1_703' title='bbox 68 4874 266 4930; x_wconf 83' lang='lat' dir='ltr'><strong>quoque</strong></span> <span class='ocrx_word' id='word_1_704' title='bbox 309 4862 474 4917; x_wconf 88' lang='lat' dir='ltr'><strong>sentit</strong></span> <span class='ocrx_word' id='word_1_705' title='bbox 529 4866 821 4920; x_wconf 87' lang='lat' dir='ltr'><strong>saturitatis</strong></span> <span class='ocrx_word' id='word_1_706' title='bbox 847 4868 898 4933; x_wconf 73' lang='grc' dir='ltr'>ιι,</span> <span class='ocrx_word' id='word_1_707' title='bbox 929 4871 979 4924; x_wconf 88' lang='lat' dir='ltr'><strong>id</strong></span> <span class='ocrx_word' id='word_1_708' title='bbox 1031 4884 1130 4938; x_wconf 89' lang='lat' dir='ltr'><strong>est,</strong></span> <span class='ocrx_word' id='word_1_709' title='bbox 1162 4872 1208 4928; x_wconf 90' lang='lat' dir='ltr'><strong>si</strong></span> <span class='ocrx_word' id='word_1_710' title='bbox 1246 4876 1312 4929; x_wconf 88' lang='lat' dir='ltr'><strong>ad</strong></span> <span class='ocrx_word' id='word_1_711' title='bbox 1362 4878 1615 4930; x_wconf 82' lang='lat' dir='ltr'><strong>vomitum</strong></span> 
     </span>
    </p>
   </div>
   <div class='ocr_carea' id='block_1_95' title="bbox 68 4950 1616 5027">
    <p class='ocr_par' dir='ltr' id='par_1_95' title="bbox 68 4950 1616 5027">
     <span class='ocr_line' id='line_1_95' title="bbox 68 4950 1616 5027; baseline 0.016 -26"><span class='ocrx_word' id='word_1_712' title='bbox 68 4950 175 5005; x_wconf 73' lang='lat' dir='ltr'><strong>sine</strong></span> <span class='ocrx_word' id='word_1_713' title='bbox 199 4952 534 5017; x_wconf 82' lang='lat' dir='ltr'><strong>inﬁrmitate,</strong></span> <span class='ocrx_word' id='word_1_714' title='bbox 563 4964 764 5023; x_wconf 87' lang='lat' dir='ltr'><strong>septem</strong></span> <span class='ocrx_word' id='word_1_715' title='bbox 790 4958 904 5012; x_wconf 87' lang='lat' dir='ltr'><strong>dies</strong></span> <span class='ocrx_word' id='word_1_716' title='bbox 933 4964 1203 5027; x_wconf 75' lang='lat' dir='ltr'><strong>pcerriteat.</strong></span> <span class='ocrx_word' id='word_1_717' title='bbox 1221 4966 1275 5020; x_wconf 91' lang='lat' dir='ltr'><strong>Si</strong></span> <span class='ocrx_word' id='word_1_718' title='bbox 1299 4969 1616 5025; x_wconf 82' lang='lat' dir='ltr'><strong>sacriﬁcium</strong></span> 
     </span>
    </p>
   </div>
   <div class='ocr_carea' id='block_1_96' title="bbox 71 5039 1618 5119">
    <p class='ocr_par' dir='ltr' id='par_1_96' title="bbox 71 5039 1618 5119">
     <span class='ocr_line' id='line_1_96' title="bbox 71 5039 1618 5119; baseline 0.016 -26"><span class='ocrx_word' id='word_1_719' title='bbox 71 5045 385 5110; x_wconf 81' lang='lat' dir='ltr'><strong>evomuerit,</strong></span> <span class='ocrx_word' id='word_1_720' title='bbox 415 5039 756 5117; x_wconf 76' lang='lat' dir='ltr'><strong>qnadragin‘ta</strong></span> <span class='ocrx_word' id='word_1_721' title='bbox 779 5049 892 5105; x_wconf 81' lang='lat' dir='ltr'><strong>dies</strong></span> <span class='ocrx_word' id='word_1_722' title='bbox 916 5054 1194 5119; x_wconf 68' lang='lat' dir='ltr'><strong>praeniteat;</strong></span> <span class='ocrx_word' id='word_1_723' title='bbox 1224 5060 1266 5110; x_wconf 88' lang='lat' dir='ltr'><strong>si</strong></span> <span class='ocrx_word' id='word_1_724' title='bbox 1298 5059 1618 5117; x_wconf 82' lang='lat' dir='ltr'><strong>inﬁrmitatis</strong></span> 
     </span>
    </p>
   </div>
   <div class='ocr_carea' id='block_1_97' title="bbox 68 5139 1620 5221">
    <p class='ocr_par' dir='ltr' id='par_1_97' title="bbox 68 5139 1620 5221">
     <span class='ocr_line' id='line_1_97' title="bbox 68 5139 1620 5221; baseline 0.015 -38"><span class='ocrx_word' id='word_1_725' title='bbox 68 5146 238 5199; x_wconf 82' lang='lat' dir='ltr'><strong>causa,</strong></span> <span class='ocrx_word' id='word_1_726' title='bbox 289 5148 497 5202; x_wconf 54' lang='lat' dir='ltr'><strong>septem</strong></span> <span class='ocrx_word' id='word_1_727' title='bbox 541 5139 654 5193; x_wconf 85' lang='lat' dir='ltr'><strong>dies</strong></span> <span class='ocrx_word' id='word_1_728' title='bbox 683 5141 961 5207; x_wconf 76' lang='lat' dir='ltr'><strong>pmniteat;</strong></span> <span class='ocrx_word' id='word_1_729' title='bbox 994 5143 1035 5197; x_wconf 89' lang='lat' dir='ltr'><strong>si</strong></span> <span class='ocrx_word' id='word_1_730' title='bbox 1088 5148 1136 5198; x_wconf 90' lang='lat' dir='ltr'><strong>in</strong></span> <span class='ocrx_word' id='word_1_731' title='bbox 1183 5150 1350 5216; x_wconf 83' lang='lat' dir='ltr'><strong>ignem</strong></span> <span class='ocrx_word' id='word_1_732' title='bbox 1384 5154 1620 5221; x_wconf 86' lang='lat' dir='ltr'><strong>projicit,</strong></span> 
     </span>
    </p>
   </div>
   <div class='ocr_carea' id='block_1_98' title="bbox 70 5225 1622 5299">
    <p class='ocr_par' dir='ltr' id='par_1_98' title="bbox 70 5225 1622 5299">
     <span class='ocr_line' id='line_1_98' title="bbox 70 5225 1622 5299; baseline 0.015 -24"><span class='ocrx_word' id='word_1_733' title='bbox 70 5234 272 5278; x_wconf 82' lang='lat' dir='ltr'><strong>centum</strong></span> <span class='ocrx_word' id='word_1_734' title='bbox 321 5225 562 5282; x_wconf 79' lang='lat' dir='ltr'><strong>Psalmos</strong></span> <span class='ocrx_word' id='word_1_735' title='bbox 607 5242 814 5295; x_wconf 85' lang='lat' dir='ltr'><strong>cantet;</strong></span> <span class='ocrx_word' id='word_1_736' title='bbox 844 5232 886 5285; x_wconf 87' lang='lat' dir='ltr'><strong>si</strong></span> <span class='ocrx_word' id='word_1_737' title='bbox 934 5250 1056 5287; x_wconf 84' lang='lat' dir='ltr'><strong>vero</strong></span> <span class='ocrx_word' id='word_1_738' title='bbox 1101 5254 1257 5292; x_wconf 73' lang='lat' dir='ltr'><strong>canes</strong></span> <span class='ocrx_word' id='word_1_739' title='bbox 1306 5243 1622 5299; x_wconf 85' lang='lat' dir='ltr'><strong>Iambucrint</strong></span> 
     </span>
    </p>
   </div>
   <div class='ocr_carea' id='block_1_99' title="bbox 74 5315 1617 5397">
    <p class='ocr_par' dir='ltr' id='par_1_99' title="bbox 74 5315 1617 5397">
     <span class='ocr_line' id='line_1_99' title="bbox 74 5315 1617 5397; baseline 0.016 -34"><span class='ocrx_word' id='word_1_740' title='bbox 74 5315 224 5369; x_wconf 81' lang='lat' dir='ltr'><strong>talem</strong></span> <span class='ocrx_word' id='word_1_741' title='bbox 270 5317 547 5380; x_wconf 73' lang='lat' dir='ltr'><strong>vomitum,</strong></span> <span class='ocrx_word' id='word_1_742' title='bbox 576 5333 784 5374; x_wconf 81' lang='lat' dir='ltr'><strong>centum</strong></span> <span class='ocrx_word' id='word_1_743' title='bbox 812 5325 926 5377; x_wconf 85' lang='lat' dir='ltr'><strong>dies</strong></span> <span class='ocrx_word' id='word_1_744' title='bbox 970 5327 1234 5394; x_wconf 72' lang='lat' dir='ltr'><strong>ptruitcat,</strong></span> <span class='ocrx_word' id='word_1_745' title='bbox 1281 5333 1366 5397; x_wconf 87' lang='lat' dir='ltr'><strong>qui</strong></span> <span class='ocrx_word' id='word_1_746' title='bbox 1399 5336 1617 5387; x_wconf 84' lang='lat' dir='ltr'><strong>evomit.</strong></span> 
     </span>
    </p>
   </div>
   <div class='ocr_carea' id='block_1_100' title="bbox 140 5442 986 5507">
    <p class='ocr_par' dir='ltr' id='par_1_100' title="bbox 140 5442 986 5507">
     <span class='ocr_line' id='line_1_100' title="bbox 140 5442 986 5507; baseline 0.013 -11"><span class='ocrx_word' id='word_1_747' title='bbox 140 5448 163 5475; x_wconf 64' lang='lat'><em>‘</em></span> <span class='ocrx_word' id='word_1_748' title='bbox 190 5442 317 5506; x_wconf 71' lang='grc'><strong>113..</strong></span> <span class='ocrx_word' id='word_1_749' title='bbox 348 5446 617 5505; x_wconf 86' lang='lat' dir='ltr'><strong>mendose.</strong></span> <span class='ocrx_word' id='word_1_750' title='bbox 658 5454 986 5507; x_wconf 66' lang='lat' dir='ltr'><strong>conversatio.</strong></span> 
     </span>
    </p>
   </div>
   <div class='ocr_carea' id='block_1_101' title="bbox 140 5513 833 5583">
    <p class='ocr_par' dir='ltr' id='par_1_101' title="bbox 140 5513 833 5583">
     <span class='ocr_line' id='line_1_101' title="bbox 140 5513 833 5583; baseline 0.009 -16"><span class='ocrx_word' id='word_1_751' title='bbox 140 5520 161 5542; x_wconf 56' lang='grc' dir='ltr'><strong>δ’</strong></span> <span class='ocrx_word' id='word_1_752' title='bbox 196 5513 291 5567; x_wconf 86' lang='lat' dir='ltr'><strong>ilic</strong></span> <span class='ocrx_word' id='word_1_753' title='bbox 318 5516 621 5583; x_wconf 78' lang='lat' dir='ltr'><strong>depravatio</strong></span> <span class='ocrx_word' id='word_1_754' title='bbox 646 5520 833 5583; x_wconf 82' lang='lat' dir='ltr'><strong>aliqua.</strong></span> 
     </span>
    </p>
   </div>
   <div class='ocr_carea' id='block_1_102' title="bbox 140 5583 803 5649">
    <p class='ocr_par' dir='ltr' id='par_1_102' title="bbox 140 5583 803 5649">
     <span class='ocr_line' id='line_1_102' title="bbox 140 5583 803 5649; baseline 0.012 -16"><span class='ocrx_word' id='word_1_755' title='bbox 140 5590 159 5610; x_wconf 66' lang='grc' dir='ltr'><em>τ</em></span> <span class='ocrx_word' id='word_1_756' title='bbox 192 5583 314 5646; x_wconf 63' lang='lat' dir='ltr'><strong>31s.,</strong></span> <span class='ocrx_word' id='word_1_757' title='bbox 344 5588 614 5649; x_wconf 82' lang='lat' dir='ltr'><strong>mendose,</strong></span> <span class='ocrx_word' id='word_1_758' title='bbox 644 5590 803 5641; x_wconf 82' lang='lat' dir='ltr'><strong>amite.</strong></span> 
     </span>
    </p>
   </div>
   <div class='ocr_carea' id='block_1_103' title="bbox 140 5650 749 5726">
    <p class='ocr_par' dir='ltr' id='par_1_103' title="bbox 140 5650 749 5726">
     <span class='ocr_line' id='line_1_103' title="bbox 140 5650 749 5726; baseline 0.008 -22"><span class='ocrx_word' id='word_1_759' title='bbox 140 5650 163 5686; x_wconf 74' lang='grc'><strong>⁸³</strong></span> <span class='ocrx_word' id='word_1_760' title='bbox 195 5652 421 5726; x_wconf 56' lang='lat' dir='ltr'><strong>forsan,</strong></span> <span class='ocrx_word' id='word_1_761' title='bbox 452 5658 749 5726; x_wconf 76' lang='lat' dir='ltr'><strong>sultrogoltt’.</strong></span> 
     </span>
    </p>
   </div>
   <div class='ocr_carea' id='block_1_104' title="bbox 140 5722 710 5794">
    <p class='ocr_par' dir='ltr' id='par_1_104' title="bbox 140 5722 710 5794">
     <span class='ocr_line' id='line_1_104' title="bbox 140 5722 710 5794; baseline 0.012 -20"><span class='ocrx_word' id='word_1_762' title='bbox 140 5732 160 5794; x_wconf 77' lang='lat'><strong>‘_&#39;</strong></span> <span class='ocrx_word' id='word_1_763' title='bbox 196 5722 347 5794; x_wconf 54' lang='lat' dir='ltr'><strong>liccat</strong></span> <span class='ocrx_word' id='word_1_764' title='bbox 382 5728 553 5780; x_wconf 69' lang='lat' dir='ltr'><strong>forsan</strong></span> <span class='ocrx_word' id='word_1_765' title='bbox 582 5722 710 5794; x_wconf 59' lang='lat' dir='ltr'><strong>quan</strong></span> 
     </span>
    </p>
   </div>
   <div class='ocr_carea' id='block_1_105' title="bbox 145 5792 1339 5863">
    <p class='ocr_par' dir='ltr' id='par_1_105' title="bbox 145 5792 1339 5863">
     <span class='ocr_line' id='line_1_105' title="bbox 145 5792 1339 5863; baseline 0.02 -27"><span class='ocrx_word' id='word_1_766' title='bbox 145 5792 155 5824; x_wconf 68' lang='grc' dir='ltr'>ί</span> <span class='ocrx_word' id='word_1_767' title='bbox 192 5792 391 5861; x_wconf 66' lang='lat' dir='ltr'><strong>supple</strong></span> <span class='ocrx_word' id='word_1_768' title='bbox 416 5792 618 5863; x_wconf 65' lang='lat' dir='ltr'><strong>prom‘io</strong></span> <span class='ocrx_word' id='word_1_769' title='bbox 649 5811 780 5853; x_wconf 79' lang='lat' dir='ltr'><strong>ututtt</strong></span> <span class='ocrx_word' id='word_1_770' title='bbox 811 5822 854 5854; x_wconf 68' lang='lat' dir='ltr'><strong>tu</strong></span> <span class='ocrx_word' id='word_1_771' title='bbox 888 5803 977 5853; x_wconf 59' lang='grc' dir='ltr'><strong>[ιον</strong></span> <span class='ocrx_word' id='word_1_772' title='bbox 1005 5807 1095 5856; x_wconf 69' lang='lat' dir='ltr'><strong>silli</strong></span> <span class='ocrx_word' id='word_1_773' title='bbox 1120 5809 1339 5860; x_wconf 65' lang='lat' dir='ltr'><strong>Mlti/stt.</strong></span> 
     </span>
    </p>
   </div>
   <div class='ocr_carea' id='block_1_106' title="bbox 1719 4594 3261 4664">
    <p class='ocr_par' dir='ltr' id='par_1_106' title="bbox 1719 4594 3261 4664">
     <span class='ocr_line' id='line_1_106' title="bbox 1719 4594 3261 4664; baseline -0.002 -16"><span class='ocrx_word' id='word_1_774' title='bbox 1719 4595 1859 4664; x_wconf 87' lang='lat' dir='ltr'><strong>quod</strong></span> <span class='ocrx_word' id='word_1_775' title='bbox 1894 4596 2011 4647; x_wconf 85' lang='lat' dir='ltr'><strong>talis</strong></span> <span class='ocrx_word' id='word_1_776' title='bbox 2035 4594 2175 4646; x_wconf 88' lang='lat' dir='ltr'><strong>visus</strong></span> <span class='ocrx_word' id='word_1_777' title='bbox 2206 4604 2305 4659; x_wconf 85' lang='lat' dir='ltr'><strong>est,</strong></span> <span class='ocrx_word' id='word_1_778' title='bbox 2338 4603 2514 4660; x_wconf 83' lang='lat' dir='ltr'><strong>potum</strong></span> <span class='ocrx_word' id='word_1_779' title='bbox 2542 4604 2878 4661; x_wconf 81' lang='lat' dir='ltr'><strong>supcrponat.</strong></span> <span class='ocrx_word' id='word_1_780' title='bbox 2907 4596 2960 4648; x_wconf 84' lang='lat' dir='ltr'><strong>Si</strong></span> <span class='ocrx_word' id='word_1_781' title='bbox 3004 4596 3052 4646; x_wconf 90' lang='lat' dir='ltr'><strong>in</strong></span> <span class='ocrx_word' id='word_1_782' title='bbox 3080 4595 3261 4655; x_wconf 74' lang='lat' dir='ltr'><strong>farina,</strong></span> 
     </span>
    </p>
   </div>
   <div class='ocr_carea' id='block_1_107' title="bbox 1718 4684 3264 4753">
    <p class='ocr_par' dir='ltr' id='par_1_107' title="bbox 1718 4684 3264 4753">
     <span class='ocr_line' id='line_1_107' title="bbox 1718 4684 3264 4753; baseline -0.001 -15"><span class='ocrx_word' id='word_1_783' title='bbox 1718 4698 1810 4738; x_wconf 81' lang='lat' dir='ltr'><strong>aut</strong></span> <span class='ocrx_word' id='word_1_784' title='bbox 1841 4686 1892 4738; x_wconf 85' lang='lat' dir='ltr'><strong>in</strong></span> <span class='ocrx_word' id='word_1_785' title='bbox 1928 4686 2102 4752; x_wconf 82' lang='lat' dir='ltr'><strong>aliquo</strong></span> <span class='ocrx_word' id='word_1_786' title='bbox 2131 4684 2323 4738; x_wconf 82' lang='lat' dir='ltr'><strong>siccato</strong></span> <span class='ocrx_word' id='word_1_787' title='bbox 2348 4685 2489 4747; x_wconf 84' lang='lat' dir='ltr'><strong>cibo,</strong></span> <span class='ocrx_word' id='word_1_788' title='bbox 2512 4696 2600 4737; x_wconf 84' lang='lat' dir='ltr'><strong>aut</strong></span> <span class='ocrx_word' id='word_1_789' title='bbox 2628 4686 2842 4753; x_wconf 80' lang='lat' dir='ltr'><strong>polluto,</strong></span> <span class='ocrx_word' id='word_1_790' title='bbox 2868 4686 3161 4751; x_wconf 80' lang='lat' dir='ltr'><strong>coagulalo,</strong></span> <span class='ocrx_word' id='word_1_791' title='bbox 3188 4688 3264 4737; x_wconf 77' lang='lat' dir='ltr'><strong>wl</strong></span> 
     </span>
    </p>
   </div>
   <div class='ocr_carea' id='block_1_108' title="bbox 1722 4774 3266 4840">
    <p class='ocr_par' dir='ltr' id='par_1_108' title="bbox 1722 4774 3266 4840">
     <span class='ocr_line' id='line_1_108' title="bbox 1722 4774 3266 4840; baseline -0.001 -12"><span class='ocrx_word' id='word_1_792' title='bbox 1722 4776 1877 4840; x_wconf 86' lang='lat' dir='ltr'><strong>lacte,</strong></span> <span class='ocrx_word' id='word_1_793' title='bbox 1909 4776 2023 4827; x_wconf 73' lang='lat' dir='ltr'><strong>ista:</strong></span> <span class='ocrx_word' id='word_1_794' title='bbox 2051 4776 2383 4827; x_wconf 84' lang='lat' dir='ltr'><strong>inveniantur</strong></span> <span class='ocrx_word' id='word_1_795' title='bbox 2410 4775 2661 4838; x_wconf 62' lang='lat' dir='ltr'><strong>bestiolae,</strong></span> <span class='ocrx_word' id='word_1_796' title='bbox 2715 4774 2849 4840; x_wconf 83' lang='lat' dir='ltr'><strong>quod</strong></span> <span class='ocrx_word' id='word_1_797' title='bbox 2878 4776 2953 4827; x_wconf 89' lang='lat' dir='ltr'><strong>sic</strong></span> <span class='ocrx_word' id='word_1_798' title='bbox 2984 4777 3119 4828; x_wconf 76' lang='lat' dir='ltr'><strong>circa</strong></span> <span class='ocrx_word' id='word_1_799' title='bbox 3150 4791 3266 4827; x_wconf 86' lang='lat' dir='ltr'><strong>cor—</strong></span> 
     </span>
    </p>
   </div>
   <div class='ocr_carea' id='block_1_109' title="bbox 1721 4868 3262 4938">
    <p class='ocr_par' dir='ltr' id='par_1_109' title="bbox 1721 4868 3262 4938">
     <span class='ocr_line' id='line_1_109' title="bbox 1721 4868 3262 4938; baseline 0.001 -18"><span class='ocrx_word' id='word_1_800' title='bbox 1721 4881 1846 4937; x_wconf 89' lang='lat' dir='ltr'><strong>pora</strong></span> <span class='ocrx_word' id='word_1_801' title='bbox 1879 4870 2085 4921; x_wconf 89' lang='lat' dir='ltr'><strong>illorum</strong></span> <span class='ocrx_word' id='word_1_802' title='bbox 2116 4876 2217 4922; x_wconf 83' lang='lat' dir='ltr'><strong>est</strong></span> <span class='ocrx_word' id='word_1_803' title='bbox 2264 4868 2404 4921; x_wconf 84' lang='lat' dir='ltr'><strong>foras</strong></span> <span class='ocrx_word' id='word_1_804' title='bbox 2432 4871 2754 4937; x_wconf 87' lang='lat' dir='ltr'><strong>projiciatur,</strong></span> <span class='ocrx_word' id='word_1_805' title='bbox 2795 4886 2953 4924; x_wconf 86' lang='lat' dir='ltr'><strong>omne</strong></span> <span class='ocrx_word' id='word_1_806' title='bbox 3007 4872 3262 4938; x_wconf 84' lang='lat' dir='ltr'><strong>reliquum</strong></span> 
     </span>
    </p>
   </div>
   <div class='ocr_carea' id='block_1_110' title="bbox 1719 4960 3265 5029">
    <p class='ocr_par' dir='ltr' id='par_1_110' title="bbox 1719 4960 3265 5029">
     <span class='ocr_line' id='line_1_110' title="bbox 1719 4960 3265 5029; baseline 0 -16"><span class='ocrx_word' id='word_1_807' title='bbox 1719 4974 1846 5014; x_wconf 87' lang='lat' dir='ltr'><strong>sana</strong></span> <span class='ocrx_word' id='word_1_808' title='bbox 1882 4969 2119 5013; x_wconf 81' lang='lat' dir='ltr'><strong>sumatur</strong></span> <span class='ocrx_word' id='word_1_809' title='bbox 2171 4960 2291 5013; x_wconf 85' lang='lat' dir='ltr'><strong>ﬁde.</strong></span> <span class='ocrx_word' id='word_1_810' title='bbox 2344 4960 2395 5014; x_wconf 91' lang='lat' dir='ltr'><strong>Si</strong></span> <span class='ocrx_word' id='word_1_811' title='bbox 2441 4963 2746 5029; x_wconf 73' lang='lat' dir='ltr'><strong>sanguinem</strong></span> <span class='ocrx_word' id='word_1_812' title='bbox 2797 4963 2911 5017; x_wconf 87' lang='lat' dir='ltr'><strong>sine</strong></span> <span class='ocrx_word' id='word_1_813' title='bbox 2944 4964 3206 5016; x_wconf 87' lang='lat' dir='ltr'><strong>voluntate</strong></span> <span class='ocrx_word' id='word_1_814' title='bbox 3237 4980 3265 5013; x_wconf 85' lang='lat' dir='ltr'><strong>e</strong></span> 
     </span>
    </p>
   </div>
   <div class='ocr_carea' id='block_1_111' title="bbox 1720 5051 3305 5120">
    <p class='ocr_par' dir='ltr' id='par_1_111' title="bbox 1720 5051 3305 5120">
     <span class='ocr_line' id='line_1_111' title="bbox 1720 5051 3305 5120; baseline 0.001 -17"><span class='ocrx_word' id='word_1_815' title='bbox 1720 5051 1963 5105; x_wconf 87' lang='lat' dir='ltr'><strong>dentibus</strong></span> <span class='ocrx_word' id='word_1_816' title='bbox 2022 5052 2227 5117; x_wconf 86' lang='lat' dir='ltr'><strong>biberit,</strong></span> <span class='ocrx_word' id='word_1_817' title='bbox 2259 5052 2307 5105; x_wconf 90' lang='lat' dir='ltr'><strong>id</strong></span> <span class='ocrx_word' id='word_1_818' title='bbox 2339 5064 2418 5106; x_wconf 86' lang='lat' dir='ltr'><strong>cst</strong></span> <span class='ocrx_word' id='word_1_819' title='bbox 2450 5066 2578 5105; x_wconf 18' lang='lat' dir='ltr'><strong>tcum</strong></span> <span class='ocrx_word' id='word_1_820' title='bbox 2608 5053 2791 5117; x_wconf 78' lang='lat' dir='ltr'><strong>saliva,</strong></span> <span class='ocrx_word' id='word_1_821' title='bbox 2826 5069 2927 5106; x_wconf 92' lang='lat' dir='ltr'><strong>non</strong></span> <span class='ocrx_word' id='word_1_822' title='bbox 2977 5063 3056 5107; x_wconf 81' lang='lat' dir='ltr'><strong>est</strong></span> <span class='ocrx_word' id='word_1_823' title='bbox 3083 5068 3259 5120; x_wconf 28' lang='lat' dir='ltr'><strong>pecco:</strong></span> <span class='ocrx_word' id='word_1_824' title='bbox 3300 5074 3305 5079; x_wconf 53' lang='grc' dir='ltr'><strong>ε</strong></span> 
     </span>
    </p>
   </div>
   <div class='ocr_carea' id='block_1_112' title="bbox 1725 5143 3259 5213">
    <p class='ocr_par' dir='ltr' id='par_1_112' title="bbox 1725 5143 3259 5213">
     <span class='ocr_line' id='line_1_112' title="bbox 1725 5143 3259 5213; baseline -0.001 -19"><span class='ocrx_word' id='word_1_825' title='bbox 1725 5152 1856 5195; x_wconf 87' lang='lat' dir='ltr'><strong>tum.</strong></span> <span class='ocrx_word' id='word_1_826' title='bbox 1888 5143 1943 5197; x_wconf 90' lang='lat' dir='ltr'><strong>Si</strong></span> <span class='ocrx_word' id='word_1_827' title='bbox 1968 5144 2083 5209; x_wconf 86' lang='lat' dir='ltr'><strong>quis</strong></span> <span class='ocrx_word' id='word_1_828' title='bbox 2106 5143 2411 5197; x_wconf 82' lang='lat' dir='ltr'><strong>venatioaes</strong></span> <span class='ocrx_word' id='word_1_829' title='bbox 2442 5145 2641 5212; x_wconf 70' lang='lat' dir='ltr'><strong>aliquas</strong></span> <span class='ocrx_word' id='word_1_830' title='bbox 2668 5161 2978 5213; x_wconf 84' lang='lat' dir='ltr'><strong>quocunque</strong></span> <span class='ocrx_word' id='word_1_831' title='bbox 2998 5155 3259 5203; x_wconf 76' lang='lat' dir='ltr'><strong>exerceat,</strong></span> 
     </span>
    </p>
   </div>
   <div class='ocr_carea' id='block_1_113' title="bbox 1722 5232 3265 5302">
    <p class='ocr_par' dir='ltr' id='par_1_113' title="bbox 1722 5232 3265 5302">
     <span class='ocr_line' id='line_1_113' title="bbox 1722 5232 3265 5302; baseline 0.001 -15"><span class='ocrx_word' id='word_1_832' title='bbox 1722 5232 1764 5287; x_wconf 87' lang='lat' dir='ltr'><strong>si</strong></span> <span class='ocrx_word' id='word_1_833' title='bbox 1796 5235 2039 5299; x_wconf 85' lang='lat' dir='ltr'><strong>clericus,</strong></span> <span class='ocrx_word' id='word_1_834' title='bbox 2068 5248 2209 5289; x_wconf 86' lang='lat' dir='ltr'><strong>anno</strong></span> <span class='ocrx_word' id='word_1_835' title='bbox 2230 5250 2361 5299; x_wconf 89' lang='lat' dir='ltr'><strong>tmo;</strong></span> <span class='ocrx_word' id='word_1_836' title='bbox 2394 5238 2434 5287; x_wconf 90' lang='lat' dir='ltr'><strong>si</strong></span> <span class='ocrx_word' id='word_1_837' title='bbox 2470 5237 2742 5298; x_wconf 76' lang='lat' dir='ltr'><strong>diaconus,</strong></span> <span class='ocrx_word' id='word_1_838' title='bbox 2774 5238 2928 5290; x_wconf 88' lang='lat' dir='ltr'><strong>annis</strong></span> <span class='ocrx_word' id='word_1_839' title='bbox 2958 5237 3191 5302; x_wconf 73' lang='lat' dir='ltr'><strong>duobus;</strong></span> <span class='ocrx_word' id='word_1_840' title='bbox 3226 5244 3265 5289; x_wconf 77' lang='lat' dir='ltr'><strong>st</strong></span> 
     </span>
    </p>
   </div>
   <div class='ocr_carea' id='block_1_114' title="bbox 1726 5325 3237 5395">
    <p class='ocr_par' dir='ltr' id='par_1_114' title="bbox 1726 5325 3237 5395">
     <span class='ocr_line' id='line_1_114' title="bbox 1726 5325 3237 5395; baseline 0.003 -18"><span class='ocrx_word' id='word_1_841' title='bbox 1726 5325 1986 5388; x_wconf 77' lang='lat' dir='ltr'><strong>sacerdos,</strong></span> <span class='ocrx_word' id='word_1_842' title='bbox 2017 5325 2167 5377; x_wconf 85' lang='lat' dir='ltr'><strong>annis</strong></span> <span class='ocrx_word' id='word_1_843' title='bbox 2192 5326 2357 5380; x_wconf 77' lang='lat' dir='ltr'><strong>tribus</strong></span> <span class='ocrx_word' id='word_1_844' title='bbox 2382 5329 2629 5395; x_wconf 78' lang='lat' dir='ltr'><strong>ptenitcat</strong></span> <span class='ocrx_word' id='word_1_845' title='bbox 2656 5325 2697 5381; x_wconf 80' lang='grc' dir='ltr'>ι.</span> <span class='ocrx_word' id='word_1_846' title='bbox 2716 5328 3087 5383; x_wconf 79' lang='lat' dir='ltr'><strong>Catechumeui</strong></span> <span class='ocrx_word' id='word_1_847' title='bbox 3123 5346 3237 5381; x_wconf 90' lang='lat' dir='ltr'><strong>man</strong></span> 
     </span>
    </p>
   </div>
   <div class='ocr_carea' id='block_1_115' title="bbox 1808 5463 2884 5529">
    <p class='ocr_par' dir='ltr' id='par_1_115' title="bbox 1808 5463 2884 5529">
     <span class='ocr_line' id='line_1_115' title="bbox 1808 5463 2884 5529; baseline 0.007 -21"><span class='ocrx_word' id='word_1_848' title='bbox 1808 5474 1830 5508; x_wconf 75' lang='grc' dir='ltr'>ις</span> <span class='ocrx_word' id='word_1_849' title='bbox 1867 5464 2113 5527; x_wconf 77' lang='lat' dir='ltr'><strong>Loquitur</strong></span> <span class='ocrx_word' id='word_1_850' title='bbox 2141 5463 2203 5515; x_wconf 85' lang='lat' dir='ltr'><strong>de</strong></span> <span class='ocrx_word' id='word_1_851' title='bbox 2228 5464 2645 5529; x_wconf 67' lang='lat' dir='ltr'><strong>superpositionn</strong></span> <span class='ocrx_word' id='word_1_852' title='bbox 2674 5465 2884 5518; x_wconf 84' lang='lat' dir='ltr'><strong>silentii.</strong></span> 
     </span>
    </p>
   </div>
   <div class='ocr_carea' id='block_1_116' title="bbox 1800 5532 2634 5599">
    <p class='ocr_par' dir='ltr' id='par_1_116' title="bbox 1800 5532 2634 5599">
     <span class='ocr_line' id='line_1_116' title="bbox 1800 5532 2634 5599; baseline 0.004 -18"><span class='ocrx_word' id='word_1_853' title='bbox 1800 5532 1819 5564; x_wconf 83' lang='grc'><strong>¹¹</strong></span> <span class='ocrx_word' id='word_1_854' title='bbox 1857 5533 2063 5585; x_wconf 63' lang='lat' dir='ltr'><strong>Videtur</strong></span> <span class='ocrx_word' id='word_1_855' title='bbox 2096 5534 2178 5583; x_wconf 78' lang='lat' dir='ltr'><strong>litt:</strong></span> <span class='ocrx_word' id='word_1_856' title='bbox 2208 5538 2393 5585; x_wconf 62' lang='lat' dir='ltr'><strong>rit-resse</strong></span> <span class='ocrx_word' id='word_1_857' title='bbox 2423 5534 2634 5599; x_wconf 79' lang='lat' dir='ltr'><strong>aliquid.</strong></span> 
     </span>
    </p>
   </div>
   <div class='ocr_carea' id='block_1_117' title="bbox 1807 5603 2427 5666">
    <p class='ocr_par' dir='ltr' id='par_1_117' title="bbox 1807 5603 2427 5666">
     <span class='ocr_line' id='line_1_117' title="bbox 1807 5603 2427 5666; baseline 0 -14"><span class='ocrx_word' id='word_1_858' title='bbox 1807 5614 1814 5633; x_wconf 82' lang='lat'>&#39;</span> <span class='ocrx_word' id='word_1_859' title='bbox 1860 5603 1971 5652; x_wconf 67' lang='lat' dir='ltr'><strong>Vitl.</strong></span> <span class='ocrx_word' id='word_1_860' title='bbox 2005 5616 2118 5658; x_wconf 61' lang='lat' dir='ltr'><strong>sup.</strong></span> <span class='ocrx_word' id='word_1_861' title='bbox 2153 5605 2201 5654; x_wconf 87' lang='lat' dir='ltr'><strong>itl</strong></span> <span class='ocrx_word' id='word_1_862' title='bbox 2234 5606 2427 5666; x_wconf 71' lang='lat' dir='ltr'><strong>pra-lat.</strong></span> 
     </span>
    </p>
   </div>
   <div class='ocr_carea' id='block_1_118' title="bbox 1803 5672 2707 5737">
    <p class='ocr_par' dir='ltr' id='par_1_118' title="bbox 1803 5672 2707 5737">
     <span class='ocr_line' id='line_1_118' title="bbox 1803 5672 2707 5737; baseline 0.004 -16"><span class='ocrx_word' id='word_1_863' title='bbox 1803 5684 1814 5717; x_wconf 89' lang='lat' dir='ltr'><strong>l</strong></span> <span class='ocrx_word' id='word_1_864' title='bbox 1854 5672 2001 5722; x_wconf 60' lang='lat' dir='ltr'><strong>Dc‘t‘s‘l</strong></span> <span class='ocrx_word' id='word_1_865' title='bbox 2025 5672 2213 5737; x_wconf 74' lang='lat' dir='ltr'><strong>aliquid</strong></span> <span class='ocrx_word' id='word_1_866' title='bbox 2242 5676 2287 5721; x_wconf 81' lang='lat' dir='ltr'><strong>tn</strong></span> <span class='ocrx_word' id='word_1_867' title='bbox 2318 5675 2410 5719; x_wconf 82' lang='lat' dir='ltr'><strong>lim‘</strong></span> <span class='ocrx_word' id='word_1_868' title='bbox 2432 5685 2707 5725; x_wconf 66' lang='lat' dir='ltr'><strong>t&#39;mmltnlr&#39;.</strong></span> 
     </span>
    </p>
   </div>
   <div class='ocr_carea' id='block_1_119' title="bbox 1804 5742 2515 5801">
    <p class='ocr_par' dir='ltr' id='par_1_119' title="bbox 1804 5742 2515 5801">
     <span class='ocr_line' id='line_1_119' title="bbox 1804 5742 2515 5801; baseline 0.001 -12"><span class='ocrx_word' id='word_1_869' title='bbox 1804 5746 1821 5773; x_wconf 67' lang='lat' dir='ltr'><strong>l‘</strong></span> <span class='ocrx_word' id='word_1_870' title='bbox 1862 5742 1985 5789; x_wconf 73' lang='lat' dir='ltr'><strong>\lrlt‘</strong></span> <span class='ocrx_word' id='word_1_871' title='bbox 2020 5743 2091 5789; x_wconf 63' lang='grc' dir='ltr'><strong>(ξι)</strong></span> <span class='ocrx_word' id='word_1_872' title='bbox 2115 5752 2189 5789; x_wconf 62' lang='grc' dir='ltr'><strong>ενι</strong></span> <span class='ocrx_word' id='word_1_873' title='bbox 2223 5753 2469 5801; x_wconf 60' lang='lat' dir='ltr'><strong>(Immittit!</strong></span> <span class='ocrx_word' id='word_1_874' title='bbox 2494 5765 2515 5790; x_wconf 78' lang='lat'><strong>&#39;.</strong></span> 
     </span>
    </p>
   </div>
   <div class='ocr_carea' id='block_1_120' title="bbox 1864 5813 2945 5863">
    <p class='ocr_par' dir='ltr' id='par_1_120' title="bbox 1864 5813 2945 5863">
     <span class='ocr_line' id='line_1_120' title="bbox 1864 5813 2945 5863; baseline 0.001 -2"><span class='ocrx_word' id='word_1_875' title='bbox 1864 5813 1948 5861; x_wconf 41' lang='lat' dir='ltr'><strong>llt‘</strong></span> <span class='ocrx_word' id='word_1_876' title='bbox 1983 5830 2081 5861; x_wconf 69' lang='lat' dir='ltr'><strong>ltuit</strong></span> <span class='ocrx_word' id='word_1_877' title='bbox 2113 5817 2269 5861; x_wconf 64' lang='lat' dir='ltr'><strong>talu-r</strong></span> <span class='ocrx_word' id='word_1_878' title='bbox 2292 5826 2357 5859; x_wconf 75' lang='lat' dir='ltr'><strong>&#39;ltl</strong></span> <span class='ocrx_word' id='word_1_879' title='bbox 2498 5816 2717 5862; x_wconf 52' lang='lat' dir='ltr'><strong>tt‘attint</strong></span> <span class='ocrx_word' id='word_1_880' title='bbox 2752 5813 2945 5863; x_wconf 67' lang='lat' dir='ltr'><strong>\‘t‘li‘il&#39;l.</strong></span> 
     </span>
    </p>
   </div>
  </div>
