3848 6234
541 373 646 429 983
1842 367 2081 427 SANCTI
2122 368 2454 424 CUMMIANI
3653 374 3740 433 93L

535 489 729 541 ducere
781 496 889 539 non
938 482 1133 539 debent
1157 496 1276 537 cum
1313 481 1613 551 baptizatis,
1658 495 1826 549 neque
1851 482 2099 549 gentiles.
2135 485 2180 543 Α
2208 494 2341 547 pane
2360 488 2413 534 et
2434 493 2568 548 aqua
2598 479 2791 535 vivant.
2842 480 3041 544 Minimi
3066 495 3195 535 vero
3223 480 3617 539 fornicationem
3643 488 3741 541 imi-

536 576 679 630 Uxor
694 588 818 644 qua:
841 573 1150 642 sanguinem
1200 573 1298 627 viri
1349 576 1427 627 sui
1460 588 1554 641 pro
1576 571 1813 628 remedio
1848 580 2094 639 gustave-
2206 583 2399 639 tantes,
2432 584 2487 628 et
2512 574 2780 630 irritantes
2805 590 2862 629 se
2887 575 3139 640 invicem,
3180 575 3273 628 sed
3301 576 3624 642 coinquinati
3653 595 3738 632 non

533 666 620 729 rit,
648 665 991 735 quadraginta
1014 666 1130 719 dies
1160 666 1449 733 paeniteat;
1480 665 1557 719 sic
1577 674 1630 717 et
1661 664 1747 717 illa
1773 678 1889 732 qua:
1911 678 2093 717 semen
2202 677 2325 720 sunt
2354 676 2569 735 propter
2617 670 2787 722 aetatis
2822 668 3292 731 immaturitatem,
3335 669 3517 736 viginti
3545 670 3678 733 dies,
3704 676 3739 725 si

532 754 629 808 viri
656 755 737 808 sui
768 753 821 807 in
848 754 1021 810 cibum
1062 754 1318 819 miscens,
1350 763 1407 807 ut
1432 754 1554 807 inde
1586 754 1702 820 plus
1729 752 1927 804 amoris
1955 752 2093 804 acci-
2199 771 2326 811 vero
2351 756 2677 826 frequenter,
2709 758 3052 827 quadraginta
3083 760 3232 822 dies;
3257 760 3299 811 si
3325 759 3641 828 iteraverint,
3665 777 3741 827 per

532 847 656 913 piat,
708 845 875 900 tribus
918 846 1071 899 annis
1114 845 1391 913 pmnileal.
1423 845 1520 909 Qui
1555 851 1579 879 “
1612 850 1971 911 εοηιοιηριιιω
2004 842 2090 895 ίη·
2198 849 2564 915 paenitentiam
2589 858 2803 904 centum
2824 850 3224 906 dierum.Pueri
3247 862 3370 905 ante
3398 851 3577 918 viginti
3592 867 3740 907 annos

527 933 722 986 dictum
747 932 1006 1002 jejunium
1029 934 1079 985 in
1112 933 1346 987 Ecclesia
1366 942 1421 987 et
1464 945 1645 987 contra
1670 932 1886 986 decreta
1915 929 2063 985 senio

2195 954 2256 994 se
2276 940 2502 995 invicem
2534 942 2775 996 manibus
2799 942 3201 1010 coinquinantes
3244 952 3297 996 et
3336 941 3588 1011 confessi,
3610 954 3740 997 ante-

527 1038 640 1076 rum
672 1023 873 1090 fecerit,
908 1021 935 1061 δ
966 1026 1081 1079 sine
1109 1023 1552 1091 Quadragesimis,
1580 1022 1924 1092 quadraginta
1973 1020 2088 1075 dies

525 1115 809 1181 paeniteat;
840 1117 883 1171 si
901 1126 1080 1171 autem
1103 1116 1152 1169 in
1182 1114 1615 1184 Quadragesima,
1636 1130 1773 1169 anno
1798 1113 2084 1181 paeniteat;

525 1207 569 1260 si
600 1208 899 1275 frequenter
928 1209 1136 1272 fecerit,
1168 1220 1223 1263 et
1270 1210 1323 1262 in
1352 1210 1734 1280 consuetudine
1764 1209 1868 1263 erit
1894 1209 1962 1271 ei,
1988 1216 2084 1261 ex-

523 1298 887 1352 terminabitur
908 1299 976 1353 ab
1006 1298 1264 1364 Ecclesia,
1290 1299 1513 1353 Domino
1539 1300 1775 1353 dicente:
1810 1294 1910 1360 Qui
1936 1314 2085 1352 scan-

521 1388 812 1441 dalizaverit
833 1405 992 1441 unum
1022 1390 1083 1443 de
1106 1390 1307 1460 pusillis
1342 1390 1450 1443 istis
1473 1392 1557 1456 qui
1583 1390 1633 1441 in
1663 1407 1738 1443 me
1769 1393 1999 1454 credunt,
2031 1398 2083 1442 et

520 1476 721 1545 reliqua
739 1476 968 1547 (Matth.
1002 1478 1183 1549 xvm).
1211 1480 1308 1545 Qui
1337 1480 1403 1533 de
1424 1480 1504 1533 sui
1540 1480 1825 1533 comedens
1849 1480 2084 1546 corporis

517 1578 659 1631 cute,
879 1586 996 1625 cum
1029 1572 1369 1641 impositione
1412 1586 1599 1626 manus
1628 1572 1863 1640 episcopi
1886 1586 2079 1625 annum

515 1661 775 1730 integrum
801 1677 918 1717 cum
952 1678 1082 1732 pane
1103 1674 1155 1719 et
1186 1678 1318 1732 aqua
1352 1664 1625 1731 poeniteat.
2028 1658 2037 1663 ⁷⁷

1134 1795 1357 1851 CAPUT
1396 1798 1460 1850 ll.

556 1906 633 1960 De
667 1909 1004 1977 fornicatione
1034 1919 1079 1963 et
1109 1910 1314 1975 reliquis
1349 1908 1623 1961 immundis
1648 1908 2026 1978 poliutionibus.

584 2018 858 2087 Episcopi,
890 2019 1207 2089 presbyteri,
1230 2019 1435 2074 diaconi
1454 2017 1860 2074 fornicationem
1887 2021 2079 2074 facien-

507 2121 609 2178 tes,
642 2112 922 2182 degradari
952 2113 1170 2176 debent,
1193 2123 1245 2167 et
1274 2112 1533 2182 pmnitere
1579 2113 1783 2181 judicio
1808 2113 2072 2181 episcOpi;

506 2217 679 2260 tamen
699 2205 1114 2260 communicent.
1140 2205 1215 2260 De
1241 2206 1541 2271 sodomitis,
1561 2205 1798 2274 episcopi
1825 2196 2077 2274 quatuor;

502 2296 671 2350 decim
703 2294 899 2367 [annis]
928 2297 1245 2365 patniteant,
1291 2298 1584 2367 presbyteri
1609 2296 1891 2350 duodecim
1921 2297 2075 2349 annis

502 2388 814 2455 pmniteant,
859 2386 1069 2441 diaconi
1120 2402 1331 2453 novem,
1366 2387 1679 2440 subdiaconi
1722 2385 2071 2451 octo,elerici

498 2484 724 2545 septem,
758 2478 877 2532 laici
922 2482 1155 2548 quinque
1205 2479 1517 2547 pmniteant,
1564 2488 1620 2533 et
1648 2492 1921 2544 nunquam
1952 2492 2069 2530 cum

498 2569 602 2623 alio
632 2568 919 2624 dormiant.
943 2568 998 2623 Si
1028 2583 1149 2623 eum
1180 2567 1348 2622 fratre
1386 2567 1615 2621 naturali
1666 2568 2069 2622 fornicationem

502 2676 598 2729 per
624 2661 1052 2716 commistionem
1102 2660 1299 2724 carnis,
1348 2659 1647 2726 quindecim
1695 2660 1849 2712 annis
1903 2660 2071 2737 poeni-

503 2762 630 2816 teat,
659 2752 727 2804 ab
749 2751 893 2804 ontui
925 2764 1085 2804 carne
1105 2748 1369 2803 abstineat
1393 2765 1470 2803 se.
1506 2749 1559 2803 Si
1589 2763 1770 2802 semen
1800 2749 1851 2802 in
1880 2764 1940 2802 es
1968 2749 2068 2802 nti-

494 2844 643 2907 serit,
668 2853 872 2911 septem
912 2838 1108 2913 [annis]
1152 2842 1433 2910 poeniteat;
1466 2841 1553 2895 alii
1582 2842 1767 2895 dicunt
1818 2855 1987 2908 usque
2016 2843 2088 2893 in’

497 2938 657 2990 linem
685 2936 827 2989 vitae.
848 2934 957 2989 Viri
976 2935 1115 2991 inter
1130 2934 1328 2989 femora
1348 2934 1691 2999 foruicantes,
1715 2932 1887 3001 primo
1904 2948 2065 2986 unum

499 3042 694 3080 annum
719 3027 1043 3095 pugniteattt;
1072 3028 1117 3081 si
1153 3039 1174 3065 ο
1196 3028 1410 3091 iterant,
1435 3026 1569 3079 duos
1594 3041 1608 3078 :
1632 3026 1675 3078 si
1702 3025 1753 3077 in
1785 3039 1939 3077 crura
1968 3024 2067 3077 for-

494 3118 753 3183 nicautes,
787 3119 830 3171 si
865 3116 1013 3187 pueri
1044 3127 1189 3177 sunt,
1226 3118 1382 3168 annis
1414 3115 1623 3168 duobus
1672 3116 2061 3182 pretiiteant;si

492 3210 608 3275 viri,
641 3210 792 3261 annis
820 3206 1025 3262 tribus:
1054 3209 1098 3261 si
1125 3218 1299 3260 autem
1348 3206 1400 3258 in
1459 3207 1895 3260 consuetudinem
1936 3219 2057 3259 ver-

488 3312 624 3364 tunt,
654 3311 707 3353 et
733 3298 920 3353 modus
956 3299 1279 3369 paenitentiae
1320 3298 1548 3351 addatur
1574 3297 1776 3365 judicio
1810 3298 2058 3351 sacerdo-

491 3393 575 3444 tis.
615 3390 702 3443 Vir
732 3392 1092 3459 semetipsum
1122 3390 1470 3459 coinquinatis
1504 3390 1557 3441 in
1612 3389 1802 3456 primo,
1845 3401 2058 3442 centum

486 3484 599 3538 dies
619 3484 891 3552 pteniteat,
917 3494 967 3538 et
998 3486 1214 3548 iterans,
1246 3499 1440 3537 annum
1472 3482 1731 3545 unum;si
1755 3496 1872 3534 cum
1894 3481 2061 3550 gradu

485 3588 583 3639 est,
614 3576 842 3631 addatur
876 3577 1208 3644 pmnitentia.
1241 3575 1377 3629 Puer
1416 3560 1723 3643 quindecim
1771 3589 2058 3638 annorum,

485 3665 832 3734 quadraginta
862 3666 978 3719 dies
1025 3666 1297 3732 pmnitcat.
1349 3666 1449 3728 Qui
1500 3661 1835 3729 concupiscit
1883 3669 2059 3713 mente

489 3760 761 3827 fornicari,
793 3759 886 3812 sed
911 3773 1013 3810 non
1040 3757 1229 3824 potuit,
1259 3770 1398 3807 anno
1443 3756 1716 3822 pmttiteat,
1747 3751 1975 3805 maxime
2006 3752 2058 3803 in

492 3852 927 3920 Quadtagesima.
959 3852 1053 3914 Qui
1089 3848 1429 3916 turpiloqulo,
1461 3848 1540 3899 vel
1574 3857 1792 3915 aspectu
1817 3845 2055 3913 coinqui-

486 3957 640 3997 natus
667 3954 775 4007 est,
807 3954 979 3996 tamen
1032 3957 1135 3995 non
1168 3941 1333 3993 Voluit
1380 3939 1643 3995 fornicare
1684 3940 2055 4007 corporaliter,

483 4036 667 4106 viginti
696 4036 776 4088 vel
808 4034 1155 4101 quadraginta
1195 4033 1310 4086 dies
1360 4033 1618 4100 pmniteat
1662 4033 1743 4095 ;si
1791 4041 1968 4085 autem
2000 4032 2054 4085 in

487 4128 808 4197 pugnatione
851 4125 1191 4194 cogitationis
1251 4126 1506 4177 violenter
1557 4124 1927 4192 coinquinatus
1950 4134 2054 4188 est,

483 4232 686 4288 septem
712 4219 826 4272 dies
856 4217 1128 4287 pwttiteat.
1160 4215 1257 4285 Qui
1281 4218 1368 4269 diu
1401 4214 1638 4268 illuditur
1676 4232 1703 4267 a
1734 4216 2055 4283 cogitatione

488 4314 695 4379 tepidus
726 4320 778 4364 et
804 4323 1123 4378 repugnans,
1160 4323 1319 4359 unum
1352 4306 1434 4359 vel
1464 4306 1616 4371 duos,
1672 4306 1753 4359 vel
1801 4307 2054 4373 plurimos

484 4406 624 4470 dies,
674 4410 929 4469 quantum
971 4397 994 4433 ά
1046 4399 1287 4465 exegerit
1334 4396 1654 4450 diuturnitas
1696 4396 2049 4464 cogitationis,

2195 1046 2349 1099 quam
2384 1034 2799 1095 communicent,
2827 1033 3017 1103 viginti
3034 1035 3179 1099 dies;
3207 1034 3251 1087 si
3284 1034 3611 1105 iteraverint,
3633 1050 3738 1089 cen-

2196 1129 2303 1174 tum
2333 1120 2448 1175 dies
2474 1123 2796 1190 pmniteant;
2828 1122 2871 1175 si
2896 1137 3018 1176 vero
3042 1122 3393 1191 frequentius,
3426 1134 3736 1191 separentur,

2166 1221 2243 1267 ‘et
2269 1228 2410 1266 anno
2441 1213 2750 1281 pmniteant.
2795 1212 2933 1267 Puer
2977 1227 3266 1281 oppressus
3313 1228 3343 1265 a
3393 1214 3735 1282 majore.......

2191 1302 2521 1357 hebdomade
2542 1303 2781 1373 jejunet;
2828 1304 2869 1357 si
2903 1304 3188 1365 consentit,
3232 1303 3577 1372 quadraginta
3620 1306 3735 1357 dies.

2190 1392 2374 1446 Molles
2404 1409 2563 1447 unum
2592 1409 2786 1447 annum
2815 1396 3138 1459 pmniteant;
3180 1396 3269 1463 qui
3317 1396 3369 1449 in
3420 1395 3617 1448 somnis
3662 1411 3737 1446 vo-

2191 1482 2390 1538 luntate
2422 1484 2651 1551 pollutus
2680 1493 2782 1551 est,
2806 1492 3009 1553 surgat,
3052 1495 3313 1553 canatque
3350 1486 3738 1552 genuflectcndo

2188 1584 2389 1641 septem
2420 1575 2646 1642 psalmos
2670 1576 2720 1627 in
2744 1576 2997 1639 crastino,
3023 1589 3142 1628 cum
3176 1590 3311 1642 pane
3334 1585 3389 1627 et
3436 1591 3589 1644 aqua,
3625 1586 3646 1621 ε
3671 1578 3737 1628 vel

2189 1663 2396 1732 triginta
2449 1665 2684 1732 psalmos
2732 1665 3138 1734 genuﬂectendo
3197 1666 3247 1717 in
3313 1666 3524 1740 finem,‘
3568 1679 3737 1717 unum-

2188 1768 2449 1823 quentque
2496 1763 2692 1809 cantet.
2754 1754 2954 1809 Volens
2995 1754 3142 1823 quasi
3193 1755 3243 1807 in
3292 1769 3481 1807 somno
3537 1769 3737 1822 peccaro

2111 1840 2158 1899 Β
2188 1844 2211 1879 ’4
2235 1846 2344 1900 sive
2368 1847 2595 1914 pollutus
2617 1847 2835 1901 estsine
2860 1848 3127 1904 voluntate
3162 1845 3176 1881 ί
3206 1847 3511 1914 quindecim
3535 1863 3547 1910 ;
3572 1846 3621 1897 in
3644 1846 3735 1897 fine

2182 1934 2322 1987 dicat
2349 1945 2427 1988 ter
2453 1936 2611 2002 Deus,
2638 1942 2689 1988 in
2714 1940 3051 2006 adjutorinm,
3076 1946 3129 1989 et
3156 1936 3380 2004 reliqua.
3423 1936 3520 2001 Qui
3572 1952 3735 1989 semen

2180 2024 2453 2078 dormiens
2485 2026 2536 2077 in
2561 2027 2780 2079 ecclesia
2806 2027 3021 2091 fuderit,
3050 2028 3216 2079 tribus
3247 2026 3434 2079 diebus
3467 2026 3735 2093 pmniteat;

2186 2128 2413 2181 peccans
2444 2132 2548 2168 non
2583 2116 2813 2183 pollutus
2841 2117 3024 2185 viginti
3055 2125 3281 2184 quatuor
3300 2119 3527 2183 psalmus
3553 2129 3734 2168 cantet.

2181 2205 2479 2274 Episcopus
2519 2207 2716 2261 faciens
2760 2207 3186 2272 fornicationem,
3238 2206 3520 2275 degradari
3570 2208 3735 2268 debet,

2187 2300 2297 2353 sive
2321 2308 2546 2367 septem,
2576 2301 2694 2353 sive
2721 2300 2997 2353 duodecim
3030 2302 3181 2353 annis
3214 2301 3487 2367 pmniteat.
3526 2298 3735 2365 l'resby-

2182 2388 2282 2440 teri
2313 2397 2403 2439 aut
2430 2388 2648 2468 diaconi
2685 2390 3092 2442 fornicationem
3138 2391 3431 2449 naturalem
3474 2388 3731 2450 facientes,

2177 2478 2383 2544 prolato
2429 2474 2668 2548 [emisso]
2722 2490 2843 2531 ante
2871 2479 3116 2532 monachi
3172 2490 3315 2545 voto,
3379 2480 3544 2532 tribus
3592 2482 3735 2531 annis

2176 2570 2450 2637 paeniteat.
2482 2569 2698 2623 Veniam
2728 2570 2868 2623 omni
2904 2572 3029 2623 hora
3063 2580 3231 2637 roget,
3267 2570 3733 2637 superpositionetn

2173 2662 2329 2716 faciat
2362 2663 2412 2716 in
2443 2678 2754 2731 unaquaque
2782 2662 3135 2727 hebdomada,
3162 2662 3398 2729 exceptis
3420 2664 3733 2730 quinquage-

2173 2755 2325 2808 simis
2355 2754 2575 2819 diebus;
2608 2765 2725 2823 post
2755 2754 3258 2825 superpositionem,
3296 2768 3427 2819 pane
3454 2754 3568 2805 sine
3589 2764 3732 2804 men-

2170 2862 2293 2902 sura
2351 2858 2544 2909 utatur,
2596 2857 2650 2900 et
2690 2847 2889 2899 ferculo
2922 2847 3253 2914 aliquatenus
3310 2845 3500 2910 butyro
3552 2840 3732 2907 impin-

2170 2948 2351 3008 guato,
2381 2940 2479 2991 hoc
2505 2948 2605 3000 est,
2632 2937 2944 3005 quadrante,
2980 2947 3030 2987 et
3056 2936 3140 2986 die
3172 2935 3437 2986 Itoniinica
3466 2931 3541 2984 sic
3569 2933 3730 2991 vivat;

2170 3031 2377 3083 cmteris
2405 3044 2529 3084 vero
2554 3028 2740 3080 diebus
2768 3027 3022 3093 paximari
3056 3026 3204 3092 punis
3230 3038 3474 3075 mensura
3505 3032 3553 3073 et
3577 3020 3730 3073 misso

2173 3136 2331 3188 parvo
2362 3117 2727 3189 impinguataj
2762 3119 2953 3169 horreo
2972 3116 3150 3179 oleris,
3176 3115 3287 3166 ovis
3319 3113 3500 3180 paucis
3540 3112 3730 3163 forma-

2170 3213 2273 3266 tico
2301 3212 2645 3266 setnimt......
2686 3210 2914 3272 tenucla,
2945 3209 3023 3260 vel
3076 3208 3256 3259 hatuto
3311 3204 3461 3259 lactis
3508 3204 3727 3256 sextario

2166 3323 2261 3376 pro
2280 3308 2398 3362 sitis
2421 3308 2611 3376 gratia,
2646 3315 2698 3359 et
2728 3307 2755 3337 “
2786 3318 2918 3371 aqua
2953 3302 3056 3356 tale
3109 3311 3230 3369 potu
3277 3299 3320 3352 si
3359 3302 3627 3367 cperarius
3652 3304 3728 3349 est

2168 3401 2471 3467 lectumque
2502 3397 2632 3469 [Al.,
2660 3394 2935 3465 lectoque]
2966 3407 3071 3447 non
3100 3393 3321 3445 multum
3352 3390 3525 3444 fenum
3550 3390 3728 3441 haheat

2167 3492 2452 3546 instratum
2484 3509 2493 3543 :
2530 3504 2622 3557 per
2672 3499 2780 3542 tres
2815 3484 3253 3553 Quadragesimas
3278 3483 3402 3535 attni
3444 3481 3598 3534 addat
3639 3482 3727 3532 alt—

2167 3584 2290 3651 quid
2322 3591 2480 3651 prout
2528 3582 2697 3634 virtus
2726 3580 2842 3647 ejus
2870 3576 3181 3638 admiserit;
3232 3586 3442 3639 semper
3464 3586 3525 3623 ex
3549 3569 3725 3621 intimo

2164 3675 2340 3727 cordis
2367 3673 2557 3725 deﬂeat
2581 3672 2788 3737 culpam
2848 3683 3020 3731 suam,
3078 3665 3101 3702 ¹ι
3147 3664 3603 3728 obedientiatnque
3636 3673 3725 3727 pro

2164 3766 2410 3818 omnibus
2438 3762 2788 3817 libentissime
2812 3760 3068 3827 excipiat;
3120 3766 3239 3824 post
3267 3772 3461 3808 annum
3503 3764 3555 3806 et
3579 3752 3718 3805 dimi.

2162 3858 2307 3910 dium
2335 3854 2734 3909 Eueharistiam
2759 3862 2956 3917 sumat,
2981 3861 3032 3905 et
3062 3850 3124 3903 ad
3160 3863 3338 3916 pacem
3369 3847 3558 3906 veniat,
3590 3844 3722 3911 psal-

2162 3965 2277 4004 mos
2308 3964 2431 4004 cum
2464 3947 2715 4001 fratribus
2767 3953 2965 4008 cantet,
3014 3956 3079 3995 ne
3122 3941 3331 4008 penitus
3374 3936 3544 3989 anima
3586 3943 3723 3984 tanto

2162 4048 2402 4105 tempore
2434 4037 2667 4091 cmlestis
2694 4034 2973 4088 medicina:
2994 4033 3175 4099 jejuna
3217 4032 3466 4082 intereat.
3512 4027 3562 4081 Si
3595 4025 3722 4076 inte-

2161 4128 2270 4183 rior
2292 4128 2454 4197 gradu
2482 4127 2601 4195 quis
2631 4124 2942 4188 monachus,
2974 4131 3082 4176 tres
3105 4120 3317 4189 quidem
3369 4131 3534 4171 annos
3556 4114 3721 4185 paeni-

2161 4230 2287 4287 teat,
2311 4222 2402 4274 sed
2431 4234 2677 4274 mensura
2729 4234 2832 4271 non
2882 4224 3128 4285 gravetur
3170 4214 3355 4282 panis;
3385 4212 3430 4265 si
3458 4209 3721 4278 operarius

2158 4326 2259 4379 eSI,
2292 4314 2522 4369 senario
2573 4312 2639 4365 de
2679 4310 2813 4364 lacte
2854 4323 3094 4373 romano,
3148 4314 3203 4359 et
3248 4306 3354 4357 alio
3399 4302 3626 4364 tenucla,
3666 4310 3715 4353 ct

2158 4422 2291 4477 aqua
2319 4416 2574 4476 quantum
2601 4404 2797 4457 sufficit
2821 4417 2916 4470 pro
2940 4403 3056 4453 sitis
3079 4398 3272 4451 ardore
3296 4405 3489 4467 sumat.
3523 4392 3577 4448 Si
3600 4407 3718 4446 vero

487 4498 761 4566 pit-niteat.
787 4494 941 4548 Pueri
971 4493 1058 4561 qui
1085 4494 1414 4546 l'ornicantur
1444 4492 1580 4545 inter
1603 4493 1827 4559 seipsos,
1858 4500 1879 4527 ο
1902 4492 2050 4559 judi-

2175 4504 2278 4554 sine
2305 4508 2427 4553 voto
2455 4495 2700 4551 monachi
2744 4490 3042 4562 presbyter,
3089 4497 3181 4540 aut
3229 4487 3506 4551 diaconus,
3534 4484 3577 4537 si
3607 4479 3717 4555 [sic]

488 4591 625 4643 cavit
685 4598 742 4642 ut
797 4588 1077 4657 vapulent;
1129 4588 1276 4657 pueri
1335 4588 1435 4641 soli
1490 4588 1943 4652 sermocinantes,
1998 4596 2051 4640 et

490 4680 937 4746 transgredientes
963 4690 1163 4734 statuta
1218 4680 1511 4742 seniorum,
1548 4679 1714 4731 tribus
1743 4678 2050 4745 superposi-

488 4776 715 4830 tionibus
738 4774 1107 4829 emendentur.
1132 4771 1381 4827 Osculum
1402 4789 1505 4827 non
1523 4773 1835 4840 simpliciter
1859 4772 2052 4824 facien-

488 4877 587 4933 tes,
633 4880 729 4919 sex
780 4864 1328 4934 superpositionibus;
1381 4863 1756 4917 illecebrOsum
1816 4864 2052 4915 osculum

487 4964 601 5015 sine
630 4958 1078 5028 coinquinatione,
1109 4948 1353 5027 septem;
1386 4973 1503 5011 cmn
1536 4956 1901 5025 inquinatione
1942 4970 2053 5009 Sive

488 5055 751 5122 amplexu,
770 5054 954 5106 decem
974 5049 1505 5118 superpositionibus.
1528 5049 1652 5103 l'ost
1673 5063 1841 5101 annos
1868 5048 2050 5114 viginti

486 5146 617 5196 duos
653 5143 669 5179 ί
702 5141 839 5195 ident
888 5139 1050 5194 adulti
1097 5140 1221 5192 item
1253 5149 1673 5203 conmuttentes,
1708 5138 2055 5206 quadraginta

485 5238 600 5289 dies
624 5234 849 5301 separati
878 5247 906 5283 a
938 5245 1141 5297 mensa,
1169 5241 1517 5298 extortcsque
1547 5234 1613 5283 ab
1658 5231 1903 5295 ecclesia,
1933 5244 2053 5282 cum

557 5401 582 5427 "
615 5391 975 5459 Contemptum
1009 5389 1043 5441 f.
1078 5388 1288 5456 irrepsit
1325 5402 1418 5455 pro
1444 5394 1641 5437 contra.

557 5463 582 5498 δ
618 5465 669 5516 Id
700 5473 802 5525 est,
837 5472 983 5513 extra
1018 5462 1503 5525 Quzulragesunatn.

560 5538 581 5563 ε
611 5537 730 5595 bis,
763 5532 1034 5591 mendose,
1072 5533 1274 5581 iternas.

559 5597 725 5657 “heu
774 5604 947 5655 exierit
1001 5602 1417 5668 diuturnitatem,
1471 5608 1525 5651 ut
1576 5613 1667 5667 per
1715 5598 1954 5669 mendam
2006 5597 2055 5649 in

489 5676 618 5729 Cod.
1050 5705 1057 5712 ο

566 5754 588 5779 ⁶
616 5743 881 5805 Judimnt,
908 5742 1090 5810 supple
1113 5743 1349 5807 majores.

565 5824 579 5861 ι
619 5815 704 5883 ιρι,
737 5818 849 5869 item
871 5818 1027 5869 adulti
1050 5815 1201 5866 idem.

2162 4592 2522 4662 peccaverint,
2553 4590 2692 4642 sicut
2738 4584 3029 4638 monachus
3079 4581 3195 4633 sine
3225 4580 3390 4648 gradu
3422 4579 3713 4645 pteniteant,

2157 4696 2209 4739 et
2240 4693 2427 4753 postea
2460 4682 2564 4735 reci
2577 4680 2720 4747 piant
2750 4671 2942 4745 gradus
2969 4686 3115 4727 suos.
3146 4670 3202 4725 Si
3244 4681 3419 4724 autem
3456 4668 3717 4739 presbyter

2158 4788 2249 4831 aut
2275 4776 2533 4829 diacoous
2562 4779 2680 4838 post
2704 4773 2806 4823 tale
2848 4779 3119 4836 peccatum
3171 4765 3397 4818 voluerit
3439 4760 3715 4815 monachus

2161 4870 2295 4932 lieri,
2324 4868 2374 4919 in
2410 4864 2654 4918 districto
2686 4862 2957 4930 proposito
3008 4857 3181 4911 exsilii
3228 4870 3427 4909 annum
3484 4863 3539 4906 et
3572 4851 3715 4903 dimi-

2158 4959 2301 5010 dium
2332 4954 2606 5021 pmttitcat,
2637 4951 2793 5005 habet
2825 4959 2996 5002 tamen
3048 4948 3210 5000 abitas
3253 4945 3411 5010 hujus
3438 4944 3513 4995 rei
3547 4941 3716 4993 mode-

2162 5050 2309 5103 randi
2336 5048 2665 5110 facultatem,
2692 5044 2735 5097 si
2761 5040 3061 5096 obedicntia
3090 5037 3205 5104 ejus
3238 5035 3432 5105 placita
3454 5038 3522 5087 sit
3546 5034 3649 5086 Deo
3669 5040 3717 5085 et

2163 5144 2335 5195 abbati
2361 5158 2475 5196 suo.
2542 5207 2547 5213 Α

2233 5390 2256 5427 8
2308 5382 2464 5449 Lege,
2519 5380 2594 5431 vel
2636 5394 2737 5432 xxx
2798 5377 3036 5444 psalmos,
3088 5370 3470 5444 genu/lectemlo
3526 5370 3575 5421 in
3624 5370 3717 5435 ﬁne

2159 5454 2547 5519 uniusmjnsjnc
2569 5461 2749 5500 cantet.

2233 5525 2256 5556 ιι
2293 5524 2377 5587 F.,
2408 5526 2511 5573 sive
2536 5523 2757 5586 pollutus
2783 5534 2871 5569 sua
2900 5519 3170 5569 voluntate.

2236 5602 2248 5628 ι
2282 5595 2533 5659 Intellige,
2565 5590 2846 5657 quindecim
2876 5590 3095 5655 psalmos
3116 5595 3296 5659 cnntct.

2235 5664 2247 5713 i
2292 5663 2422 5714 llin’c
2452 5658 2516 5714 ad
2547 5668 2783 5725 quartam
2814 5668 3117 5726 sequentem
3148 5658 3337 5710 lineam
3370 5662 3545 5708 textus
3568 5660 3645 5708 est
3666 5662 3717 5703 at

2166 5738 2246 5788 ltit:
2276 5738 2421 5785 vides
2451 5751 2499 5783 tn
2533 5734 2625 5783 Ms.
2653 5734 2992 5794 tlept'avatus.

2238 5809 2257 5843 ‘~
2284 5803 2555 5871 Meudose,
2583 5802 2912 5859 obedientium
2942 5815 3111 5869 quant.
