3820 6322
93 387 189 442 936

695 491 916 548 CAPUT
967 493 1032 547 ΙΙΙ
1046 533 1062 548 .

363 627 443 682 De
471 626 743 689 adulterio,
775 638 943 694 raptu,
970 633 1015 680 et
1044 626 1256 688 incestu,
1287 635 1389 680 etc.

162 756 218 812 Si
246 757 373 824 quis
403 757 714 811 adulterium
763 757 965 821 fecerit,
998 756 1049 810 id
1072 767 1172 821 est,
1199 773 1316 811 cum
1341 772 1508 812 uxore
1530 759 1660 812 alie-

93 862 179 911 na,
212 855 304 899 aut
328 861 603 916 sponsam.
631 845 713 900 vel
769 846 1023 915 virginem
1065 849 1380 916 corruperit,
1412 859 1502 902 aut
1539 863 1660 901 san-

88 935 472 1002 ctimonialem,
501 947 590 990 aut
615 938 724 990 Deo
753 937 980 990 dicatam
1013 940 1288 1005 feminam,
1341 939 1462 993 laici
1493 941 1659 993 tribus

91 1028 236 1078 annis
271 1026 586 1091 paeniteant,
613 1026 878 1105 primo‘x
928 1027 1009 1079 his
1057 1027 1110 1080 in
1166 1043 1302 1096 pane
1340 1037 1394 1081 et
1422 1043 1574 1096 aqua.
1605 1029 1660 1084 Si

90 1115 336 1179 clericus,
365 1117 596 1183 quinque
636 1115 790 1168 anuis
835 1115 1114 1183 pumileat,
1149 1117 1504 1171 subdiaconus
1543 1133 1659 1178 sex.

90 1208 220 1260 duos
241 1223 306 1260 ex
340 1206 425 1260 his
445 1207 496 1260 in
524 1221 658 1275 pane
681 1217 734 1260 et
762 1221 918 1272 aqua.
951 1207 1006 1262 Si
1037 1223 1164 1262 vero
1189 1209 1442 1262 diaconus
1469 1223 1658 1262 mona-

87 1301 237 1369 chus,
255 1311 464 1370 septem
489 1303 642 1355 annis
669 1303 924 1370 pmniteat
953 1301 1003 1355 in
1029 1317 1163 1370 pane
1187 1309 1244 1355 ct
1259 1317 1412 1370 aqua,
1442 1305 1661 1370 presby-

88 1403 164 1444 ter
207 1391 422 1456 decem,
466 1393 749 1460 episcopus
801 1392 1104 1457 duodecim,
1147 1393 1372 1461 quinque
1402 1410 1466 1446 ex
1498 1393 1577 1446 liis
1608 1393 1656 1444 in

87 1495 218 1550 pane
239 1491 295 1536 et
327 1496 485 1546 aqua.
516 1481 754 1537 Clericus
779 1484 860 1537 vel
885 1484 1179 1550 superioris
1201 1484 1392 1551 gradus
1415 1485 1502 1552 qui
1527 1499 1661 1536 uxo-
1699 1497 1702 1499 ‘

86 1591 190 1628 rem
222 1575 430 1638 habuit,
485 1587 537 1628 et
591 1585 785 1643 praeter
818 1574 1207 1642 professionem
1252 1591 1424 1637 suam,
1455 1575 1539 1627 vel
1569 1574 1662 1629 ho-

89 1679 265 1719 norem
295 1665 602 1732 clericatus,
637 1668 860 1720 iteratus
917 1682 1032 1721 eam
1084 1668 1412 1736 cognuverit,
1443 1667 1577 1721 sciat
1604 1681 1662 1719 se

86 1755 180 1806 sibi
203 1752 528 1808 adulterium
554 1757 906 1818 commisisse,
935 1758 1070 1809 sicut
1111 1750 1370 1825 superiori
1395 1760 1659 1811 sententia

87 1845 621 1913 uuusquisquejuxta
665 1846 907 1899 ordinem
954 1859 1106 1899 suum
1154 1848 1426 1914 pmniteat.
1458 1848 1658 1915 Siquis
1694 1835 1735 1893 Β

88 1937 422 2002 concupiscit
451 1936 729 1990 mulierem
759 1937 1013 1999 alienam,
1064 1946 1114 1991 et
1168 1953 1272 1990 non
1317 1947 1489 2004 potest
1531 1954 1656 2006 pec-

87 2038 204 2079 care
237 2040 361 2079 cum
389 2041 474 2090 ea,
502 2037 593 2080 aut
642 2043 746 2081 non
790 2030 901 2082 vult
929 2031 1199 2097 suscipere
1221 2044 1338 2082 eum
1372 2032 1578 2093 mulier,
1613 2031 1657 2083 si

85 2113 271 2182 laicus,
305 2117 658 2186 quadraginta
685 2121 822 2182 dies,
871 2121 914 2173 si
956 2121 1187 2174 clericus
1230 2134 1316 2175 aut
1368 2123 1658 2176 monachus

85 2216 187 2274 est,
208 2220 353 2259 anno
380 2207 661 2274 paeniteat,
694 2208 869 2261 medio
891 2209 942 2261 in
974 2224 1108 2275 pane
1129 2221 1186 2264 et
1215 2226 1381 2275 aqua;
1411 2214 1451 2263 si
1483 2213 1660 2263 diaco-

85 2312 198 2362 nus,
230 2297 464 2362 duobus;
492 2298 793 2367 presbyter,
813 2300 1001 2352 tribus.
1032 2300 1084 2356 Si
1111 2302 1333 2354 clericus
1357 2314 1445 2354 aut
1479 2319 1659 2355 mona-

86 2390 214 2442 chus
244 2400 528 2458 postquam
561 2404 618 2443 se
649 2389 758 2442 Deo
802 2389 1023 2455 voverit,
1053 2391 1117 2442 ad
1159 2395 1464 2445 saecularem
1510 2393 1662 2444 habi-

90 2491 195 2534 tum
221 2483 414 2536 iterum
439 2496 690 2536 reversus
717 2481 898 2545 fuerit,
931 2495 1019 2537 aut
1049 2500 1265 2537 uxorem
1306 2485 1537 2544 (luxerit,
1566 2485 1660 2536 de-

88 2587 200 2625 cem
231 2572 390 2624 annis
414 2573 694 2640 paeniteat,
727 2573 894 2625 tribus
917 2588 978 2624 ex
1012 2573 1091 2624 his
1117 2574 1164 2623 in
1191 2589 1323 2638 pzme
1353 2584 1403 2626 et
1433 2590 1586 2640 aqua,
1612 2583 1665 2627 et

90 2675 358 2727 nunquam
395 2672 577 2728 postea
608 2662 658 2714 in
683 2660 930 2729 conjugio
981 2664 1284 2729 copuletur;
1329 2666 1464 2731 quod
1506 2666 1547 2717 si
1574 2680 1665 2718 no-

92 2752 268 2815 luerit,
297 2760 486 2805 sancta
510 2751 749 2819 synodus
783 2754 866 2805 vel
894 2753 1048 2806 sedes
1087 2756 1374 2819 rpostucha
1406 2757 1664 2821 stiparavit

89 2854 179 2894 eos
209 2855 238 2893 a
271 2842 652 2896 communione
682 2826 1224 2897 eteonvocationibus
1248 2843 1637 2898 Cathoticorum

92 2931 351 2987 Similiter
378 2933 641 2987 etmulier
664 2945 942 3002 postquam
976 2937 1212 2989 secundo
1237 2936 1464 3000 voverit,
1495 2939 1537 2988 si
1563 2938 1666 2990 tale

93 3024 268 3086 scelus
289 3023 593 3088 admiserit,
613 3026 724 3092 pari
741 3037 855 3079 sent
869 3025 1022 3079 entia:
1043 3027 1361 3095 subjacebit.
1382 3027 1437 3080 Si
1461 3027 1671 3097 presby~

96 3125 177 3168 ter
198 3123 407 3181 autem,
439 3124 530 3170 aut
549 3117 834 3183 diaconus,
865 3132 1084 3172 uxorem
1125 3130 1431 3173 extraneam
1461 3119 1667 3171 duxerit

91 3207 400 3261 inscientia
444 3209 643 3276 pepuli,
687 3208 1005 3276 deponatur.
1066 3207 1122 3262 Si
1177 3211 1295 3278 quis
1349 3210 1664 3262 adultetittnt

91 3297 476 3367 perpetraverit
500 3312 621 3350 cum
654 3297 764 3363 illa,
795 3306 848 3352 et
877 3297 929 3351 in
964 3298 1286 3352 conscientia
1331 3300 1544 3354 advenit
1573 3315 1664 3365 [t0-

92 3386 241 3453 pulis,
271 3385 584 3455 projiciatur
609 3397 761 3462 extra
790 3387 1094 3455 ecclesiam,
1149 3397 1200 3442 et
1233 3390 1484 3458 poeniteat
1531 3392 1668 3443 inter

101 3477 262 3533 laicus
291 3478 527 3548 quandiu
585 3478 797 3533 vixerit.
853 3479 908 3533 Si
938 3480 1060 3548 quis
1089 3494 1208 3533 cum
1242 3492 1411 3535 matre
1441 3482 1667 3534 fornica-

97 3567 244 3632 verit,
278 3568 560 3624 duodecim
592 3572 746 3623 annis
775 3571 1059 3636 paeniteat;
1088 3579 1142 3624 et
1188 3585 1455 3637 nunquam
1480 3580 1504 3607 α
1534 3576 1667 3626 mit-

98 3669 235 3714 tetur
256 3661 360 3714 nisi
385 3662 442 3715 in
466 3662 552 3715 die
578 3661 872 3716 Dominica.
891 3662 988 3728 Qui
1011 3675 1132 3717 cum
1155 3679 1341 3719 sorore
1368 3665 1465 3720 hoc
1488 3666 1666 3730 modo,

97 3750 393 3814 quindecim
445 3753 601 3806 annis
652 3752 924 3820 poeniteat.
955 3753 980 3791 δ
1007 3752 1063 3808 In
1097 3753 1324 3826 [Canum
1358 3761 1579 3826 Ancyr.,
1604 3757 1671 3810 de

101 3839 335 3911 incestis]
366 3859 381 3895 :
410 3842 454 3896 si
479 3843 593 3910 quis
615 3841 751 3913 [qui]
775 3858 922 3898 more
953 3829 1204 3912 pecorum
1230 3859 1349 3898 cum
1379 3846 1670 3914 propinquo

100 3933 355 4003 sanguine
386 3934 592 3988 incestu
619 3933 882 3988 commisti
908 3942 1056 4001 sunt,
1089 3945 1212 3989 ante
1236 3932 1544 4003 vigesimum
1575 3951 1670 3988 an-

102 4038 225 4076 num
257 4024 430 4080 aetatis
459 4038 590 4091 sua,
615 4025 800 4079 decem
830 4027 982 4080 annis
1017 4026 1140 4080 inde
1195 4027 1449 4096 pmniteat
1479 4027 1671 4098 [paeni-

107 4113 294 4184 teant],
346 4125 532 4170 exacta
582 4118 828 4173 oratione
862 4127 1064 4172 tantum
1095 4119 1350 4188 incipiant
1378 4121 1670 4174 communi-

102 4216 263 4266 care;
298 4212 420 4272 post
439 4204 622 4273 viginti
657 4221 782 4260 vero
802 4222 969 4262 annos
1006 4208 1072 4262 ad
1102 4209 1527 4264 communionem
1550 4227 1669 4265 cum

107 4292 377 4348 oblatione
421 4293 780 4362 suscipiantur
823 4312 837 4349 :
886 4295 1199 4351 discutiatur
1241 4308 1417 4354 autem
1458 4309 1512 4352 et
1563 4299 1672 4352 vita

107 4398 289 4439 eorum
330 4400 435 4454 qua
466 4384 665 4441 fuerint
693 4395 932 4455 tempore
979 4388 1325 4457 paenitentiae,
1352 4400 1403 4444 et
1432 4389 1504 4443 ita
1536 4389 1673 4445 hanc

1033 384 1233 436 LIBER
1269 384 1365 469 DE.
1391 384 1705 439 MENSURA
1748 384 2363 445 PGCNITENTIARUH.

3207 389 3309 445 986

1682 498 1730 556 Δ
1763 515 1953 553 uxores
1978 499 2254 564 habentes,
2281 512 2334 556 et
2362 511 2482 572 post
2511 502 2997 570 quinquagesimum
3019 503 3186 557 aetatis
3205 519 3311 557 sum

1762 606 1956 643 annum
1987 592 2036 643 in
2071 591 2172 644 hoc
2199 593 2424 671 prolapsi
2469 601 2611 658 sunt,
2638 593 2702 645 ad
2733 594 2927 646 exitum
2969 594 3084 648 vim
3116 603 3313 647 tantum

1758 681 2183 734 communionem
2235 692 2561 738 mereantur.
2605 685 2659 735 Si
2701 683 2815 747 quis
2863 697 2980 736 cum
3015 684 3314 751 pecoribus,

1760 785 1831 823 xu
1863 770 2015 822 annis
2063 772 2339 836 paeniteat.
2387 771 2443 825 Si
2475 772 2592 840 quis
2634 773 2942 826 adulterium
2972 775 3314 838 commiserit,

1759 876 1829 913 vn
1861 862 2012 915 annis
2051 861 2371 928 penitentiam
2395 863 2692 930 completis,
2736 862 3039 932 perfectioni
3070 864 3317 918 reddatur

1759 952 2045 1006 secundum
2098 953 2347 1021 pristinos
2377 953 2586 1023 gradus.
2637 955 2836 1020 Siquis
2873 964 2894 991 ο
2932 954 3180 1024 nupserit
3195 970 3315 1008 cum

1761 1043 1985 1129 mu'iere
2011 1057 2104 1096 sua
2141 1055 2304 1107 retro,
2330 1044 2672 1112 quadraginta
2702 1045 2813 1097 dies
2841 1045 3122 1112 pteniteat;
3146 1043 3317 1112 primo

1763 1143 1936 1186 autem
1967 1134 2013 1186 si
2063 1133 2113 1186 in
2161 1142 2302 1202 terga
2356 1135 2612 1201 nupserit,
2644 1136 2718 1189 sic
2749 1135 3020 1203 pmniteat,
3054 1133 3318 1202 quomodo

1761 1227 1826 1280 de
1858 1224 2094 1279 animali.
2138 1226 2194 1280 Si
2254 1227 2369 1290 quis
2400 1237 2672 1281 menstruo
2714 1237 2950 1295 tempore
2989 1226 3173 1280 coierit
3201 1239 3323 1278 cum

1762 1316 2000 1380 muliere,
2034 1319 2377 1384 quadraginta
2409 1317 2524 1371 dies
2577 1317 2847 1384 pmniteat.
2899 1315 3140 1369 Mulieres
3175 1330 3323 1368 men-

1760 1417 1905 1458 struo
1927 1415 2166 1474 tempore
2197 1422 2298 1460 non
2331 1408 2528 1461 intrent
2557 1407 2609 1459 in
2636 1406 2939 1470 ecclesiam,
2964 1420 3133 1472 neque
3159 1418 3317 1458 com-

1762 1498 2050 1562 municent,
2106 1514 2277 1566 neque
2321 1494 2766 1560 sanctimoniales,
2821 1509 2918 1548 nec
2972 1494 3225 1557 laicanae;
3271 1493 3316 1546 si

1766 1596 2113 1656 prmsumunt,
2172 1598 2277 1640 tres
2336 1584 2692 1640 hebdomadas
2726 1584 3034 1650 ptﬁuiteant.
3066 1580 3320 1636 Similiter

1765 1677 2033 1745 pmuiteat,
2065 1693 2182 1743 quae
2208 1679 2365 1731 intrat
2406 1677 2680 1732 ecclesiam
2709 1685 2832 1729 ante
2869 1675 2887 1710 τ
2917 1673 3167 1726 mundum
3194 1688 3320 1726 san-

1763 1771 1938 1837 guinis
1985 1776 2103 1836 post
2133 1777 2362 1833 partum,
2415 1767 2464 1818 id
2509 1779 2610 1830 est,
2667 1763 3004 1832 quadraginta
3049 1763 3192 1826 dies;
3235 1762 3320 1828 qui

1766 1860 1999 1926 nupserit
2025 1868 2075 1910 et
2100 1859 2160 1909 iis
2179 1858 2530 1923 temporibus,
2557 1856 2737 1922 viginti
2788 1854 2902 1908 dies
2929 1851 3198 1916 paeniteat.
3223 1854 3321 1918 Qui

1768 1951 1911 2002 nubit
1937 1949 2020 2001 die
2050 1947 2340 2011 Dominica,
2372 1947 2538 1998 tribus
2563 1943 2745 1997 diebus
2793 1943 3068 2010 poeniteat.
3117 1941 3231 2006 Qui,
3271 1943 3321 1994 in

1762 2040 2099 2094 matrimonio
2129 2050 2227 2104 est,
2263 2039 2689 2106 Quadragesimis
2717 2036 2859 2097 anni,
2898 2047 2948 2089 et
2969 2036 3232 2096 Sabbatis,
3264 2045 3318 2089 et

1763 2135 1810 2183 in
1841 2131 2124 2184 Dominicis
2149 2139 2303 2182 nocte
2333 2130 2458 2193 diei,
2488 2136 2541 2182 et
2585 2129 2634 2180 in
2657 2127 2843 2181 diebus
2872 2127 3130 2194 plurimis,
3164 2127 3322 2178 maxi-

1767 2229 1988 2271 metres
2016 2219 2126 2270 dies
2174 2228 2452 2284 antequam
2508 2217 2918 2278 communicent,
2968 2224 3020 2269 et
3063 2225 3322 2281 concepto

1762 2312 1962 2362 semine
1995 2324 2158 2375 usque
2182 2308 2244 2358 ad
2271 2308 2481 2360 modum
2513 2307 2820 2373 sanguinem
2862 2306 3226 2370 consumendi,
3270 2316 3322 2359 ct

1764 2410 2032 2454 menstruo
2061 2409 2318 2465 tempore,
2341 2399 2616 2452 continens
2649 2398 2759 2451 fieri
2790 2397 2970 2450 debet.

1837 2492 2081 2560 Bigamus
2112 2489 2362 2558 paeniteat
2384 2503 2485 2542 uno
2517 2503 2677 2553 anno,
2700 2497 2886 2556 quarta
2917 2496 2968 2540 et
2997 2495 3145 2541 sexta
3173 2483 3324 2549 feria,

1767 2592 1818 2635 et
1849 2588 1898 2634 in
1932 2581 2097 2634 tribus
2145 2579 2572 2647 Quadragesimis
2609 2581 2870 2632 abstineat
2908 2593 2966 2631 se
2995 2594 3023 2631 a
3055 2570 3326 2639 carnibus,

1768 2687 1870 2724 non
1905 2680 2080 2723 tamen
2106 2671 2338 2722 dimittat
2368 2684 2605 2722 uxorem.
2647 2668 2943 2735 Trigamus,
2977 2677 3028 2719 ut
3061 2654 3326 2731 superius,

1771 2757 1814 2813 id
1837 2773 1920 2813 at:
1949 2813 1954 2824 ,
1980 2761 2037 2814 in
2091 2773 2094 2775 λ
2132 2772 2159 2810 fr
2179 2771 2230 2812 et
2258 2759 2310 2822 5,
2344 2764 2422 2812 vel
2454 2760 2570 2827 plus
2595 2775 2663 2812 vtt
2690 2760 2842 2811 annis
2895 2765 3078 2824 quarta
3130 2757 3254 2809 feria
3280 2764 3329 2808 et

1775 2858 2003 2914 sextact
2031 2875 2080 2909 ιι.
2106 2852 2271 2905 tribus
2297 2849 2726 2918 Quatlragesimis
2785 2848 3043 2901 abstineat
3070 2862 3126 2900 se
3155 2861 3182 2897 a
3209 2861 3326 2897 cars

1770 2946 1952 3004 ιιλωδς
1986 2951 2164 2995 tamen
2223 2940 2448 2993 Basilius
2509 2940 2607 2993 hoc
2648 2938 2936 3007 judicavit;
2965 2938 3016 2990 in
3041 2936 3326 2990 canonibus

1773 3045 1964 3106 autem,
2000 3033 2024 3069 δ
2055 3034 2087 3086 ὅ
2111 3043 2231 3086 ante
2265 3031 2313 3083 in
2347 3034 2525 3100 quinta
2558 3029 2895 3098 generatione
2915 3029 3333 3096 coniungantur;

1775 3129 1823 3178 in
1852 3149 1876 3200 χι
1909 3137 2040 3181 .srta
2064 3128 2106 3181 si
2133 3128 2326 3182 inventi
2360 3126 2573 3187 fuerint,
2609 3139 2711 3178 non
2735 3131 3061 3188 separentur.
3093 3121 3148 3173 In
3175 3121 3326 3174 tertia

1769 3219 2369 3288 tamenprtipinquitate
2402 3231 2503 3268 non
2532 3216 2651 3268 licet
2707 3228 2924 3266 uxorem
2952 3212 3169 3265 alterius
3195 3211 3328 3265 acci-

1770 3324 1910 3377 pem
1949 3317 2066 3376 post
2120 3308 2321 3361 obitum
2353 3307 2488 3376 ejus.
2539 3305 2836 3371 Equaliter
2878 3303 2956 3357 vir
2987 3302 3328 3372 conjungatur

1769 3406 2106 3459 matrimonio
2131 3405 2206 3458 eis
2230 3418 2346 3472 qum
2376 3403 2473 3455 sibi
2503 3400 2904 3468 consanguineae
2933 3408 3057 3451 sunt
3078 3407 3129 3451 et
3152 3395 3328 3447 uxoris

1768 3512 1877 3552 sum
1909 3495 2313 3560 consanguineis
2334 3502 2448 3558 post
2473 3503 2692 3543 mortem
2721 3490 2901 3541 uxoris
2924 3501 3053 3539 sum.
3075 3486 3184 3538 Duo
3201 3498 3330 3550 quo-

1767 3603 1868 3656 que
1901 3585 2088 3638 fratres
2115 3583 2244 3636 duas
2269 3604 2318 3633 »μ
2346 3595 2480 3633 ores
2505 3581 2554 3630 in
2583 3577 2828 3644 conjugio
2857 3583 3076 3642 possunt
3106 3573 3324 3636 habere,

1768 3690 1820 3732 et
1852 3687 1997 3746 pater
2021 3663 2262 3742 filiusque
2285 3681 2505 3726 matrem
2537 3679 2591 3724 et
2619 3670 2803 3725 tiliam.
2849 3666 2905 3721 Si
2947 3666 3113 3720 laicus
3165 3663 3329 3718 forni—

1769 3769 1966 3822 caverit
1993 3781 2113 3820 cum
2143 3765 2298 3818 vidua
2329 3773 2418 3816 aut
2451 3762 2624 3830 puella
2663 3761 2677 3796 ι
2724 3768 2871 3820 ante,
2900 3773 2935 3812 ll
2976 3756 3129 3810 annis
3158 3755 3332 3826 paeni-

1773 3869 1897 3922 teat,
1932 3855 2144 3910 reddito
2175 3863 2348 3908 tamen
2397 3848 2775 3905 humiliationis
2824 3849 2992 3916 pretio
3027 3847 3330 3915 parentibus

1770 3945 1916 4015 ejus;
1961 3945 2006 3998 si
2063 3957 2279 3996 uxorem
2339 3954 2440 3993 non
2499 3937 2676 4001 habet,
2710 3939 2753 3990 si
2786 3938 3025 3988 voluntas
3054 3944 3332 4003 parentum

1773 4049 1954 4089 eorum
1975 4043 2075 4098 est,
2099 4033 2208 4101 ipsa
2236 4030 2304 4085 sit
2334 4043 2466 4083 uxor
2488 4028 2625 4095 ejus,
2649 4026 2717 4079 ita
2743 4035 2799 4078 ut
2821 4026 2972 4078 annis
2995 4041 3023 4074 v
3043 4024 3332 4094 poeniteant

1772 4127 1948 4180 ambo.
1971 4125 2024 4179 Si
2047 4124 2163 4194 quis
2187 4122 2348 4177 laicus
2363 4135 2480 4176 cum
2496 4121 2733 4188 iumento
2749 4116 3101 4182 fornicaverit,
3119 4116 3270 4169 annis
3294 4128 3333 4168 Il

1775 4219 2050 4287 pmniteat,
2097 4216 2140 4269 si
2185 4227 2403 4269 uxorem
2454 4212 2648 4276 habet;
2683 4209 2727 4262 si
2775 4223 2877 4262 non
2925 4208 3104 4273 habet,
3136 4221 3330 4258 annum

1775 4325 1958 4362 unum.
1983 4306 2040 4360 Si
2072 4306 2316 4368 clericus,
2346 4319 2410 4367 tt;
2443 4303 2485 4355 si
2508 4302 2782 4366 diaconus,
2810 4313 2898 4364 tit;
2930 4297 3330 4367 presbyter,vtt.

1778 4399 1790 4449 i
1828 4401 1902 4452 lix
1933 4399 1995 4451 iis
2022 4397 2072 4450 in
2122 4409 2258 4465 pane
2280 4402 2334 4448 et
2361 4407 2517 4462 aqua.
2541 4391 2780 4447 Clericus
2832 4389 2998 4443 semel
3048 4387 3331 4452 fornicans,

110 4473 464 4530 humilitatem
517 4473 942 4548 [humanitatem]
996 4488 1386 4545 consequantur
1414 4495 1429 4532 :
1456 4481 1592 4547 quod
1627 4480 1755 4582 si”D
1780 4503 1940 4542 unum
1965 4501 2160 4542 annum
2194 4486 2448 4555 pmnileal
2475 4484 2530 4537 in
2563 4496 2697 4551 pane
2741 4490 2795 4536 et
2829 4495 2982 4550 aqua.
3014 4478 3067 4534 Si
3097 4478 3336 4550 genuerit

109 4565 258 4621 abusi
309 4578 437 4623 sunt
487 4568 586 4623 hoc
617 4568 842 4624 crimine
878 4569 1153 4642 prolixiori
1202 4577 1460 4638 tempore,
1487 4570 1672 4638 viginti

107 4667 360 4710 annorum
385 4667 546 4712 actate
571 4669 592 4696 ο
630 4668 688 4713 ut
716 4675 908 4715 uxores
937 4661 1192 4716 habentes
1238 4661 1339 4716 hoc
1367 4663 1567 4716 crimen
1596 4663 1672 4715 in-

111 4747 357 4817 ciderint,
382 4749 566 4817 viginti
616 4750 864 4820 quinque,
916 4751 1069 4820 plena
1124 4753 1436 4821 poenitentia
1464 4762 1580 4807 acta
1607 4751 1673 4804 ad

111 4840 539 4895 communionem
561 4841 804 4898 oratione
823 4841 965 4913 [cum
990 4842 1254 4914 oratione]
1274 4844 1670 4912 permittantur;

112 4940 165 4984 et
192 4933 260 4986 ita
291 4930 463 5002 post‘l
507 4932 649 4987 aliud
706 4934 1123 5003 quinquennium
1179 4937 1246 4990 ad
1297 4936 1501 5004 plenam
1530 4950 1676 4989 com-

120 5024 423 5077 munionem
446 5038 568 5079 cum
593 5024 860 5079 oblatione
881 5024 1264 5094 suscipiantur;
1288 5009 1427 5095 quod
1450 5025 1493 5080 si
1514 5024 1677 5094 aliqui

183 5175 207 5199 -
239 5156 451 5228 Forsan,
483 5167 756 5220 mittetur.

184 5230 211 5271 δ
244 5233 320 5286 Ex
351 5233 576 5288 concilio
596 5237 899 5306 Ancyrano,
923 5251 972 5290 c.
1005 5237 1071 5292 de
1099 5235 1336 5293 incestis.

189 5314 210 5342 ε
242 5301 437 5355 Forsan
465 5314 532 5355 et.

189 5314 210 5342 ε
242 5314 437 5358 r‘ursan
465 5314 532 5357 et.

187 5371 212 5409 ἀ
245 5374 514 5435 Mendose.
535 5374 715 5428 alium.

192 5445 213 5542 ς
244 5443 622 5567 ῗῖἒθῗῖενὶιιειυι·
653 5447 750 5502 hoc
774 5448 892 5502 loco
921 5449 1108 5503 nubere
1131 5450 1269 5519 quod
1294 5464 1447 5505 catre.

344 5537 354 5564 t
423 5551 436 5567 ο

344 5537 436 5567 ωδ.

192 5584 217 5654 _3
249 5582 424 5654 [sectio
444 5597 711 5654 corrupta.

193 5645 219 5683 “
252 5645 712 5727 Fortelegendum
745 5673 758 5712 :
790 5655 880 5722 35,
905 5674 957 5727 q.
984 5655 1040 5720 2,
1087 5674 1133 5711 c.
1162 5659 1226 5723 5,
1268 5660 1454 5712 dicitur
1477 5659 1539 5711 de
1563 5673 1681 5726 pro-

129 5723 317 5791 pin-tuis
341 5726 426 5792 qui
448 5729 515 5778 ad
537 5728 833 5797 afﬁnitatem
861 5723 946 5794 per
962 5729 1126 5781 virum
1155 5742 1200 5782 et
1227 5747 1434 5794 umorem
1457 5723 1680 5791 veniunt,

128 5800 358 5856 diiuncta
373 5811 552 5863 mre,
579 5800 656 5853 vel
682 5800 806 5866 viro,
838 5800 889 5855 in
916 5799 1112 5867 quinta,
1139 5811 1283 5865 etc,-
1305 5816 1424 5856 nam
1453 5815 1678 5857 sequen-

1782 4581 1965 4646 ﬁlium,
1996 4594 2069 4632 vn
2099 4579 2253 4632 annis
2282 4575 2537 4647 pteniteat
2573 4573 2599 4611 ιι
2644 4560 2736 4627 vel
2768 4572 2938 4637 exsul,
2968 4571 3050 4624 vel
3081 4579 3220 4639 pert.
3247 4570 3334 4623 sil.

1777 4682 1829 4724 et
1858 4672 2024 4738 virgo.
2047 4668 2146 4734 Qui
2176 4666 2434 4722 dimiserit
2463 4679 2684 4723 uxorem
2710 4677 2880 4727 suam,
2932 4660 3080 4715 alteri
3110 4660 3333 4728 conjun-

1776 4777 1907 4830 gens
1933 4775 2013 4828 se,
2041 4775 2109 4814 vn
2153 4760 2306 4814 annis
2335 4759 2588 4827 pmniteat
2617 4772 2734 4812 cum
2767 4754 3126 4820 tribulatione,
3159 4753 3240 4807 vel
3266 4766 3335 4805 xu

1777 4851 1931 4905 annis
1963 4851 2154 4906 levius.
2180 4848 2233 4904 Si
2263 4850 2331 4903 ab
2358 4847 2536 4916 aliquo
2555 4862 2648 4903 sua
2676 4845 2954 4903 recesserit
2979 4859 3138 4910 uxor,
3161 4852 3215 4898 et
3242 4845 3335 4895 ite-

1777 4950 1894 4997 rum
1917 4956 2127 4998 reversa
2152 4940 2331 5007 fuerit,
2365 4937 2620 5006 suscipiat
2670 4951 2809 5002 eam,
2839 4944 2892 4991 et
2922 4935 3032 5005 ipsa
3071 4948 3206 4988 anno
3233 4945 3337 4984 uno

1777 5051 1896 5108 cum
1954 5049 2091 5104 pane
2133 5042 2188 5087 et
2233 5021 2366 5101 aqua
2420 5029 2695 5099 paeniteat,
2747 5027 2830 5083 vel
2879 5026 2896 5064 ι
2951 5023 3337 5095 supercilicium

1781 5169 1850 5222 tia
1877 5176 2082 5233 sumpta
2106 5174 2230 5220 sunt
2252 5180 2313 5218 ex
2344 5165 2446 5217 isto
2466 5178 2581 5217 can.

1859 5226 2030 5289 iAnte
2080 5238 2302 5306 nuptias,
2333 5238 2408 5288 vel
2450 5231 2846 5295 matrimonium,
2878 5227 2952 5282 vel
2999 5226 3337 5300 virginitatem

1782 5308 2038 5362 violatam.

1860 5380 1872 5427 Ξ
1918 5379 2073 5430 Deest
2094 5376 2311 5444 aliquid.
2512 5442 2520 5444 Α
2550 5443 2556 5444 γ
2774 5441 2777 5444 ί

1853 5447 1875 5484 ¹ί
1907 5449 2082 5500 Lectio
2104 5433 2346 5512 corrupta
2373 5446 2451 5498 sic
2476 5442 2683 5498 videtur
2706 5438 3031 5497 emendanda
3057 5454 3070 5492 :
3093 5433 3183 5490 Vel
3197 5436 3337 5515 exsul

1785 5529 1942 5588 portet
1968 5519 2184 5569 cilicium
2217 5527 2264 5568 et
2296 5516 2513 5588 virgam.
2755 5582 2767 5588 _
2943 5580 2956 5588 Δ

1862 5587 1875 5624 ι
1910 5590 2042 5641 Cod.
2078 5603 2201 5648 ms.,
2226 5575 2623 5653 supefbecilinm,
2676 5582 2768 5636 sed
2804 5580 3073 5640 mendose,
3105 5589 3201 5643 pro
3229 5575 3338 5653 citi-

1785 5662 1938 5720 cium,
1969 5668 2058 5710 aut
2101 5645 2297 5725 potius
2323 5656 2669 5722 supercilium,
2713 5655 3040 5725 quodgenus
3063 5655 3146 5701 est
3175 5645 3339 5725 vcsti-

1786 5731 1947 5783 menti
1976 5721 2349 5799 ptetiiteutialis
2371 5721 2663 5799 antiquitus
2715 5732 2767 5776 et
2817 5721 3002 5799 diebus
3051 5721 3341 5799 nostrisiu

1789 5800 2037 5857 Hibernia
2089 5798 2333 5854 usitatum
2384 5796 2713 5864 publicorum
2765 5796 3044 5846 criminum
3088 5802 3211 5848 reis,
3255 5797 3338 5853 qut
