3848 6234
496 313 587 361 an
908 318 911 323 '
1791 313 2019 368 SANCTI

2124 314 2391 370 UllMlANl
3563 342 3649 391 uss

496 421 696 475 duxerit
727 421 973 493 [induat].
1005 423 1056 477 Si
1104 424 1217 489 quis
1266 425 1423 477 iuttat
1470 426 1531 476 ad
1576 426 1813 478 ancillam
1860 441 2025 488 suam,
2066 428 2107 481 Α
2135 422 2186 475 Si
2220 424 2428 511 iterum,
2458 428 2620 482 tribus
2646 430 3097 501 Quadragesimis;
3128 437 3170 491 si
3194 439 3370 503 tertio,
3398 455 3525 497 anno
3551 460 3648 512 pe-

494 512 763 563 venuudet
808 526 945 573 cam,
984 520 1037 564 et
1082 514 1219 563 anno
1249 528 1354 564 uno
1404 514 1681 577 pmuiteat;
1716 514 1759 566 si
1799 516 2035 581 genuerit

493 600 655 654 filium
686 617 747 654 ex
775 616 857 663 ea,
902 602 1089 656 lilwret
1134 618 1274 656 eam.
1333 604 1521 657 Mulier
1566 605 1822 668 adultera,
1871 606 2036 657 tribus

491 691 641 744 annis
668 694 935 759 paeniteat.
964 691 1151 745 Mulier
1179 694 1348 760 seipsa
1379 696 1574 748 coitum
1623 694 1840 757 habens,
1871 696 2035 749 tribus

493 780 640 831 annis
672 784 955 846 pmniteat;
1008 780 1253 835 mulieres
1288 790 1423 836 ‘vero
1459 798 1577 850 qum
1616 780 1956 850 fornicamur,
1981 796 2033 837 et

492 879 667 936 partus
710 883 838 922 suos
887 878 1099 937 negant,
1132 869 1224 923 sed
1261 879 1315 923 et
1363 870 1408 924 si
1437 872 1559 939 quid
1585 882 1736 940 agant
1768 886 1945 926 secum
1982 884 2036 929 ut

492 969 667 1012 uteros
705 956 910 1031 ’[ntero]
968 968 1253 1026 conceptos
1298 959 1597 1024 discutiant,
1631 977 1660 1015 χ
1692 960 1843 1015 annis?
1869 963 2034 1027 paeni-

497 1054 659 1099 teant.
682 1047 735 1101 Si
765 1047 952 1101 mulier
979 1061 1096 1100 cum
1120 1048 1356 1113 muliere,
1389 1049 1555 1104 tribus
1586 1051 1735 1104 annis
1756 1054 2030 1120 pmniteat.

488 1136 541 1188 Si
570 1137 687 1203 quis
707 1135 993 1198 masculus,
1018 1138 1099 1190 vel
1140 1138 1340 1206 si.quae
1371 1140 1579 1201 mulier,
1609 1152 1785 1194 votum
1836 1144 2035 1195 habt-ns

488 1222 822 1291 virginitatis,
836 1223 1074 1294 jungitur
1094 1228 1257 1280 uxori.
1425 1243 1526 1282 non
1545 1230 1773 1284 dimittat
1794 1246 2031 1297 uxorem,

489 1312 582 1374 sed
614 1312 863 1381 paeniteat
889 1315 1049 1367 tribus
1076 1317 1249 1369 annis.
1276 1316 1401 1370 Vota
1427 1318 1584 1371 stulta
1615 1320 1894 1386 frangenda
1913 1331 2033 1373 sunt

492 1386 949 1469 etimportabilia.
997 1404 1202 1458 Mulieri
1252 1420 1355 1457 non
1412 1407 1565 1461 liceat
1618 1418 1791 1461 votum
1842 1425 2032 1464 vovere

488 1490 601 1555 sine
630 1490 837 1546 licentia
867 1492 996 1553 viri;
1027 1493 1119 1547 sed
1146 1492 1190 1547 si
1236 1498 1459 1561 voverit,
1507 1498 1611 1549 dim
1641 1499 1695 1549 tti
1745 1507 1938 1565 potest,
1980 1508 2032 1552 et

490 1582 742 1649 pmniteat
764 1583 964 1651 judicio
1000 1586 1311 1641 sacerdotis.
1370 1586 1624 1641 Sacerdos
1670 1590 1712 1640 si
1766 1589 2032 1643 osculatus

482 1684 562 1725 est
591 1671 838 1726 feminam
870 1688 962 1742 per
988 1675 1333 1744 desiderium,
1374 1678 1559 1747 viginti
1598 1678 1708 1731 dies
1740 1680 2026 1746 paeniteat;

2136 508 2323 575 niteat;
2353 515 2631 582 si‘qnarto,
2656 518 2765 587 jugi
2803 521 2987 573 exsilio
3032 523 3129 575 Sub
3155 524 3260 578 alio
3287 526 3469 582 abbate
3508 508 3649 595 pinni-

2136 608 2257 653 teat.
2280 602 2331 654 Si
2365 602 2524 656 laicus
2554 606 2866 658 monachum
2892 606 2918 643 ἀ
2947 609 3119 661 furtim
3146 610 3375 676 duxerit,
3406 624 3492 668 aut
3513 616 3651 673 intret

2135 691 2476 753 monasterio,
2507 692 2591 745 vel
2624 694 2847 747 humano
2872 695 3194 765 snlijectetttr
3214 699 3442 754 servitio.
3476 702 3526 759 Si
3549 708 3651 773 quis

2132 786 2340 827 servum
2372 787 2459 829 aut
2505 793 2870 849 quemcunque
2899 783 3161 839 hominem
3205 788 3435 855 quolibet
3465 792 3651 860 ingenio

2134 862 2183 913 in
2212 865 2561 931 captivitatem
2590 868 2828 934 duxerit,
2859 881 2945 926 aut
2983 875 3353 940 transmiserit,
3384 880 3539 933 tribus
3564 898 3648 935 att-

2134 949 2214 1005 nis
2258 955 2509 1021 paeniteat
2552 956 2603 1010 in
2651 972 2784 1026 pane
2827 970 2882 1015 et
2926 977 3080 1034 aqua.
3122 963 3177 1020 Si
3206 967 3325 1034 quis
3360 977 3549 1034 patrem
3575 985 3654 1026 aut

2133 1052 2352 1095 matrem
2380 1046 2671 1111 expulerit,
2703 1048 2921 1116 impius,
2952 1046 3033 1106 ἧι
3062 1056 3343 1124 sacrilegus
3364 1056 3652 1124 judicandus

2132 1124 2230 1199 est,
2258 1144 2311 1188 et
2340 1140 2588 1200 rmniteat
2625 1144 2807 1212 arquati
2840 1152 3097 1208 tempore,
3136 1149 3361 1215 quandiu
3402 1151 3449 1202 in
3490 1151 3652 1218 impie-

2134 1233 2239 1277 tate
2281 1230 2556 1283 exstiterit.
2607 1230 2702 1297 Qui
2748 1234 2981 1300 praebent
3026 1236 3270 1291 ducatum
3319 1238 3576 1307 barbaris,
3616 1246 3652 1295 si

2134 1314 2375 1370 basilicas
2401 1317 2756 1385 incenderint,
2783 1333 2836 1377 et
2863 1325 2906 1377 si
2944 1326 3189 1379 clericum
3209 1366 3225 1391 ,
3258 1329 3370 1382 sive
3396 1332 3654 1383 sanctiiuo—

2135 1403 2320 1457 nialem
2357 1409 2380 1436 °
2411 1407 2576 1461 bonos
2605 1410 2912 1479 occiderint,
2944 1423 2998 1466 et
3036 1415 3338 1481 innocentes
3366 1417 3433 1470 ab
3454 1420 3655 1472 ecclesia

2135 1494 2417 1562 traxerint,
2448 1496 2633 1550 ductor
2660 1500 3048 1566 quatuordecim
3079 1504 3228 1557 anuis
3280 1506 3539 1572 pmtiiteat.
3567 1508 3657 1562 Pe-

2132 1581 2299 1634 cunia:
2327 1598 2449 1647 quas
2484 1585 2533 1636 in
2578 1585 2677 1638 alia
2708 1589 2968 1653 provincia
2997 1589 3064 1643 ab
3099 1590 3247 1647 hoste
3278 1603 3439 1661 rapta:
3464 1596 3655 1658 fuerint,

2136 1670 2182 1721 id
2214 1679 2296 1749 est
2325 1688 2486 1742 regno
2524 1675 2627 1729 alio
2654 1685 2901 1744 superato
2920 1719 2934 1743 ,
2976 1681 3126 1733 tertia
3167 1697 3284 1749 pars
3308 1692 3374 1736 ad
3402 1686 3657 1740 ecclesiam

489 1759 533 1812 si
559 1775 651 1828 per
669 1762 1039 1829 cogitationem
1070 1779 1248 1820 semen
1274 1746 1485 1833 fuderit,
1504 1777 1700 1833 septem
1729 1768 1841 1821 dies
1861 1770 2029 1836 pwni-
2069 1748 2107 1805 Β
2136 1746 2417 1827 tribuetur,
2459 1766 2535 1819 vel
2569 1768 2883 1835 pauperibus
2928 1773 3064 1838 quod
3088 1771 3255 1841 jussio
3282 1776 3418 1843 regis
3445 1786 3551 1829 erat
3570 1818 3583 1840 ,
3611 1786 3659 1829 et

487 1856 608 1900 teat.
640 1849 824 1903 Mulier
865 1852 908 1903 si
958 1852 1162 1905 duobus
1213 1852 1462 1907 fratribus
1508 1856 1878 1922 nupserit......
1916 1871 2031 1910 eam

482 1937 675 1991 debere
705 1954 868 2006 usque
894 1940 957 1992 ad
990 1941 1284 1995 mortis..;..
1333 1958 1488 2011 quam
1542 1945 1613 2011 in,
1641 1946 1898 1999 extremis
1925 1945 2031 1999 suis

482 2038 812 2079 sacramento
835 2028 1177 2082 reconciliare
1197 2024 1429 2098 oportet;
1453 2031 1522 2084 ita
1540 2040 1713 2110 tamen
1744 2042 1799 2084 ut
1822 2032 1868 2085 si
1897 2032 2033 2087 forte

484 2115 757 2167 sanitatem
782 2120 1189 2185 recuperaverit,
1218 2113 1558 2174 matrimonio
1602 2122 1797 2186 soluto,
1829 2123 1892 2174 ad
1918 2137 2030 2189 pm-

484 2206 755 2259 nl=entiam
787 2208 1119 2273 admittatur;
1150 2213 1288 2278 quod
1320 2212 1362 2264 si
1386 2212 1625 2264 defuncta
1659 2214 1813 2264 fuerit
1843 2216 2033 2268 mulier
2114 2234 2117 2237 ·

487 2293 781 2360 huiusmodi
808 2298 1078 2351 consortio
1106 2300 1415 2366 constituta,
1463 2300 1780 2354 dissolvatur
1800 2317 1826 2353 a
1857 2305 2031 2369 νωιιί-

481 2385 640 2435 tentia
675 2388 968 2439 remanenti
995 2405 1007 2439 :
1039 2402 1195 2455 quam
1223 2391 1533 2443 sententiam
1582 2401 1686 2449 tam
1731 2393 1827 2444 viri
1875 2406 2029 2461 quam

481 2475 727 2528 mulieres
774 2485 953 2531 tenere
1000 2477 1212 2533 debent.
1258 2468 1452 2535 Puellte
1479 2497 1596 2550 qua:
1628 2500 1727 2537 non
1759 2498 2029 2549 parentum

481 2576 678 2618 cnach
707 2566 947 2632 imperio,
975 2569 1065 2621 sed
1094 2580 1390 2636 spontaneo
1439 2571 1662 2641 judicio,
1718 2576 2030 2643 virginitatis

484 2659 803 2721 propositum
835 2669 994 2726 atque
1045 2658 1281 2714 habitum
1325 2674 1689 2731 susceperunt,
1745 2666 1789 2719 si
1846 2677 2027 2735 postea

478 2746 681 2813 nuptias
704 2748 923 2817 diligunt
946 2758 972 2785 ι
1009 2754 1174 2819 pretia
1218 2752 1442 2820 ineatur,
1474 2755 1679 2810 etiamsi
1701 2761 2028 2815 consecratio

478 2850 577 2886 non
634 2838 916 2890 accesserit
962 2839 1110 2906 cujus
1158 2842 1337 2909 utique
1367 2858 1469 2895 nun
1498 2842 1524 2881 δ
1558 2843 1863 2901 fraudantur
1909 2866 2025 2903 mu-

477 2938 623 2989 nere,
655 2925 698 2977 si
727 2926 777 2977 in
810 2929 1076 2995 propesito
1103 2939 1490 2996 permanerent.

1067 3060 1288 3116 CAPUT
1337 3064 1421 3117 IV.

540 3141 616 3194 De
639 3144 776 3212 furto
798 3155 844 3199 et
869 3148 1070 3217 injustis
1099 3156 1289 3224 rapinis
1306 3196 1321 3221 ,
1352 3177 1438 3212 seu
1466 3160 1820 3227 invasionibus,
1847 3174 1949 3217 etc.

541 3231 765 3287 Pecunia
794 3236 1145 3295 ecclesiastica
1174 3243 1340 3299 furata
1371 3249 1619 3303 reddatur
1643 3232 2021 3320 quadruplum;

477 3323 750 3389 popularia
781 3323 1137 3390 duplicentur.
1166 3331 1225 3384 Si
1255 3334 1370 3399 quis
1396 3338 1592 3405 aliquid
1639 3339 1704 3392 de
1735 3341 2024 3395 ministerio

466 3421 663 3463 sanctae
694 3410 941 3468 Ecclesia:
970 3416 1239 3484 furaverit,
1265 3430 1355 3476 aut
1381 3428 1697 3495 neglexerit,
1720 3441 1840 3484 octo
1869 3434 2023 3487 annis

469 3500 607 3567 νωιιὶ
633 3511 755 3568 eat,
791 3504 957 3560 tribus
984 3522 1053 3561 ex
1087 3508 1167 3563 his
1207 3510 1259 3565 in
1294 3529 1425 3579 pane
1467 3524 1519 3570 et
1545 3533 1708 3586 aqua,
1748 3530 1807 3577 et.
1842 3524 2024 3577 reddat

467 3593 723 3661 integrum
768 3598 909 3665 quod
959 3600 1195 3655 abstulit.
1241 3604 1295 3659 Si
1338 3608 1456 3674 quis
1495 3607 1692 3664 furtum
1735 3612 1947 3679 fecerit,
1977 3615 2022 3669 si

468 3697 619 3747 puer,
648 3680 987 3753 quadraginta
1020 3692 1102 3743 vel
1126 3691 1326 3760 viginti,
1363 3705 1386 3733 ε
1416 3707 1469 3749 ιιι
1497 3708 1626 3751 aetas
1649 3710 1747 3764 est,
1773 3713 1826 3756 et
1852 3704 2019 3769 quali-

468 3782 545 3825 tas
572 3774 909 3842 eruditionis;
942 3777 1060 3832 laici
1086 3796 1227 3835 anno
1255 3801 1358 3838 uno
1378 3825 1395 3850 ,
1423 3788 1602 3842 clerici
1633 3791 1859 3858 duobus,
1890 3796 2018 3847 suh-

463 3868 669 3918 diaconi
702 3867 867 3923 tribus
886 3908 902 3932 ,
931 3870 1137 3926 diaconi
1166 3886 1409 3942 quatuor,
1442 3881 1733 3951 presbyteri
1764 3887 2014 3959 quinque,

461 3957 691 4025 episcopi
723 3973 814 4013 sex
838 3961 993 4015 annis
1018 3964 1321 4030 pmniteant.
1355 3967 1410 4022 Si
1451 3972 1612 4025 laicus
1635 3976 1798 4027 semel
1822 3957 2014 4030 iurtum

461 4046 663 4109 fecerit,
694 4049 876 4102 reddat
903 4053 1040 4117 quod
1074 4053 1282 4120 furavit,
1307 4067 1361 4111 et
1386 4060 1438 4111 in
1468 4062 1635 4115 tribus
1659 4063 2015 4134 Quadragesi-

459 4137 558 4189 mis
582 4150 700 4190 cum
730 4152 867 4206 pane
894 4150 945 4193 et
973 4155 1105 4210 aqua
1137 4148 1405 4211 paeniteat.
1448 4151 1501 4203 Si
1530 4155 1723 4219 sa-pius
1756 4155 1938 4211 fecerit
1963 4168 2016 4212 et

458 4242 563 4281 non
617 4229 774 4283 habet
818 4232 956 4286 unde
1000 4234 1220 4302 reddat,
1270 4242 1422 4293 annis
1466 4241 1669 4297 duobus
1709 4247 1759 4298 in
1799 4262 1933 4315 pane
1960 4258 2013 4303 et

456 4333 587 4387 aqua
622 4320 890 4386 poeniteat,
917 4331 969 4376 et
996 4324 1102 4378 alio
1122 4341 1263 4381 anno
1293 4330 1455 4384 tribus
1492 4334 1933 4404 Quadragesitnis,
1959 4351 2008 4395 et

2130 1854 2467 1922 quadraginta
2495 1857 2607 1909 dies
2635 1859 2904 1925 paeniteat.
2928 1859 2981 1914 Si
3012 1864 3126 1929 quis
3154 1864 3363 1917 domum
3395 1868 3473 1919 vel
3498 1881 3657 1919 aream
3696 1926 3707 1934 ,

2132 1935 2486 2009 cuiuscunque
2519 1946 2635 2011 igne
2672 1950 2998 2012 cremaverit,
3033 1952 3197 2006 tribus
3226 1955 3378 2009 annis
3406 1956 3657 2023 pmniteat,

2132 2040 2289 2079 unum
2316 2044 2379 2083 ex
2412 2032 2471 2084 iis
2501 2031 2552 2084 in
2585 2030 2717 2101 pane
2745 2042 2799 2087 et
2824 2050 2975 2105 aqua.

2745 2172 2966 2229 CAPUT
3000 2176 3060 2229 V.

2478 2255 2551 2308 De
2576 2260 2816 2327 perjnrio,
2847 2271 2891 2315 ct
2920 2265 3195 2324 mendacio,
3221 2278 3320 2319 etc.

2198 2342 2253 2396 Si
2284 2344 2395 2411 quis
2428 2346 2707 2414 perjurium
2736 2348 2947 2413 fecerit.
2978 2352 3094 2407 laici
3130 2356 3291 2408 tribus
3325 2360 3473 2411 annis
3502 2361 3659 2428 pomi.

2132 2443 2274 2487 tcant
2292 2476 2305 2495 ,
2332 2436 2507 2488 clerici
2536 2439 2796 2516 quinque,
2827 2441 3133 2497 subdiaconi
3159 2458 3283 2509 sex,
3314 2447 3517 2501 diaconi
3545 2466 3661 2516 sep-

2134 2534 2263 2588 tem,
2298 2526 2583 2595 presbyteri
2612 2514 2817 2596 decein,
2843 2532 3070 2600 episcopi
3098 2532 3393 2588 duodecim.
3425 2538 3519 2603 Qui
3552 2514 3665 2605 pcr-

2126 2614 2320 2683 jurium
2350 2619 2472 2673 facit
2512 2622 2563 2675 in
2601 2626 2846 2689 ecclesia,
2877 2612 3117 2682 undecim
3142 2632 3294 2682 annis
3324 2630 3585 2697 pmuiteat.
3612 2633 3665 2686 Si

2132 2706 2181 2756 in
2234 2721 2386 2761 manu
2426 2710 2687 2779 episcopi,
2721 2715 3045 2784 presbyteri,
3072 2718 3165 2771 aut
3204 2720 3443 2783 diaconi,
3488 2736 3579 2775 seu
3618 2724 3666 2775 in

2129 2795 2281 2850 altari
2324 2799 2406 2852 vel
2456 2815 2610 2856 cruce
2648 2814 2948 2858 consecrata
3000 2810 3245 2862 mentitus
3293 2811 3470 2871 luerit,
3507 2814 3672 2864 tribus

2130 2889 2280 2942 annis
2306 2892 2584 2957 pteniteat;
2609 2895 2650 2944 si
2678 2895 2726 2946 itt
2750 2910 2905 2947 cruce
2930 2912 3031 2948 non
3054 2909 3377 2965 consecrata,
3406 2915 3669 2954 unoanno

2131 2981 2396 3043 poeniteat.
2447 2981 2498 3033 Si
2547 2983 2663 3049 quis
2710 2984 2870 3036 laicus
2910 2999 3008 3049 per
3053 2987 3389 3055 cupiditatem
3422 2990 3668 3055 perjurat,

2051 3077 2096 3139 ρ
2130 3076 2263 3120 totas
2296 3084 2377 3123 res
2404 3086 2528 3124 suas
2556 3073 2743 3129 vendat
2786 3083 2851 3144 et
2878 3073 3084 3127 donet'
3148 3080 3202 3129 in
3234 3079 3577 3143 pauperibus.
3618 3089 3669 3131 ct

2125 3174 2412 3215 conversus
2464 3163 2513 3216 in
2560 3166 2876 3218 monasterio
2923 3182 3083 3235 usque
3109 3168 3174 3221 ad
3214 3178 3433 3223 mortem
3476 3171 3670 3224 serviat

2125 3251 2262 3316 Deo;
2293 3255 2334 3306 si
2363 3263 2536 3307 autem
2565 3270 2667 3308 non
2694 3272 2785 3322 per
2812 3258 3169 3326 cupiditatem,
3205 3264 3229 3301 8
3258 3262 3441 3316 mortis
3466 3264 3666 3329 pcricu-

2126 3338 2231 3392 lum
2264 3342 2502 3406 incurrit,
2536 3345 2700 3398 tribus
2729 3348 2878 3400 annis
2909 3349 3124 3404 inermis
3149 3354 3293 3405 exsul
3339 3356 3583 3420 pmniteat
3615 3354 3668 3407 in

2126 3443 2256 3495 pane
2285 3440 2336 3485 et
2360 3445 2526 3499 aqua,
2557 3443 2611 3487 et
2644 3435 2775 3488 duas
2804 3436 3062 3491 abstineat
3089 3440 3521 3509 Quadragesitnas
3549 3457 3609 3496 se
3636 3460 3666 3496 a

2087 3586 2095 3593 κ
2124 3516 2245 3570 vino
2269 3529 2317 3572 et
2346 3520 2590 3574 carnibus
2614 3562 2629 3587 ,
2660 3521 2708 3575 et
2738 3522 2963 3577 dimittat
2991 3541 3085 3593 pro
3119 3542 3178 3581 se
3214 3544 3419 3582 servum
3458 3542 3544 3583 aut
3572 3547 3667 3584 an-

2120 3607 2289 3659 cillam
2320 3608 2347 3646 ι
2377 3610 2544 3663 vivunt
2591 3621 2644 3665 ct
2685 3628 2776 3681 per
2803 3616 3041 3669 undecim
3073 3634 3239 3673 annos
3275 3619 3661 3691 eleemosynam

2123 3695 2295 3761 faciat,
2326 3708 2378 3750 et
2407 3709 2522 3764 post
2556 3713 2756 3768 septem
2792 3719 2956 3758 annos
2976 3706 3174 3773 judicio
3201 3711 3484 3765 sacerdotis
3512 3728 3661 3765 cont-

2120 3788 2379 3850 nmnicet;
2411 3789 2495 3854 qui
2543 3806 2665 3844 vero
2693 3790 2759 3864 [si
2799 3794 2946 3867 vero]
2979 3800 3288 3854 necessitate
3327 3814 3540 3855 coactus
3574 3803 3667 3865 sit,

2119 3876 2282 3930 tribus
2310 3877 2751 3949 Quadragesimis.
2794 3884 2892 3950 Qui
2932 3886 3075 3939 ducit
3116 3888 3271 3941 alium
3304 3891 3351 3942 in
3380 3890 3666 3959 perjurium

2117 3969 2441 4036 ignOrantem
2462 4012 2478 4035 ,
2509 3985 2709 4039 sep'em
2740 3974 2891 4027 annis
2932 3978 3212 4043 pmuiteat;
3244 3980 3328 4046 qui
3371 3981 3553 4033 ductus
3580 3993 3666 4037 est

2116 4058 2164 4110 in
2196 4060 2426 4125 perjurio
2454 4062 2716 4128 ignorans,
2741 4071 2793 4115 et
2821 4074 2999 4131 postea
3028 4068 3369 4134 recognoscit,
3395 4082 3533 4121 anno
3560 4086 3669 4122 uno

2115 4150 2381 4215 preniteat.
2411 4151 2507 4214 Qui
2540 4166 2664 4205 vero
2695 4156 2991 4221 suspicatur
3028 4157 3166 4225 quod
3216 4159 3265 4210 in
3293 4142 3523 4227 perjurio
3566 4162 3667 4214 du-

2111 4240 2265 4305 citur,
2301 4252 2471 4295 tamen
2497 4242 2637 4310 jurat
2666 4260 2756 4311 per
2780 4260 3113 4312 consensum,
3142 4248 3343 4304 dlltbtls
3364 4252 3515 4304 annis
3545 4268 3661 4318 pm-

2110 4330 2291 4382 niteat.
2326 4330 2426 4383 i’ro
2454 4332 2583 4386 falso
2628 4334 2924 4389 testimonio
2946 4375 2963 4400 ,
2998 4335 3112 4391 laici
3143 4353 3245 4392 uno
3270 4354 3405 4392 anno
3428 4380 3443 4402 ,
3481 4341 3665 4395 clerici

455 4409 531 4459 sic
558 4418 735 4475 postea
777 4411 826 4463 in
857 4411 1055 4466 Pascha
1091 4418 1475 4473 reconcilietur.
1508 4423 1604 4488 Qui
1634 4440 1774 4491 stupe
1812 4428 2006 4483 furtum

2130 4416 2333 4484 luobus,
2362 4421 2662 4477 subdiaconi
2693 4426 2878 4492 tribus,
2906 4426 3114 4480 diaconi
3139 4438 3391 4496 quatuor,
3435 4431 3667 4500 presby-

457 4496 699 4559 faciebat,
730 4510 955 4566 quatuor
979 4508 1131 4557 annis
1160 4510 1430 4573 poeniteat,
1458 4514 1536 4565 vel
1570 4522 1625 4564 ut
1652 4518 1895 4570 sacerdos
1918 4521 2007 4587 ju-

454 4584 621 4650 dicat,
656 4585 800 4655 juxta
830 4591 967 4657 quod
1006 4596 1250 4660 componi
1282 4609 1454 4664 petest
1492 4602 1681 4668 quibus
1719 4584 1932 4674 nocuit,
1953 4623 2009 4664 et

452 4692 660 4743 semper
683 4679 839 4732 debet
861 4684 1184 4738 reconciliari
1212 4685 1259 4739 ei
1290 4702 1443 4755 quem
1473 4690 1800 4757 offendebat,
1835 4708 1888 4749 et
1919 4713 2004 4751 re-

450 4770 669 4822 stituere
708 4770 856 4839 juxta
890 4774 1027 4839 quod
1065 4775 1113 4829 ei
1152 4781 1361 4841 nocuit,
1394 4791 1448 4834 et
1484 4784 1700 4851 multum
1749 4786 2005 4841 breviabit

453 4861 810 4926 pmnitentiam
842 4863 983 4932 ejus;
1014 4864 1057 4918 si
1084 4882 1207 4921 vero
1238 4868 1463 4923 noluerit
1489 4912 1502 4933 ,
1531 4884 1622 4925 aut
1660 4889 1762 4927 non
1812 4887 2002 4945 potest,

449 4954 787 5006 coiistitutnm
821 4964 1023 5021 tempus
1046 4960 1293 5023 pa‘ttiteat
1318 4975 1408 5027 per
1434 4965 1627 5016 omnia.
1660 4965 1795 5017 l’uet‘
1820 4969 1999 5019 decem

448 5059 701 5096 annorum
730 5044 937 5111 aliquod
970 5046 1162 5099 furtum
1190 5050 1492 5117 ctuncdens,
1517 5064 1717 5122 septeni
1748 5055 1859 5109 dies
1891 5072 1997 5124 jun-

452 5136 612 5185 tiiteat
643 5149 656 5184 :
683 5135 767 5201 qui
792 5136 989 5189 furatur
1009 5137 1203 5203 cibum,
1230 5139 1567 5209 quadraginta
1591 5146 1705 5200 dies
1730 5151 1998 5215 pwuitt-at.

450 5279 584 5315 nunc
614 5273 775 5337 totam
808 5265 1126 5333 Hiberniam,
1178 5286 1314 5324 nunc
1361 5274 1600 5337 qnmdam
1658 5276 1769 5329 loca
1818 5291 1994 5331 Sancta

446 5337 613 5387 cilicio
636 5346 687 5386 et
712 5336 848 5387 lineo
877 5350 1029 5388 sacco
1060 5343 1227 5395 vestiti
1256 5346 1624 5395 circmntbaut.

517 5407 537 5473 ξ’
569 5405 783 5467 Ι⁴’1)Ι“5ί111,
815 5404 1102 5473 pwnitcant.

517 5468 541 5503 "
576 5473 794 5537 Forsan,
815 5468 1206 5540 front/urentur.

516 5549 546 5621 ε)
569 5543 759 5623 ncesse
789 5546 988 5623 tidctur
1021 5562 1035 5599 :
1066 5551 1303 5617 ﬂagellis,
1346 5550 1644 5619 Verberibus,
1690 5566 1775 5607 aut
1820 5572 1991 5623 supera

446 5614 765 5680 mulionibus
796 5618 1047 5680 pwniteut.

512 5679 533 5716 ά
570 5685 673 5735 lluc
700 5679 816 5751 est,
846 5688 929 5753 qui
967 5688 1043 5741 vel
1087 5688 1352 5742 scduxcrt
1394 5693 1701 5744 utoaachum
1735 5704 1819 5746 aut
1852 5696 1957 5747 luta

2111 4510 2207 4563 teri
2236 4512 2493 4580 quinque,
2526 4514 2756 4583 episcopi
2801 4531 2894 4568 sex
2938 4518 3090 4569 annis
3118 4518 3417 4585 pmniteant.
3458 4521 3512 4574 Si
3544 4526 3667 4590 quis

2107 4596 2386 4653 falsitatem
2415 4602 2773 4669 commiserit,
2814 4617 3015 4672 Septem
3054 4609 3205 4659 annis
3236 4611 3519 4677 pwniteat;
3554 4621 3666 4665 tres

2104 4704 2165 4743 ex
2196 4691 2276 4745 his
2303 4693 2352 4745 in
2379 4708 2513 4760 pane
2537 4704 2589 4747 et
2613 4709 2744 4762 aqua
2768 4700 2895 4775 ;'qui
2922 4712 3095 4754 autem
3126 4706 3473 4768 consenserit,
3504 4710 3664 4773 quin-

2105 4801 2206 4854 que
2233 4787 2428 4839 ultimis
2454 4790 2720 4854 paeniteat.
2749 4789 2957 4846 Falsum
2989 4798 3342 4850 testimonium
3368 4798 3574 4861 dicens,
3606 4811 3667 4853 ut

2105 4880 2305 4942 placeat
2344 4878 2588 4957 proximo
2620 4895 2755 4944 suo,
2798 4899 2966 4950 prauo
3007 4890 3157 4956 quale
3203 4888 3347 4941 fratri
3389 4890 3661 4957 imposuit,

2107 4971 2205 5023 tale
2231 4971 2537 5037 damnetur,
2576 4971 2773 5038 judicio
2812 4968 3119 5030 sacerdotis.
3153 4979 3368 5031 Mendax
3410 4996 3535 5032 vero
3570 4999 3663 5049 ιηιι·

2102 5060 2443 5126 ignorantiam
2469 5101 2483 5125 ,
2514 5070 2569 5114 et
2602 5079 2702 5115 non
2738 5068 2939 5127 nocuit,
2972 5081 3001 5119 c
3024 5068 3277 5119 inlitealur
3307 5070 3354 5121 ei
3384 5069 3466 5121 cui
3500 5058 3660 5125 metr-

2099 5148 2221 5199 titus
2250 5156 2363 5211 cst,
2392 5160 2445 5203 et
2481 5154 2737 5204 sacerdoti
2766 5164 2818 5205 et
2847 5153 2972 5206 hora
3006 5157 3208 5210 tacendi
3236 5155 3469 5227 [silentio
3498 5165 3661 5215 unim

2098 5293 2177 5331 tur
2208 5283 2255 5335 in
2287 5294 2515 5346 servum,
2549 5293 2637 5356 aut
2666 5285 3090 5351 venuntlandnm,
3136 5287 3250 5356 ipse
3294 5286 3347 5340 in
3396 5289 3659 5354 [aL-niten-

2097 5355 2220 5403 tiant
2250 5358 2533 5404 monachus
2563 5354 2668 5411 liat.
2697 5365 2785 5406 aut
2819 5372 3018 5411 servus.

2167 5434 2187 5456 υ
2224 5424 2372 5475 llecst
2398 5425 2593 5485 forsan,
2622 5424 2858 5475 velutius.

2167 5492 2181 5527 ί
2222 5493 2437 5553 Forsan,
2471 5489 2576 5542 Dco
2604 5495 2653 5543 in
2678 5495 2991 5559 pauperibus.

2165 5587 2169 5631 ς
2222 5564 2439 5621 Forsan,
2466 5564 2551 5612 sed
2574 5563 2690 5628 quin
2714 5564 2955 5631 alioquin.
2989 5617 2995 5623 ,

2162 5626 2182 5660 ¹¹
2219 5631 2433 5694 1⁴ὐι·δ;ιιι,
2467 5626 2635 5683 unum.
