3820 6324
113 352 210 407 959

1050 344 1252 399 LIBER
1290 342 1373 397 ΒΕ
1414 340 1732 396 ΜΕΝδυιιΑ
1776 336 2391 393 PCENITENTIARUM.

108 458 272 525 hora-1
316 459 621 520 damnetur,
666 456 747 509 vel
792 453 1065 508 duodecim
1102 453 1332 519 psalmos
1359 460 1552 505 cantet.
1590 448 1643 501 Si
1673 453 1717 507 Α
1750 434 2066 511 omnitentis.
2121 446 2177 501 Si
2226 447 2415 500 mulier
2448 446 2697 515 abortum
2742 442 2922 499 fecerit
2968 443 3254 496 voluntarie
3279 484 3293 505 ,

107 564 230 603 vero
258 550 323 602 de
353 548 625 607 industria,
662 546 826 599 tribus
857 544 1042 599 diebus
1070 542 1272 596 tacendi
1293 584 1306 603 .
1333 541 1414 594 vel
1444 541 1650 609 triginta

107 638 333 705 psalmos
381 646 405 673 ⁸
453 645 661 702 pmest.
713 634 929 687 Mendax
977 648 1100 686 vero
1151 648 1239 699 per
1281 630 1655 698 cupiditatem,

106 730 307 800 placeat
333 729 568 799 largitate
592 726 641 781 ei
668 725 754 780 cui
785 724 1074 778 frustravit.

694 855 914 912 CAPUT
966 855 1049 907 Vl.

298 948 376 1004 De
400 947 671 1002 hannicidt’o
698 954 741 998 et
770 944 1025 1015 sangtum‘a
1050 917 1313 1009 eﬂ'itsione,
1346 949 1448 993 etc.

170 1062 269 1124 Qui
303 1057 591 1113 voluntarie
630 1055 973 1110 homicidium
1015 1052 1266 1115 fecerint,
1297 1048 1359 1101 ad
1391 1048 1654 1115 pmniten-

109 1153 226 1202 tiam
256 1166 315 1204 se
344 1149 537 1219 iugiter
566 1148 901 1208 submittant;
940 1146 1078 1197 circa
1106 1143 1299 1195 exitum
1325 1148 1499 1193 autem
1530 1142 1653 1191 vitae

105 1242 469 1293 communione
497 1238 636 1305 digni
686 1236 1012 1295 habeantur,
1060 1234 1144 1301 qui
1192 1246 1293 1284 non
1340 1230 1650 1289 voluntarie,

105 1331 196 1383 sed
227 1344 353 1381 casu
377 1327 710 1380 homicidium
741 1323 1085 1395 perpetravit,
1111 1323 1339 1389 quinque
1360 1326 1510 1372 annis
1535 1334 1647 1386 pm-

106 1422 288 1473 niteat.
332 1420 577 1471 Mulieres
602 1433 718 1487 quae
758 1415 1113 1478 fornicantur,
1145 1422 1199 1467 et
1234 1411 1261 1450 δ
1289 1422 1465 1480 partus
1493 1426 1647 1479 suos,

105 1523 151 1563 et
179 1526 237 1564 ea
266 1523 474 1579 quoque
514 1518 671 1575 agunt
690 1546 706 1568 .
737 1516 790 1560 ut
819 1514 995 1560 uteros
1023 1504 1214 1575 [utero]
1243 1510 1523 1570 conceptos
1566 1516 1651 1555 re-

105 1600 300 1665 iiciaat,
334 1597 531 1665 antiqui
580 1597 758 1649 Patres
795 1594 1131 1648 instituerunt
1182 1607 1346 1659 usque
1374 1592 1437 1643 ad
1481 1602 1654 1642 extre-

105 1689 424 1753 mum‘vilm;
456 1702 594 1741 nunc
624 1686 898 1738 humanius
919 1684 1190 1737 definitum
1218 1692 1320 1743 est.
1348 1682 1531 1736 decem
1556 1697 1653 1733 an-

1759 538 1922 591 tribus
1948 537 2170 591 armisin
2196 553 2328 604 pane
2356 546 2408 590 et
2430 551 2580 605 aqua.
2610 537 2705 600 Qui
2738 550 2829 603 per
2856 536 3044 597 rixam,
3076 533 3296 586 debilem

1758 629 1835 683 vel
1862 627 2150 682 deformem
2200 627 2462 680 hominem
2506 626 2722 688 fecerit,
2754 621 2777 662 ί
2812 624 2992 677 reddat
3038 626 3302 691 impensas

1755 716 1993 779 medicis,
2036 716 2398 785 argritutlinem
2446 714 2706 777 restituat,
2746 720 2801 766 et
2846 708 3074 765 medium
3104 724 3298 763 annum

1758 808 2007 874 poeniteat
2054 807 2104 860 in
2152 821 2286 874 pane
2333 815 2386 860 et
2428 819 2560 871 aqua
2596 804 2681 857 :si
2729 816 2830 856 non
2880 799 3120 855 habuerit
3162 800 3304 854 unde

1756 895 1955 957 reddat.
1988 910 2093 948 uno
2119 896 2385 962 pmniteat.
2437 892 2489 948 Si
2538 894 2698 945 laicus
2727 906 2815 957 per
2854 888 3151 943 scandalum
3179 901 3303 940 san-

1754 985 1961 1052 guinem
1985 982 2245 1042 effmlerit.
2270 982 2451 1035 reddat
2474 982 2546 1033 illi
2572 988 2791 1044 tantum,
2816 972 3061 1045 quantum
3088 978 3298 1040 nocuit;

1754 1079 1805 1123 et
1834 1070 1876 1122 si
1908 1084 2008 1120 non
2038 1070 2191 1119 habet
2218 1067 2355 1121 unde
2386 1067 2609 1131 reddat,
2658 1068 2827 1119 solvat
2871 1081 3026 1132 opera
3071 1063 3298 1131 proximi

1754 1158 1855 1223 sui,
1890 1159 1914 1196 ε
1949 1159 2174 1225 quandiu
2224 1157 2309 1210 ille
2356 1156 2592 1209 infirmus
2632 1162 2731 1221 est,
2771 1165 2823 1208 et
2860 1165 3035 1221 postea
3078 1154 3301 1219 quadra-

1754 1251 1893 1318 ginta
1925 1248 2035 1302 dies
2067 1250 2308 1316 praeniteat
2356 1248 2407 1301 in
2441 1260 2573 1315 pane
2616 1254 2669 1299 et
2707 1258 2862 1314 aqua.
2909 1241 2936 1279 δ
2980 1244 3076 1308 Qui
3102 1242 3299 1309 iactum
3374 1274 3375 1277 η

1756 1340 1995 1410 proximo
2023 1356 2117 1391 suo
2144 1339 2367 1405 dederit,
2396 1347 2449 1393 et
2477 1352 2579 1391 non
2610 1338 2818 1401 nocuit,
2861 1350 2961 1387 una
2990 1334 3069 1387 vel
3100 1333 3304 1385 duobus

1757 1433 1836 1485 vel
1867 1432 2033 1485 tribus
2058 1428 2481 1498 Quadragesimis
2522 1428 2572 1479 in
2604 1440 2737 1495 pane
2779 1434 2832 1477 et
2870 1437 3003 1489 aqua
3027 1439 3047 1472 ς
3076 1422 3121 1474 si
3151 1421 3306 1473 cleri-

1753 1539 1869 1586 cus,
1898 1536 2090 1576 annum
2123 1522 2199 1574 vel
2246 1510 2537 1571 dimidium.
2562 1516 2618 1570 Si
2664 1518 2784 1584 quis
2823 1498 3299 1582 quodlihet‘mem-

1755 1616 1907 1669 brum
1938 1613 2206 1665 voluntate
2251 1625 2342 1662 sua
2376 1606 2694 1661 truncaverit
2717 1644 2733 1671 ,
2766 1603 2930 1657 tribus
2958 1602 3108 1653 annis
3136 1599 3303 1665 pani-

1756 1713 1880 1767 teat,
1909 1717 2066 1755 unum
2092 1715 2155 1754 ex
2191 1699 2272 1753 his
2297 1699 2349 1752 in
2392 1711 2522 1765 pane
2549 1706 2601 1750 et
2645 1708 2798 1763 aqua.
2831 1685 3034 1745 Parvuli
3078 1689 3302 1742 invicem

104 1780 183 1833 uis
206 1781 513 1847 pamiteant.
545 1776 599 1831 Si
620 1776 745 1844 ‘quis
774 1772 1025 1829 occiderit
1047 1774 1355 1827 monachum
1386 1774 1464 1827 vel
1491 1772 1649 1827 cleri-
1682 1777 1727 1836 Β
1758 1795 2128 1861 perennem“.
2157 1802 2357 1860 58pm"
2382 1789 2565 1843 diebus
2592 1788 2877 1856 ρωηίωηι
2901 1800 2917 1850 ἱ
2945 1785 2988 1836 εί
3019 1795 3144 1835 vero
3172 1782 3303 1833 πο,

102 1883 242 1929 cum,
285 1881 433 1919 arma
462 1865 752 1933 relinquat,
784 1872 839 1917 et
870 1862 977 1917 Deo
1005 1861 1228 1927 serviat,
1258 1862 1334 1914 vel
1364 1862 1651 1914 secundum

100 1956 353 2026 judicium
384 1956 615 2024 episcopi
643 1961 843 2023 septem
871 1952 1021 2007 annis
1049 1954 1317 2021 pmniteat.
1349 1952 1448 2018 Qui
1479 1960 1651 2006 autem

100 2047 404 2114 episcopum
435 2044 514 2097 vel
546 2044 908 2125 presbyterum
955 2041 1145 2095 occidit
1170 2080 1186 2102 .
1232 2041 1367 2109 regis
1400 2040 1652 2108 judicium

100 2143 179 2187 est
206 2135 273 2194 de
301 2147 371 2187 eo
399 2144 445 2187 ε.
477 2131 534 2186 Si
566 2133 727 2185 laicus
773 2131 934 2184 alium
980 2130 1254 2193 occiderit,
1299 2130 1407 2181 odii
1437 2129 1655 2182 medita-
1694 2196 1703 2209 '

105 2209 271 2287 tione,”
315 2224 363 2276 si
414 2237 517 2275 non
570 2222 681 2274 vult
724 2235 866 2274 arma
915 2220 1244 2287 relinquere,
1275 2227 1475 2285 septem
1504 2219 1655 2272 annis

104 2313 359 2381 pteniteat
383 2314 498 2367 sine
525 2326 687 2365 carne
712 2320 765 2365 et
792 2310 931 2363 vino.
961 2310 1057 2374 Qui
1087 2309 1335 2362 occiderit
1364 2309 1655 2372 hominem,

100 2405 452 2472 quadraginta
470 2402 585 2456 dies
612 2402 873 2456 abstineat
914 2414 974 2454 se
1001 2400 1067 2453 ab
1095 2400 1316 2454 ecclesia
1342 2440 1357 2462 ,
1398 2409 1447 2452 et
1480 2409 1657 2465 postea

102 2495 513 2561 suprascriptum
564 2492 923 2560 pmnitentiam
970 2500 1108 2557 agat.
1157 2489 1256 2555 Qui
1293 2489 1527 2557 iussione
1565 2490 1660 2541 dn-

104 2586 225 2636 mini
255 2585 339 2636 sui
372 2582 635 2635 hominem
664 2581 916 2635 occiderit
941 2621 955 2641 ,
996 2579 1333 2648 quadraginta
1362 2580 1489 2633 dies
1524 2579 1661 2648 ieiu-

104 2684 221 2739 net;
250 2682 307 2727 et
332 2673 423 2741 qui
466 2671 720 2726 occiderit
761 2672 1023 2725 hominem
1061 2673 1111 2723 in
1144 2671 1348 2738 publico
1375 2670 1512 2726 bello
1539 2686 1658 2725 cum

106 2778 241 2832 rege,
272 2761 616 2833 quadraginta
662 2762 777 2816 dies
825 2754 1151 2833 paeniteat.“l
1192 2760 1250 2813 Si
1297 2776 1389 2827 per
1419 2762 1658 2826 poculum

105 2857 183 2909 vel
210 2863 387 2908 artem
432 2852 655 2920 aliquam
700 2852 923 2913 malam,
963 2861 1164 2918 septem
1208 2853 1358 2904 annis
1391 2852 1660 2919 poeniteat,

108 2955 191 2999 aut
218 2944 373 3011 plus;
403 2944 446 2997 si
477 2952 646 2997 mater
678 2942 840 2994 illium
870 2940 1023 3025 suum
1051 2940 1319 3003 Occiderit,
1366 2939 1661 3007 quindecim

108 3036 255 3089 annis
282 3034 559 3103 paeniteat,
589 3043 643 3088 et
672 3047 936 3101 nunquam
964 3035 994 3087 θ
1022 3031 1305 3100 permittet,
1338 3028 1437 3084 nisi
1482 3030 1534 3084 in
1573 3030 1685 3084 die'

114 3125 382 3179 Douiiuica
408 3142 421 3176 ε
444 3124 634 3177 mulier
665 3112 948 3189 pauperina
976 3130 1178 3187 septem
1207 3121 1359 3173 annis
1387 3120 1658 3187 paeniteat.
1688 3106 1736 3169 (ἶ

110 3216 306 3279 Mulier,
339 3213 388 3267 si
415 3211 662 3267 occiderit
695 3209 858 3264 lilium
902 3224 1051 3262 suum
1102 3208 1154 3262 in
1187 3218 1335 3263 utero
1379 3217 1499 3262 ante
1536 3221 1664 3275 qua-

108 3304 458 3372 dragesimam
484 3302 645 3365 diem,
674 3313 815 3354 anno
844 3299 1126 3368 poeniteat;
1154 3298 1197 3351 si
1225 3312 1353 3352 vero
1395 3306 1510 3365 post
1535 3310 1668 3366 qua-

109 3395 345 3465 draginta
373 3392 487 3448 dies
513 3391 893 3461 conceptionis,
929 3397 985 3444 ut
1017 3389 1273 3443 homicida
1320 3388 1487 3441 tribus
1514 3388 1667 3440 annis

111 3488 385 3555 poeniteat.
409 3483 463 3538 Si
488 3483 605 3553 quis
632 3482 857 3536 clericus
884 3479 1219 3534 homicidium
1247 3476 1451 3540 fecerit,
1483 3478 1663 3529 decem

114 3575 261 3630 annis
292 3574 547 3645 poeniteat
570 3571 753 3635 exsul;
784 3570 950 3625 tribus
972 3570 1023 3623 in
1053 3583 1188 3638 pane
1210 3577 1262 3622 et
1289 3581 1444 3636 aqua.
1462 3566 1518 3620 Si
1549 3566 1665 3634 quis

113 3667 452 3719 homicidium
480 3678 603 3717 casu
642 3661 828 3716 fecerit
872 3672 979 3714 nou'
1006 3661 1186 3714 volens
1207 3699 1222 3722 ,
1250 3657 1479 3727 quinque
1518 3655 1668 3709 annis

113 3758 397 3824 paeniteat;
430 3750 601 3806 tribus
619 3768 683 3807 ex
715 3752 779 3805 iis
805 3751 857 3813 in
888 3765 1021 3821 pane
1050 3758 1103 3803 et
1131 3763 1288 3817 aqua.
1320 3747 1375 3802 Si
1404 3748 1469 3801 ad
1500 3745 1668 3799 homi-

114 3845 300 3897 ciuium
347 3843 701 3903 coosenserit,
732 3850 787 3894 et
829 3840 1021 3893 factum
1055 3836 1241 3905 fuerit,
1272 3845 1471 3903 septem
1517 3836 1668 3887 annis

116 3936 365 4003 pteniteat
394 3952 407 3986 :
438 3933 485 3987 si
534 3931 758 3985 voluerit
803 3938 859 3983 et
906 3943 1008 3980 non
1040 3924 1296 3996 potuerit,
1327 3923 1491 3997 tribus
1518 3920 1668 3975 annis

113 4027 383 4095 paniteat.
434 4023 488 4079 Si
536 4024 652 4090 quis
692 4017 1029 4074 homicidium
1069 4014 1271 4081 fecerit,
1316 4013 1430 4066 laici
1477 4010 1666 4073 tribus,

115 4117 290 4171 clerici
340 4114 609 4181 quinque,
653 4109 958 4163 subdiaconi
1006 4120 1139 4170 sex,
1184 4104 1387 4157 diaconi
1434 4110 1667 4169 septem,

116 4202 409 4274 presbyteri
439 4202 645 4269 decem,
678 4200 957 4268 episcopus
979 4197 1263 4251 duodecim
1292 4190 1465 4262 annis,
1498 4193 1668 4261 pumi-

116 4292 369 4351 wantsSi
396 4291 563 4346 laicus
589 4287 884 4360 proximum
912 4300 1066 4339 suum
1109 4276 1401 4351 occiderit,
1443 4282 1672 4353 quinque

116 4385 263 4438 annis
293 4384 553 4453 pmniteat
577 4381 743 4436 exsul.
777 4378 832 4433 Si
860 4378 975 4447 quis
999 4377 1159 4430 alium
1188 4390 1279 4444 per
1305 4376 1437 4431 iram
1461 4389 1671 4445 percus-

116 4476 244 4543 seris
268 4483 324 4528 et
349 4470 659 4541 sanguinem
687 4468 930 4523 eluderit
949 4508 965 4533 ,
993 4464 1291 4535 quindecim
1321 4465 1436 4519 dies
1462 4464 1513 4518 in
1542 4477 1673 4532 pane

119 4573 170 4618 et
197 4575 333 4629 aqua
360 4562 609 4629 paeniteat
638 4575 655 4611 :
683 4561 726 4613 si
756 4557 1007 4613 diaconus
1026 4597 1043 4623 ,
1072 4571 1164 4611 sex
1193 4569 1429 4620 menses;
1455 4556 1675 4625 presby-

121 4662 222 4721 ter,
261 4668 404 4707 anno
452 4652 723 4721 paniteat.
762 4648 925 4719 Cujus
968 4649 1213 4718 parvulus
1263 4648 1316 4701 in
1357 4646 1671 4715 negligentia

121 4747 233 4799 sine
256 4744 522 4813 baptismo
551 4737 706 4794 fuerit
734 4750 991 4807 mortuus,
1021 4739 1190 4792 tribus
1214 4723 1365 4792 anuis
1391 4737 1668 4805 poeniteat;

123 4850 282 4891 unum
304 4850 375 4891 ex
406 4834 469 4888 iis
497 4833 547 4887 in
576 4846 709 4901 parte
735 4839 788 4886 et
814 4844 968 4899 aqua.
1013 4830 1070 4885 Si
1098 4828 1215 4885 laici
1244 4829 1492 4891 infantem
1520 4842 1673 4882 suum

89 4974 93 4982 λ
123 4924 523 4993 oppresserint,
552 4935 690 4975 anno
719 4935 822 4974 uno
849 4919 901 4974 iu
931 4934 1064 4989 pane
1094 4928 1147 4973 ct
1184 4934 1317 4989 aqua
1348 4919 1635 4988 pteniteant
1656 4959 1671 4983 ,

123 5013 329 5068 etduos
356 5026 387 5066 a
419 5014 546 5067 vino
580 5020 637 5067 et
656 5024 827 5092 «carne
855 5009 1145 5065 abstineant
1175 5022 1440 5063 se.........
1472 5018 1675 5077 tempus

197 5148 222 5212 9
252 5144 477 5212 Forsan,
500 5148 546 5199 si
572 5146 830 5212 presbyter
850 5153 971 5199 est.-

195 5209 222 5247 δ
251 5209 786 5299 magnanimam,
819 5230 934 5266 nam
965 5226 1141 5267 sermo
1165 5220 1232 5264 de
1269 5216 1454 5262 abortu
1481 5217 1602 5261 ante
1626 5215 1679 5261 et

131 5292 411 5355 parricidio
436 5292 555 5352 post
581 5292 803 5349 partum.
1019 5302 1024 5313 ν

178 5365 222 5415 ,ε
253 5356 396 5410 (litat
430 5355 569 5421 leges
597 5353 788 5416 patrias
818 5352 1035 5404 Breatha
1064 5347 1332 5421 ﬂemhead
1363 5349 1553 5402 dlctas.

196 5423 225 5463 ά
256 5424 316 5546 'Si
346 5417 583 5548 puoculum
606 5436 804 5485 ueneni,
831 5423 901 5475 rei
923 5417 1082 5473 artem
1102 5417 1399 5485 maleﬁcam",
1434 5426 1537 5471 etc.

201 5504 226 5531 ⁹
279 5505 331 5545 ta
411 5506 458 5546 8.

200 5560 222 5601 ⁷(
256 5531 707 5631 ῢῖιτῖσῖιηιιοηεειο
752 5559 1068 5631 medicorum
1101 5556 1264 5631 etiam
1296 5558 1449 5615 debet
1476 5553 1681 5608 satisfa-

132 5652 250 5691 cere
280 5627 556 5685 vulnerato
579 5646 671 5694 pro
700 5629 851 5682 nmdn
878 5627 1221 5697 ωενὶῐιιαιίιήε.

203 5718 226 5754 ι
258 5701 349 5758 Sic
383 5702 677 5769 legendum,
716 5716 814 5755 non
842 5712 1078 5768 quantum
1108 5699 1212 5749 ille.

1756 1888 2031 1944 lescentes.
2062 1881 2401 1950 quadraginta
2439 1878 2554 1933 dies
2602 1876 2908 1946 pmniteant.
2952 1873 3007 1927 Si
3040 1871 3165 1939 'quis
3212 1884 3304 1937 per

1754 1976 2038 2030 vindictam
2070 1975 2265 2035 fratris,
2309 1970 2571 2025 hominem
2618 1966 2892 2029 occiderit,
2939 1955 3105 2018 iribus
3154 1964 3304 2017 anuis

1757 2066 2025 2134 panitent.
2068 2062 2126 2118 Si
2169 2060 2438 2125 componit
2486 2057 2825 2126 propinquos,
2876 2052 3149 2111 dimidium
3185 2065 3303 2117 sp'a-
3356 2098 3361 2103 .

1756 2159 1904 2208 tium.
1940 2153 2035 2219 Qui
2086 2152 2315 2217 praebent
2357 2148 2601 2201 ducatum
2646 2143 2899 2204 barbaris,
2948 2140 3112 2194 tribus
3152 2138 3303 2219 annis

1755 2244 2059 2316 pmniteant,
2090 2242 2132 2295 si
2180 2255 2281 2294 non
2321 2236 2569 2291 acciderit
2609 2244 2809 2304 strages
2847 2214 3303 2292 Christianorum,

1756 2344 1797 2389 si
1840 2350 1962 2389 vero
1997 2336 2011 2373 ί
2040 2332 2214 2401 iactis,
2263 2344 2428 2397 usque
2475 2327 2543 2380 ad
2585 2335 2824 2387 mortem,
2874 2322 3066 2387 mundo
3114 2319 3303 2373 mortui

1761 2427 1868 2481 Deo
1894 2426 2087 2477 vivant.
2131 2421 2185 2477 Si
2230 2402 2346 2487 quis
2386 2416 2650 2485 praprium
2696 2427 2905 2469 servum
2949 2412 3063 2463 sine
3110 2409 3126 2460 l
3179 2423 3307 2461 con-

1757 2514 1975 2569 scientia
2006 2504 2197 2580 proprii
2222 2500 2413 2579 iudicis
2438 2505 2726 2570 occiderit,
2770 2501 2795 2539 ¹ι
2842 2513 2892 2555 et
2922 2499 3307 2558 cmnmnnione,

1758 2605 1969 2659 biennio
2012 2603 2025 2653 l
2081 2600 2337 2654 effusum:
2384 2595 2654 2665 sanguinis
2702 2590 3085 2647 emundabitur.
3138 2587 3308 2640 infans

1760 2695 1999 2749 infirmus
2039 2702 2090 2743 et
2118 2704 2401 2761 paganus,
2443 2683 2842 2739 commendatus
2892 2680 3215 2748 presbytero,
3264 2677 3307 2728 si
3388 2698 3391 2699 ν

1759 2784 2049 2844 moritur",
2082 2780 2352 2848 ptest-yter
2380 2777 2711 2844 deponatur;
2760 2770 2805 2825 si
2860 2768 3171 2838 negligentia
3216 2781 3305 2821 ta-

1761 2884 1966 2931 rentum
1995 2876 2085 2937 sit,
2115 2883 2219 2925 uno
2244 2881 2382 2922 anno
2412 2864 2681 2932 pteuiteat.

2351 3014 2573 3071 CAPUT
2618 2990 2791 3067 vu.’

2132 3148 2209 3203 De
2234 3148 2493 3216 male/icit,
2517 3156 2565 3199 et
2590 3146 2839 3212 reue/icta,
2862 3154 2963 3198 etc.

1830 3270 1887 3330 Si
1918 3274 2035 3344 quis
2062 3270 2323 3326 maleficio
2361 3284 2459 3323 suo
2501 3263 2726 3335 a'liquetn
2760 3267 3060 3332 perdiderit.
3106 3276 3306 3333 septem

1762 3366 1917 3421 annis
1963 3362 2231 3434 pmniteat,
2285 3360 2450 3414 tribus
2496 3373 2562 3435 ex
2609 3356 2691 3410 his
2738 3356 2801 3410 iu‘
2832 3369 2965 3424 pane
2991 3364 3047 3409 et
3071 3369 3223 3423 aqua.
3252 3354 3311 3408 Si

1762 3457 1883 3524 quis
1909 3469 2003 3522 per
2032 3466 2265 3505 amorem
2299 3449 2573 3505 veneficus
2590 3447 2678 3511 sit,
2702 3455 2756 3499 et
2782 3446 3042 3499 nemiuem
3068 3442 3311 3510 perdide-

1762 3545 1852 3607 rit,
1876 3544 1923 3595 si
1953 3541 2115 3595 laicus
2136 3550 2238 3601 est,
2266 3552 2368 3589 uno
2393 3550 2529 3588 anno
2554 3534 2800 3602 pmniteat
2827 3533 2889 3587 in
2913 3547 3045 3600 pane
3072 3540 3124 3585 et
3144 3545 3307 3601 aqua;

1764 3636 1806 3688 si
1855 3627 2205 3687 subdiaconus
2251 3626 2477 3693 duobus,
2520 3624 2773 3678 diaconus
2821 3621 3005 3684 tribus,
3043 3636 3201 3674 unum
3246 3636 3310 3675 cx

1768 3724 1849 3779 his
1878 3725 1929 3776 in
1960 3736 2094 3792 pane
2114 3731 2165 3774 et
2190 3735 2359 3786 aqua;
2387 3719 2430 3771 si
2476 3715 2743 3782 sacerdus,
2770 3714 3020 3783 quinque.
3062 3728 3219 3767 unum
3247 3727 3310 3766 ex

1765 3814 1849 3867 his
1876 3815 1926 3866 in
1960 3826 2090 3881 pane
2125 3823 2178 3865 et
2206 3824 2361 3878 aqua,
2390 3817 2444 3861 et
2483 3807 2596 3859 laici
2621 3806 2893 3858 dimidium
2920 3818 3113 3856 annum
3143 3803 3310 3871 pumi-

1768 3914 1941 3969 teant,
1968 3903 2196 3955 maxime
2222 3902 2264 3954 si
2298 3914 2388 3967 per
2418 3902 2515 3949 hoc
2542 3892 2774 3949 mulieris
2802 3895 3006 3961 partum
3036 3894 3310 3961 quisquam

1766 3992 2066 4061 deceperit,
2111 4000 2218 4043 tres
2264 4002 2431 4042 annos
2475 3985 3216 4053 unusquisquesuperaugeat
3261 3984 3310 4034 in

1769 4100 1906 4154 pane
1929 4093 1984 4138 et
2011 4098 2142 4157 aqua
2161 4124 2176 4148 ,
2207 4096 2273 4134 ne
2302 4078 2566 4132 homicidii
2600 4088 2721 4129 reus
2747 4074 2835 4128 sit.
2864 4073 2920 4128 Si
2958 4074 3076 4143 quis
3102 4072 3315 4153 sacrile-

1767 4148 1909 4247 gium
1936 4148 2137 4234 fecerit;
2172 4166 2230 4225 id
2247 4180 2348 4233 est,
2375 4167 2510 4236 quod
2538 4165 2804 4231 aruspices
2830 4174 3040 4226 vocant,
3067 4148 3153 4237 qui
3176 4172 3202 4199 ιι
3225 4178 3320 4216 au-

1766 4266 1915 4336 guria
1944 4264 2123 4317 colunt
2153 4275 2245 4330 per
2287 4273 2441 4322 aves,
2480 4264 2571 4309 aut
2608 4262 2633 4290 ο
2675 4268 2985 4321 quocunque
3030 4267 3316 4320 augurave-

1767 4358 1904 4419 rint,
1938 4352 2105 4407 tribus
2138 4351 2291 4404 annis
2320 4346 2601 4416 pmnitcut,
2631 4361 2792 4399 nnutn
2822 4360 2883 4398 ex
2924 4344 3002 4396 his
3024 4344 3075 4397 in
3109 4360 3239 4412 pano
3262 4356 3319 4397 et

1702 4428 1749 4491 θ
1775 4460 1906 4516 aqua
1939 4462 1954 4499 :
1984 4444 2029 4499 si
2075 4443 2223 4511 quis,
2266 4451 2321 4494 ut
2361 4442 2583 4502 vocant;
2608 4446 2777 4490 sortes
2815 4444 3144 4498 sanctorum,
3189 4450 3321 4503 quas
3414 4498 3422 4505 _

1773 4546 1955 4591 contra
1984 4534 2256 4589 ‘rationem
2304 4538 2513 4593 vocant,
2558 4522 2638 4581 vel
2678 4526 2810 4579 alias
2838 4534 3007 4578 sortes
3053 4524 3316 4590 habuerit,

1773 4630 1852 4685 vel
1882 4627 2241 4700 qualecunque
2267 4622 2475 4692 ingenio
2499 4618 2716 4675 sortitus
2742 4615 2913 4678 fuerit,
2938 4614 3015 4667 vel
3039 4627 3317 4667 venerave-

1772 4724 1860 4784 rit,
1874 4723 2038 4775 tribus
2058 4717 2207 4772 annis
2224 4713 2495 4779 paeniteat,
2510 4723 2668 4763 unum
2682 4721 2746 4761 ex
2769 4704 2847 4758 his
2868 4705 2919 4758 in
2943 4717 3077 4770 pane
3088 4706 3140 4757 et
3162 4715 3314 4770 aqua.

1772 4814 1828 4871 Si
1854 4812 1971 4882 quis
1998 4823 2090 4878 per
2112 4804 2335 4869 ariolos,
2369 4815 2502 4868 quos
2532 4799 2737 4853 divinos
2763 4805 2978 4857 vocant,
3013 4794 3213 4862 aliquas
3240 4793 3317 4843 di-

1772 4905 2066 4959 vinationes
2094 4896 2295 4958 fecerit,
2317 4893 2436 4962 quia
2466 4900 2522 4944 et
2546 4888 2647 4944 hoc
2665 4889 3008 4942 daemonicum
3036 4894 3134 4946 est,
3166 4882 3318 4949 quiu-

1773 5008 1876 5065 que
1900 4991 2049 5045 annis
2064 4966 2357 5057 poeniteat;
2403 4980 2567 5035 tribus
2606 4993 2670 5033 ex
2707 4976 2788 5031 his
2824 4976 2873 5028 in
2902 4987 3038 5043 pane
3070 4980 3123 5024 et
3155 4984 3313 5039 aqua.

1844 5123 1872 5163 δ
1902 5126 1951 5180 id
1982 5134 2093 5186 est,
2124 5119 2213 5189 q'ui
2243 5102 2468 5189 teln'aut
2506 5116 2651 5169 hasta
2690 5112 2826 5189 iacta
2863 5121 3055 5189 nocere
3080 5115 3316 5189 conatur.

1850 5197 1865 5233 ⁸
1905 5178 2185 5259 desiderii,
2223 5188 2559 5246 renuntiantes
2588 5178 2796 5247 uiuida,
2826 5178 3056 5247 religioni
3084 5186 3321 5245 perpetuo

1775 5266 2092 5321 abdicantur.
2164 5266 2167 5267 ⁷

1825 5337 1866 5385 -i
1906 5335 1957 5387 Id
1987 5344 2085 5397 est,
2117 5340 2397 5385 consensu.

1849 5403 1873 5442 λ
1910 5406 2063 5458 Deest
2093 5402 2176 5453 hic
2201 5397 2419 5463 aliquid.

1855 5475 1868 5512 ¹
1911 5473 2064 5527 Deest
2091 5478 2260 5523 torsan
2290 5460 2397 5531 pro,
2430 5460 2509 5515 vel
2538 5460 2621 5514 ab.
3012 5519 3040 5531 __

1849 5555 1886 5582 ιιι
1911 5522 2128 5605 scilicet
2146 5522 2356 5600 absque
2384 5522 2636 5605 baptismo
2662 5536 2715 5582 et
2739 5522 3072 5578 sacramentis
3101 5522 3308 5579 debitis.

1852 5623 1878 5651 ιι
1910 5603 2151 5665 Μυιιιίοεθ
2177 5606 2308 5659 Cod.
2338 5603 2509 5654 auria.
2681 5666 2691 5675 .

1857 5695 1881 5716 υ
1914 5677 2367 5746 Quomodocunque
2396 5672 2759 5741 auguraverim.

3198 336 3298 386 ii'JU
3325 351 3328 354 ’
3387 344 3401 355 ⁸
