  <div class='ocr_page' id='page_1' title='image "/cluster/home/n/w/nwhite01/storage/ocr_20150623/87-88/uva.x000827073/503.png"; bbox 0 0 3848 6234; ppageno 0'>
   <div class='ocr_carea' id='block_1_1' title="bbox 500 368 598 422">
    <p class='ocr_par' dir='ltr' id='par_1_1' title="bbox 500 368 598 422">
     <span class='ocr_line' id='line_1_1' title="bbox 500 368 598 422; baseline 0 -1"><span class='ocrx_word' id='word_1_1' title='bbox 500 368 598 422; x_wconf 70' lang='lat'><strong>9‘.”</strong></span> 
     </span>
    </p>
   </div>
   <div class='ocr_carea' id='block_1_2' title="bbox 1823 348 2420 409">
    <p class='ocr_par' dir='ltr' id='par_1_2' title="bbox 1823 348 2420 409">
     <span class='ocr_line' id='line_1_2' title="bbox 1823 348 2420 409; baseline -0.005 -2"><span class='ocrx_word' id='word_1_2' title='bbox 1823 348 2060 409; x_wconf 72' lang='lat' dir='ltr'><strong>SANCTI</strong></span> <span class='ocrx_word' id='word_1_3' title='bbox 2096 348 2420 404; x_wconf 74' lang='lat' dir='ltr'><strong>CUMMIANI</strong></span> 
     </span>
    </p>
   </div>
   <div class='ocr_carea' id='block_1_3' title="bbox 3580 355 3673 408">
    <p class='ocr_par' dir='ltr' id='par_1_3' title="bbox 3580 355 3673 408">
     <span class='ocr_line' id='line_1_3' title="bbox 3580 355 3673 408; baseline 0 -1"><span class='ocrx_word' id='word_1_4' title='bbox 3580 355 3673 408; x_wconf 63' lang='lat'><strong>9‘32</strong></span> 
     </span>
    </p>
   </div>
   <div class='ocr_carea' id='block_1_4' title="bbox 498 462 3667 547">
    <p class='ocr_par' dir='ltr' id='par_1_4' title="bbox 498 462 3667 547">
     <span class='ocr_line' id='line_1_4' title="bbox 498 462 3667 547; baseline -0.003 -15"><span class='ocrx_word' id='word_1_5' title='bbox 498 484 521 511; x_wconf 78' lang='grc'><strong><em>⁸</em></strong></span> <span class='ocrx_word' id='word_1_6' title='bbox 556 480 611 535; x_wconf 90' lang='lat' dir='ltr'><strong>Si</strong></span> <span class='ocrx_word' id='word_1_7' title='bbox 641 477 756 547; x_wconf 83' lang='lat' dir='ltr'><strong>quis</strong></span> <span class='ocrx_word' id='word_1_8' title='bbox 780 475 844 529; x_wconf 89' lang='lat' dir='ltr'><strong>ad</strong></span> <span class='ocrx_word' id='word_1_9' title='bbox 870 475 1086 530; x_wconf 85' lang='lat' dir='ltr'><strong>arbores</strong></span> <span class='ocrx_word' id='word_1_10' title='bbox 1106 481 1160 528; x_wconf 88' lang='lat' dir='ltr'><strong>et</strong></span> <span class='ocrx_word' id='word_1_11' title='bbox 1183 473 1247 527; x_wconf 89' lang='lat' dir='ltr'><strong>ad</strong></span> <span class='ocrx_word' id='word_1_12' title='bbox 1272 473 1462 536; x_wconf 90' lang='lat' dir='ltr'><strong>fontes,</strong></span> <span class='ocrx_word' id='word_1_13' title='bbox 1486 481 1572 526; x_wconf 87' lang='lat' dir='ltr'><strong>aut</strong></span> <span class='ocrx_word' id='word_1_14' title='bbox 1597 470 1662 525; x_wconf 90' lang='lat' dir='ltr'><strong>ad</strong></span> <span class='ocrx_word' id='word_1_15' title='bbox 1688 469 1904 538; x_wconf 77' lang='lat' dir='ltr'><strong>angulos</strong></span> <span class='ocrx_word' id='word_1_16' title='bbox 1932 466 2041 520; x_wconf 89' lang='lat' dir='ltr'><strong>ubi-</strong></span> <span class='ocrx_word' id='word_1_17' title='bbox 2073 469 2119 524; x_wconf 77' lang='grc' dir='ltr'>Α</span> <span class='ocrx_word' id='word_1_18' title='bbox 2150 465 2339 518; x_wconf 83' lang='lat' dir='ltr'><strong>trihuat</strong></span> <span class='ocrx_word' id='word_1_19' title='bbox 2376 464 2727 534; x_wconf 86' lang='lat' dir='ltr'><strong>indigentibus</strong></span> <span class='ocrx_word' id='word_1_20' title='bbox 2763 481 2882 536; x_wconf 70' lang='lat' dir='ltr'><strong>qua:</strong></span> <span class='ocrx_word' id='word_1_21' title='bbox 2925 462 3184 532; x_wconf 82' lang='lat' dir='ltr'><strong>repetivit.</strong></span> <span class='ocrx_word' id='word_1_22' title='bbox 3215 463 3449 534; x_wconf 69' lang='lat' dir='ltr'><strong>Cleticus</strong></span> <span class='ocrx_word' id='word_1_23' title='bbox 3493 465 3667 525; x_wconf 81' lang='lat' dir='ltr'><strong>Italicus</strong></span> 
     </span>
    </p>
   </div>
   <div class='ocr_carea' id='block_1_5' title="bbox 495 561 2048 637">
    <p class='ocr_par' dir='ltr' id='par_1_5' title="bbox 495 561 2048 637">
     <span class='ocr_line' id='line_1_5' title="bbox 495 561 2048 637; baseline -0.008 -12"><span class='ocrx_word' id='word_1_24' title='bbox 495 586 733 637; x_wconf 84' lang='lat' dir='ltr'><strong>cunque,</strong></span> <span class='ocrx_word' id='word_1_25' title='bbox 777 570 873 622; x_wconf 88' lang='lat' dir='ltr'><strong>nisi</strong></span> <span class='ocrx_word' id='word_1_26' title='bbox 900 568 964 621; x_wconf 90' lang='lat' dir='ltr'><strong>ad</strong></span> <span class='ocrx_word' id='word_1_27' title='bbox 994 566 1263 621; x_wconf 87' lang='lat' dir='ltr'><strong>ecclesiam</strong></span> <span class='ocrx_word' id='word_1_28' title='bbox 1295 566 1385 618; x_wconf 86' lang='lat' dir='ltr'><strong>Dei</strong></span> <span class='ocrx_word' id='word_1_29' title='bbox 1414 574 1535 618; x_wconf 89' lang='lat' dir='ltr'><strong>vota</strong></span> <span class='ocrx_word' id='word_1_30' title='bbox 1566 562 1797 629; x_wconf 89' lang='lat' dir='ltr'><strong>voverit,</strong></span> <span class='ocrx_word' id='word_1_31' title='bbox 1828 571 1914 614; x_wconf 90' lang='lat' dir='ltr'><strong>aut</strong></span> <span class='ocrx_word' id='word_1_32' title='bbox 1945 561 2048 613; x_wconf 82' lang='lat' dir='ltr'><strong>sol-</strong></span> 
     </span>
    </p>
   </div>
   <div class='ocr_carea' id='block_1_6' title="bbox 497 652 2051 723">
    <p class='ocr_par' dir='ltr' id='par_1_6' title="bbox 497 652 2051 723">
     <span class='ocr_line' id='line_1_6' title="bbox 497 652 2051 723; baseline -0.003 -15"><span class='ocrx_word' id='word_1_33' title='bbox 497 660 652 722; x_wconf 78' lang='lat' dir='ltr'><strong>verit,</strong></span> <span class='ocrx_word' id='word_1_34' title='bbox 687 658 849 723; x_wconf 80' lang='lat' dir='ltr'><strong>tribus</strong></span> <span class='ocrx_word' id='word_1_35' title='bbox 875 656 1024 709; x_wconf 87' lang='lat' dir='ltr'><strong>anuis</strong></span> <span class='ocrx_word' id='word_1_36' title='bbox 1054 655 1321 721; x_wconf 65' lang='lat' dir='ltr'><strong>pmuiteat,</strong></span> <span class='ocrx_word' id='word_1_37' title='bbox 1354 668 1457 707; x_wconf 89' lang='lat' dir='ltr'><strong>uno</strong></span> <span class='ocrx_word' id='word_1_38' title='bbox 1498 668 1562 706; x_wconf 87' lang='lat' dir='ltr'><strong>ex</strong></span> <span class='ocrx_word' id='word_1_39' title='bbox 1606 653 1687 706; x_wconf 86' lang='lat' dir='ltr'><strong>his</strong></span> <span class='ocrx_word' id='word_1_40' title='bbox 1731 652 1784 705; x_wconf 92' lang='lat' dir='ltr'><strong>in</strong></span> <span class='ocrx_word' id='word_1_41' title='bbox 1829 665 1959 719; x_wconf 87' lang='lat' dir='ltr'><strong>pane</strong></span> <span class='ocrx_word' id='word_1_42' title='bbox 1996 658 2051 704; x_wconf 80' lang='lat' dir='ltr'><strong>et</strong></span> 
     </span>
    </p>
   </div>
   <div class='ocr_carea' id='block_1_7' title="bbox 493 743 2049 817">
    <p class='ocr_par' dir='ltr' id='par_1_7' title="bbox 493 743 2049 817">
     <span class='ocr_line' id='line_1_7' title="bbox 493 743 2049 817; baseline -0.004 -15"><span class='ocrx_word' id='word_1_43' title='bbox 493 764 659 817; x_wconf 88' lang='lat' dir='ltr'><strong>aqua;</strong></span> <span class='ocrx_word' id='word_1_44' title='bbox 711 758 763 802; x_wconf 88' lang='lat' dir='ltr'><strong>et</strong></span> <span class='ocrx_word' id='word_1_45' title='bbox 810 748 897 815; x_wconf 89' lang='lat' dir='ltr'><strong>qui</strong></span> <span class='ocrx_word' id='word_1_46' title='bbox 932 746 1141 801; x_wconf 88' lang='lat' dir='ltr'><strong>&#39;ibidem</strong></span> <span class='ocrx_word' id='word_1_47' title='bbox 1189 745 1357 798; x_wconf 87' lang='lat' dir='ltr'><strong>ederit</strong></span> <span class='ocrx_word' id='word_1_48' title='bbox 1398 754 1485 797; x_wconf 87' lang='lat' dir='ltr'><strong>aut</strong></span> <span class='ocrx_word' id='word_1_49' title='bbox 1527 743 1735 807; x_wconf 87' lang='lat' dir='ltr'><strong>biberit,</strong></span> <span class='ocrx_word' id='word_1_50' title='bbox 1761 757 1883 797; x_wconf 71' lang='lat' dir='ltr'><strong>&#39;uno</strong></span> <span class='ocrx_word' id='word_1_51' title='bbox 1911 756 2049 795; x_wconf 89' lang='lat' dir='ltr'><strong>anno</strong></span> 
     </span>
    </p>
   </div>
   <div class='ocr_carea' id='block_1_8' title="bbox 496 830 2049 907">
    <p class='ocr_par' dir='ltr' id='par_1_8' title="bbox 496 830 2049 907">
     <span class='ocr_line' id='line_1_8' title="bbox 496 830 2049 907; baseline -0.005 -14"><span class='ocrx_word' id='word_1_52' title='bbox 496 840 763 907; x_wconf 68' lang='lat' dir='ltr'><strong>paeniteat.</strong></span> <span class='ocrx_word' id='word_1_53' title='bbox 794 836 848 891; x_wconf 90' lang='lat' dir='ltr'><strong>Si</strong></span> <span class='ocrx_word' id='word_1_54' title='bbox 874 835 991 905; x_wconf 85' lang='lat' dir='ltr'><strong>quis</strong></span> <span class='ocrx_word' id='word_1_55' title='bbox 1018 833 1416 887; x_wconf 87' lang='lat' dir='ltr'><strong>mathematicus</strong></span> <span class='ocrx_word' id='word_1_56' title='bbox 1443 832 1621 896; x_wconf 85' lang='lat' dir='ltr'><strong>fuerit,</strong></span> <span class='ocrx_word' id='word_1_57' title='bbox 1649 846 1740 901; x_wconf 91' lang='lat' dir='ltr'><strong>per</strong></span> <span class='ocrx_word' id='word_1_58' title='bbox 1764 830 2049 887; x_wconf 88' lang='lat' dir='ltr'><strong>invocatio-</strong></span> 
     </span>
    </p>
   </div>
   <div class='ocr_carea' id='block_1_9' title="bbox 494 923 2049 992">
    <p class='ocr_par' dir='ltr' id='par_1_9' title="bbox 494 923 2049 992">
     <span class='ocr_line' id='line_1_9' title="bbox 494 923 2049 992; baseline -0.015 -8"><span class='ocrx_word' id='word_1_59' title='bbox 494 947 612 985; x_wconf 83' lang='lat' dir='ltr'><strong>nem</strong></span> <span class='ocrx_word' id='word_1_60' title='bbox 644 930 940 983; x_wconf 77' lang='lat' dir='ltr'><strong>dtemonum</strong></span> <span class='ocrx_word' id='word_1_61' title='bbox 963 966 979 991; x_wconf 94' lang='lat'><strong>,</strong></span> <span class='ocrx_word' id='word_1_62' title='bbox 1019 933 1223 979; x_wconf 87' lang='lat' dir='ltr'><strong>mentes</strong></span> <span class='ocrx_word' id='word_1_63' title='bbox 1256 924 1469 988; x_wconf 92' lang='lat' dir='ltr'><strong>tulerit,</strong></span> <span class='ocrx_word' id='word_1_64' title='bbox 1498 923 1729 992; x_wconf 89' lang='lat' dir='ltr'><strong>quinque</strong></span> <span class='ocrx_word' id='word_1_65' title='bbox 1756 923 1907 975; x_wconf 89' lang='lat' dir='ltr'><strong>annis</strong></span> <span class='ocrx_word' id='word_1_66' title='bbox 1936 935 2049 988; x_wconf 74' lang='grc' dir='ltr'><strong>ρω-</strong></span> 
     </span>
    </p>
   </div>
   <div class='ocr_carea' id='block_1_10' title="bbox 494 1011 2049 1085">
    <p class='ocr_par' dir='ltr' id='par_1_10' title="bbox 494 1011 2049 1085">
     <span class='ocr_line' id='line_1_10' title="bbox 494 1011 2049 1085; baseline -0.006 -13"><span class='ocrx_word' id='word_1_67' title='bbox 494 1022 686 1085; x_wconf 86' lang='lat' dir='ltr'><strong>niteat,</strong></span> <span class='ocrx_word' id='word_1_68' title='bbox 717 1019 880 1073; x_wconf 86' lang='lat' dir='ltr'><strong>tribus</strong></span> <span class='ocrx_word' id='word_1_69' title='bbox 910 1031 973 1069; x_wconf 87' lang='lat' dir='ltr'><strong>ex</strong></span> <span class='ocrx_word' id='word_1_70' title='bbox 1002 1014 1084 1068; x_wconf 86' lang='lat' dir='ltr'><strong>his</strong></span> <span class='ocrx_word' id='word_1_71' title='bbox 1116 1014 1166 1068; x_wconf 91' lang='lat' dir='ltr'><strong>in</strong></span> <span class='ocrx_word' id='word_1_72' title='bbox 1198 1027 1332 1080; x_wconf 89' lang='lat' dir='ltr'><strong>pane</strong></span> <span class='ocrx_word' id='word_1_73' title='bbox 1364 1022 1418 1067; x_wconf 91' lang='lat' dir='ltr'><strong>et</strong></span> <span class='ocrx_word' id='word_1_74' title='bbox 1442 1027 1595 1078; x_wconf 89' lang='lat' dir='ltr'><strong>aqua.</strong></span> <span class='ocrx_word' id='word_1_75' title='bbox 1624 1012 1676 1067; x_wconf 90' lang='lat' dir='ltr'><strong>Si</strong></span> <span class='ocrx_word' id='word_1_76' title='bbox 1704 1013 1819 1079; x_wconf 86' lang='lat' dir='ltr'><strong>quis</strong></span> <span class='ocrx_word' id='word_1_77' title='bbox 1848 1011 2049 1064; x_wconf 82' lang='lat' dir='ltr'><strong>immis-</strong></span> 
     </span>
    </p>
   </div>
   <div class='ocr_carea' id='block_1_11' title="bbox 490 1101 2047 1175">
    <p class='ocr_par' dir='ltr' id='par_1_11' title="bbox 490 1101 2047 1175">
     <span class='ocr_line' id='line_1_11' title="bbox 490 1101 2047 1175; baseline -0.006 -15"><span class='ocrx_word' id='word_1_78' title='bbox 490 1123 581 1161; x_wconf 87' lang='lat' dir='ltr'><strong>sor</strong></span> <span class='ocrx_word' id='word_1_79' title='bbox 602 1115 972 1175; x_wconf 70' lang='lat' dir='ltr'><strong>tempestatum</strong></span> <span class='ocrx_word' id='word_1_80' title='bbox 999 1103 1174 1167; x_wconf 90' lang='lat' dir='ltr'><strong>fuerit,</strong></span> <span class='ocrx_word' id='word_1_81' title='bbox 1196 1113 1396 1170; x_wconf 89' lang='lat' dir='ltr'><strong>septem</strong></span> <span class='ocrx_word' id='word_1_82' title='bbox 1417 1102 1563 1153; x_wconf 85' lang='lat' dir='ltr'><strong>anuis</strong></span> <span class='ocrx_word' id='word_1_83' title='bbox 1589 1102 1854 1168; x_wconf 60' lang='lat' dir='ltr'><strong>paeniteat,</strong></span> <span class='ocrx_word' id='word_1_84' title='bbox 1882 1101 2047 1152; x_wconf 90' lang='lat' dir='ltr'><strong>tribus</strong></span> 
     </span>
    </p>
   </div>
   <div class='ocr_carea' id='block_1_12' title="bbox 490 1185 2042 1265">
    <p class='ocr_par' dir='ltr' id='par_1_12' title="bbox 490 1185 2042 1265">
     <span class='ocr_line' id='line_1_12' title="bbox 490 1185 2042 1265; baseline -0.006 -15"><span class='ocrx_word' id='word_1_85' title='bbox 490 1214 551 1250; x_wconf 80' lang='lat' dir='ltr'><strong>ex</strong></span> <span class='ocrx_word' id='word_1_86' title='bbox 586 1200 665 1251; x_wconf 88' lang='lat' dir='ltr'><strong>his</strong></span> <span class='ocrx_word' id='word_1_87' title='bbox 695 1185 744 1251; x_wconf 83' lang='lat' dir='ltr'><strong>in</strong></span> <span class='ocrx_word' id='word_1_88' title='bbox 772 1212 905 1265; x_wconf 89' lang='lat' dir='ltr'><strong>pane</strong></span> <span class='ocrx_word' id='word_1_89' title='bbox 930 1206 983 1250; x_wconf 87' lang='lat' dir='ltr'><strong>et</strong></span> <span class='ocrx_word' id='word_1_90' title='bbox 1002 1193 1159 1263; x_wconf 68' lang='lat' dir='ltr'><strong>aqua.</strong></span> <span class='ocrx_word' id='word_1_91' title='bbox 1186 1187 1385 1259; x_wconf 75' lang='lat' dir='ltr'><strong>Siquis</strong></span> <span class='ocrx_word' id='word_1_92' title='bbox 1413 1189 1439 1227; x_wconf 69' lang='grc' dir='ltr'><strong>ι’</strong></span> <span class='ocrx_word' id='word_1_93' title='bbox 1466 1190 1710 1245; x_wconf 82' lang='lat' dir='ltr'><strong>Kalendis</strong></span> <span class='ocrx_word' id='word_1_94' title='bbox 1736 1190 1966 1244; x_wconf 83' lang='lat' dir='ltr'><strong>Januarii</strong></span> <span class='ocrx_word' id='word_1_95' title='bbox 1990 1190 2042 1242; x_wconf 90' lang='lat' dir='ltr'><strong>in</strong></span> 
     </span>
    </p>
   </div>
   <div class='ocr_carea' id='block_1_13' title="bbox 492 1279 2021 1347">
    <p class='ocr_par' dir='ltr' id='par_1_13' title="bbox 492 1279 2021 1347">
     <span class='ocr_line' id='line_1_13' title="bbox 492 1279 2021 1347; baseline -0.005 -8"><span class='ocrx_word' id='word_1_96' title='bbox 492 1287 705 1339; x_wconf 85' lang='lat' dir='ltr'><strong>cervulo</strong></span> <span class='ocrx_word' id='word_1_97' title='bbox 735 1296 785 1339; x_wconf 83' lang='lat' dir='ltr'><strong>et</strong></span> <span class='ocrx_word' id='word_1_98' title='bbox 815 1287 863 1339; x_wconf 92' lang='lat' dir='ltr'><strong>in</strong></span> <span class='ocrx_word' id='word_1_99' title='bbox 906 1296 927 1324; x_wconf 68' lang='grc' dir='ltr'>ε</span> <span class='ocrx_word' id='word_1_100' title='bbox 956 1284 1134 1338; x_wconf 87' lang='lat' dir='ltr'><strong>verula</strong></span> <span class='ocrx_word' id='word_1_101' title='bbox 1167 1282 1337 1345; x_wconf 90' lang='lat' dir='ltr'><strong>vadit,</strong></span> <span class='ocrx_word' id='word_1_102' title='bbox 1370 1279 1533 1335; x_wconf 89' lang='lat' dir='ltr'><strong>tribus</strong></span> <span class='ocrx_word' id='word_1_103' title='bbox 1574 1282 1723 1335; x_wconf 89' lang='lat' dir='ltr'><strong>annis</strong></span> <span class='ocrx_word' id='word_1_104' title='bbox 1772 1281 2021 1347; x_wconf 72' lang='lat' dir='ltr'><strong>pteniteat</strong></span> 
     </span>
    </p>
   </div>
   <div class='ocr_carea' id='block_1_14' title="bbox 492 1368 2045 1442">
    <p class='ocr_par' dir='ltr' id='par_1_14' title="bbox 492 1368 2045 1442">
     <span class='ocr_line' id='line_1_14' title="bbox 492 1368 2045 1442; baseline -0.004 -14"><span class='ocrx_word' id='word_1_105' title='bbox 492 1376 611 1442; x_wconf 88' lang='lat' dir='ltr'><strong>quia</strong></span> <span class='ocrx_word' id='word_1_106' title='bbox 636 1376 735 1428; x_wconf 92' lang='lat' dir='ltr'><strong>hoc</strong></span> <span class='ocrx_word' id='word_1_107' title='bbox 761 1375 1057 1428; x_wconf 71' lang='lat' dir='ltr'><strong>dtemouum</strong></span> <span class='ocrx_word' id='word_1_108' title='bbox 1086 1380 1166 1425; x_wconf 90' lang='lat' dir='ltr'><strong>est</strong></span> <span class='ocrx_word' id='word_1_109' title='bbox 1191 1389 1203 1423; x_wconf 91' lang='lat'><strong>:</strong></span> <span class='ocrx_word' id='word_1_110' title='bbox 1233 1372 1275 1424; x_wconf 87' lang='lat' dir='ltr'><strong>si</strong></span> <span class='ocrx_word' id='word_1_111' title='bbox 1308 1370 1424 1439; x_wconf 83' lang='lat' dir='ltr'><strong>quis</strong></span> <span class='ocrx_word' id='word_1_112' title='bbox 1453 1370 1519 1421; x_wconf 87' lang='lat' dir='ltr'><strong>ad</strong></span> <span class='ocrx_word' id='word_1_113' title='bbox 1547 1368 1722 1423; x_wconf 87' lang='lat' dir='ltr'><strong>fanum</strong></span> <span class='ocrx_word' id='word_1_114' title='bbox 1754 1368 2045 1423; x_wconf 53' lang='lat' dir='ltr'><strong>communi.</strong></span> 
     </span>
    </p>
   </div>
   <div class='ocr_carea' id='block_1_15' title="bbox 490 1460 2044 1533">
    <p class='ocr_par' dir='ltr' id='par_1_15' title="bbox 490 1460 2044 1533">
     <span class='ocr_line' id='line_1_15' title="bbox 490 1460 2044 1533; baseline -0.003 -17"><span class='ocrx_word' id='word_1_115' title='bbox 490 1466 705 1527; x_wconf 83' lang='lat' dir='ltr'><strong>caverit,</strong></span> <span class='ocrx_word' id='word_1_116' title='bbox 735 1462 1074 1533; x_wconf 77' lang='lat' dir='ltr'><strong>quadraginta</strong></span> <span class='ocrx_word' id='word_1_117' title='bbox 1102 1461 1285 1516; x_wconf 91' lang='lat' dir='ltr'><strong>diebus</strong></span> <span class='ocrx_word' id='word_1_118' title='bbox 1330 1460 1382 1513; x_wconf 90' lang='lat' dir='ltr'><strong>in</strong></span> <span class='ocrx_word' id='word_1_119' title='bbox 1424 1474 1554 1527; x_wconf 88' lang='lat' dir='ltr'><strong>pane</strong></span> <span class='ocrx_word' id='word_1_120' title='bbox 1602 1467 1655 1513; x_wconf 92' lang='lat' dir='ltr'><strong>et</strong></span> <span class='ocrx_word' id='word_1_121' title='bbox 1702 1473 1832 1528; x_wconf 89' lang='lat' dir='ltr'><strong>aqua</strong></span> <span class='ocrx_word' id='word_1_122' title='bbox 1880 1462 2044 1529; x_wconf 69' lang='lat' dir='ltr'><strong>pinni—</strong></span> 
     </span>
    </p>
   </div>
   <div class='ocr_carea' id='block_1_16' title="bbox 492 1549 2042 1617">
    <p class='ocr_par' dir='ltr' id='par_1_16' title="bbox 492 1549 2042 1617">
     <span class='ocr_line' id='line_1_16' title="bbox 492 1549 2042 1617; baseline -0.001 -13"><span class='ocrx_word' id='word_1_123' title='bbox 492 1563 615 1616; x_wconf 72' lang='lat' dir='ltr'><strong>teut,</strong></span> <span class='ocrx_word' id='word_1_124' title='bbox 646 1565 697 1607; x_wconf 91' lang='lat' dir='ltr'><strong>et</strong></span> <span class='ocrx_word' id='word_1_125' title='bbox 724 1554 765 1606; x_wconf 94' lang='lat' dir='ltr'><strong>si</strong></span> <span class='ocrx_word' id='word_1_126' title='bbox 808 1556 993 1606; x_wconf 86' lang='lat' dir='ltr'><strong>iterum</strong></span> <span class='ocrx_word' id='word_1_127' title='bbox 1030 1552 1309 1605; x_wconf 84' lang='lat' dir='ltr'><strong>serviendo</strong></span> <span class='ocrx_word' id='word_1_128' title='bbox 1346 1564 1439 1617; x_wconf 89' lang='lat' dir='ltr'><strong>per</strong></span> <span class='ocrx_word' id='word_1_129' title='bbox 1478 1550 1677 1603; x_wconf 92' lang='lat' dir='ltr'><strong>cultum</strong></span> <span class='ocrx_word' id='word_1_130' title='bbox 1711 1549 1808 1603; x_wconf 90' lang='lat' dir='ltr'><strong>hoc</strong></span> <span class='ocrx_word' id='word_1_131' title='bbox 1837 1550 2042 1616; x_wconf 76' lang='lat' dir='ltr'><strong>fecerit,</strong></span> 
     </span>
    </p>
   </div>
   <div class='ocr_carea' id='block_1_17' title="bbox 493 1634 2047 1710">
    <p class='ocr_par' dir='ltr' id='par_1_17' title="bbox 493 1634 2047 1710">
     <span class='ocr_line' id='line_1_17' title="bbox 493 1634 2047 1710; baseline 0.001 -16"><span class='ocrx_word' id='word_1_132' title='bbox 493 1646 658 1697; x_wconf 77' lang='lat' dir='ltr'><strong>tribus</strong></span> <span class='ocrx_word' id='word_1_133' title='bbox 706 1634 857 1697; x_wconf 84' lang='lat' dir='ltr'><strong>anuis</strong></span> <span class='ocrx_word' id='word_1_134' title='bbox 913 1647 1182 1710; x_wconf 72' lang='lat' dir='ltr'><strong>ptentteat.</strong></span> <span class='ocrx_word' id='word_1_135' title='bbox 1237 1643 1535 1695; x_wconf 84' lang='lat' dir='ltr'><strong>Daemonem</strong></span> <span class='ocrx_word' id='word_1_136' title='bbox 1581 1644 1875 1709; x_wconf 71' lang='lat' dir='ltr'><strong>s‘ustineus,</strong></span> <span class='ocrx_word' id='word_1_137' title='bbox 1924 1643 2047 1695; x_wconf 86' lang='lat' dir='ltr'><strong>licet</strong></span> 
     </span>
    </p>
   </div>
   <div class='ocr_carea' id='block_1_18' title="bbox 492 1730 2041 1799">
    <p class='ocr_par' dir='ltr' id='par_1_18' title="bbox 492 1730 2041 1799">
     <span class='ocr_line' id='line_1_18' title="bbox 492 1730 2041 1799; baseline 0.002 -18"><span class='ocrx_word' id='word_1_138' title='bbox 492 1742 663 1798; x_wconf 64' lang='lat' dir='ltr'><strong>p-stras</strong></span> <span class='ocrx_word' id='word_1_139' title='bbox 695 1734 776 1784; x_wconf 87' lang='lat' dir='ltr'><strong>vel</strong></span> <span class='ocrx_word' id='word_1_140' title='bbox 802 1734 945 1785; x_wconf 89' lang='lat' dir='ltr'><strong>olera</strong></span> <span class='ocrx_word' id='word_1_141' title='bbox 978 1732 1170 1784; x_wconf 85' lang='lat' dir='ltr'><strong>habere</strong></span> <span class='ocrx_word' id='word_1_142' title='bbox 1194 1730 1303 1784; x_wconf 88' lang='lat' dir='ltr'><strong>sine</strong></span> <span class='ocrx_word' id='word_1_143' title='bbox 1331 1730 1779 1784; x_wconf 82' lang='lat' dir='ltr'><strong>incantatione.-Si</strong></span> <span class='ocrx_word' id='word_1_144' title='bbox 1806 1745 1905 1799; x_wconf 85' lang='lat' dir='ltr'><strong>qua</strong></span> <span class='ocrx_word' id='word_1_145' title='bbox 1928 1747 2041 1784; x_wconf 86' lang='lat' dir='ltr'><strong>mu-</strong></span> 
     </span>
    </p>
   </div>
   <div class='ocr_carea' id='block_1_19' title="bbox 2148 554 3668 622">
    <p class='ocr_par' dir='ltr' id='par_1_19' title="bbox 2148 554 3668 622">
     <span class='ocr_line' id='line_1_19' title="bbox 2148 554 3668 622; baseline 0.004 -16"><span class='ocrx_word' id='word_1_146' title='bbox 2148 554 2431 622; x_wconf 83' lang='lat' dir='ltr'><strong>superllua,</strong></span> <span class='ocrx_word' id='word_1_147' title='bbox 2462 554 2623 608; x_wconf 88' lang='lat' dir='ltr'><strong>donet</strong></span> <span class='ocrx_word' id='word_1_148' title='bbox 2651 569 2714 609; x_wconf 88' lang='lat' dir='ltr'><strong>ea</strong></span> <span class='ocrx_word' id='word_1_149' title='bbox 2745 554 3090 622; x_wconf 81' lang='lat' dir='ltr'><strong>pauperibus;</strong></span> <span class='ocrx_word' id='word_1_150' title='bbox 3121 555 3201 606; x_wconf 89' lang='lat' dir='ltr'><strong>siu</strong></span> <span class='ocrx_word' id='word_1_151' title='bbox 3237 564 3443 618; x_wconf 88' lang='lat' dir='ltr'><strong>autem,</strong></span> <span class='ocrx_word' id='word_1_152' title='bbox 3482 570 3668 611; x_wconf 82' lang='lat' dir='ltr'><strong>exeunt-</strong></span> 
     </span>
    </p>
   </div>
   <div class='ocr_carea' id='block_1_20' title="bbox 2148 645 3683 717">
    <p class='ocr_par' dir='ltr' id='par_1_20' title="bbox 2148 645 3683 717">
     <span class='ocr_line' id='line_1_20' title="bbox 2148 645 3683 717; baseline 0.003 -20"><span class='ocrx_word' id='word_1_153' title='bbox 2148 646 2487 698; x_wconf 89' lang='lat' dir='ltr'><strong>municetnr:</strong></span> <span class='ocrx_word' id='word_1_154' title='bbox 2526 645 2568 699; x_wconf 93' lang='lat' dir='ltr'><strong>si</strong></span> <span class='ocrx_word' id='word_1_155' title='bbox 2611 654 2784 699; x_wconf 89' lang='lat' dir='ltr'><strong>autem</strong></span> <span class='ocrx_word' id='word_1_156' title='bbox 2826 654 2941 714; x_wconf 87' lang='lat' dir='ltr'><strong>post</strong></span> <span class='ocrx_word' id='word_1_157' title='bbox 2986 646 3275 710; x_wconf 77' lang='lat' dir='ltr'><strong>pteniteat,</strong></span> <span class='ocrx_word' id='word_1_158' title='bbox 3320 654 3541 710; x_wconf 73' lang='lat' dir='ltr'><strong>tempore</strong></span> <span class='ocrx_word' id='word_1_159' title='bbox 3579 663 3683 717; x_wconf 76' lang='lat' dir='ltr'><strong>quo</strong></span> 
     </span>
    </p>
   </div>
   <div class='ocr_carea' id='block_1_21' title="bbox 2146 731 3661 803">
    <p class='ocr_par' dir='ltr' id='par_1_21' title="bbox 2146 731 3661 803">
     <span class='ocr_line' id='line_1_21' title="bbox 2146 731 3661 803; baseline 0.003 -19"><span class='ocrx_word' id='word_1_160' title='bbox 2146 733 2276 803; x_wconf 73' lang='lat' dir='ltr'><strong>vixit</strong></span> <span class='ocrx_word' id='word_1_161' title='bbox 2306 734 2356 786; x_wconf 91' lang='lat' dir='ltr'><strong>in</strong></span> <span class='ocrx_word' id='word_1_162' title='bbox 2386 734 2828 798; x_wconf 87' lang='lat' dir='ltr'><strong>contradictione,</strong></span> <span class='ocrx_word' id='word_1_163' title='bbox 2858 734 2910 787; x_wconf 86' lang='lat' dir='ltr'><strong>in</strong></span> <span class='ocrx_word' id='word_1_164' title='bbox 2938 731 3242 803; x_wconf 72' lang='lat' dir='ltr'><strong>poenitentia</strong></span> <span class='ocrx_word' id='word_1_165' title='bbox 3271 742 3498 786; x_wconf 89' lang='lat' dir='ltr'><strong>semotus</strong></span> <span class='ocrx_word' id='word_1_166' title='bbox 3522 735 3661 788; x_wconf 81' lang='lat' dir='ltr'><strong>vivat.</strong></span> 
     </span>
    </p>
   </div>
   <div class='ocr_carea' id='block_1_22' title="bbox 2147 822 3670 892">
    <p class='ocr_par' dir='ltr' id='par_1_22' title="bbox 2147 822 3670 892">
     <span class='ocr_line' id='line_1_22' title="bbox 2147 822 3670 892; baseline 0.001 -15"><span class='ocrx_word' id='word_1_167' title='bbox 2147 822 2204 878; x_wconf 89' lang='lat' dir='ltr'><strong>Si</strong></span> <span class='ocrx_word' id='word_1_168' title='bbox 2233 824 2350 891; x_wconf 89' lang='lat' dir='ltr'><strong>quis</strong></span> <span class='ocrx_word' id='word_1_169' title='bbox 2374 824 2613 892; x_wconf 86' lang='lat' dir='ltr'><strong>cupidus,</strong></span> <span class='ocrx_word' id='word_1_170' title='bbox 2637 835 2727 877; x_wconf 89' lang='lat' dir='ltr'><strong>aut</strong></span> <span class='ocrx_word' id='word_1_171' title='bbox 2754 839 2963 887; x_wconf 73' lang='lat' dir='ltr'><strong>avarus,</strong></span> <span class='ocrx_word' id='word_1_172' title='bbox 2987 834 3075 877; x_wconf 88' lang='lat' dir='ltr'><strong>aut</strong></span> <span class='ocrx_word' id='word_1_173' title='bbox 3098 825 3381 891; x_wconf 89' lang='lat' dir='ltr'><strong>superbus,</strong></span> <span class='ocrx_word' id='word_1_174' title='bbox 3413 834 3495 876; x_wconf 88' lang='lat' dir='ltr'><strong>aut</strong></span> <span class='ocrx_word' id='word_1_175' title='bbox 3515 824 3670 877; x_wconf 87' lang='lat' dir='ltr'><strong>ebrio-</strong></span> 
     </span>
    </p>
   </div>
   <div class='ocr_carea' id='block_1_23' title="bbox 2146 914 3671 981">
    <p class='ocr_par' dir='ltr' id='par_1_23' title="bbox 2146 914 3671 981">
     <span class='ocr_line' id='line_1_23' title="bbox 2146 914 3671 981; baseline 0 -13"><span class='ocrx_word' id='word_1_176' title='bbox 2146 928 2261 979; x_wconf 88' lang='lat' dir='ltr'><strong>sus,</strong></span> <span class='ocrx_word' id='word_1_177' title='bbox 2290 923 2382 967; x_wconf 89' lang='lat' dir='ltr'><strong>aut</strong></span> <span class='ocrx_word' id='word_1_178' title='bbox 2426 914 2639 969; x_wconf 85' lang='lat' dir='ltr'><strong>fratrem</strong></span> <span class='ocrx_word' id='word_1_179' title='bbox 2669 930 2823 969; x_wconf 89' lang='lat' dir='ltr'><strong>suum</strong></span> <span class='ocrx_word' id='word_1_180' title='bbox 2868 915 2990 968; x_wconf 90' lang='lat' dir='ltr'><strong>odio</strong></span> <span class='ocrx_word' id='word_1_181' title='bbox 3034 914 3237 978; x_wconf 85' lang='lat' dir='ltr'><strong>habuit,</strong></span> <span class='ocrx_word' id='word_1_182' title='bbox 3266 915 3352 969; x_wconf 82' lang='lat' dir='ltr'><strong>vel</strong></span> <span class='ocrx_word' id='word_1_183' title='bbox 3382 914 3459 967; x_wconf 90' lang='lat' dir='ltr'><strong>his</strong></span> <span class='ocrx_word' id='word_1_184' title='bbox 3483 916 3671 981; x_wconf 82' lang='lat' dir='ltr'><strong>similia,</strong></span> 
     </span>
    </p>
   </div>
   <div class='ocr_carea' id='block_1_24' title="bbox 2149 1005 3675 1077">
    <p class='ocr_par' dir='ltr' id='par_1_24' title="bbox 2149 1005 3675 1077">
     <span class='ocr_line' id='line_1_24' title="bbox 2149 1005 3675 1077; baseline 0.001 -18"><span class='ocrx_word' id='word_1_185' title='bbox 2149 1006 2317 1059; x_wconf 87' lang='lat' dir='ltr'><strong>tribus</strong></span> <span class='ocrx_word' id='word_1_186' title='bbox 2346 1007 2494 1060; x_wconf 87' lang='lat' dir='ltr'><strong>annis</strong></span> <span class='ocrx_word' id='word_1_187' title='bbox 2525 1008 2808 1076; x_wconf 69' lang='lat' dir='ltr'><strong>paeniteat,</strong></span> <span class='ocrx_word' id='word_1_188' title='bbox 2834 1016 2885 1061; x_wconf 90' lang='lat' dir='ltr'><strong>et</strong></span> <span class='ocrx_word' id='word_1_189' title='bbox 2905 1005 3051 1075; x_wconf 77' lang='lat' dir='ltr'><strong>juxta</strong></span> <span class='ocrx_word' id='word_1_190' title='bbox 3094 1006 3232 1061; x_wconf 90' lang='lat' dir='ltr'><strong>vires</strong></span> <span class='ocrx_word' id='word_1_191' title='bbox 3262 1020 3385 1061; x_wconf 89' lang='lat' dir='ltr'><strong>suas</strong></span> <span class='ocrx_word' id='word_1_192' title='bbox 3414 1008 3675 1077; x_wconf 83' lang='lat' dir='ltr'><strong>eleetnosy-</strong></span> 
     </span>
    </p>
   </div>
   <div class='ocr_carea' id='block_1_25' title="bbox 2149 1093 2445 1147">
    <p class='ocr_par' dir='ltr' id='par_1_25' title="bbox 2149 1093 2445 1147">
     <span class='ocr_line' id='line_1_25' title="bbox 2149 1093 2445 1147; baseline 0.01 -3"><span class='ocrx_word' id='word_1_193' title='bbox 2149 1108 2241 1147; x_wconf 89' lang='lat' dir='ltr'><strong>nas</strong></span> <span class='ocrx_word' id='word_1_194' title='bbox 2270 1093 2445 1147; x_wconf 79' lang='lat' dir='ltr'><strong>faciat.</strong></span> 
     </span>
    </p>
   </div>
   <div class='ocr_carea' id='block_1_26' title="bbox 2142 1178 3098 1241">
    <p class='ocr_par' dir='ltr' id='par_1_26' title="bbox 2142 1178 3098 1241">
     <span class='ocr_line' id='line_1_26' title="bbox 2142 1178 3098 1241; baseline 0.006 -6"><span class='ocrx_word' id='word_1_195' title='bbox 2142 1178 2149 1185; x_wconf 78' lang='grc'><strong>’</strong></span> <span class='ocrx_word' id='word_1_196' title='bbox 2751 1179 2970 1241; x_wconf 75' lang='lat' dir='ltr'><strong>CAPUT</strong></span> <span class='ocrx_word' id='word_1_197' title='bbox 3009 1187 3098 1241; x_wconf 80' lang='lat' dir='ltr'><strong>IX.</strong></span> 
     </span>
    </p>
   </div>
   <div class='ocr_carea' id='block_1_27' title="bbox 2479 1275 3359 1342">
    <p class='ocr_par' dir='ltr' id='par_1_27' title="bbox 2479 1275 3359 1342">
     <span class='ocr_line' id='line_1_27' title="bbox 2479 1275 3359 1342; baseline 0.002 -14"><span class='ocrx_word' id='word_1_198' title='bbox 2479 1275 2672 1342; x_wconf 79' lang='lat' dir='ltr'><strong>Deira,</strong></span> <span class='ocrx_word' id='word_1_199' title='bbox 2701 1277 2987 1342; x_wconf 83' lang='lat' dir='ltr'><strong>maledicto,</strong></span> <span class='ocrx_word' id='word_1_200' title='bbox 3019 1277 3223 1339; x_wconf 79' lang='lat' dir='ltr'><strong>invidia,</strong></span> <span class='ocrx_word' id='word_1_201' title='bbox 3257 1286 3359 1330; x_wconf 88' lang='lat' dir='ltr'><strong>etc.</strong></span> 
     </span>
    </p>
   </div>
   <div class='ocr_carea' id='block_1_28' title="bbox 2216 1367 3677 1440">
    <p class='ocr_par' dir='ltr' id='par_1_28' title="bbox 2216 1367 3677 1440">
     <span class='ocr_line' id='line_1_28' title="bbox 2216 1367 3677 1440; baseline 0.004 -22"><span class='ocrx_word' id='word_1_202' title='bbox 2216 1367 2311 1433; x_wconf 84' lang='lat' dir='ltr'><strong>Qui</strong></span> <span class='ocrx_word' id='word_1_203' title='bbox 2342 1368 2553 1423; x_wconf 92' lang='lat' dir='ltr'><strong>fratrem</strong></span> <span class='ocrx_word' id='word_1_204' title='bbox 2584 1370 2858 1425; x_wconf 80' lang='lat' dir='ltr'><strong>contristat</strong></span> <span class='ocrx_word' id='word_1_205' title='bbox 2880 1372 3017 1438; x_wconf 89' lang='lat' dir='ltr'><strong>jnste</strong></span> <span class='ocrx_word' id='word_1_206' title='bbox 3044 1371 3123 1423; x_wconf 85' lang='lat' dir='ltr'><strong>vel</strong></span> <span class='ocrx_word' id='word_1_207' title='bbox 3158 1370 3370 1438; x_wconf 87' lang='lat' dir='ltr'><strong>injuste,</strong></span> <span class='ocrx_word' id='word_1_208' title='bbox 3395 1381 3677 1440; x_wconf 80' lang='lat' dir='ltr'><strong>conceptmn</strong></span> 
     </span>
    </p>
   </div>
   <div class='ocr_carea' id='block_1_29' title="bbox 2148 1459 3677 1528">
    <p class='ocr_par' dir='ltr' id='par_1_29' title="bbox 2148 1459 3677 1528">
     <span class='ocr_line' id='line_1_29' title="bbox 2148 1459 3677 1528; baseline 0.001 -16"><span class='ocrx_word' id='word_1_209' title='bbox 2148 1473 2419 1513; x_wconf 89' lang='lat' dir='ltr'><strong>rancorem</strong></span> <span class='ocrx_word' id='word_1_210' title='bbox 2449 1459 2562 1527; x_wconf 89' lang='lat' dir='ltr'><strong>ejus</strong></span> <span class='ocrx_word' id='word_1_211' title='bbox 2592 1459 2952 1514; x_wconf 81' lang='lat' dir='ltr'><strong>satisfactione</strong></span> <span class='ocrx_word' id='word_1_212' title='bbox 2992 1469 3015 1495; x_wconf 72' lang='grc' dir='ltr'>ε</span> <span class='ocrx_word' id='word_1_213' title='bbox 3049 1470 3101 1512; x_wconf 84' lang='lat' dir='ltr'><strong>et</strong></span> <span class='ocrx_word' id='word_1_214' title='bbox 3130 1459 3209 1513; x_wconf 89' lang='lat' dir='ltr'><strong>sic</strong></span> <span class='ocrx_word' id='word_1_215' title='bbox 3239 1470 3417 1528; x_wconf 85' lang='lat' dir='ltr'><strong>postea</strong></span> <span class='ocrx_word' id='word_1_216' title='bbox 3446 1475 3615 1525; x_wconf 79' lang='lat' dir='ltr'><strong>orare;</strong></span> <span class='ocrx_word' id='word_1_217' title='bbox 3642 1464 3677 1515; x_wconf 87' lang='lat' dir='ltr'><strong>si</strong></span> 
     </span>
    </p>
   </div>
   <div class='ocr_carea' id='block_1_30' title="bbox 2146 1547 3677 1617">
    <p class='ocr_par' dir='ltr' id='par_1_30' title="bbox 2146 1547 3677 1617">
     <span class='ocr_line' id='line_1_30' title="bbox 2146 1547 3677 1617; baseline 0.002 -16"><span class='ocrx_word' id='word_1_218' title='bbox 2146 1556 2321 1601; x_wconf 87' lang='lat' dir='ltr'><strong>autem</strong></span> <span class='ocrx_word' id='word_1_219' title='bbox 2372 1547 2695 1616; x_wconf 88' lang='lat' dir='ltr'><strong>impossibile</strong></span> <span class='ocrx_word' id='word_1_220' title='bbox 2732 1550 2891 1615; x_wconf 84' lang='lat' dir='ltr'><strong>recipi</strong></span> <span class='ocrx_word' id='word_1_221' title='bbox 2926 1548 2993 1601; x_wconf 87' lang='lat' dir='ltr'><strong>ab</strong></span> <span class='ocrx_word' id='word_1_222' title='bbox 3016 1562 3109 1610; x_wconf 92' lang='lat' dir='ltr'><strong>eo,</strong></span> <span class='ocrx_word' id='word_1_223' title='bbox 3141 1549 3216 1602; x_wconf 90' lang='lat' dir='ltr'><strong>sic</strong></span> <span class='ocrx_word' id='word_1_224' title='bbox 3258 1559 3428 1601; x_wconf 90' lang='lat' dir='ltr'><strong>tamen</strong></span> <span class='ocrx_word' id='word_1_225' title='bbox 3456 1550 3677 1617; x_wconf 64' lang='lat' dir='ltr'><strong>poeniteat</strong></span> 
     </span>
    </p>
   </div>
   <div class='ocr_carea' id='block_1_31' title="bbox 2136 1636 3678 1707">
    <p class='ocr_par' dir='ltr' id='par_1_31' title="bbox 2136 1636 3678 1707">
     <span class='ocr_line' id='line_1_31' title="bbox 2136 1636 3678 1707; baseline -0.003 -17"><span class='ocrx_word' id='word_1_226' title='bbox 2136 1637 2339 1707; x_wconf 88' lang='lat' dir='ltr'><strong>judicio</strong></span> <span class='ocrx_word' id='word_1_227' title='bbox 2388 1638 2713 1701; x_wconf 87' lang='lat' dir='ltr'><strong>sacerdotis;</strong></span> <span class='ocrx_word' id='word_1_228' title='bbox 2764 1636 2807 1690; x_wconf 88' lang='lat' dir='ltr'><strong>is</strong></span> <span class='ocrx_word' id='word_1_229' title='bbox 2854 1645 3024 1689; x_wconf 89' lang='lat' dir='ltr'><strong>autem</strong></span> <span class='ocrx_word' id='word_1_230' title='bbox 3056 1636 3142 1704; x_wconf 89' lang='lat' dir='ltr'><strong>qui</strong></span> <span class='ocrx_word' id='word_1_231' title='bbox 3188 1651 3288 1688; x_wconf 93' lang='lat' dir='ltr'><strong>non</strong></span> <span class='ocrx_word' id='word_1_232' title='bbox 3334 1637 3515 1704; x_wconf 83' lang='lat' dir='ltr'><strong>recipit</strong></span> <span class='ocrx_word' id='word_1_233' title='bbox 3556 1654 3678 1701; x_wconf 83' lang='lat' dir='ltr'><strong>eum,</strong></span> 
     </span>
    </p>
   </div>
   <div class='ocr_carea' id='block_1_32' title="bbox 2146 1724 3679 1801">
    <p class='ocr_par' dir='ltr' id='par_1_32' title="bbox 2146 1724 3679 1801">
     <span class='ocr_line' id='line_1_32' title="bbox 2146 1724 3679 1801; baseline 0.001 -23"><span class='ocrx_word' id='word_1_234' title='bbox 2146 1734 2341 1801; x_wconf 89' lang='lat' dir='ltr'><strong>quanto</strong></span> <span class='ocrx_word' id='word_1_235' title='bbox 2380 1737 2615 1795; x_wconf 87' lang='lat' dir='ltr'><strong>tempore</strong></span> <span class='ocrx_word' id='word_1_236' title='bbox 2653 1724 2998 1792; x_wconf 84' lang='lat' dir='ltr'><strong>implacabilis</strong></span> <span class='ocrx_word' id='word_1_237' title='bbox 3027 1726 3132 1787; x_wconf 86' lang='lat' dir='ltr'><strong>sit,</strong></span> <span class='ocrx_word' id='word_1_238' title='bbox 3164 1732 3308 1777; x_wconf 90' lang='lat' dir='ltr'><strong>tanto</strong></span> <span class='ocrx_word' id='word_1_239' title='bbox 3348 1740 3463 1778; x_wconf 92' lang='lat' dir='ltr'><strong>cum</strong></span> <span class='ocrx_word' id='word_1_240' title='bbox 3492 1740 3611 1792; x_wconf 89' lang='lat' dir='ltr'><strong>pane</strong></span> <span class='ocrx_word' id='word_1_241' title='bbox 3634 1736 3679 1779; x_wconf 82' lang='lat' dir='ltr'><strong>et</strong></span> 
     </span>
    </p>
   </div>
   <div class='ocr_carea' id='block_1_33' title="bbox 491 1798 3679 1893">
    <p class='ocr_par' dir='ltr' id='par_1_33' title="bbox 491 1798 3679 1893">
     <span class='ocr_line' id='line_1_33' title="bbox 491 1798 3679 1893; baseline -0.001 -21"><span class='ocrx_word' id='word_1_242' title='bbox 491 1818 965 1893; x_wconf 63' lang='lat' dir='ltr'><strong>IterpIivinaliOttes</strong></span> <span class='ocrx_word' id='word_1_243' title='bbox 996 1822 1076 1874; x_wconf 86' lang='lat' dir='ltr'><strong>vel</strong></span> <span class='ocrx_word' id='word_1_244' title='bbox 1110 1821 1495 1873; x_wconf 83' lang='lat' dir='ltr'><strong>incantationes</strong></span> <span class='ocrx_word' id='word_1_245' title='bbox 1520 1821 1800 1873; x_wconf 75' lang='lat' dir='ltr'><strong>diabolicae</strong></span> <span class='ocrx_word' id='word_1_246' title='bbox 1842 1821 2039 1886; x_wconf 79' lang='lat' dir='ltr'><strong>fecerit,</strong></span> <span class='ocrx_word' id='word_1_247' title='bbox 2075 1798 2120 1857; x_wconf 71' lang='grc' dir='ltr'><strong>Β</strong></span> <span class='ocrx_word' id='word_1_248' title='bbox 2151 1830 2283 1883; x_wconf 85' lang='lat' dir='ltr'><strong>aqua</strong></span> <span class='ocrx_word' id='word_1_249' title='bbox 2330 1816 2467 1869; x_wconf 82' lang='lat' dir='ltr'><strong>vivat</strong></span> <span class='ocrx_word' id='word_1_250' title='bbox 2520 1815 2779 1870; x_wconf 82' lang='lat' dir='ltr'><strong>homicida</strong></span> <span class='ocrx_word' id='word_1_251' title='bbox 2822 1815 2929 1869; x_wconf 89' lang='lat' dir='ltr'><strong>ille.</strong></span> <span class='ocrx_word' id='word_1_252' title='bbox 2974 1813 3071 1881; x_wconf 85' lang='lat' dir='ltr'><strong>Qui</strong></span> <span class='ocrx_word' id='word_1_253' title='bbox 3121 1816 3231 1868; x_wconf 91' lang='lat' dir='ltr'><strong>odit</strong></span> <span class='ocrx_word' id='word_1_254' title='bbox 3276 1813 3488 1868; x_wconf 84' lang='lat' dir='ltr'><strong>fratrem</strong></span> <span class='ocrx_word' id='word_1_255' title='bbox 3524 1832 3679 1879; x_wconf 80' lang='lat' dir='ltr'><strong>suum,</strong></span> 
     </span>
    </p>
   </div>
   <div class='ocr_carea' id='block_1_34' title="bbox 490 1908 2047 1983">
    <p class='ocr_par' dir='ltr' id='par_1_34' title="bbox 490 1908 2047 1983">
     <span class='ocr_line' id='line_1_34' title="bbox 490 1908 2047 1983; baseline 0.003 -24"><span class='ocrx_word' id='word_1_256' title='bbox 490 1924 594 1960; x_wconf 89' lang='lat' dir='ltr'><strong>uno</strong></span> <span class='ocrx_word' id='word_1_257' title='bbox 617 1923 755 1962; x_wconf 89' lang='lat' dir='ltr'><strong>anno</strong></span> <span class='ocrx_word' id='word_1_258' title='bbox 784 1910 863 1961; x_wconf 85' lang='lat' dir='ltr'><strong>vel</strong></span> <span class='ocrx_word' id='word_1_259' title='bbox 906 1910 1071 1961; x_wconf 82' lang='lat' dir='ltr'><strong>tribus</strong></span> <span class='ocrx_word' id='word_1_260' title='bbox 1098 1908 1527 1978; x_wconf 80' lang='lat' dir='ltr'><strong>Quadragesimis</strong></span> <span class='ocrx_word' id='word_1_261' title='bbox 1556 1909 1895 1977; x_wconf 76' lang='lat' dir='ltr'><strong>quadraginta</strong></span> <span class='ocrx_word' id='word_1_262' title='bbox 1933 1911 2047 1983; x_wconf 77' lang='lat' dir='ltr'><strong>die-</strong></span> 
     </span>
    </p>
   </div>
   <div class='ocr_carea' id='block_1_35' title="bbox 488 1996 2048 2066">
    <p class='ocr_par' dir='ltr' id='par_1_35' title="bbox 488 1996 2048 2066">
     <span class='ocr_line' id='line_1_35' title="bbox 488 1996 2048 2066; baseline 0.001 -17"><span class='ocrx_word' id='word_1_263' title='bbox 488 2013 604 2050; x_wconf 91' lang='lat' dir='ltr'><strong>rum</strong></span> <span class='ocrx_word' id='word_1_264' title='bbox 628 1996 775 2066; x_wconf 84' lang='lat' dir='ltr'><strong>juxta</strong></span> <span class='ocrx_word' id='word_1_265' title='bbox 806 1999 1107 2066; x_wconf 85' lang='lat' dir='ltr'><strong>qualitatem</strong></span> <span class='ocrx_word' id='word_1_266' title='bbox 1138 2000 1302 2065; x_wconf 66' lang='lat' dir='ltr'><strong>culpa:</strong></span> <span class='ocrx_word' id='word_1_267' title='bbox 1348 1999 1619 2065; x_wconf 70' lang='lat' dir='ltr'><strong>pteniteat.</strong></span> <span class='ocrx_word' id='word_1_268' title='bbox 1667 1997 1765 2064; x_wconf 82' lang='lat' dir='ltr'><strong>Qui</strong></span> <span class='ocrx_word' id='word_1_269' title='bbox 1814 1999 2048 2052; x_wconf 82' lang='lat' dir='ltr'><strong>immolat</strong></span> 
     </span>
    </p>
   </div>
   <div class='ocr_carea' id='block_1_36' title="bbox 486 2089 2044 2158">
    <p class='ocr_par' dir='ltr' id='par_1_36' title="bbox 486 2089 2044 2158">
     <span class='ocr_line' id='line_1_36' title="bbox 486 2089 2044 2158; baseline 0.001 -16"><span class='ocrx_word' id='word_1_270' title='bbox 486 2089 813 2143; x_wconf 70' lang='lat' dir='ltr'><strong>dtetnonibus</strong></span> <span class='ocrx_word' id='word_1_271' title='bbox 845 2090 895 2143; x_wconf 91' lang='lat' dir='ltr'><strong>in</strong></span> <span class='ocrx_word' id='word_1_272' title='bbox 937 2089 1199 2152; x_wconf 80' lang='lat' dir='ltr'><strong>minimis,</strong></span> <span class='ocrx_word' id='word_1_273' title='bbox 1251 2103 1353 2141; x_wconf 92' lang='lat' dir='ltr'><strong>uno</strong></span> <span class='ocrx_word' id='word_1_274' title='bbox 1394 2104 1530 2142; x_wconf 88' lang='lat' dir='ltr'><strong>anno</strong></span> <span class='ocrx_word' id='word_1_275' title='bbox 1562 2090 1840 2157; x_wconf 75' lang='lat' dir='ltr'><strong>ptenitoat;</strong></span> <span class='ocrx_word' id='word_1_276' title='bbox 1874 2092 1960 2158; x_wconf 75' lang='lat' dir='ltr'><strong>qui</strong></span> <span class='ocrx_word' id='word_1_277' title='bbox 1993 2090 2044 2144; x_wconf 87' lang='lat' dir='ltr'><strong>in</strong></span> 
     </span>
    </p>
   </div>
   <div class='ocr_carea' id='block_1_37' title="bbox 488 2177 2045 2246">
    <p class='ocr_par' dir='ltr' id='par_1_37' title="bbox 488 2177 2045 2246">
     <span class='ocr_line' id='line_1_37' title="bbox 488 2177 2045 2246; baseline 0.001 -14"><span class='ocrx_word' id='word_1_278' title='bbox 488 2180 710 2246; x_wconf 85' lang='lat' dir='ltr'><strong>magnis,</strong></span> <span class='ocrx_word' id='word_1_279' title='bbox 736 2180 939 2232; x_wconf 88' lang='lat' dir='ltr'><strong>decem.</strong></span> <span class='ocrx_word' id='word_1_280' title='bbox 967 2178 1021 2231; x_wconf 88' lang='lat' dir='ltr'><strong>Si</strong></span> <span class='ocrx_word' id='word_1_281' title='bbox 1045 2191 1145 2245; x_wconf 90' lang='lat' dir='ltr'><strong>qna</strong></span> <span class='ocrx_word' id='word_1_282' title='bbox 1176 2177 1361 2231; x_wconf 89' lang='lat' dir='ltr'><strong>mulier</strong></span> <span class='ocrx_word' id='word_1_283' title='bbox 1386 2179 1545 2231; x_wconf 84' lang='lat' dir='ltr'><strong>lilium</strong></span> <span class='ocrx_word' id='word_1_284' title='bbox 1580 2192 1665 2231; x_wconf 88' lang='lat' dir='ltr'><strong>aut</strong></span> <span class='ocrx_word' id='word_1_285' title='bbox 1702 2178 1861 2232; x_wconf 88' lang='lat' dir='ltr'><strong>filiam</strong></span> <span class='ocrx_word' id='word_1_286' title='bbox 1890 2196 2045 2246; x_wconf 90' lang='lat' dir='ltr'><strong>super</strong></span> 
     </span>
    </p>
   </div>
   <div class='ocr_carea' id='block_1_38' title="bbox 488 2268 2045 2335">
    <p class='ocr_par' dir='ltr' id='par_1_38' title="bbox 488 2268 2045 2335">
     <span class='ocr_line' id='line_1_38' title="bbox 488 2268 2045 2335; baseline -0.001 -15"><span class='ocrx_word' id='word_1_287' title='bbox 488 2271 682 2320; x_wconf 80' lang='lat' dir='ltr'><strong>tectum</strong></span> <span class='ocrx_word' id='word_1_288' title='bbox 731 2281 827 2335; x_wconf 85' lang='lat' dir='ltr'><strong>pro</strong></span> <span class='ocrx_word' id='word_1_289' title='bbox 874 2269 1096 2320; x_wconf 76' lang='lat' dir='ltr'><strong>sanitate</strong></span> <span class='ocrx_word' id='word_1_290' title='bbox 1130 2269 1393 2332; x_wconf 86' lang='lat' dir='ltr'><strong>posuerit,</strong></span> <span class='ocrx_word' id='word_1_291' title='bbox 1431 2269 1515 2321; x_wconf 91' lang='lat' dir='ltr'><strong>vel</strong></span> <span class='ocrx_word' id='word_1_292' title='bbox 1560 2270 1608 2321; x_wconf 89' lang='lat' dir='ltr'><strong>itt</strong></span> <span class='ocrx_word' id='word_1_293' title='bbox 1653 2268 1891 2333; x_wconf 87' lang='lat' dir='ltr'><strong>fornace,</strong></span> <span class='ocrx_word' id='word_1_294' title='bbox 1928 2280 2045 2321; x_wconf 87' lang='lat' dir='ltr'><strong>octo</strong></span> 
     </span>
    </p>
   </div>
   <div class='ocr_carea' id='block_1_39' title="bbox 485 2358 2043 2426">
    <p class='ocr_par' dir='ltr' id='par_1_39' title="bbox 485 2358 2043 2426">
     <span class='ocr_line' id='line_1_39' title="bbox 485 2358 2043 2426; baseline 0.001 -16"><span class='ocrx_word' id='word_1_295' title='bbox 485 2360 639 2412; x_wconf 87' lang='lat' dir='ltr'><strong>annis</strong></span> <span class='ocrx_word' id='word_1_296' title='bbox 667 2360 920 2426; x_wconf 69' lang='lat' dir='ltr'><strong>pmuiteat</strong></span> <span class='ocrx_word' id='word_1_297' title='bbox 965 2374 981 2411; x_wconf 91' lang='lat'><strong>:</strong></span> <span class='ocrx_word' id='word_1_298' title='bbox 1024 2358 1265 2411; x_wconf 86' lang='lat' dir='ltr'><strong>similiter</strong></span> <span class='ocrx_word' id='word_1_299' title='bbox 1303 2369 1355 2411; x_wconf 83' lang='lat' dir='ltr'><strong>et</strong></span> <span class='ocrx_word' id='word_1_300' title='bbox 1382 2360 1467 2425; x_wconf 92' lang='lat' dir='ltr'><strong>qui</strong></span> <span class='ocrx_word' id='word_1_301' title='bbox 1511 2373 1671 2426; x_wconf 88' lang='lat' dir='ltr'><strong>grana</strong></span> <span class='ocrx_word' id='word_1_302' title='bbox 1716 2360 1924 2422; x_wconf 85' lang='lat' dir='ltr'><strong>arserit,</strong></span> <span class='ocrx_word' id='word_1_303' title='bbox 1959 2361 2043 2411; x_wconf 88' lang='lat' dir='ltr'><strong>ubi</strong></span> 
     </span>
    </p>
   </div>
   <div class='ocr_carea' id='block_1_40' title="bbox 392 2448 2043 2515">
    <p class='ocr_par' dir='ltr' id='par_1_40' title="bbox 392 2448 2043 2515">
     <span class='ocr_line' id='line_1_40' title="bbox 392 2448 2043 2515; baseline 0.001 -15"><span class='ocrx_word' id='word_1_304' title='bbox 392 2466 395 2469; x_wconf 50' lang='lat'><strong><em>‘</em></strong></span> <span class='ocrx_word' id='word_1_305' title='bbox 487 2458 727 2502; x_wconf 88' lang='lat' dir='ltr'><strong>mortuus</strong></span> <span class='ocrx_word' id='word_1_306' title='bbox 756 2460 835 2501; x_wconf 70' lang='grc' dir='ltr'><strong>εει</strong></span> <span class='ocrx_word' id='word_1_307' title='bbox 867 2448 1022 2501; x_wconf 89' lang='lat' dir='ltr'><strong>homo</strong></span> <span class='ocrx_word' id='word_1_308' title='bbox 1043 2488 1056 2511; x_wconf 91' lang='lat'><strong>,</strong></span> <span class='ocrx_word' id='word_1_309' title='bbox 1086 2457 1138 2501; x_wconf 91' lang='lat' dir='ltr'><strong>et</strong></span> <span class='ocrx_word' id='word_1_310' title='bbox 1170 2463 1264 2515; x_wconf 79' lang='lat' dir='ltr'><strong>pro</strong></span> <span class='ocrx_word' id='word_1_311' title='bbox 1291 2449 1512 2501; x_wconf 87' lang='lat' dir='ltr'><strong>sanitate</strong></span> <span class='ocrx_word' id='word_1_312' title='bbox 1537 2452 1847 2515; x_wconf 89' lang='lat' dir='ltr'><strong>juvencum,</strong></span> <span class='ocrx_word' id='word_1_313' title='bbox 1875 2458 1928 2504; x_wconf 88' lang='lat' dir='ltr'><strong>et</strong></span> <span class='ocrx_word' id='word_1_314' title='bbox 1954 2452 2043 2502; x_wconf 89' lang='lat' dir='ltr'><strong>da-</strong></span> 
     </span>
    </p>
   </div>
   <div class='ocr_carea' id='block_1_41' title="bbox 488 2534 1573 2607">
    <p class='ocr_par' dir='ltr' id='par_1_41' title="bbox 488 2534 1573 2607">
     <span class='ocr_line' id='line_1_41' title="bbox 488 2534 1573 2607; baseline 0.001 -17"><span class='ocrx_word' id='word_1_315' title='bbox 488 2553 603 2590; x_wconf 88' lang='lat' dir='ltr'><strong>mas</strong></span> <span class='ocrx_word' id='word_1_316' title='bbox 633 2534 846 2607; x_wconf 78' lang='lat' dir='ltr'><strong>[uﬂ&#39;ert],</strong></span> <span class='ocrx_word' id='word_1_317' title='bbox 880 2538 1085 2589; x_wconf 86' lang='lat' dir='ltr'><strong>duobus</strong></span> <span class='ocrx_word' id='word_1_318' title='bbox 1111 2538 1265 2591; x_wconf 86' lang='lat' dir='ltr'><strong>anuis</strong></span> <span class='ocrx_word' id='word_1_319' title='bbox 1299 2538 1573 2606; x_wconf 71' lang='lat' dir='ltr'><strong>pmttiteat.</strong></span> 
     </span>
    </p>
   </div>
   <div class='ocr_carea' id='block_1_42' title="bbox 627 2625 1902 2696">
    <p class='ocr_par' dir='ltr' id='par_1_42' title="bbox 627 2625 1902 2696">
     <span class='ocr_line' id='line_1_42' title="bbox 627 2625 1902 2696; baseline 0.002 -19"><span class='ocrx_word' id='word_1_320' title='bbox 627 2625 705 2679; x_wconf 89' lang='lat' dir='ltr'><strong>De</strong></span> <span class='ocrx_word' id='word_1_321' title='bbox 726 2642 917 2678; x_wconf 86' lang='lat' dir='ltr'><strong>canone</strong></span> <span class='ocrx_word' id='word_1_322' title='bbox 941 2629 1229 2696; x_wconf 80' lang='lat' dir='ltr'><strong>Ancyrano,</strong></span> <span class='ocrx_word' id='word_1_323' title='bbox 1263 2628 1395 2681; x_wconf 83' lang='lat' dir='ltr'><strong>unde</strong></span> <span class='ocrx_word' id='word_1_324' title='bbox 1421 2645 1606 2695; x_wconf 83' lang='lat' dir='ltr'><strong>supra,</strong></span> <span class='ocrx_word' id='word_1_325' title='bbox 1640 2645 1781 2682; x_wconf 80' lang='lat' dir='ltr'><strong>num.</strong></span> <span class='ocrx_word' id='word_1_326' title='bbox 1812 2626 1902 2681; x_wconf 68' lang='grc'><strong>24.</strong></span> 
     </span>
    </p>
   </div>
   <div class='ocr_carea' id='block_1_43' title="bbox 558 2716 2043 2786">
    <p class='ocr_par' dir='ltr' id='par_1_43' title="bbox 558 2716 2043 2786">
     <span class='ocr_line' id='line_1_43' title="bbox 558 2716 2043 2786; baseline 0.002 -19"><span class='ocrx_word' id='word_1_327' title='bbox 558 2717 655 2781; x_wconf 80' lang='lat' dir='ltr'><strong>Qui</strong></span> <span class='ocrx_word' id='word_1_328' title='bbox 687 2716 903 2785; x_wconf 87' lang='lat' dir='ltr'><strong>auguria</strong></span> <span class='ocrx_word' id='word_1_329' title='bbox 929 2718 1290 2786; x_wconf 68' lang='lat' dir='ltr'><strong>auspiciaque,</strong></span> <span class='ocrx_word' id='word_1_330' title='bbox 1334 2719 1446 2772; x_wconf 88' lang='lat' dir='ltr'><strong>sive</strong></span> <span class='ocrx_word' id='word_1_331' title='bbox 1474 2720 1697 2784; x_wconf 82' lang='lat' dir='ltr'><strong>somnia,</strong></span> <span class='ocrx_word' id='word_1_332' title='bbox 1730 2718 1809 2774; x_wconf 88' lang='lat' dir='ltr'><strong>vel</strong></span> <span class='ocrx_word' id='word_1_333' title='bbox 1839 2719 2043 2772; x_wconf 83' lang='lat' dir='ltr'><strong>divina—</strong></span> 
     </span>
    </p>
   </div>
   <div class='ocr_carea' id='block_1_44' title="bbox 489 2809 2043 2879">
    <p class='ocr_par' dir='ltr' id='par_1_44' title="bbox 489 2809 2043 2879">
     <span class='ocr_line' id='line_1_44' title="bbox 489 2809 2043 2879; baseline 0.001 -18"><span class='ocrx_word' id='word_1_334' title='bbox 489 2809 659 2863; x_wconf 85' lang='lat' dir='ltr'><strong>tiones</strong></span> <span class='ocrx_word' id='word_1_335' title='bbox 694 2810 957 2878; x_wconf 86' lang='lat' dir='ltr'><strong>quaslibet</strong></span> <span class='ocrx_word' id='word_1_336' title='bbox 1001 2810 1289 2863; x_wconf 85' lang='lat' dir='ltr'><strong>secundum</strong></span> <span class='ocrx_word' id='word_1_337' title='bbox 1336 2826 1535 2865; x_wconf 89' lang='lat' dir='ltr'><strong>morem</strong></span> <span class='ocrx_word' id='word_1_338' title='bbox 1578 2812 1811 2879; x_wconf 89' lang='lat' dir='ltr'><strong>gentium</strong></span> <span class='ocrx_word' id='word_1_339' title='bbox 1865 2812 2043 2865; x_wconf 86' lang='lat' dir='ltr'><strong>obser-</strong></span> 
     </span>
    </p>
   </div>
   <div class='ocr_carea' id='block_1_45' title="bbox 487 2899 2045 2969">
    <p class='ocr_par' dir='ltr' id='par_1_45' title="bbox 487 2899 2045 2969">
     <span class='ocr_line' id='line_1_45' title="bbox 487 2899 2045 2969; baseline 0.003 -19"><span class='ocrx_word' id='word_1_340' title='bbox 487 2900 756 2961; x_wconf 86' lang='lat' dir='ltr'><strong>vaveriut,</strong></span> <span class='ocrx_word' id='word_1_341' title='bbox 791 2908 881 2951; x_wconf 89' lang='lat' dir='ltr'><strong>aut</strong></span> <span class='ocrx_word' id='word_1_342' title='bbox 911 2900 962 2951; x_wconf 89' lang='lat' dir='ltr'><strong>itt</strong></span> <span class='ocrx_word' id='word_1_343' title='bbox 993 2899 1235 2954; x_wconf 82' lang='lat' dir='ltr'><strong>dantibus</strong></span> <span class='ocrx_word' id='word_1_344' title='bbox 1268 2901 1567 2969; x_wconf 89' lang='lat' dir='ltr'><strong>hujusmodi</strong></span> <span class='ocrx_word' id='word_1_345' title='bbox 1605 2901 1840 2956; x_wconf 87' lang='lat' dir='ltr'><strong>homines</strong></span> <span class='ocrx_word' id='word_1_346' title='bbox 1881 2903 2045 2955; x_wconf 85' lang='lat' dir='ltr'><strong>intro-</strong></span> 
     </span>
    </p>
   </div>
   <div class='ocr_carea' id='block_1_46' title="bbox 487 2988 2046 3059">
    <p class='ocr_par' dir='ltr' id='par_1_46' title="bbox 487 2988 2046 3059">
     <span class='ocr_line' id='line_1_46' title="bbox 487 2988 2046 3059; baseline 0.003 -18"><span class='ocrx_word' id='word_1_347' title='bbox 487 2988 720 3051; x_wconf 91' lang='lat' dir='ltr'><strong>ducunt,</strong></span> <span class='ocrx_word' id='word_1_348' title='bbox 748 2988 800 3041; x_wconf 91' lang='lat' dir='ltr'><strong>in</strong></span> <span class='ocrx_word' id='word_1_349' title='bbox 832 2991 1170 3056; x_wconf 81' lang='lat' dir='ltr'><strong>exquirendis</strong></span> <span class='ocrx_word' id='word_1_350' title='bbox 1198 2992 1372 3059; x_wconf 84' lang='lat' dir='ltr'><strong>aliqua</strong></span> <span class='ocrx_word' id='word_1_351' title='bbox 1402 3002 1515 3046; x_wconf 88' lang='lat' dir='ltr'><strong>arte</strong></span> <span class='ocrx_word' id='word_1_352' title='bbox 1546 2992 1840 3055; x_wconf 84' lang='lat' dir='ltr'><strong>maleficiis,</strong></span> <span class='ocrx_word' id='word_1_353' title='bbox 1871 3001 2046 3045; x_wconf 89' lang='lat' dir='ltr'><strong>aut-ut</strong></span> 
     </span>
    </p>
   </div>
   <div class='ocr_carea' id='block_1_47' title="bbox 488 3079 2039 3147">
    <p class='ocr_par' dir='ltr' id='par_1_47' title="bbox 488 3079 2039 3147">
     <span class='ocr_line' id='line_1_47' title="bbox 488 3079 2039 3147; baseline 0.002 -16"><span class='ocrx_word' id='word_1_354' title='bbox 488 3081 671 3132; x_wconf 86' lang='lat' dir='ltr'><strong>dumos</strong></span> <span class='ocrx_word' id='word_1_355' title='bbox 697 3093 819 3131; x_wconf 87' lang='lat' dir='ltr'><strong>suas</strong></span> <span class='ocrx_word' id='word_1_356' title='bbox 844 3079 1089 3141; x_wconf 79' lang='lat' dir='ltr'><strong>luStreut,</strong></span> <span class='ocrx_word' id='word_1_357' title='bbox 1121 3079 1377 3134; x_wconf 91' lang='lat' dir='ltr'><strong>immundi</strong></span> <span class='ocrx_word' id='word_1_358' title='bbox 1406 3081 1519 3146; x_wconf 84' lang='lat' dir='ltr'><strong>isti,</strong></span> <span class='ocrx_word' id='word_1_359' title='bbox 1552 3082 1597 3135; x_wconf 89' lang='lat' dir='ltr'><strong>si</strong></span> <span class='ocrx_word' id='word_1_360' title='bbox 1628 3082 1695 3136; x_wconf 88' lang='lat' dir='ltr'><strong>de</strong></span> <span class='ocrx_word' id='word_1_361' title='bbox 1737 3082 1879 3136; x_wconf 83' lang='lat' dir='ltr'><strong>clero</strong></span> <span class='ocrx_word' id='word_1_362' title='bbox 1915 3082 2039 3147; x_wconf 87' lang='lat' dir='ltr'><strong>sint,</strong></span> 
     </span>
    </p>
   </div>
   <div class='ocr_carea' id='block_1_48' title="bbox 488 3168 2041 3243">
    <p class='ocr_par' dir='ltr' id='par_1_48' title="bbox 488 3168 2041 3243">
     <span class='ocr_line' id='line_1_48' title="bbox 488 3168 2041 3243; baseline 0.004 -20"><span class='ocrx_word' id='word_1_363' title='bbox 488 3171 799 3238; x_wconf 85' lang='lat' dir='ltr'><strong>abjiciantur</strong></span> <span class='ocrx_word' id='word_1_364' title='bbox 827 3186 841 3222; x_wconf 90' lang='lat'><strong>:</strong></span> <span class='ocrx_word' id='word_1_365' title='bbox 876 3168 919 3221; x_wconf 80' lang='lat' dir='ltr'><strong>si</strong></span> <span class='ocrx_word' id='word_1_366' title='bbox 949 3182 1074 3223; x_wconf 85' lang='lat' dir='ltr'><strong>vero</strong></span> <span class='ocrx_word' id='word_1_367' title='bbox 1098 3171 1399 3239; x_wconf 65' lang='lat' dir='ltr'><strong>smculares,</strong></span> <span class='ocrx_word' id='word_1_368' title='bbox 1425 3172 1650 3227; x_wconf 87' lang='lat' dir='ltr'><strong>confessi</strong></span> <span class='ocrx_word' id='word_1_369' title='bbox 1682 3175 2041 3243; x_wconf 64' lang='lat' dir='ltr'><strong>paenitentiam</strong></span> 
     </span>
    </p>
   </div>
   <div class='ocr_carea' id='block_1_49' title="bbox 488 3260 2046 3334">
    <p class='ocr_par' dir='ltr' id='par_1_49' title="bbox 488 3260 2046 3334">
     <span class='ocr_line' id='line_1_49' title="bbox 488 3260 2046 3334; baseline 0.005 -23"><span class='ocrx_word' id='word_1_370' title='bbox 488 3267 646 3329; x_wconf 86' lang='lat' dir='ltr'><strong>agant</strong></span> <span class='ocrx_word' id='word_1_371' title='bbox 676 3260 1035 3328; x_wconf 85' lang='lat' dir='ltr'><strong>quinquennio</strong></span> <span class='ocrx_word' id='word_1_372' title='bbox 1059 3262 1350 3317; x_wconf 85' lang='lat' dir='ltr'><strong>secundum</strong></span> <span class='ocrx_word' id='word_1_373' title='bbox 1378 3266 1582 3334; x_wconf 88' lang='lat' dir='ltr'><strong>regulas</strong></span> <span class='ocrx_word' id='word_1_374' title='bbox 1610 3266 1893 3334; x_wconf 89' lang='lat' dir='ltr'><strong>antiquitus</strong></span> <span class='ocrx_word' id='word_1_375' title='bbox 1920 3281 2046 3319; x_wconf 66' lang='lat' dir='ltr'><strong>cono</strong></span> 
     </span>
    </p>
   </div>
   <div class='ocr_carea' id='block_1_50' title="bbox 487 3351 2048 3420">
    <p class='ocr_par' dir='ltr' id='par_1_50' title="bbox 487 3351 2048 3420">
     <span class='ocr_line' id='line_1_50' title="bbox 487 3351 2048 3420; baseline 0.003 -16"><span class='ocrx_word' id='word_1_376' title='bbox 487 3351 721 3404; x_wconf 85' lang='lat' dir='ltr'><strong>stitutas.</strong></span> <span class='ocrx_word' id='word_1_377' title='bbox 755 3353 851 3415; x_wconf 88' lang='lat' dir='ltr'><strong>Qui</strong></span> <span class='ocrx_word' id='word_1_378' title='bbox 901 3354 1073 3407; x_wconf 89' lang='lat' dir='ltr'><strong>cibum</strong></span> <span class='ocrx_word' id='word_1_379' title='bbox 1128 3351 1453 3405; x_wconf 88' lang='lat' dir='ltr'><strong>immolatum</strong></span> <span class='ocrx_word' id='word_1_380' title='bbox 1501 3353 1822 3420; x_wconf 89' lang='lat' dir='ltr'><strong>comederit,</strong></span> <span class='ocrx_word' id='word_1_381' title='bbox 1854 3352 2048 3408; x_wconf 88' lang='lat' dir='ltr'><strong>deinde</strong></span> 
     </span>
    </p>
   </div>
   <div class='ocr_carea' id='block_1_51' title="bbox 489 3440 2049 3514">
    <p class='ocr_par' dir='ltr' id='par_1_51' title="bbox 489 3440 2049 3514">
     <span class='ocr_line' id='line_1_51' title="bbox 489 3440 2049 3514; baseline 0.003 -19"><span class='ocrx_word' id='word_1_382' title='bbox 489 3440 765 3496; x_wconf 81' lang='lat' dir='ltr'><strong>confessus</strong></span> <span class='ocrx_word' id='word_1_383' title='bbox 796 3444 979 3509; x_wconf 86' lang='lat' dir='ltr'><strong>fuerit,</strong></span> <span class='ocrx_word' id='word_1_384' title='bbox 1010 3446 1257 3499; x_wconf 86' lang='lat' dir='ltr'><strong>sacerdos</strong></span> <span class='ocrx_word' id='word_1_385' title='bbox 1292 3445 1625 3499; x_wconf 88' lang='lat' dir='ltr'><strong>considerare</strong></span> <span class='ocrx_word' id='word_1_386' title='bbox 1668 3445 1827 3501; x_wconf 88' lang='lat' dir='ltr'><strong>debet</strong></span> <span class='ocrx_word' id='word_1_387' title='bbox 1873 3460 2049 3514; x_wconf 82' lang='lat' dir='ltr'><strong>perso-</strong></span> 
     </span>
    </p>
   </div>
   <div class='ocr_carea' id='block_1_52' title="bbox 489 3534 2048 3608">
    <p class='ocr_par' dir='ltr' id='par_1_52' title="bbox 489 3534 2048 3608">
     <span class='ocr_line' id='line_1_52' title="bbox 489 3534 2048 3608; baseline 0.002 -24"><span class='ocrx_word' id='word_1_388' title='bbox 489 3546 645 3593; x_wconf 89' lang='lat' dir='ltr'><strong>nam,</strong></span> <span class='ocrx_word' id='word_1_389' title='bbox 680 3542 917 3598; x_wconf 70' lang='lat' dir='ltr'><strong>retatctu,</strong></span> <span class='ocrx_word' id='word_1_390' title='bbox 954 3537 1031 3587; x_wconf 84' lang='lat' dir='ltr'><strong>vel</strong></span> <span class='ocrx_word' id='word_1_391' title='bbox 1080 3534 1343 3603; x_wconf 91' lang='lat' dir='ltr'><strong>quomodo</strong></span> <span class='ocrx_word' id='word_1_392' title='bbox 1386 3537 1640 3608; x_wconf 75' lang='lat' dir='ltr'><strong>edoctus,</strong></span> <span class='ocrx_word' id='word_1_393' title='bbox 1685 3548 1773 3589; x_wconf 87' lang='lat' dir='ltr'><strong>aut</strong></span> <span class='ocrx_word' id='word_1_394' title='bbox 1820 3536 2048 3604; x_wconf 86' lang='lat' dir='ltr'><strong>gualiter</strong></span> 
     </span>
    </p>
   </div>
   <div class='ocr_carea' id='block_1_53' title="bbox 486 3621 2047 3687">
    <p class='ocr_par' dir='ltr' id='par_1_53' title="bbox 486 3621 2047 3687">
     <span class='ocr_line' id='line_1_53' title="bbox 486 3621 2047 3687; baseline 0.003 -14"><span class='ocrx_word' id='word_1_395' title='bbox 486 3621 762 3687; x_wconf 82' lang='lat' dir='ltr'><strong>contigerit</strong></span> <span class='ocrx_word' id='word_1_396' title='bbox 788 3663 801 3684; x_wconf 96' lang='lat'><strong>,</strong></span> <span class='ocrx_word' id='word_1_397' title='bbox 844 3630 897 3675; x_wconf 90' lang='lat' dir='ltr'><strong>et</strong></span> <span class='ocrx_word' id='word_1_398' title='bbox 926 3624 994 3677; x_wconf 88' lang='lat' dir='ltr'><strong>ita</strong></span> <span class='ocrx_word' id='word_1_399' title='bbox 1024 3625 1311 3678; x_wconf 85' lang='lat' dir='ltr'><strong>auctoritas</strong></span> <span class='ocrx_word' id='word_1_400' title='bbox 1349 3625 1693 3679; x_wconf 80' lang='lat' dir='ltr'><strong>sacerdmalis</strong></span> <span class='ocrx_word' id='word_1_401' title='bbox 1722 3625 1861 3678; x_wconf 86' lang='lat' dir='ltr'><strong>circa</strong></span> <span class='ocrx_word' id='word_1_402' title='bbox 1900 3627 2047 3678; x_wconf 83' lang='lat' dir='ltr'><strong>intir-</strong></span> 
     </span>
    </p>
   </div>
   <div class='ocr_carea' id='block_1_54' title="bbox 489 3709 2047 3789">
    <p class='ocr_par' dir='ltr' id='par_1_54' title="bbox 489 3709 2047 3789">
     <span class='ocr_line' id='line_1_54' title="bbox 489 3709 2047 3789; baseline 0.004 -30"><span class='ocrx_word' id='word_1_403' title='bbox 489 3724 628 3760; x_wconf 86' lang='lat' dir='ltr'><strong>tuum</strong></span> <span class='ocrx_word' id='word_1_404' title='bbox 660 3709 961 3789; x_wconf 52' lang='lat' dir='ltr'><strong>moderetur</strong></span> <span class='ocrx_word' id='word_1_405' title='bbox 992 3729 1004 3763; x_wconf 89' lang='lat'><strong>:</strong></span> <span class='ocrx_word' id='word_1_406' title='bbox 1036 3720 1088 3766; x_wconf 90' lang='lat' dir='ltr'><strong>et</strong></span> <span class='ocrx_word' id='word_1_407' title='bbox 1118 3713 1217 3765; x_wconf 91' lang='lat' dir='ltr'><strong>hoc</strong></span> <span class='ocrx_word' id='word_1_408' title='bbox 1241 3714 1397 3766; x_wconf 87' lang='lat' dir='ltr'><strong>modo</strong></span> <span class='ocrx_word' id='word_1_409' title='bbox 1424 3715 1474 3766; x_wconf 90' lang='lat' dir='ltr'><strong>iu</strong></span> <span class='ocrx_word' id='word_1_410' title='bbox 1508 3712 1813 3781; x_wconf 74' lang='lat' dir='ltr'><strong>pmnitcntia</strong></span> <span class='ocrx_word' id='word_1_411' title='bbox 1839 3715 1895 3769; x_wconf 84' lang='lat' dir='ltr'><strong>et</strong></span> <span class='ocrx_word' id='word_1_412' title='bbox 1920 3728 2047 3768; x_wconf 83' lang='lat' dir='ltr'><strong>cun-</strong></span> 
     </span>
    </p>
   </div>
   <div class='ocr_carea' id='block_1_55' title="bbox 488 3798 2046 3876">
    <p class='ocr_par' dir='ltr' id='par_1_55' title="bbox 488 3798 2046 3876">
     <span class='ocr_line' id='line_1_55' title="bbox 488 3798 2046 3876; baseline 0.006 -26"><span class='ocrx_word' id='word_1_413' title='bbox 488 3798 719 3853; x_wconf 85' lang='lat' dir='ltr'><strong>fessioue</strong></span> <span class='ocrx_word' id='word_1_414' title='bbox 755 3815 965 3869; x_wconf 85' lang='lat' dir='ltr'><strong>semper</strong></span> <span class='ocrx_word' id='word_1_415' title='bbox 992 3802 1208 3857; x_wconf 88' lang='lat' dir='ltr'><strong>omnino</strong></span> <span class='ocrx_word' id='word_1_416' title='bbox 1241 3804 1293 3857; x_wconf 92' lang='lat' dir='ltr'><strong>in</strong></span> <span class='ocrx_word' id='word_1_417' title='bbox 1321 3815 1571 3874; x_wconf 90' lang='lat' dir='ltr'><strong>quantum</strong></span> <span class='ocrx_word' id='word_1_418' title='bbox 1623 3805 1758 3860; x_wconf 91' lang='lat' dir='ltr'><strong>Deus</strong></span> <span class='ocrx_word' id='word_1_419' title='bbox 1795 3806 2046 3876; x_wconf 86' lang='lat' dir='ltr'><strong>adjuvare</strong></span> 
     </span>
    </p>
   </div>
   <div class='ocr_carea' id='block_1_56' title="bbox 486 3888 1756 3963">
    <p class='ocr_par' dir='ltr' id='par_1_56' title="bbox 486 3888 1756 3963">
     <span class='ocr_line' id='line_1_56' title="bbox 486 3888 1756 3963; baseline 0.006 -20"><span class='ocrx_word' id='word_1_420' title='bbox 486 3888 745 3957; x_wconf 74' lang='lat' dir='ltr'><strong>dignatur,</strong></span> <span class='ocrx_word' id='word_1_421' title='bbox 774 3906 893 3945; x_wconf 88' lang='lat' dir='ltr'><strong>cum</strong></span> <span class='ocrx_word' id='word_1_422' title='bbox 925 3895 1066 3949; x_wconf 89' lang='lat' dir='ltr'><strong>omni</strong></span> <span class='ocrx_word' id='word_1_423' title='bbox 1096 3894 1360 3963; x_wconf 87' lang='lat' dir='ltr'><strong>diligentia</strong></span> <span class='ocrx_word' id='word_1_424' title='bbox 1388 3905 1756 3952; x_wconf 83' lang='lat' dir='ltr'><strong>conservetur.</strong></span> 
     </span>
    </p>
   </div>
   <div class='ocr_carea' id='block_1_57' title="bbox 1071 4006 1463 4063">
    <p class='ocr_par' dir='ltr' id='par_1_57' title="bbox 1071 4006 1463 4063">
     <span class='ocr_line' id='line_1_57' title="bbox 1071 4006 1463 4063; baseline 0 -2"><span class='ocrx_word' id='word_1_425' title='bbox 1071 4006 1295 4063; x_wconf 79' lang='lat' dir='ltr'><strong>CAPUT</strong></span> <span class='ocrx_word' id='word_1_426' title='bbox 1338 4009 1463 4062; x_wconf 84' lang='lat' dir='ltr'><strong>VIII.</strong></span> 
     </span>
    </p>
   </div>
   <div class='ocr_carea' id='block_1_58' title="bbox 616 4074 1923 4146">
    <p class='ocr_par' dir='ltr' id='par_1_58' title="bbox 616 4074 1923 4146">
     <span class='ocr_line' id='line_1_58' title="bbox 616 4074 1923 4146; baseline 0.005 -20"><span class='ocrx_word' id='word_1_427' title='bbox 616 4074 689 4127; x_wconf 77' lang='lat' dir='ltr'><strong>lle</strong></span> <span class='ocrx_word' id='word_1_428' title='bbox 726 4090 880 4129; x_wconf 70' lang='lat' dir='ltr'><strong>usura</strong></span> <span class='ocrx_word' id='word_1_429' title='bbox 918 4087 962 4130; x_wconf 78' lang='lat' dir='ltr'><strong>et</strong></span> <span class='ocrx_word' id='word_1_430' title='bbox 991 4079 1267 4144; x_wconf 82' lang='lat' dir='ltr'><strong>cupiditate</strong></span> <span class='ocrx_word' id='word_1_431' title='bbox 1294 4088 1339 4131; x_wconf 83' lang='lat' dir='ltr'><strong>et</strong></span> <span class='ocrx_word' id='word_1_432' title='bbox 1368 4079 1782 4146; x_wconf 81' lang='lat' dir='ltr'><strong>inhospitalitatc,</strong></span> <span class='ocrx_word' id='word_1_433' title='bbox 1818 4089 1923 4133; x_wconf 89' lang='lat' dir='ltr'><strong>etc.</strong></span> 
     </span>
    </p>
   </div>
   <div class='ocr_carea' id='block_1_59' title="bbox 556 4160 2045 4242">
    <p class='ocr_par' dir='ltr' id='par_1_59' title="bbox 556 4160 2045 4242">
     <span class='ocr_line' id='line_1_59' title="bbox 556 4160 2045 4242; baseline 0.005 -24"><span class='ocrx_word' id='word_1_434' title='bbox 556 4165 609 4218; x_wconf 91' lang='lat' dir='ltr'><strong>Si</strong></span> <span class='ocrx_word' id='word_1_435' title='bbox 635 4160 754 4233; x_wconf 85' lang='lat' dir='ltr'><strong>quis</strong></span> <span class='ocrx_word' id='word_1_436' title='bbox 782 4182 969 4222; x_wconf 87' lang='lat' dir='ltr'><strong>usuras</strong></span> <span class='ocrx_word' id='word_1_437' title='bbox 999 4168 1345 4238; x_wconf 86' lang='lat' dir='ltr'><strong>undecunque</strong></span> <span class='ocrx_word' id='word_1_438' title='bbox 1372 4172 1657 4239; x_wconf 84' lang='lat' dir='ltr'><strong>exegerit,</strong></span> <span class='ocrx_word' id='word_1_439' title='bbox 1696 4180 1923 4242; x_wconf 89' lang='lat' dir='ltr'><strong>quatuor</strong></span> <span class='ocrx_word' id='word_1_440' title='bbox 1951 4186 2045 4227; x_wconf 89' lang='lat' dir='ltr'><strong>an-</strong></span> 
     </span>
    </p>
   </div>
   <div class='ocr_carea' id='block_1_60' title="bbox 489 4258 2043 4333">
    <p class='ocr_par' dir='ltr' id='par_1_60' title="bbox 489 4258 2043 4333">
     <span class='ocr_line' id='line_1_60' title="bbox 489 4258 2043 4333; baseline 0.006 -25"><span class='ocrx_word' id='word_1_441' title='bbox 489 4258 569 4309; x_wconf 90' lang='lat' dir='ltr'><strong>nis</strong></span> <span class='ocrx_word' id='word_1_442' title='bbox 596 4260 866 4326; x_wconf 69' lang='lat' dir='ltr'><strong>paeniteat,</strong></span> <span class='ocrx_word' id='word_1_443' title='bbox 899 4274 1004 4314; x_wconf 91' lang='lat' dir='ltr'><strong>uno</strong></span> <span class='ocrx_word' id='word_1_444' title='bbox 1031 4275 1095 4314; x_wconf 88' lang='lat' dir='ltr'><strong>ex</strong></span> <span class='ocrx_word' id='word_1_445' title='bbox 1122 4260 1206 4315; x_wconf 85' lang='lat' dir='ltr'><strong>his</strong></span> <span class='ocrx_word' id='word_1_446' title='bbox 1233 4262 1283 4315; x_wconf 91' lang='lat' dir='ltr'><strong>in</strong></span> <span class='ocrx_word' id='word_1_447' title='bbox 1320 4276 1454 4331; x_wconf 92' lang='lat' dir='ltr'><strong>pane</strong></span> <span class='ocrx_word' id='word_1_448' title='bbox 1481 4274 1534 4318; x_wconf 85' lang='lat' dir='ltr'><strong>et</strong></span> <span class='ocrx_word' id='word_1_449' title='bbox 1559 4278 1722 4333; x_wconf 87' lang='lat' dir='ltr'><strong>aqua;</strong></span> <span class='ocrx_word' id='word_1_450' title='bbox 1755 4264 1800 4317; x_wconf 89' lang='lat' dir='ltr'><strong>si</strong></span> <span class='ocrx_word' id='word_1_451' title='bbox 1835 4277 2043 4331; x_wconf 88' lang='lat' dir='ltr'><strong>perma-</strong></span> 
     </span>
    </p>
   </div>
   <div class='ocr_carea' id='block_1_61' title="bbox 488 4350 2044 4424">
    <p class='ocr_par' dir='ltr' id='par_1_61' title="bbox 488 4350 2044 4424">
     <span class='ocr_line' id='line_1_61' title="bbox 488 4350 2044 4424; baseline 0.005 -23"><span class='ocrx_word' id='word_1_452' title='bbox 488 4356 611 4401; x_wconf 83' lang='lat' dir='ltr'><strong>neat</strong></span> <span class='ocrx_word' id='word_1_453' title='bbox 639 4351 688 4401; x_wconf 89' lang='lat' dir='ltr'><strong>in</strong></span> <span class='ocrx_word' id='word_1_454' title='bbox 718 4350 955 4414; x_wconf 87' lang='lat' dir='ltr'><strong>avaritia,</strong></span> <span class='ocrx_word' id='word_1_455' title='bbox 985 4352 1010 4391; x_wconf 79' lang='lat' dir='ltr'><strong>d</strong></span> <span class='ocrx_word' id='word_1_456' title='bbox 1033 4351 1314 4409; x_wconf 88' lang='lat' dir='ltr'><strong>alienetur.</strong></span> <span class='ocrx_word' id='word_1_457' title='bbox 1346 4354 1654 4424; x_wconf 86' lang='lat' dir='ltr'><strong>Quicunque</strong></span> <span class='ocrx_word' id='word_1_458' title='bbox 1682 4355 1913 4423; x_wconf 84' lang='lat' dir='ltr'><strong>hospites</strong></span> <span class='ocrx_word' id='word_1_459' title='bbox 1940 4370 2044 4409; x_wconf 92' lang='lat' dir='ltr'><strong>non</strong></span> 
     </span>
    </p>
   </div>
   <div class='ocr_carea' id='block_1_62' title="bbox 2150 1904 3681 1973">
    <p class='ocr_par' dir='ltr' id='par_1_62' title="bbox 2150 1904 3681 1973">
     <span class='ocr_line' id='line_1_62' title="bbox 2150 1904 3681 1973; baseline 0.002 -18"><span class='ocrx_word' id='word_1_460' title='bbox 2150 1905 2374 1971; x_wconf 88' lang='lat' dir='ltr'><strong>quandiu</strong></span> <span class='ocrx_word' id='word_1_461' title='bbox 2406 1920 2508 1957; x_wconf 88' lang='lat' dir='ltr'><strong>nun</strong></span> <span class='ocrx_word' id='word_1_462' title='bbox 2540 1904 2966 1971; x_wconf 90' lang='lat' dir='ltr'><strong>repellitodium,</strong></span> <span class='ocrx_word' id='word_1_463' title='bbox 2996 1904 3171 1957; x_wconf 90' lang='lat' dir='ltr'><strong>tandiu</strong></span> <span class='ocrx_word' id='word_1_464' title='bbox 3200 1919 3319 1958; x_wconf 92' lang='lat' dir='ltr'><strong>cum</strong></span> <span class='ocrx_word' id='word_1_465' title='bbox 3343 1920 3473 1970; x_wconf 90' lang='lat' dir='ltr'><strong>pane</strong></span> <span class='ocrx_word' id='word_1_466' title='bbox 3495 1914 3541 1958; x_wconf 92' lang='lat' dir='ltr'><strong>et</strong></span> <span class='ocrx_word' id='word_1_467' title='bbox 3565 1920 3681 1973; x_wconf 89' lang='lat' dir='ltr'><strong>aqua</strong></span> 
     </span>
    </p>
   </div>
   <div class='ocr_carea' id='block_1_63' title="bbox 2148 1990 3682 2069">
    <p class='ocr_par' dir='ltr' id='par_1_63' title="bbox 2148 1990 3682 2069">
     <span class='ocr_line' id='line_1_63' title="bbox 2148 1990 3682 2069; baseline 0.001 -25"><span class='ocrx_word' id='word_1_468' title='bbox 2148 1992 2245 2055; x_wconf 88' lang='lat' dir='ltr'><strong>sit;</strong></span> <span class='ocrx_word' id='word_1_469' title='bbox 2278 2001 2327 2045; x_wconf 85' lang='lat' dir='ltr'><strong>et</strong></span> <span class='ocrx_word' id='word_1_470' title='bbox 2349 1991 2395 2044; x_wconf 91' lang='lat' dir='ltr'><strong>ei</strong></span> <span class='ocrx_word' id='word_1_471' title='bbox 2422 2006 2574 2058; x_wconf 89' lang='lat' dir='ltr'><strong>quem</strong></span> <span class='ocrx_word' id='word_1_472' title='bbox 2606 1991 2754 2057; x_wconf 91' lang='lat' dir='ltr'><strong>odit,</strong></span> <span class='ocrx_word' id='word_1_473' title='bbox 2782 1991 3035 2069; x_wconf 78' lang='lat' dir='ltr'><strong>charitate</strong></span> <span class='ocrx_word' id='word_1_474' title='bbox 3064 2006 3167 2044; x_wconf 89' lang='lat' dir='ltr'><strong>non</strong></span> <span class='ocrx_word' id='word_1_475' title='bbox 3198 1991 3311 2045; x_wconf 86' lang='lat' dir='ltr'><strong>ficta</strong></span> <span class='ocrx_word' id='word_1_476' title='bbox 3348 1990 3365 2027; x_wconf 71' lang='grc' dir='ltr'><em>τ</em></span> <span class='ocrx_word' id='word_1_477' title='bbox 3417 1993 3682 2061; x_wconf 85' lang='lat' dir='ltr'><strong>compelle-</strong></span> 
     </span>
    </p>
   </div>
   <div class='ocr_carea' id='block_1_64' title="bbox 2118 2079 3683 2145">
    <p class='ocr_par' dir='ltr' id='par_1_64' title="bbox 2118 2079 3683 2145">
     <span class='ocr_line' id='line_1_64' title="bbox 2118 2079 3683 2145; baseline 0.003 -15"><span class='ocrx_word' id='word_1_478' title='bbox 2118 2090 2123 2093; x_wconf 82' lang='lat'>&#39;</span> <span class='ocrx_word' id='word_1_479' title='bbox 2152 2088 2258 2131; x_wconf 87' lang='lat' dir='ltr'><strong>tur.</strong></span> <span class='ocrx_word' id='word_1_480' title='bbox 2292 2079 2527 2133; x_wconf 82' lang='lat' dir='ltr'><strong>Fratrem</strong></span> <span class='ocrx_word' id='word_1_481' title='bbox 2554 2094 2672 2134; x_wconf 92' lang='lat' dir='ltr'><strong>cum</strong></span> <span class='ocrx_word' id='word_1_482' title='bbox 2703 2080 2877 2134; x_wconf 90' lang='lat' dir='ltr'><strong>furore</strong></span> <span class='ocrx_word' id='word_1_483' title='bbox 2906 2080 3353 2145; x_wconf 79' lang='lat' dir='ltr'><strong>maledicens,‘cui</strong></span> <span class='ocrx_word' id='word_1_484' title='bbox 3381 2082 3683 2136; x_wconf 80' lang='lat' dir='ltr'><strong>maledirerit</strong></span> 
     </span>
    </p>
   </div>
   <div class='ocr_carea' id='block_1_65' title="bbox 2113 2169 3683 2239">
    <p class='ocr_par' dir='ltr' id='par_1_65' title="bbox 2113 2169 3683 2239">
     <span class='ocr_line' id='line_1_65' title="bbox 2113 2169 3683 2239; baseline 0.004 -20"><span class='ocrx_word' id='word_1_485' title='bbox 2113 2207 2125 2220; x_wconf 56' lang='grc' dir='ltr'>κ</span> <span class='ocrx_word' id='word_1_486' title='bbox 2151 2169 2382 2235; x_wconf 71' lang='lat' dir='ltr'><strong>placeat,</strong></span> <span class='ocrx_word' id='word_1_487' title='bbox 2412 2178 2465 2223; x_wconf 91' lang='lat' dir='ltr'><strong>et</strong></span> <span class='ocrx_word' id='word_1_488' title='bbox 2508 2178 2706 2238; x_wconf 89' lang='lat' dir='ltr'><strong>septem</strong></span> <span class='ocrx_word' id='word_1_489' title='bbox 2746 2170 2856 2224; x_wconf 85' lang='lat' dir='ltr'><strong>dies</strong></span> <span class='ocrx_word' id='word_1_490' title='bbox 2888 2170 3134 2237; x_wconf 70' lang='lat' dir='ltr'><strong>paeniteat</strong></span> <span class='ocrx_word' id='word_1_491' title='bbox 3164 2180 3396 2239; x_wconf 78' lang='lat' dir='ltr'><strong>remotus</strong></span> <span class='ocrx_word' id='word_1_492' title='bbox 3426 2185 3534 2223; x_wconf 88' lang='lat' dir='ltr'><strong>cum</strong></span> <span class='ocrx_word' id='word_1_493' title='bbox 3563 2188 3683 2239; x_wconf 88' lang='lat' dir='ltr'><strong>pane</strong></span> 
     </span>
    </p>
   </div>
   <div class='ocr_carea' id='block_1_66' title="bbox 2146 2257 3683 2326">
    <p class='ocr_par' dir='ltr' id='par_1_66' title="bbox 2146 2257 3683 2326">
     <span class='ocr_line' id='line_1_66' title="bbox 2146 2257 3683 2326; baseline 0.001 -14"><span class='ocrx_word' id='word_1_494' title='bbox 2146 2270 2198 2312; x_wconf 90' lang='lat' dir='ltr'><strong>et</strong></span> <span class='ocrx_word' id='word_1_495' title='bbox 2225 2273 2379 2326; x_wconf 90' lang='lat' dir='ltr'><strong>aqua.</strong></span> <span class='ocrx_word' id='word_1_496' title='bbox 2425 2260 2524 2325; x_wconf 88' lang='lat' dir='ltr'><strong>Qui</strong></span> <span class='ocrx_word' id='word_1_497' title='bbox 2574 2262 2729 2313; x_wconf 85' lang='lat' dir='ltr'><strong>verba</strong></span> <span class='ocrx_word' id='word_1_498' title='bbox 2762 2263 3027 2315; x_wconf 91' lang='lat' dir='ltr'><strong>acerbiora</strong></span> <span class='ocrx_word' id='word_1_499' title='bbox 3067 2257 3116 2313; x_wconf 82' lang='lat' dir='ltr'><strong>in</strong></span> <span class='ocrx_word' id='word_1_500' title='bbox 3149 2261 3321 2313; x_wconf 78' lang='lat' dir='ltr'><strong>furore</strong></span> <span class='ocrx_word' id='word_1_501' title='bbox 3347 2303 3359 2323; x_wconf 92' lang='lat'><strong>,</strong></span> <span class='ocrx_word' id='word_1_502' title='bbox 3391 2276 3491 2313; x_wconf 88' lang='lat' dir='ltr'><strong>non</strong></span> <span class='ocrx_word' id='word_1_503' title='bbox 3526 2274 3683 2315; x_wconf 83' lang='lat' dir='ltr'><strong>tamen</strong></span> 
     </span>
    </p>
   </div>
   <div class='ocr_carea' id='block_1_67' title="bbox 2147 2348 3682 2417">
    <p class='ocr_par' dir='ltr' id='par_1_67' title="bbox 2147 2348 3682 2417">
     <span class='ocr_line' id='line_1_67' title="bbox 2147 2348 3682 2417; baseline 0.001 -17"><span class='ocrx_word' id='word_1_504' title='bbox 2147 2348 2425 2417; x_wconf 89' lang='lat' dir='ltr'><strong>injuriosa,</strong></span> <span class='ocrx_word' id='word_1_505' title='bbox 2463 2351 2773 2417; x_wconf 86' lang='lat' dir='ltr'><strong>protulerit,</strong></span> <span class='ocrx_word' id='word_1_506' title='bbox 2806 2350 3132 2404; x_wconf 83' lang='lat' dir='ltr'><strong>satisfaciens</strong></span> <span class='ocrx_word' id='word_1_507' title='bbox 3168 2349 3314 2402; x_wconf 86' lang='lat' dir='ltr'><strong>fratri</strong></span> <span class='ocrx_word' id='word_1_508' title='bbox 3341 2362 3643 2417; x_wconf 81' lang='lat' dir='ltr'><strong>superponat</strong></span> <span class='ocrx_word' id='word_1_509' title='bbox 3671 2370 3682 2402; x_wconf 89' lang='lat'>:</span> 
     </span>
    </p>
   </div>
   <div class='ocr_carea' id='block_1_68' title="bbox 2114 2436 3685 2507">
    <p class='ocr_par' dir='ltr' id='par_1_68' title="bbox 2114 2436 3685 2507">
     <span class='ocr_line' id='line_1_68' title="bbox 2114 2436 3685 2507; baseline 0.004 -19"><span class='ocrx_word' id='word_1_510' title='bbox 2114 2466 2117 2469; x_wconf 60' lang='grc'>‹</span> <span class='ocrx_word' id='word_1_511' title='bbox 2144 2438 2185 2489; x_wconf 88' lang='lat' dir='ltr'><strong>si</strong></span> <span class='ocrx_word' id='word_1_512' title='bbox 2215 2446 2385 2490; x_wconf 89' lang='lat' dir='ltr'><strong>autem</strong></span> <span class='ocrx_word' id='word_1_513' title='bbox 2414 2453 2530 2491; x_wconf 87' lang='lat' dir='ltr'><strong>cum</strong></span> <span class='ocrx_word' id='word_1_514' title='bbox 2562 2436 2781 2506; x_wconf 87' lang='lat' dir='ltr'><strong>pallore,</strong></span> <span class='ocrx_word' id='word_1_515' title='bbox 2811 2448 2835 2485; x_wconf 74' lang='grc' dir='ltr'><strong><em>κ</em></strong></span> <span class='ocrx_word' id='word_1_516' title='bbox 2876 2438 3087 2501; x_wconf 87' lang='lat' dir='ltr'><strong>rubore,</strong></span> <span class='ocrx_word' id='word_1_517' title='bbox 3120 2454 3225 2492; x_wconf 90' lang='lat' dir='ltr'><strong>uno</strong></span> <span class='ocrx_word' id='word_1_518' title='bbox 3251 2437 3335 2491; x_wconf 90' lang='lat' dir='ltr'><strong>die</strong></span> <span class='ocrx_word' id='word_1_519' title='bbox 3362 2452 3475 2491; x_wconf 92' lang='lat' dir='ltr'><strong>cum</strong></span> <span class='ocrx_word' id='word_1_520' title='bbox 3501 2454 3622 2507; x_wconf 85' lang='lat' dir='ltr'><strong>pane</strong></span> <span class='ocrx_word' id='word_1_521' title='bbox 3641 2451 3685 2495; x_wconf 92' lang='lat' dir='ltr'><strong>ct</strong></span> 
     </span>
    </p>
   </div>
   <div class='ocr_carea' id='block_1_69' title="bbox 2146 2528 3685 2597">
    <p class='ocr_par' dir='ltr' id='par_1_69' title="bbox 2146 2528 3685 2597">
     <span class='ocr_line' id='line_1_69' title="bbox 2146 2528 3685 2597; baseline 0.003 -19"><span class='ocrx_word' id='word_1_522' title='bbox 2146 2542 2277 2597; x_wconf 88' lang='lat' dir='ltr'><strong>aqua</strong></span> <span class='ocrx_word' id='word_1_523' title='bbox 2322 2530 2607 2597; x_wconf 73' lang='lat' dir='ltr'><strong>pmuiteat;</strong></span> <span class='ocrx_word' id='word_1_524' title='bbox 2644 2530 2727 2597; x_wconf 89' lang='lat' dir='ltr'><strong>qui</strong></span> <span class='ocrx_word' id='word_1_525' title='bbox 2762 2529 2813 2582; x_wconf 93' lang='lat' dir='ltr'><strong>in</strong></span> <span class='ocrx_word' id='word_1_526' title='bbox 2843 2538 3019 2582; x_wconf 90' lang='lat' dir='ltr'><strong>mente</strong></span> <span class='ocrx_word' id='word_1_527' title='bbox 3049 2538 3248 2581; x_wconf 90' lang='lat' dir='ltr'><strong>tantum</strong></span> <span class='ocrx_word' id='word_1_528' title='bbox 3280 2528 3443 2581; x_wconf 89' lang='lat' dir='ltr'><strong>sensit</strong></span> <span class='ocrx_word' id='word_1_529' title='bbox 3469 2544 3685 2582; x_wconf 90' lang='lat' dir='ltr'><strong>commo-</strong></span> 
     </span>
    </p>
   </div>
   <div class='ocr_carea' id='block_1_70' title="bbox 2147 2618 3687 2699">
    <p class='ocr_par' dir='ltr' id='par_1_70' title="bbox 2147 2618 3687 2699">
     <span class='ocr_line' id='line_1_70' title="bbox 2147 2618 3687 2699; baseline 0.002 -29"><span class='ocrx_word' id='word_1_530' title='bbox 2147 2618 2366 2699; x_wconf 68' lang='lat' dir='ltr'><strong>tionem,</strong></span> <span class='ocrx_word' id='word_1_531' title='bbox 2394 2618 2681 2674; x_wconf 87' lang='lat' dir='ltr'><strong>satisfaciat</strong></span> <span class='ocrx_word' id='word_1_532' title='bbox 2729 2621 2775 2673; x_wconf 90' lang='lat' dir='ltr'><strong>ci</strong></span> <span class='ocrx_word' id='word_1_533' title='bbox 2820 2621 2905 2687; x_wconf 88' lang='lat' dir='ltr'><strong>qui</strong></span> <span class='ocrx_word' id='word_1_534' title='bbox 2937 2619 3082 2673; x_wconf 92' lang='lat' dir='ltr'><strong>illum</strong></span> <span class='ocrx_word' id='word_1_535' title='bbox 3122 2619 3438 2684; x_wconf 88' lang='lat' dir='ltr'><strong>commovit;</strong></span> <span class='ocrx_word' id='word_1_536' title='bbox 3467 2621 3547 2689; x_wconf 91' lang='lat' dir='ltr'><strong>qui</strong></span> <span class='ocrx_word' id='word_1_537' title='bbox 3573 2635 3687 2674; x_wconf 86' lang='lat' dir='ltr'><strong>vero</strong></span> 
     </span>
    </p>
   </div>
   <div class='ocr_carea' id='block_1_71' title="bbox 2145 2707 3687 2779">
    <p class='ocr_par' dir='ltr' id='par_1_71' title="bbox 2145 2707 3687 2779">
     <span class='ocr_line' id='line_1_71' title="bbox 2145 2707 3687 2779; baseline 0.001 -20"><span class='ocrx_word' id='word_1_538' title='bbox 2145 2723 2247 2760; x_wconf 85' lang='lat' dir='ltr'><strong>non</strong></span> <span class='ocrx_word' id='word_1_539' title='bbox 2281 2708 2394 2762; x_wconf 89' lang='lat' dir='ltr'><strong>vult</strong></span> <span class='ocrx_word' id='word_1_540' title='bbox 2421 2709 2656 2763; x_wconf 85' lang='lat' dir='ltr'><strong>confiteri</strong></span> <span class='ocrx_word' id='word_1_541' title='bbox 2687 2710 2734 2763; x_wconf 85' lang='lat' dir='ltr'><strong>ei</strong></span> <span class='ocrx_word' id='word_1_542' title='bbox 2781 2711 2872 2778; x_wconf 90' lang='lat' dir='ltr'><strong>qui</strong></span> <span class='ocrx_word' id='word_1_543' title='bbox 2916 2723 2975 2764; x_wconf 87' lang='lat' dir='ltr'><strong>se</strong></span> <span class='ocrx_word' id='word_1_544' title='bbox 3019 2711 3336 2775; x_wconf 81' lang='lat' dir='ltr'><strong>commovit,</strong></span> <span class='ocrx_word' id='word_1_545' title='bbox 3370 2707 3687 2779; x_wconf 75' lang='lat' dir='ltr'><strong>abscindatur</strong></span> 
     </span>
    </p>
   </div>
   <div class='ocr_carea' id='block_1_72' title="bbox 2144 2797 3693 2867">
    <p class='ocr_par' dir='ltr' id='par_1_72' title="bbox 2144 2797 3693 2867">
     <span class='ocr_line' id='line_1_72' title="bbox 2144 2797 3693 2867; baseline 0 -17"><span class='ocrx_word' id='word_1_546' title='bbox 2144 2797 2358 2862; x_wconf 85' lang='lat' dir='ltr'><strong>pestifer</strong></span> <span class='ocrx_word' id='word_1_547' title='bbox 2382 2798 2469 2851; x_wconf 89' lang='lat' dir='ltr'><strong>ille</strong></span> <span class='ocrx_word' id='word_1_548' title='bbox 2492 2812 2520 2851; x_wconf 89' lang='lat' dir='ltr'><strong>a</strong></span> <span class='ocrx_word' id='word_1_549' title='bbox 2546 2809 2682 2852; x_wconf 68' lang='lat' dir='ltr'><strong>cmtu</strong></span> <span class='ocrx_word' id='word_1_550' title='bbox 2704 2808 3039 2864; x_wconf 88' lang='lat' dir='ltr'><strong>sanctorum;</strong></span> <span class='ocrx_word' id='word_1_551' title='bbox 3066 2799 3149 2867; x_wconf 89' lang='lat' dir='ltr'><strong>qui</strong></span> <span class='ocrx_word' id='word_1_552' title='bbox 3178 2799 3219 2852; x_wconf 89' lang='lat' dir='ltr'><strong>si</strong></span> <span class='ocrx_word' id='word_1_553' title='bbox 3246 2798 3485 2867; x_wconf 67' lang='lat' dir='ltr'><strong>paenitet,</strong></span> <span class='ocrx_word' id='word_1_554' title='bbox 3507 2809 3693 2866; x_wconf 88' lang='lat' dir='ltr'><strong>quanto</strong></span> 
     </span>
    </p>
   </div>
   <div class='ocr_carea' id='block_1_73' title="bbox 2144 2884 3691 2955">
    <p class='ocr_par' dir='ltr' id='par_1_73' title="bbox 2144 2884 3691 2955">
     <span class='ocr_line' id='line_1_73' title="bbox 2144 2884 3691 2955; baseline 0.001 -18"><span class='ocrx_word' id='word_1_555' title='bbox 2144 2895 2380 2953; x_wconf 88' lang='lat' dir='ltr'><strong>tempore</strong></span> <span class='ocrx_word' id='word_1_556' title='bbox 2407 2884 2434 2923; x_wconf 66' lang='grc' dir='ltr'><strong>ιι</strong></span> <span class='ocrx_word' id='word_1_557' title='bbox 2468 2889 2810 2952; x_wconf 77' lang='lat' dir='ltr'><strong>contradicit,</strong></span> <span class='ocrx_word' id='word_1_558' title='bbox 2844 2898 2987 2941; x_wconf 91' lang='lat' dir='ltr'><strong>tanto</strong></span> <span class='ocrx_word' id='word_1_559' title='bbox 3027 2897 3261 2953; x_wconf 86' lang='lat' dir='ltr'><strong>tempore</strong></span> <span class='ocrx_word' id='word_1_560' title='bbox 3297 2889 3557 2955; x_wconf 70' lang='lat' dir='ltr'><strong>pmnitent.</strong></span> <span class='ocrx_word' id='word_1_561' title='bbox 3598 2888 3691 2952; x_wconf 86' lang='lat' dir='ltr'><strong>Qui</strong></span> 
     </span>
    </p>
   </div>
   <div class='ocr_carea' id='block_1_74' title="bbox 2143 2975 3687 3044">
    <p class='ocr_par' dir='ltr' id='par_1_74' title="bbox 2143 2975 3687 3044">
     <span class='ocr_line' id='line_1_74' title="bbox 2143 2975 3687 3044; baseline 0.001 -17"><span class='ocrx_word' id='word_1_562' title='bbox 2143 2975 2230 3027; x_wconf 88' lang='lat' dir='ltr'><strong>diu</strong></span> <span class='ocrx_word' id='word_1_563' title='bbox 2264 2977 2665 3031; x_wconf 88' lang='lat' dir='ltr'><strong>amaritudinem</strong></span> <span class='ocrx_word' id='word_1_564' title='bbox 2695 2978 2854 3031; x_wconf 89' lang='lat' dir='ltr'><strong>corde</strong></span> <span class='ocrx_word' id='word_1_565' title='bbox 2883 2979 3100 3044; x_wconf 89' lang='lat' dir='ltr'><strong>retinet,</strong></span> <span class='ocrx_word' id='word_1_566' title='bbox 3141 2978 3290 3031; x_wconf 91' lang='lat' dir='ltr'><strong>hilari</strong></span> <span class='ocrx_word' id='word_1_567' title='bbox 3330 2979 3469 3031; x_wconf 91' lang='lat' dir='ltr'><strong>vultu</strong></span> <span class='ocrx_word' id='word_1_568' title='bbox 3498 2986 3550 3031; x_wconf 88' lang='lat' dir='ltr'><strong>et</strong></span> <span class='ocrx_word' id='word_1_569' title='bbox 3577 2980 3687 3030; x_wconf 69' lang='lat' dir='ltr'><strong>lano</strong></span> 
     </span>
    </p>
   </div>
   <div class='ocr_carea' id='block_1_75' title="bbox 2147 3064 3687 3134">
    <p class='ocr_par' dir='ltr' id='par_1_75' title="bbox 2147 3064 3687 3134">
     <span class='ocr_line' id='line_1_75' title="bbox 2147 3064 3687 3134; baseline 0.001 -17"><span class='ocrx_word' id='word_1_570' title='bbox 2147 3064 2305 3119; x_wconf 86' lang='lat' dir='ltr'><strong>corde</strong></span> <span class='ocrx_word' id='word_1_571' title='bbox 2338 3073 2555 3119; x_wconf 89' lang='lat' dir='ltr'><strong>sanetur</strong></span> <span class='ocrx_word' id='word_1_572' title='bbox 2588 3083 2600 3117; x_wconf 92' lang='lat'>:</span> <span class='ocrx_word' id='word_1_573' title='bbox 2632 3064 2675 3119; x_wconf 91' lang='lat' dir='ltr'><strong>si</strong></span> <span class='ocrx_word' id='word_1_574' title='bbox 2712 3074 2886 3120; x_wconf 89' lang='lat' dir='ltr'><strong>autem</strong></span> <span class='ocrx_word' id='word_1_575' title='bbox 2912 3082 3013 3120; x_wconf 91' lang='lat' dir='ltr'><strong>non</strong></span> <span class='ocrx_word' id='word_1_576' title='bbox 3037 3067 3143 3121; x_wconf 90' lang='lat' dir='ltr'><strong>cito</strong></span> <span class='ocrx_word' id='word_1_577' title='bbox 3173 3080 3285 3120; x_wconf 89' lang='lat' dir='ltr'><strong>eam</strong></span> <span class='ocrx_word' id='word_1_578' title='bbox 3311 3067 3541 3134; x_wconf 88' lang='lat' dir='ltr'><strong>deponit,</strong></span> <span class='ocrx_word' id='word_1_579' title='bbox 3563 3067 3687 3134; x_wconf 86' lang='lat' dir='ltr'><strong>jeju-</strong></span> 
     </span>
    </p>
   </div>
   <div class='ocr_carea' id='block_1_76' title="bbox 2071 3131 3686 3225">
    <p class='ocr_par' dir='ltr' id='par_1_76' title="bbox 2071 3131 3686 3225">
     <span class='ocr_line' id='line_1_76' title="bbox 2071 3131 3686 3225; baseline 0.001 -17"><span class='ocrx_word' id='word_1_580' title='bbox 2071 3131 2119 3197; x_wconf 67' lang='grc' dir='ltr'><strong>θ</strong></span> <span class='ocrx_word' id='word_1_581' title='bbox 2150 3155 2259 3219; x_wconf 91' lang='lat' dir='ltr'><strong>uio,</strong></span> <span class='ocrx_word' id='word_1_582' title='bbox 2284 3146 2575 3210; x_wconf 84' lang='lat' dir='ltr'><strong>sacerdotis</strong></span> <span class='ocrx_word' id='word_1_583' title='bbox 2601 3155 2819 3225; x_wconf 88' lang='lat' dir='ltr'><strong>judicio,</strong></span> <span class='ocrx_word' id='word_1_584' title='bbox 2848 3156 3181 3222; x_wconf 91' lang='lat' dir='ltr'><strong>emendetur;</strong></span> <span class='ocrx_word' id='word_1_585' title='bbox 3221 3157 3265 3212; x_wconf 91' lang='lat' dir='ltr'><strong>si</strong></span> <span class='ocrx_word' id='word_1_586' title='bbox 3306 3165 3479 3211; x_wconf 89' lang='lat' dir='ltr'><strong>autem</strong></span> <span class='ocrx_word' id='word_1_587' title='bbox 3526 3158 3686 3223; x_wconf 89' lang='lat' dir='ltr'><strong>iterat,</strong></span> 
     </span>
    </p>
   </div>
   <div class='ocr_carea' id='block_1_77' title="bbox 2150 3247 3685 3318">
    <p class='ocr_par' dir='ltr' id='par_1_77' title="bbox 2150 3247 3685 3318">
     <span class='ocr_line' id='line_1_77' title="bbox 2150 3247 3685 3318; baseline 0.001 -19"><span class='ocrx_word' id='word_1_588' title='bbox 2150 3247 2512 3313; x_wconf 88' lang='lat' dir='ltr'><strong>abscindatur,</strong></span> <span class='ocrx_word' id='word_1_589' title='bbox 2538 3248 2707 3302; x_wconf 89' lang='lat' dir='ltr'><strong>donec</strong></span> <span class='ocrx_word' id='word_1_590' title='bbox 2728 3248 2901 3303; x_wconf 88' lang='lat' dir='ltr'><strong>alacer</strong></span> <span class='ocrx_word' id='word_1_591' title='bbox 2924 3248 3176 3317; x_wconf 64' lang='lat' dir='ltr'><strong>laetusque</strong></span> <span class='ocrx_word' id='word_1_592' title='bbox 3196 3264 3314 3304; x_wconf 91' lang='lat' dir='ltr'><strong>cum</strong></span> <span class='ocrx_word' id='word_1_593' title='bbox 3339 3264 3469 3318; x_wconf 90' lang='lat' dir='ltr'><strong>pane</strong></span> <span class='ocrx_word' id='word_1_594' title='bbox 3496 3258 3546 3303; x_wconf 89' lang='lat' dir='ltr'><strong>et</strong></span> <span class='ocrx_word' id='word_1_595' title='bbox 3566 3264 3685 3317; x_wconf 89' lang='lat' dir='ltr'><strong>aqua</strong></span> 
     </span>
    </p>
   </div>
   <div class='ocr_carea' id='block_1_78' title="bbox 2148 3339 3685 3408">
    <p class='ocr_par' dir='ltr' id='par_1_78' title="bbox 2148 3339 3685 3408">
     <span class='ocr_line' id='line_1_78' title="bbox 2148 3339 3685 3408; baseline 0.003 -16"><span class='ocrx_word' id='word_1_596' title='bbox 2148 3348 2431 3408; x_wconf 86' lang='lat' dir='ltr'><strong>cognoscat</strong></span> <span class='ocrx_word' id='word_1_597' title='bbox 2468 3339 2719 3395; x_wconf 89' lang='lat' dir='ltr'><strong>delictum</strong></span> <span class='ocrx_word' id='word_1_598' title='bbox 2751 3356 2925 3395; x_wconf 90' lang='lat' dir='ltr'><strong>suum.</strong></span> <span class='ocrx_word' id='word_1_599' title='bbox 2977 3340 3189 3396; x_wconf 91' lang='lat' dir='ltr'><strong>Invidus</strong></span> <span class='ocrx_word' id='word_1_600' title='bbox 3236 3342 3519 3396; x_wconf 82' lang='lat' dir='ltr'><strong>satisfaciat</strong></span> <span class='ocrx_word' id='word_1_601' title='bbox 3543 3344 3585 3396; x_wconf 90' lang='lat' dir='ltr'><strong>ei</strong></span> <span class='ocrx_word' id='word_1_602' title='bbox 3609 3343 3685 3397; x_wconf 88' lang='lat' dir='ltr'><strong>cui</strong></span> 
     </span>
    </p>
   </div>
   <div class='ocr_carea' id='block_1_79' title="bbox 2148 3428 3687 3503">
    <p class='ocr_par' dir='ltr' id='par_1_79' title="bbox 2148 3428 3687 3503">
     <span class='ocr_line' id='line_1_79' title="bbox 2148 3428 3687 3503; baseline 0.004 -22"><span class='ocrx_word' id='word_1_603' title='bbox 2148 3428 2363 3497; x_wconf 88' lang='lat' dir='ltr'><strong>invidit;</strong></span> <span class='ocrx_word' id='word_1_604' title='bbox 2394 3429 2437 3483; x_wconf 89' lang='lat' dir='ltr'><strong>si</strong></span> <span class='ocrx_word' id='word_1_605' title='bbox 2461 3438 2635 3485; x_wconf 91' lang='lat' dir='ltr'><strong>autem</strong></span> <span class='ocrx_word' id='word_1_606' title='bbox 2664 3431 2901 3487; x_wconf 89' lang='lat' dir='ltr'><strong>nocuerit</strong></span> <span class='ocrx_word' id='word_1_607' title='bbox 2924 3430 2993 3498; x_wconf 90' lang='lat' dir='ltr'><strong>ei,</strong></span> <span class='ocrx_word' id='word_1_608' title='bbox 3016 3441 3069 3487; x_wconf 90' lang='lat' dir='ltr'><strong>et</strong></span> <span class='ocrx_word' id='word_1_609' title='bbox 3095 3432 3375 3502; x_wconf 87' lang='lat' dir='ltr'><strong>largitione</strong></span> <span class='ocrx_word' id='word_1_610' title='bbox 3402 3433 3609 3503; x_wconf 75' lang='lat' dir='ltr'><strong>placeat,</strong></span> <span class='ocrx_word' id='word_1_611' title='bbox 3638 3442 3687 3487; x_wconf 89' lang='lat' dir='ltr'><strong>et</strong></span> 
     </span>
    </p>
   </div>
   <div class='ocr_carea' id='block_1_80' title="bbox 2152 3508 3687 3589">
    <p class='ocr_par' dir='ltr' id='par_1_80' title="bbox 2152 3508 3687 3589">
     <span class='ocr_line' id='line_1_80' title="bbox 2152 3508 3687 3589; baseline 0.003 -15"><span class='ocrx_word' id='word_1_612' title='bbox 2152 3518 2426 3588; x_wconf 74' lang='lat' dir='ltr'><strong>pteuiteat.</strong></span> <span class='ocrx_word' id='word_1_613' title='bbox 2453 3522 2549 3585; x_wconf 88' lang='lat' dir='ltr'><strong>Qui</strong></span> <span class='ocrx_word' id='word_1_614' title='bbox 2576 3535 2731 3577; x_wconf 87' lang='lat' dir='ltr'><strong>causa</strong></span> <span class='ocrx_word' id='word_1_615' title='bbox 2761 3521 2966 3578; x_wconf 62' lang='lat' dir='ltr'><strong>invidia;</strong></span> <span class='ocrx_word' id='word_1_616' title='bbox 2985 3508 3235 3589; x_wconf 76' lang='lat' dir='ltr'><strong>detrahit,</strong></span> <span class='ocrx_word' id='word_1_617' title='bbox 3258 3524 3343 3578; x_wconf 89' lang='lat' dir='ltr'><strong>vel</strong></span> <span class='ocrx_word' id='word_1_618' title='bbox 3368 3524 3581 3578; x_wconf 85' lang='lat' dir='ltr'><strong>libenter</strong></span> <span class='ocrx_word' id='word_1_619' title='bbox 3602 3538 3687 3577; x_wconf 78' lang='lat' dir='ltr'><strong>au-</strong></span> 
     </span>
    </p>
   </div>
   <div class='ocr_carea' id='block_1_81' title="bbox 2150 3608 3685 3687">
    <p class='ocr_par' dir='ltr' id='par_1_81' title="bbox 2150 3608 3685 3687">
     <span class='ocr_line' id='line_1_81' title="bbox 2150 3608 3685 3687; baseline 0.003 -23"><span class='ocrx_word' id='word_1_620' title='bbox 2150 3608 2230 3664; x_wconf 85' lang='lat' dir='ltr'><strong>dit</strong></span> <span class='ocrx_word' id='word_1_621' title='bbox 2257 3612 2616 3669; x_wconf 81' lang='lat' dir='ltr'><strong>detrahentem</strong></span> <span class='ocrx_word' id='word_1_622' title='bbox 2643 3655 2657 3680; x_wconf 95' lang='lat'><strong>,</strong></span> <span class='ocrx_word' id='word_1_623' title='bbox 2686 3610 2849 3669; x_wconf 88' lang='lat' dir='ltr'><strong>tribus</strong></span> <span class='ocrx_word' id='word_1_624' title='bbox 2876 3615 3059 3670; x_wconf 89' lang='lat' dir='ltr'><strong>diebus</strong></span> <span class='ocrx_word' id='word_1_625' title='bbox 3090 3616 3141 3670; x_wconf 93' lang='lat' dir='ltr'><strong>in</strong></span> <span class='ocrx_word' id='word_1_626' title='bbox 3173 3631 3305 3685; x_wconf 81' lang='lat' dir='ltr'><strong>pane</strong></span> <span class='ocrx_word' id='word_1_627' title='bbox 3351 3626 3403 3672; x_wconf 92' lang='lat' dir='ltr'><strong>et</strong></span> <span class='ocrx_word' id='word_1_628' title='bbox 3448 3632 3576 3687; x_wconf 90' lang='lat' dir='ltr'><strong>aqua</strong></span> <span class='ocrx_word' id='word_1_629' title='bbox 3609 3630 3685 3669; x_wconf 85' lang='lat' dir='ltr'><strong>se-</strong></span> 
     </span>
    </p>
   </div>
   <div class='ocr_carea' id='block_1_82' title="bbox 2146 3705 3691 3777">
    <p class='ocr_par' dir='ltr' id='par_1_82' title="bbox 2146 3705 3691 3777">
     <span class='ocr_line' id='line_1_82' title="bbox 2146 3705 3691 3777; baseline 0.002 -21"><span class='ocrx_word' id='word_1_630' title='bbox 2146 3715 2394 3773; x_wconf 87' lang='lat' dir='ltr'><strong>paretur;</strong></span> <span class='ocrx_word' id='word_1_631' title='bbox 2423 3705 2468 3756; x_wconf 87' lang='lat' dir='ltr'><strong>si</strong></span> <span class='ocrx_word' id='word_1_632' title='bbox 2494 3719 2619 3760; x_wconf 88' lang='lat' dir='ltr'><strong>vero</strong></span> <span class='ocrx_word' id='word_1_633' title='bbox 2645 3705 2710 3760; x_wconf 90' lang='lat' dir='ltr'><strong>de</strong></span> <span class='ocrx_word' id='word_1_634' title='bbox 2749 3720 2813 3760; x_wconf 91' lang='lat' dir='ltr'><strong>eo</strong></span> <span class='ocrx_word' id='word_1_635' title='bbox 2841 3706 2928 3773; x_wconf 91' lang='lat' dir='ltr'><strong>qui</strong></span> <span class='ocrx_word' id='word_1_636' title='bbox 2960 3717 3168 3777; x_wconf 65' lang='lat' dir='ltr'><strong>praeest,</strong></span> <span class='ocrx_word' id='word_1_637' title='bbox 3195 3716 3400 3776; x_wconf 84' lang='lat' dir='ltr'><strong>septem</strong></span> <span class='ocrx_word' id='word_1_638' title='bbox 3432 3709 3509 3761; x_wconf 86' lang='lat' dir='ltr'><strong>sic</strong></span> <span class='ocrx_word' id='word_1_639' title='bbox 3528 3709 3691 3776; x_wconf 57' lang='lat' dir='ltr'><strong>patui-</strong></span> 
     </span>
    </p>
   </div>
   <div class='ocr_carea' id='block_1_83' title="bbox 2148 3794 3683 3866">
    <p class='ocr_par' dir='ltr' id='par_1_83' title="bbox 2148 3794 3683 3866">
     <span class='ocr_line' id='line_1_83' title="bbox 2148 3794 3683 3866; baseline 0.002 -20"><span class='ocrx_word' id='word_1_640' title='bbox 2148 3800 2272 3858; x_wconf 82' lang='lat' dir='ltr'><strong>teat,</strong></span> <span class='ocrx_word' id='word_1_641' title='bbox 2306 3801 2359 3848; x_wconf 90' lang='lat' dir='ltr'><strong>et</strong></span> <span class='ocrx_word' id='word_1_642' title='bbox 2382 3794 2577 3848; x_wconf 87' lang='lat' dir='ltr'><strong>serviat</strong></span> <span class='ocrx_word' id='word_1_643' title='bbox 2603 3795 2650 3850; x_wconf 91' lang='lat' dir='ltr'><strong>ei</strong></span> <span class='ocrx_word' id='word_1_644' title='bbox 2678 3794 2899 3851; x_wconf 90' lang='lat' dir='ltr'><strong>libenter</strong></span> <span class='ocrx_word' id='word_1_645' title='bbox 2917 3796 2982 3851; x_wconf 92' lang='lat' dir='ltr'><strong>de</strong></span> <span class='ocrx_word' id='word_1_646' title='bbox 3005 3798 3239 3866; x_wconf 89' lang='lat' dir='ltr'><strong>reliquo;</strong></span> <span class='ocrx_word' id='word_1_647' title='bbox 3264 3797 3379 3865; x_wconf 89' lang='lat' dir='ltr'><strong>sed,</strong></span> <span class='ocrx_word' id='word_1_648' title='bbox 3408 3808 3462 3851; x_wconf 91' lang='lat' dir='ltr'><strong>ut</strong></span> <span class='ocrx_word' id='word_1_649' title='bbox 3491 3797 3683 3866; x_wconf 86' lang='lat' dir='ltr'><strong>quidam</strong></span> 
     </span>
    </p>
   </div>
   <div class='ocr_carea' id='block_1_84' title="bbox 2146 3884 3683 3952">
    <p class='ocr_par' dir='ltr' id='par_1_84' title="bbox 2146 3884 3683 3952">
     <span class='ocr_line' id='line_1_84' title="bbox 2146 3884 3683 3952; baseline 0.002 -18"><span class='ocrx_word' id='word_1_650' title='bbox 2146 3884 2245 3951; x_wconf 89' lang='lat' dir='ltr'><strong>ait,</strong></span> <span class='ocrx_word' id='word_1_651' title='bbox 2295 3898 2397 3937; x_wconf 90' lang='lat' dir='ltr'><strong>non</strong></span> <span class='ocrx_word' id='word_1_652' title='bbox 2442 3894 2525 3939; x_wconf 88' lang='lat' dir='ltr'><strong>est</strong></span> <span class='ocrx_word' id='word_1_653' title='bbox 2566 3885 2879 3951; x_wconf 87' lang='lat' dir='ltr'><strong>detrahere,</strong></span> <span class='ocrx_word' id='word_1_654' title='bbox 2928 3902 3108 3941; x_wconf 86' lang='lat' dir='ltr'><strong>verum</strong></span> <span class='ocrx_word' id='word_1_655' title='bbox 3154 3886 3370 3952; x_wconf 74' lang='lat' dir='ltr'><strong>dicere“,</strong></span> <span class='ocrx_word' id='word_1_656' title='bbox 3418 3887 3683 3941; x_wconf 80' lang='lat' dir='ltr'><strong>secundum</strong></span> 
     </span>
    </p>
   </div>
   <div class='ocr_carea' id='block_1_85' title="bbox 2147 3975 3685 4049">
    <p class='ocr_par' dir='ltr' id='par_1_85' title="bbox 2147 3975 3685 4049">
     <span class='ocr_line' id='line_1_85' title="bbox 2147 3975 3685 4049; baseline 0.001 -19"><span class='ocrx_word' id='word_1_657' title='bbox 2147 3975 2483 4045; x_wconf 89' lang='lat' dir='ltr'><strong>Evangelium</strong></span> <span class='ocrx_word' id='word_1_658' title='bbox 2527 3993 2543 4030; x_wconf 88' lang='lat'><strong>:</strong></span> <span class='ocrx_word' id='word_1_659' title='bbox 2584 3975 2791 4044; x_wconf 85' lang='lat' dir='ltr'><strong>Corripe</strong></span> <span class='ocrx_word' id='word_1_660' title='bbox 2832 3978 2982 4031; x_wconf 76' lang='lat' dir='ltr'><strong>illum</strong></span> <span class='ocrx_word' id='word_1_661' title='bbox 3025 3980 3153 4032; x_wconf 84' lang='lat' dir='ltr'><strong>inter</strong></span> <span class='ocrx_word' id='word_1_662' title='bbox 3199 3988 3245 4032; x_wconf 84' lang='lat' dir='ltr'><strong>te</strong></span> <span class='ocrx_word' id='word_1_663' title='bbox 3272 3988 3319 4032; x_wconf 87' lang='lat' dir='ltr'><strong>et</strong></span> <span class='ocrx_word' id='word_1_664' title='bbox 3352 3980 3515 4049; x_wconf 74' lang='lat' dir='ltr'><strong>ipsum</strong></span> <span class='ocrx_word' id='word_1_665' title='bbox 3539 3979 3685 4033; x_wconf 79' lang='lat' dir='ltr'><strong>solum</strong></span> 
     </span>
    </p>
   </div>
   <div class='ocr_carea' id='block_1_86' title="bbox 2052 4066 3686 4135">
    <p class='ocr_par' dir='ltr' id='par_1_86' title="bbox 2052 4066 3686 4135">
     <span class='ocr_line' id='line_1_86' title="bbox 2052 4066 3686 4135; baseline 0.004 -18"><span class='ocrx_word' id='word_1_666' title='bbox 2052 4134 2055 4135; x_wconf 15' lang='grc' dir='ltr'><em>ν</em></span> <span class='ocrx_word' id='word_1_667' title='bbox 2146 4066 2309 4134; x_wconf 82' lang='lat' dir='ltr'><strong>prius,</strong></span> <span class='ocrx_word' id='word_1_668' title='bbox 2350 4076 2397 4119; x_wconf 84' lang='lat' dir='ltr'><strong>et</strong></span> <span class='ocrx_word' id='word_1_669' title='bbox 2437 4076 2551 4135; x_wconf 83' lang='lat' dir='ltr'><strong>post</strong></span> <span class='ocrx_word' id='word_1_670' title='bbox 2590 4067 2715 4132; x_wconf 68' lang='lat' dir='ltr'><strong>hec,</strong></span> <span class='ocrx_word' id='word_1_671' title='bbox 2759 4068 2801 4121; x_wconf 83' lang='lat' dir='ltr'><strong>si</strong></span> <span class='ocrx_word' id='word_1_672' title='bbox 2842 4077 2888 4122; x_wconf 84' lang='lat' dir='ltr'><strong>te</strong></span> <span class='ocrx_word' id='word_1_673' title='bbox 2929 4085 3029 4123; x_wconf 81' lang='lat' dir='ltr'><strong>non</strong></span> <span class='ocrx_word' id='word_1_674' title='bbox 3076 4070 3314 4135; x_wconf 81' lang='lat' dir='ltr'><strong>audierit,</strong></span> <span class='ocrx_word' id='word_1_675' title='bbox 3355 4072 3437 4123; x_wconf 80' lang='lat' dir='ltr'><strong>dic</strong></span> <span class='ocrx_word' id='word_1_676' title='bbox 3467 4069 3686 4125; x_wconf 71' lang='lat' dir='ltr'><strong>Ecclesia</strong></span> 
     </span>
    </p>
   </div>
   <div class='ocr_carea' id='block_1_87' title="bbox 2146 4152 3683 4227">
    <p class='ocr_par' dir='ltr' id='par_1_87' title="bbox 2146 4152 3683 4227">
     <span class='ocr_line' id='line_1_87' title="bbox 2146 4152 3683 4227; baseline 0.003 -21"><span class='ocrx_word' id='word_1_677' title='bbox 2146 4152 2354 4221; x_wconf 75' lang='lat' dir='ltr'><strong>(Matth.</strong></span> <span class='ocrx_word' id='word_1_678' title='bbox 2383 4158 2503 4222; x_wconf 80' lang='lat' dir='ltr'><strong>xit).</strong></span> <span class='ocrx_word' id='word_1_679' title='bbox 2536 4153 2593 4209; x_wconf 90' lang='lat' dir='ltr'><strong>Si</strong></span> <span class='ocrx_word' id='word_1_680' title='bbox 2622 4168 2747 4209; x_wconf 89' lang='lat' dir='ltr'><strong>vero</strong></span> <span class='ocrx_word' id='word_1_681' title='bbox 2773 4157 3145 4212; x_wconf 85' lang='lat' dir='ltr'><strong>verbositatem</strong></span> <span class='ocrx_word' id='word_1_682' title='bbox 3168 4156 3389 4227; x_wconf 83' lang='lat' dir='ltr'><strong>diligens</strong></span> <span class='ocrx_word' id='word_1_683' title='bbox 3428 4158 3574 4213; x_wconf 87' lang='lat' dir='ltr'><strong>fratri</strong></span> <span class='ocrx_word' id='word_1_684' title='bbox 3601 4159 3683 4211; x_wconf 84' lang='lat' dir='ltr'><strong>de-</strong></span> 
     </span>
    </p>
   </div>
   <div class='ocr_carea' id='block_1_88' title="bbox 2147 4245 3684 4318">
    <p class='ocr_par' dir='ltr' id='par_1_88' title="bbox 2147 4245 3684 4318">
     <span class='ocr_line' id='line_1_88' title="bbox 2147 4245 3684 4318; baseline 0.003 -21"><span class='ocrx_word' id='word_1_685' title='bbox 2147 4255 2314 4315; x_wconf 89' lang='lat' dir='ltr'><strong>roget,</strong></span> <span class='ocrx_word' id='word_1_686' title='bbox 2349 4260 2451 4299; x_wconf 92' lang='lat' dir='ltr'><strong>uno</strong></span> <span class='ocrx_word' id='word_1_687' title='bbox 2476 4245 2564 4301; x_wconf 87' lang='lat' dir='ltr'><strong>die</strong></span> <span class='ocrx_word' id='word_1_688' title='bbox 2593 4246 2671 4301; x_wconf 85' lang='lat' dir='ltr'><strong>vel</strong></span> <span class='ocrx_word' id='word_1_689' title='bbox 2698 4246 2967 4303; x_wconf 62' lang='lat' dir='ltr'><strong>duos&#39;dies</strong></span> <span class='ocrx_word' id='word_1_690' title='bbox 2998 4257 3177 4304; x_wconf 87' lang='lat' dir='ltr'><strong>tacens</strong></span> <span class='ocrx_word' id='word_1_691' title='bbox 3204 4250 3453 4318; x_wconf 61' lang='lat' dir='ltr'><strong>paeniteat</strong></span> <span class='ocrx_word' id='word_1_692' title='bbox 3479 4266 3505 4314; x_wconf 13' lang='lat'><strong>;‘</strong></span> <span class='ocrx_word' id='word_1_693' title='bbox 3531 4250 3571 4302; x_wconf 89' lang='lat' dir='ltr'><strong>si</strong></span> <span class='ocrx_word' id='word_1_694' title='bbox 3606 4262 3684 4301; x_wconf 82' lang='lat' dir='ltr'><strong>au-</strong></span> 
     </span>
    </p>
   </div>
   <div class='ocr_carea' id='block_1_89' title="bbox 2147 4336 3682 4409">
    <p class='ocr_par' dir='ltr' id='par_1_89' title="bbox 2147 4336 3682 4409">
     <span class='ocr_line' id='line_1_89' title="bbox 2147 4336 3682 4409; baseline 0.003 -19"><span class='ocrx_word' id='word_1_695' title='bbox 2147 4343 2254 4391; x_wconf 89' lang='lat' dir='ltr'><strong>tem</strong></span> <span class='ocrx_word' id='word_1_696' title='bbox 2284 4336 2679 4404; x_wconf 87' lang='lat' dir='ltr'><strong>fabulatiouem,</strong></span> <span class='ocrx_word' id='word_1_697' title='bbox 2729 4338 3008 4394; x_wconf 87' lang='lat' dir='ltr'><strong>duodecim</strong></span> <span class='ocrx_word' id='word_1_698' title='bbox 3053 4340 3283 4409; x_wconf 89' lang='lat' dir='ltr'><strong>psalmos</strong></span> <span class='ocrx_word' id='word_1_699' title='bbox 3326 4349 3523 4394; x_wconf 90' lang='lat' dir='ltr'><strong>cantet.</strong></span> <span class='ocrx_word' id='word_1_700' title='bbox 3570 4338 3682 4394; x_wconf 73' lang='lat' dir='ltr'><strong>Mala</strong></span> 
     </span>
    </p>
   </div>
   <div class='ocr_carea' id='block_1_90' title="bbox 492 4427 3684 4526">
    <p class='ocr_par' dir='ltr' id='par_1_90' title="bbox 492 4427 3684 4526">
     <span class='ocr_line' id='line_1_90' title="bbox 492 4427 3684 4526; baseline 0.005 -38"><span class='ocrx_word' id='word_1_701' title='bbox 492 4437 678 4505; x_wconf 89' lang='lat' dir='ltr'><strong>recipit</strong></span> <span class='ocrx_word' id='word_1_702' title='bbox 702 4441 751 4490; x_wconf 89' lang='lat' dir='ltr'><strong>in</strong></span> <span class='ocrx_word' id='word_1_703' title='bbox 786 4438 945 4492; x_wconf 88' lang='lat' dir='ltr'><strong>domo</strong></span> <span class='ocrx_word' id='word_1_704' title='bbox 970 4455 1094 4505; x_wconf 91' lang='lat' dir='ltr'><strong>sua,</strong></span> <span class='ocrx_word' id='word_1_705' title='bbox 1127 4443 1267 4497; x_wconf 85' lang='lat' dir='ltr'><strong>sicut</strong></span> <span class='ocrx_word' id='word_1_706' title='bbox 1297 4443 1550 4498; x_wconf 88' lang='lat' dir='ltr'><strong>Dominus</strong></span> <span class='ocrx_word' id='word_1_707' title='bbox 1590 4446 1838 4514; x_wconf 65' lang='lat' dir='ltr'><strong>pracepit</strong></span> <span class='ocrx_word' id='word_1_708' title='bbox 1865 4454 1918 4501; x_wconf 88' lang='lat' dir='ltr'><strong>et</strong></span> <span class='ocrx_word' id='word_1_709' title='bbox 1962 4460 2045 4501; x_wconf 89' lang='lat' dir='ltr'><strong>re-</strong></span> <span class='ocrx_word' id='word_1_710' title='bbox 2071 4465 2120 4526; x_wconf 74' lang='grc' dir='ltr'><strong>ι)</strong></span> <span class='ocrx_word' id='word_1_711' title='bbox 2150 4442 2250 4526; x_wconf 46' lang='lat' dir='ltr'><strong>&quot;Im</strong></span> <span class='ocrx_word' id='word_1_712' title='bbox 2294 4427 2656 4497; x_wconf 68' lang='grc' dir='ltr'><strong>τεεῘΡίθηίῖωη</strong></span> <span class='ocrx_word' id='word_1_713' title='bbox 2699 4432 2979 4526; x_wconf 33' lang='grc' dir='ltr'><strong>,⁸³ηίίθιθῐη</strong></span> <span class='ocrx_word' id='word_1_714' title='bbox 3026 4441 3355 4526; x_wconf 59' lang='grc' dir='ltr'><strong>τείτπηξιεν</strong></span> <span class='ocrx_word' id='word_1_715' title='bbox 3413 4446 3477 4485; x_wconf 73' lang='grc' dir='ltr'><strong>ηε</strong></span> <span class='ocrx_word' id='word_1_716' title='bbox 3526 4430 3684 4526; x_wconf 60' lang='lat' dir='ltr'><strong>wf&#39;i</strong></span> 
     </span>
    </p>
   </div>
   <div class='ocr_carea' id='block_1_91' title="bbox 486 4527 2046 4600">
    <p class='ocr_par' dir='ltr' id='par_1_91' title="bbox 486 4527 2046 4600">
     <span class='ocr_line' id='line_1_91' title="bbox 486 4527 2046 4600; baseline 0.007 -23"><span class='ocrx_word' id='word_1_717' title='bbox 486 4541 586 4592; x_wconf 85' lang='lat' dir='ltr'><strong>gua</strong></span> <span class='ocrx_word' id='word_1_718' title='bbox 621 4527 873 4582; x_wconf 76' lang='lat' dir='ltr'><strong>ctelurum</strong></span> <span class='ocrx_word' id='word_1_719' title='bbox 921 4528 1199 4599; x_wconf 88' lang='lat' dir='ltr'><strong>promisit,</strong></span> <span class='ocrx_word' id='word_1_720' title='bbox 1234 4532 1322 4586; x_wconf 78' lang='lat' dir='ltr'><strong>ubi</strong></span> <span class='ocrx_word' id='word_1_721' title='bbox 1356 4533 1482 4587; x_wconf 91' lang='lat' dir='ltr'><strong>dicit</strong></span> <span class='ocrx_word' id='word_1_722' title='bbox 1521 4552 1533 4586; x_wconf 90' lang='lat'><strong>:</strong></span> <span class='ocrx_word' id='word_1_723' title='bbox 1580 4533 1776 4600; x_wconf 79' lang='lat' dir='ltr'><strong>Venite,</strong></span> <span class='ocrx_word' id='word_1_724' title='bbox 1806 4536 2046 4591; x_wconf 80' lang='lat' dir='ltr'><strong>benedicti</strong></span> 
     </span>
    </p>
   </div>
   <div class='ocr_carea' id='block_1_92' title="bbox 489 4613 2049 4695">
    <p class='ocr_par' dir='ltr' id='par_1_92' title="bbox 489 4613 2049 4695">
     <span class='ocr_line' id='line_1_92' title="bbox 489 4613 2049 4695; baseline 0.011 -29"><span class='ocrx_word' id='word_1_725' title='bbox 489 4613 662 4671; x_wconf 80' lang='lat' dir='ltr'><strong>Patris</strong></span> <span class='ocrx_word' id='word_1_726' title='bbox 686 4620 782 4674; x_wconf 86' lang='lat' dir='ltr'><strong>mei</strong></span> <span class='ocrx_word' id='word_1_727' title='bbox 807 4633 828 4673; x_wconf 91' lang='lat'><strong><em>:</em></strong></span> <span class='ocrx_word' id='word_1_728' title='bbox 852 4631 1046 4689; x_wconf 86' lang='lat' dir='ltr'><strong>quanto</strong></span> <span class='ocrx_word' id='word_1_729' title='bbox 1072 4630 1309 4690; x_wconf 89' lang='lat' dir='ltr'><strong>tempore</strong></span> <span class='ocrx_word' id='word_1_730' title='bbox 1337 4621 1571 4694; x_wconf 87' lang='lat' dir='ltr'><strong>hospites</strong></span> <span class='ocrx_word' id='word_1_731' title='bbox 1614 4640 1718 4681; x_wconf 90' lang='lat' dir='ltr'><strong>non</strong></span> <span class='ocrx_word' id='word_1_732' title='bbox 1761 4626 1956 4695; x_wconf 87' lang='lat' dir='ltr'><strong>recepit</strong></span> <span class='ocrx_word' id='word_1_733' title='bbox 1992 4636 2049 4683; x_wconf 91' lang='lat' dir='ltr'><strong>et</strong></span> 
     </span>
    </p>
   </div>
   <div class='ocr_carea' id='block_1_93' title="bbox 490 4708 2049 4788">
    <p class='ocr_par' dir='ltr' id='par_1_93' title="bbox 490 4708 2049 4788">
     <span class='ocr_line' id='line_1_93' title="bbox 490 4708 2049 4788; baseline 0.009 -28"><span class='ocrx_word' id='word_1_734' title='bbox 490 4708 733 4762; x_wconf 88' lang='lat' dir='ltr'><strong>mandata</strong></span> <span class='ocrx_word' id='word_1_735' title='bbox 764 4712 1061 4780; x_wconf 81' lang='lat' dir='ltr'><strong>evangelica</strong></span> <span class='ocrx_word' id='word_1_736' title='bbox 1091 4728 1195 4769; x_wconf 90' lang='lat' dir='ltr'><strong>non</strong></span> <span class='ocrx_word' id='word_1_737' title='bbox 1235 4714 1560 4785; x_wconf 88' lang='lat' dir='ltr'><strong>adimplevit,</strong></span> <span class='ocrx_word' id='word_1_738' title='bbox 1595 4732 1692 4772; x_wconf 90' lang='lat' dir='ltr'><strong>nec</strong></span> <span class='ocrx_word' id='word_1_739' title='bbox 1721 4718 1881 4788; x_wconf 89' lang='lat' dir='ltr'><strong>pedes</strong></span> <span class='ocrx_word' id='word_1_740' title='bbox 1908 4720 2049 4773; x_wconf 86' lang='lat' dir='ltr'><strong>lava-</strong></span> 
     </span>
    </p>
   </div>
   <div class='ocr_carea' id='block_1_94' title="bbox 487 4800 2051 4877">
    <p class='ocr_par' dir='ltr' id='par_1_94' title="bbox 487 4800 2051 4877">
     <span class='ocr_line' id='line_1_94' title="bbox 487 4800 2051 4877; baseline 0.01 -28"><span class='ocrx_word' id='word_1_741' title='bbox 487 4800 581 4863; x_wconf 88' lang='lat' dir='ltr'><strong>vit,</strong></span> <span class='ocrx_word' id='word_1_742' title='bbox 622 4812 792 4866; x_wconf 89' lang='lat' dir='ltr'><strong>neque</strong></span> <span class='ocrx_word' id='word_1_743' title='bbox 824 4802 1215 4873; x_wconf 83' lang='lat' dir='ltr'><strong>eleemosynam</strong></span> <span class='ocrx_word' id='word_1_744' title='bbox 1252 4805 1405 4871; x_wconf 89' lang='lat' dir='ltr'><strong>fecit,</strong></span> <span class='ocrx_word' id='word_1_745' title='bbox 1436 4818 1583 4861; x_wconf 89' lang='lat' dir='ltr'><strong>tanto</strong></span> <span class='ocrx_word' id='word_1_746' title='bbox 1618 4817 1852 4877; x_wconf 88' lang='lat' dir='ltr'><strong>tempore</strong></span> <span class='ocrx_word' id='word_1_747' title='bbox 1882 4809 2051 4876; x_wconf 51' lang='lat' dir='ltr'><strong>poenis</strong></span> 
     </span>
    </p>
   </div>
   <div class='ocr_carea' id='block_1_95' title="bbox 487 4890 2046 4961">
    <p class='ocr_par' dir='ltr' id='par_1_95' title="bbox 487 4890 2046 4961">
     <span class='ocr_line' id='line_1_95' title="bbox 487 4890 2046 4961; baseline 0.008 -21"><span class='ocrx_word' id='word_1_748' title='bbox 487 4897 595 4941; x_wconf 89' lang='lat' dir='ltr'><strong>teat</strong></span> <span class='ocrx_word' id='word_1_749' title='bbox 622 4890 671 4942; x_wconf 91' lang='lat' dir='ltr'><strong>in</strong></span> <span class='ocrx_word' id='word_1_750' title='bbox 697 4903 828 4957; x_wconf 87' lang='lat' dir='ltr'><strong>pane</strong></span> <span class='ocrx_word' id='word_1_751' title='bbox 851 4901 903 4945; x_wconf 91' lang='lat' dir='ltr'><strong>et</strong></span> <span class='ocrx_word' id='word_1_752' title='bbox 929 4901 1092 4961; x_wconf 81' lang='lat' dir='ltr'><strong>aqha;</strong></span> <span class='ocrx_word' id='word_1_753' title='bbox 1129 4896 1174 4948; x_wconf 89' lang='lat' dir='ltr'><strong>si</strong></span> <span class='ocrx_word' id='word_1_754' title='bbox 1210 4910 1315 4949; x_wconf 93' lang='lat' dir='ltr'><strong>non</strong></span> <span class='ocrx_word' id='word_1_755' title='bbox 1345 4897 1655 4951; x_wconf 85' lang='lat' dir='ltr'><strong>emendatus</strong></span> <span class='ocrx_word' id='word_1_756' title='bbox 1688 4898 2046 4953; x_wconf 83' lang='lat' dir='ltr'><strong>thesaurizaus</strong></span> 
     </span>
    </p>
   </div>
   <div class='ocr_carea' id='block_1_96' title="bbox 487 4975 2047 5055">
    <p class='ocr_par' dir='ltr' id='par_1_96' title="bbox 487 4975 2047 5055">
     <span class='ocr_line' id='line_1_96' title="bbox 487 4975 2047 5055; baseline 0.01 -26"><span class='ocrx_word' id='word_1_757' title='bbox 487 4975 749 5045; x_wconf 70' lang='lat' dir='ltr'><strong>superﬂua</strong></span> <span class='ocrx_word' id='word_1_758' title='bbox 791 4978 844 5033; x_wconf 91' lang='lat' dir='ltr'><strong>in</strong></span> <span class='ocrx_word' id='word_1_759' title='bbox 885 4982 1169 5047; x_wconf 80' lang='lat' dir='ltr'><strong>crastinum</strong></span> <span class='ocrx_word' id='word_1_760' title='bbox 1204 4994 1407 5051; x_wconf 89' lang='lat' dir='ltr'><strong>tempus</strong></span> <span class='ocrx_word' id='word_1_761' title='bbox 1442 5000 1534 5053; x_wconf 88' lang='lat' dir='ltr'><strong>per</strong></span> <span class='ocrx_word' id='word_1_762' title='bbox 1562 4987 1929 5055; x_wconf 86' lang='lat' dir='ltr'><strong>ignorantiam,</strong></span> <span class='ocrx_word' id='word_1_763' title='bbox 1958 4990 2047 5044; x_wconf 88' lang='lat' dir='ltr'><strong>tri-</strong></span> 
     </span>
    </p>
   </div>
   <div class='ocr_carea' id='block_1_97' title="bbox 485 5067 2045 5146">
    <p class='ocr_par' dir='ltr' id='par_1_97' title="bbox 485 5067 2045 5146">
     <span class='ocr_line' id='line_1_97' title="bbox 485 5067 2045 5146; baseline 0.01 -29"><span class='ocrx_word' id='word_1_764' title='bbox 485 5067 611 5118; x_wconf 86' lang='lat' dir='ltr'><strong>buat</strong></span> <span class='ocrx_word' id='word_1_765' title='bbox 646 5067 731 5120; x_wconf 90' lang='lat' dir='ltr'><strong>illa</strong></span> <span class='ocrx_word' id='word_1_766' title='bbox 763 5071 1080 5138; x_wconf 86' lang='lat' dir='ltr'><strong>pauperibus</strong></span> <span class='ocrx_word' id='word_1_767' title='bbox 1110 5089 1123 5126; x_wconf 87' lang='lat'><strong>:</strong></span> <span class='ocrx_word' id='word_1_768' title='bbox 1150 5072 1197 5127; x_wconf 90' lang='lat' dir='ltr'><strong>si</strong></span> <span class='ocrx_word' id='word_1_769' title='bbox 1230 5084 1407 5138; x_wconf 80' lang='lat' dir='ltr'><strong>autem</strong></span> <span class='ocrx_word' id='word_1_770' title='bbox 1442 5089 1534 5141; x_wconf 90' lang='lat' dir='ltr'><strong>per</strong></span> <span class='ocrx_word' id='word_1_771' title='bbox 1567 5086 1925 5146; x_wconf 87' lang='lat' dir='ltr'><strong>contemptum</strong></span> <span class='ocrx_word' id='word_1_772' title='bbox 1962 5093 2045 5131; x_wconf 89' lang='lat' dir='ltr'><strong>ar-</strong></span> 
     </span>
    </p>
   </div>
   <div class='ocr_carea' id='block_1_98' title="bbox 487 5154 2046 5235">
    <p class='ocr_par' dir='ltr' id='par_1_98' title="bbox 487 5154 2046 5235">
     <span class='ocr_line' id='line_1_98' title="bbox 487 5154 2046 5235; baseline 0.009 -28"><span class='ocrx_word' id='word_1_773' title='bbox 487 5154 792 5224; x_wconf 86' lang='lat' dir='ltr'><strong>guentium,</strong></span> <span class='ocrx_word' id='word_1_774' title='bbox 848 5158 1179 5232; x_wconf 82' lang='lat' dir='ltr'><strong>eleemosyna</strong></span> <span class='ocrx_word' id='word_1_775' title='bbox 1231 5174 1285 5217; x_wconf 90' lang='lat' dir='ltr'><strong>et</strong></span> <span class='ocrx_word' id='word_1_776' title='bbox 1330 5162 1534 5232; x_wconf 90' lang='lat' dir='ltr'><strong>jejunio</strong></span> <span class='ocrx_word' id='word_1_777' title='bbox 1585 5176 1798 5219; x_wconf 87' lang='lat' dir='ltr'><strong>sanetur</strong></span> <span class='ocrx_word' id='word_1_778' title='bbox 1844 5166 2046 5235; x_wconf 90' lang='lat' dir='ltr'><strong>judicio</strong></span> 
     </span>
    </p>
   </div>
   <div class='ocr_carea' id='block_1_99' title="bbox 486 5248 2041 5323">
    <p class='ocr_par' dir='ltr' id='par_1_99' title="bbox 486 5248 2041 5323">
     <span class='ocr_line' id='line_1_99' title="bbox 486 5248 2041 5323; baseline 0.008 -24"><span class='ocrx_word' id='word_1_779' title='bbox 486 5248 800 5303; x_wconf 84' lang='lat' dir='ltr'><strong>sacerdotis.</strong></span> <span class='ocrx_word' id='word_1_780' title='bbox 832 5249 1149 5306; x_wconf 76' lang='lat' dir='ltr'><strong>Permanens</strong></span> <span class='ocrx_word' id='word_1_781' title='bbox 1184 5264 1358 5308; x_wconf 91' lang='lat' dir='ltr'><strong>autem</strong></span> <span class='ocrx_word' id='word_1_782' title='bbox 1389 5254 1441 5307; x_wconf 90' lang='lat' dir='ltr'><strong>in</strong></span> <span class='ocrx_word' id='word_1_783' title='bbox 1475 5255 1693 5308; x_wconf 85' lang='lat' dir='ltr'><strong>avaritia</strong></span> <span class='ocrx_word' id='word_1_784' title='bbox 1718 5297 1731 5320; x_wconf 96' lang='lat'><strong>,</strong></span> <span class='ocrx_word' id='word_1_785' title='bbox 1765 5257 2041 5323; x_wconf 88' lang='lat' dir='ltr'><strong>alienetur.</strong></span> 
     </span>
    </p>
   </div>
   <div class='ocr_carea' id='block_1_100' title="bbox 486 5337 2041 5421">
    <p class='ocr_par' dir='ltr' id='par_1_100' title="bbox 486 5337 2041 5421">
     <span class='ocr_line' id='line_1_100' title="bbox 486 5337 2041 5421; baseline 0.006 -32"><span class='ocrx_word' id='word_1_786' title='bbox 486 5337 585 5400; x_wconf 89' lang='lat' dir='ltr'><strong>Qui</strong></span> <span class='ocrx_word' id='word_1_787' title='bbox 608 5340 796 5405; x_wconf 89' lang='lat' dir='ltr'><strong>repetit</strong></span> <span class='ocrx_word' id='word_1_788' title='bbox 815 5340 1067 5392; x_wconf 85' lang='lat' dir='ltr'><strong>aulereuti</strong></span> <span class='ocrx_word' id='word_1_789' title='bbox 1089 5355 1205 5421; x_wconf 76' lang='lat' dir='ltr'><strong>quae</strong></span> <span class='ocrx_word' id='word_1_790' title='bbox 1225 5356 1317 5397; x_wconf 87' lang='lat' dir='ltr'><strong>sua</strong></span> <span class='ocrx_word' id='word_1_791' title='bbox 1341 5347 2041 5410; x_wconf 60' lang='lat' dir='ltr'><strong>suntcoutraJttterdictum,</strong></span> 
     </span>
    </p>
   </div>
   <div class='ocr_carea' id='block_1_101' title="bbox 558 5450 2045 5532">
    <p class='ocr_par' dir='ltr' id='par_1_101' title="bbox 558 5450 2045 5532">
     <span class='ocr_line' id='line_1_101' title="bbox 558 5450 2045 5532; baseline 0.004 -27"><span class='ocrx_word' id='word_1_792' title='bbox 558 5461 581 5486; x_wconf 79' lang='lat'><strong><em>°</em></strong></span> <span class='ocrx_word' id='word_1_793' title='bbox 613 5452 801 5505; x_wconf 88' lang='lat' dir='ltr'><strong>Sermo</strong></span> <span class='ocrx_word' id='word_1_794' title='bbox 829 5460 913 5532; x_wconf 65' lang='lat' dir='ltr'><strong>est</strong></span> <span class='ocrx_word' id='word_1_795' title='bbox 940 5450 1006 5505; x_wconf 87' lang='lat' dir='ltr'><strong>de</strong></span> <span class='ocrx_word' id='word_1_796' title='bbox 1043 5455 1417 5532; x_wconf 74' lang='lat' dir='ltr'><strong>superstitioso</strong></span> <span class='ocrx_word' id='word_1_797' title='bbox 1432 5457 1571 5509; x_wconf 87' lang='lat' dir='ltr'><strong>cultu</strong></span> <span class='ocrx_word' id='word_1_798' title='bbox 1599 5472 1779 5510; x_wconf 85' lang='lat' dir='ltr'><strong>rerum</strong></span> <span class='ocrx_word' id='word_1_799' title='bbox 1826 5466 1919 5511; x_wconf 86' lang='lat' dir='ltr'><strong>aut</strong></span> <span class='ocrx_word' id='word_1_800' title='bbox 1969 5458 2045 5511; x_wconf 87' lang='lat' dir='ltr'><strong>lo-</strong></span> 
     </span>
    </p>
   </div>
   <div class='ocr_carea' id='block_1_102' title="bbox 486 5522 1613 5589">
    <p class='ocr_par' dir='ltr' id='par_1_102' title="bbox 486 5522 1613 5589">
     <span class='ocr_line' id='line_1_102' title="bbox 486 5522 1613 5589; baseline 0.005 -16"><span class='ocrx_word' id='word_1_801' title='bbox 486 5534 665 5589; x_wconf 68' lang='lat' dir='ltr'><strong>cttrutu</strong></span> <span class='ocrx_word' id='word_1_802' title='bbox 695 5538 811 5589; x_wconf 73' lang='lat' dir='ltr'><strong>quas</strong></span> <span class='ocrx_word' id='word_1_803' title='bbox 840 5522 941 5574; x_wconf 75' lang='lat' dir='ltr'><strong>|IIIS</strong></span> <span class='ocrx_word' id='word_1_804' title='bbox 973 5522 1257 5589; x_wconf 87' lang='lat' dir='ltr'><strong>gentilibus</strong></span> <span class='ocrx_word' id='word_1_805' title='bbox 1288 5527 1613 5579; x_wconf 88' lang='lat' dir='ltr'><strong>dicahantur.</strong></span> 
     </span>
    </p>
   </div>
   <div class='ocr_carea' id='block_1_103' title="bbox 561 5588 2039 5663">
    <p class='ocr_par' dir='ltr' id='par_1_103' title="bbox 561 5588 2039 5663">
     <span class='ocr_line' id='line_1_103' title="bbox 561 5588 2039 5663; baseline 0.009 -25"><span class='ocrx_word' id='word_1_806' title='bbox 561 5588 585 5663; x_wconf 60' lang='grc' dir='ltr'><strong>ιξ</strong></span> <span class='ocrx_word' id='word_1_807' title='bbox 617 5588 737 5663; x_wconf 87' lang='lat' dir='ltr'><strong>Dies</strong></span> <span class='ocrx_word' id='word_1_808' title='bbox 755 5602 891 5663; x_wconf 73' lang='lat' dir='ltr'><strong>sunt</strong></span> <span class='ocrx_word' id='word_1_809' title='bbox 926 5588 1197 5663; x_wconf 77' lang='lat' dir='ltr'><strong>gentilium</strong></span> <span class='ocrx_word' id='word_1_810' title='bbox 1229 5596 1685 5658; x_wconf 81' lang='lat' dir='ltr'><strong>superstitionibus</strong></span> <span class='ocrx_word' id='word_1_811' title='bbox 1728 5592 2039 5663; x_wconf 80' lang='lat' dir='ltr'><strong>consecrati,</strong></span> 
     </span>
    </p>
   </div>
   <div class='ocr_carea' id='block_1_104' title="bbox 495 5659 1686 5736">
    <p class='ocr_par' dir='ltr' id='par_1_104' title="bbox 495 5659 1686 5736">
     <span class='ocr_line' id='line_1_104' title="bbox 495 5659 1686 5736; baseline 0.009 -25"><span class='ocrx_word' id='word_1_812' title='bbox 495 5669 550 5711; x_wconf 89' lang='lat' dir='ltr'><strong>ut</strong></span> <span class='ocrx_word' id='word_1_813' title='bbox 576 5659 726 5736; x_wconf 68' lang='lat' dir='ltr'><strong>habet</strong></span> <span class='ocrx_word' id='word_1_814' title='bbox 755 5660 1019 5736; x_wconf 80' lang='lat' dir='ltr'><strong>Usuardus</strong></span> <span class='ocrx_word' id='word_1_815' title='bbox 1045 5661 1096 5714; x_wconf 87' lang='lat' dir='ltr'><strong>in</strong></span> <span class='ocrx_word' id='word_1_816' title='bbox 1128 5664 1328 5736; x_wconf 69' lang='lat' dir='ltr'><strong>prolog.</strong></span> <span class='ocrx_word' id='word_1_817' title='bbox 1360 5664 1686 5736; x_wconf 81' lang='lat' dir='ltr'><strong>Martyrolog.</strong></span> 
     </span>
    </p>
   </div>
   <div class='ocr_carea' id='block_1_105' title="bbox 559 5727 1371 5803">
    <p class='ocr_par' dir='ltr' id='par_1_105' title="bbox 559 5727 1371 5803">
     <span class='ocr_line' id='line_1_105' title="bbox 559 5727 1371 5803; baseline 0.006 -20"><span class='ocrx_word' id='word_1_818' title='bbox 559 5740 582 5768; x_wconf 70' lang='grc' dir='ltr'><em>ε</em></span> <span class='ocrx_word' id='word_1_819' title='bbox 616 5727 833 5796; x_wconf 75' lang='lat' dir='ltr'><strong>Forsan,</strong></span> <span class='ocrx_word' id='word_1_820' title='bbox 861 5732 1048 5803; x_wconf 82' lang='lat' dir='ltr'><strong>vetula,</strong></span> <span class='ocrx_word' id='word_1_821' title='bbox 1075 5727 1166 5789; x_wconf 76' lang='lat' dir='ltr'><strong>seu</strong></span> <span class='ocrx_word' id='word_1_822' title='bbox 1200 5730 1371 5788; x_wconf 83' lang='lat' dir='ltr'><strong>vitula.</strong></span> 
     </span>
    </p>
   </div>
   <div class='ocr_carea' id='block_1_106' title="bbox 2146 4518 3683 4587">
    <p class='ocr_par' dir='ltr' id='par_1_106' title="bbox 2146 4518 3683 4587">
     <span class='ocr_line' id='line_1_106' title="bbox 2146 4518 3683 4587; baseline 0.002 -17"><span class='ocrx_word' id='word_1_823' title='bbox 2146 4518 2225 4571; x_wconf 89' lang='lat' dir='ltr'><strong>eis</strong></span> <span class='ocrx_word' id='word_1_824' title='bbox 2247 4519 2599 4585; x_wconf 88' lang='lat' dir='ltr'><strong>consentiant,</strong></span> <span class='ocrx_word' id='word_1_825' title='bbox 2630 4519 2710 4573; x_wconf 92' lang='lat' dir='ltr'><strong>vel</strong></span> <span class='ocrx_word' id='word_1_826' title='bbox 2741 4520 3124 4587; x_wconf 86' lang='lat' dir='ltr'><strong>vituperatione</strong></span> <span class='ocrx_word' id='word_1_827' title='bbox 3168 4520 3303 4574; x_wconf 88' lang='lat' dir='ltr'><strong>mala</strong></span> <span class='ocrx_word' id='word_1_828' title='bbox 3346 4521 3467 4575; x_wconf 89' lang='lat' dir='ltr'><strong>boni</strong></span> <span class='ocrx_word' id='word_1_829' title='bbox 3510 4520 3683 4575; x_wconf 86' lang='lat' dir='ltr'><strong>contir-</strong></span> 
     </span>
    </p>
   </div>
   <div class='ocr_carea' id='block_1_107' title="bbox 2147 4608 3683 4678">
    <p class='ocr_par' dir='ltr' id='par_1_107' title="bbox 2147 4608 3683 4678">
     <span class='ocr_line' id='line_1_107' title="bbox 2147 4608 3683 4678; baseline 0.002 -17"><span class='ocrx_word' id='word_1_830' title='bbox 2147 4608 2318 4663; x_wconf 89' lang='lat' dir='ltr'><strong>mandi</strong></span> <span class='ocrx_word' id='word_1_831' title='bbox 2350 4608 2595 4672; x_wconf 89' lang='lat' dir='ltr'><strong>obtentu,</strong></span> <span class='ocrx_word' id='word_1_832' title='bbox 2626 4620 2715 4661; x_wconf 92' lang='lat' dir='ltr'><strong>aut</strong></span> <span class='ocrx_word' id='word_1_833' title='bbox 2745 4609 2949 4678; x_wconf 89' lang='lat' dir='ltr'><strong>lugubri</strong></span> <span class='ocrx_word' id='word_1_834' title='bbox 2974 4610 3332 4674; x_wconf 86' lang='lat' dir='ltr'><strong>miseratione,</strong></span> <span class='ocrx_word' id='word_1_835' title='bbox 3361 4611 3594 4666; x_wconf 87' lang='lat' dir='ltr'><strong>medicus</strong></span> <span class='ocrx_word' id='word_1_836' title='bbox 3615 4621 3683 4664; x_wconf 86' lang='lat' dir='ltr'><strong>est</strong></span> 
     </span>
    </p>
   </div>
   <div class='ocr_carea' id='block_1_108' title="bbox 2144 4688 3683 4769">
    <p class='ocr_par' dir='ltr' id='par_1_108' title="bbox 2144 4688 3683 4769">
     <span class='ocr_line' id='line_1_108' title="bbox 2144 4688 3683 4769; baseline 0.002 -17"><span class='ocrx_word' id='word_1_837' title='bbox 2144 4700 2500 4754; x_wconf 72' lang='lat' dir='ltr'><strong>aestimandus.</strong></span> <span class='ocrx_word' id='word_1_838' title='bbox 2532 4698 2588 4754; x_wconf 88' lang='lat' dir='ltr'><strong>Si</strong></span> <span class='ocrx_word' id='word_1_839' title='bbox 2618 4698 2716 4753; x_wconf 90' lang='lat' dir='ltr'><strong>ista</strong></span> <span class='ocrx_word' id='word_1_840' title='bbox 2749 4701 2844 4754; x_wconf 87' lang='lat' dir='ltr'><strong>tria</strong></span> <span class='ocrx_word' id='word_1_841' title='bbox 2870 4688 3150 4767; x_wconf 77' lang='lat' dir='ltr'><strong>defuerint,</strong></span> <span class='ocrx_word' id='word_1_842' title='bbox 3189 4703 3458 4760; x_wconf 81' lang='lat' dir='ltr'><strong>detractor</strong></span> <span class='ocrx_word' id='word_1_843' title='bbox 3487 4702 3683 4769; x_wconf 81' lang='lat' dir='ltr'><strong>triginta</strong></span> 
     </span>
    </p>
   </div>
   <div class='ocr_carea' id='block_1_109' title="bbox 2144 4787 3688 4861">
    <p class='ocr_par' dir='ltr' id='par_1_109' title="bbox 2144 4787 3688 4861">
     <span class='ocr_line' id='line_1_109' title="bbox 2144 4787 3688 4861; baseline -0.001 -18"><span class='ocrx_word' id='word_1_844' title='bbox 2144 4790 2373 4857; x_wconf 88' lang='lat' dir='ltr'><strong>psalmos</strong></span> <span class='ocrx_word' id='word_1_845' title='bbox 2400 4790 2452 4844; x_wconf 93' lang='lat' dir='ltr'><strong>in</strong></span> <span class='ocrx_word' id='word_1_846' title='bbox 2478 4788 2663 4844; x_wconf 90' lang='lat' dir='ltr'><strong>ordine</strong></span> <span class='ocrx_word' id='word_1_847' title='bbox 2683 4796 2859 4845; x_wconf 85' lang='lat' dir='ltr'><strong>cantet</strong></span> <span class='ocrx_word' id='word_1_848' title='bbox 2884 4810 2897 4844; x_wconf 87' lang='lat'><strong>:</strong></span> <span class='ocrx_word' id='word_1_849' title='bbox 2921 4789 3035 4846; x_wconf 89' lang='lat' dir='ltr'><strong>laici</strong></span> <span class='ocrx_word' id='word_1_850' title='bbox 3071 4799 3269 4861; x_wconf 89' lang='lat' dir='ltr'><strong>septem</strong></span> <span class='ocrx_word' id='word_1_851' title='bbox 3292 4790 3497 4855; x_wconf 87' lang='lat' dir='ltr'><strong>diebus,</strong></span> <span class='ocrx_word' id='word_1_852' title='bbox 3517 4787 3688 4853; x_wconf 77' lang='lat' dir='ltr'><strong>clerici</strong></span> 
     </span>
    </p>
   </div>
   <div class='ocr_carea' id='block_1_110' title="bbox 2142 4879 3677 4950">
    <p class='ocr_par' dir='ltr' id='par_1_110' title="bbox 2142 4879 3677 4950">
     <span class='ocr_line' id='line_1_110' title="bbox 2142 4879 3677 4950; baseline 0 -17"><span class='ocrx_word' id='word_1_853' title='bbox 2142 4880 2273 4934; x_wconf 90' lang='lat' dir='ltr'><strong>duas</strong></span> <span class='ocrx_word' id='word_1_854' title='bbox 2299 4879 2653 4935; x_wconf 86' lang='lat' dir='ltr'><strong>hebdomadas</strong></span> <span class='ocrx_word' id='word_1_855' title='bbox 2682 4920 2699 4947; x_wconf 91' lang='lat'><strong>,</strong></span> <span class='ocrx_word' id='word_1_856' title='bbox 2725 4881 3089 4939; x_wconf 86' lang='lat' dir='ltr'><strong>subdiaconus</strong></span> <span class='ocrx_word' id='word_1_857' title='bbox 3108 4894 3242 4947; x_wconf 84' lang='lat' dir='ltr'><strong>tres,</strong></span> <span class='ocrx_word' id='word_1_858' title='bbox 3277 4882 3529 4935; x_wconf 87' lang='lat' dir='ltr'><strong>diaconus</strong></span> <span class='ocrx_word' id='word_1_859' title='bbox 3564 4894 3677 4950; x_wconf 79' lang='lat' dir='ltr'><strong>qua-</strong></span> 
     </span>
    </p>
   </div>
   <div class='ocr_carea' id='block_1_111' title="bbox 2145 4965 3682 5041">
    <p class='ocr_par' dir='ltr' id='par_1_111' title="bbox 2145 4965 3682 5041">
     <span class='ocr_line' id='line_1_111' title="bbox 2145 4965 3682 5041; baseline 0.004 -20"><span class='ocrx_word' id='word_1_860' title='bbox 2145 4980 2282 5033; x_wconf 90' lang='lat' dir='ltr'><strong>tuor,</strong></span> <span class='ocrx_word' id='word_1_861' title='bbox 2314 4970 2591 5039; x_wconf 85' lang='lat' dir='ltr'><strong>presbyter</strong></span> <span class='ocrx_word' id='word_1_862' title='bbox 2614 4970 2875 5041; x_wconf 77' lang='lat' dir='ltr'><strong>quinque,</strong></span> <span class='ocrx_word' id='word_1_863' title='bbox 2900 4965 3176 5040; x_wconf 85' lang='lat' dir='ltr'><strong>episcopus</strong></span> <span class='ocrx_word' id='word_1_864' title='bbox 3201 4986 3314 5024; x_wconf 85' lang='lat' dir='ltr'><strong>sex.</strong></span> <span class='ocrx_word' id='word_1_865' title='bbox 3351 4967 3408 5024; x_wconf 85' lang='lat' dir='ltr'><strong>Si</strong></span> <span class='ocrx_word' id='word_1_866' title='bbox 3436 4968 3556 5038; x_wconf 90' lang='lat' dir='ltr'><strong>quis</strong></span> <span class='ocrx_word' id='word_1_867' title='bbox 3573 4982 3682 5027; x_wconf 76' lang='lat' dir='ltr'><strong>cum</strong></span> 
     </span>
    </p>
   </div>
   <div class='ocr_carea' id='block_1_112' title="bbox 2142 5058 3679 5126">
    <p class='ocr_par' dir='ltr' id='par_1_112' title="bbox 2142 5058 3679 5126">
     <span class='ocr_line' id='line_1_112' title="bbox 2142 5058 3679 5126; baseline 0.001 -15"><span class='ocrx_word' id='word_1_868' title='bbox 2142 5059 2245 5112; x_wconf 90' lang='lat' dir='ltr'><strong>alio</strong></span> <span class='ocrx_word' id='word_1_869' title='bbox 2270 5060 2399 5112; x_wconf 88' lang='lat' dir='ltr'><strong>iram</strong></span> <span class='ocrx_word' id='word_1_870' title='bbox 2427 5065 2571 5114; x_wconf 86' lang='lat' dir='ltr'><strong>tenet</strong></span> <span class='ocrx_word' id='word_1_871' title='bbox 2608 5060 2660 5114; x_wconf 90' lang='lat' dir='ltr'><strong>in</strong></span> <span class='ocrx_word' id='word_1_872' title='bbox 2698 5061 2891 5125; x_wconf 86' lang='lat' dir='ltr'><strong>corde,</strong></span> <span class='ocrx_word' id='word_1_873' title='bbox 2935 5068 2994 5113; x_wconf 92' lang='lat' dir='ltr'><strong>ut</strong></span> <span class='ocrx_word' id='word_1_874' title='bbox 3034 5058 3290 5112; x_wconf 87' lang='lat' dir='ltr'><strong>homicida</strong></span> <span class='ocrx_word' id='word_1_875' title='bbox 3322 5058 3618 5126; x_wconf 87' lang='lat' dir='ltr'><strong>judicetur;</strong></span> <span class='ocrx_word' id='word_1_876' title='bbox 3641 5058 3679 5112; x_wconf 78' lang='lat' dir='ltr'><strong>si</strong></span> 
     </span>
    </p>
   </div>
   <div class='ocr_carea' id='block_1_113' title="bbox 2145 5139 3679 5216">
    <p class='ocr_par' dir='ltr' id='par_1_113' title="bbox 2145 5139 3679 5216">
     <span class='ocr_line' id='line_1_113' title="bbox 2145 5139 3679 5216; baseline 0.002 -14"><span class='ocrx_word' id='word_1_877' title='bbox 2145 5164 2250 5202; x_wconf 89' lang='lat' dir='ltr'><strong>non</strong></span> <span class='ocrx_word' id='word_1_878' title='bbox 2282 5149 2393 5203; x_wconf 88' lang='lat' dir='ltr'><strong>vult</strong></span> <span class='ocrx_word' id='word_1_879' title='bbox 2426 5149 2754 5204; x_wconf 84' lang='lat' dir='ltr'><strong>reconciliari</strong></span> <span class='ocrx_word' id='word_1_880' title='bbox 2794 5139 2938 5201; x_wconf 81' lang='lat' dir='ltr'><strong>fratri</strong></span> <span class='ocrx_word' id='word_1_881' title='bbox 2984 5161 3101 5213; x_wconf 90' lang='lat' dir='ltr'><strong>suo,</strong></span> <span class='ocrx_word' id='word_1_882' title='bbox 3147 5162 3302 5216; x_wconf 89' lang='lat' dir='ltr'><strong>quem</strong></span> <span class='ocrx_word' id='word_1_883' title='bbox 3349 5148 3471 5202; x_wconf 91' lang='lat' dir='ltr'><strong>odio</strong></span> <span class='ocrx_word' id='word_1_884' title='bbox 3517 5148 3679 5205; x_wconf 68' lang='lat' dir='ltr'><strong>habet.</strong></span> 
     </span>
    </p>
   </div>
   <div class='ocr_carea' id='block_1_114' title="bbox 2146 5225 3680 5310">
    <p class='ocr_par' dir='ltr' id='par_1_114' title="bbox 2146 5225 3680 5310">
     <span class='ocr_line' id='line_1_114' title="bbox 2146 5225 3680 5310; baseline 0.001 -19"><span class='ocrx_word' id='word_1_885' title='bbox 2146 5239 2321 5293; x_wconf 81' lang='lat' dir='ltr'><strong>tandiu</strong></span> <span class='ocrx_word' id='word_1_886' title='bbox 2361 5240 2414 5295; x_wconf 91' lang='lat' dir='ltr'><strong>in</strong></span> <span class='ocrx_word' id='word_1_887' title='bbox 2456 5254 2592 5310; x_wconf 89' lang='lat' dir='ltr'><strong>pane</strong></span> <span class='ocrx_word' id='word_1_888' title='bbox 2630 5248 2684 5295; x_wconf 92' lang='lat' dir='ltr'><strong>et</strong></span> <span class='ocrx_word' id='word_1_889' title='bbox 2725 5225 2859 5308; x_wconf 75' lang='lat' dir='ltr'><strong>aqua</strong></span> <span class='ocrx_word' id='word_1_890' title='bbox 2907 5237 3155 5305; x_wconf 61' lang='lat' dir='ltr'><strong>paeniteat</strong></span> <span class='ocrx_word' id='word_1_891' title='bbox 3192 5252 3355 5307; x_wconf 88' lang='lat' dir='ltr'><strong>usque</strong></span> <span class='ocrx_word' id='word_1_892' title='bbox 3395 5237 3680 5293; x_wconf 77' lang='lat' dir='ltr'><strong>reconcilie-</strong></span> 
     </span>
    </p>
   </div>
   <div class='ocr_carea' id='block_1_115' title="bbox 2145 5333 2327 5387">
    <p class='ocr_par' dir='ltr' id='par_1_115' title="bbox 2145 5333 2327 5387">
     <span class='ocr_line' id='line_1_115' title="bbox 2145 5333 2327 5387; baseline 0.011 -2"><span class='ocrx_word' id='word_1_893' title='bbox 2145 5339 2228 5385; x_wconf 92' lang='lat' dir='ltr'><strong>tur</strong></span> <span class='ocrx_word' id='word_1_894' title='bbox 2255 5333 2327 5387; x_wconf 91' lang='lat' dir='ltr'><strong>ei.</strong></span> 
     </span>
    </p>
   </div>
   <div class='ocr_carea' id='block_1_116' title="bbox 2216 5445 3495 5519">
    <p class='ocr_par' dir='ltr' id='par_1_116' title="bbox 2216 5445 3495 5519">
     <span class='ocr_line' id='line_1_116' title="bbox 2216 5445 3495 5519; baseline -0.008 -11"><span class='ocrx_word' id='word_1_895' title='bbox 2216 5453 2239 5493; x_wconf 77' lang='grc' dir='ltr'>ἀ</span> <span class='ocrx_word' id='word_1_896' title='bbox 2274 5454 2325 5508; x_wconf 90' lang='lat' dir='ltr'><strong>Id</strong></span> <span class='ocrx_word' id='word_1_897' title='bbox 2354 5464 2454 5519; x_wconf 89' lang='lat' dir='ltr'><strong>est,</strong></span> <span class='ocrx_word' id='word_1_898' title='bbox 2486 5461 2756 5517; x_wconf 74' lang='lat' dir='ltr'><strong>separetur</strong></span> <span class='ocrx_word' id='word_1_899' title='bbox 2787 5465 2814 5503; x_wconf 91' lang='lat' dir='ltr'><strong>a</strong></span> <span class='ocrx_word' id='word_1_900' title='bbox 2846 5445 3495 5519; x_wconf 59' lang='lat' dir='ltr'><strong>communiouetidelium.</strong></span> 
     </span>
    </p>
   </div>
   <div class='ocr_carea' id='block_1_117' title="bbox 2200 5514 3409 5591">
    <p class='ocr_par' dir='ltr' id='par_1_117' title="bbox 2200 5514 3409 5591">
     <span class='ocr_line' id='line_1_117' title="bbox 2200 5514 3409 5591; baseline -0.002 -15"><span class='ocrx_word' id='word_1_901' title='bbox 2200 5536 2240 5576; x_wconf 75' lang='grc' dir='ltr'><strong>,ο</strong></span> <span class='ocrx_word' id='word_1_902' title='bbox 2277 5514 2650 5591; x_wconf 50' lang='grc' dir='ltr'><strong>υρεείεαειὶθαι</strong></span> <span class='ocrx_word' id='word_1_903' title='bbox 2679 5523 2941 5584; x_wconf 76' lang='lat' dir='ltr'><strong>dimovere,</strong></span> <span class='ocrx_word' id='word_1_904' title='bbox 2969 5521 3057 5591; x_wconf 84' lang='lat' dir='ltr'><strong>vel</strong></span> <span class='ocrx_word' id='word_1_905' title='bbox 3072 5519 3200 5591; x_wconf 82' lang='lat' dir='ltr'><strong>quid</strong></span> <span class='ocrx_word' id='word_1_906' title='bbox 3212 5514 3409 5591; x_wconf 82' lang='lat' dir='ltr'><strong>_s&#39;tmiIo.</strong></span> 
     </span>
    </p>
   </div>
   <div class='ocr_carea' id='block_1_118' title="bbox 2218 5587 3280 5661">
    <p class='ocr_par' dir='ltr' id='par_1_118' title="bbox 2218 5587 3280 5661">
     <span class='ocr_line' id='line_1_118' title="bbox 2218 5587 3280 5661; baseline -0.007 -15"><span class='ocrx_word' id='word_1_907' title='bbox 2218 5594 2239 5634; x_wconf 71' lang='grc' dir='ltr'>ί</span> <span class='ocrx_word' id='word_1_908' title='bbox 2287 5591 2442 5647; x_wconf 84' lang='lat' dir='ltr'><strong>Deest</strong></span> <span class='ocrx_word' id='word_1_909' title='bbox 2466 5587 2796 5655; x_wconf 75' lang='lat' dir='ltr'><strong>reconciliari,</strong></span> <span class='ocrx_word' id='word_1_910' title='bbox 2831 5593 2912 5646; x_wconf 82' lang='lat' dir='ltr'><strong>vel</strong></span> <span class='ocrx_word' id='word_1_911' title='bbox 2940 5589 3061 5661; x_wconf 88' lang='lat' dir='ltr'><strong>quid</strong></span> <span class='ocrx_word' id='word_1_912' title='bbox 3088 5587 3280 5643; x_wconf 64' lang='lat' dir='ltr'><strong>Simile.</strong></span> 
     </span>
    </p>
   </div>
   <div class='ocr_carea' id='block_1_119' title="bbox 2216 5665 2687 5724">
    <p class='ocr_par' dir='ltr' id='par_1_119' title="bbox 2216 5665 2687 5724">
     <span class='ocr_line' id='line_1_119' title="bbox 2216 5665 2687 5724; baseline -0.002 -12"><span class='ocrx_word' id='word_1_913' title='bbox 2216 5675 2242 5712; x_wconf 85' lang='lat' dir='ltr'><strong>s</strong></span> <span class='ocrx_word' id='word_1_914' title='bbox 2278 5665 2493 5724; x_wconf 78' lang='lat' dir='ltr'><strong>Forsan,</strong></span> <span class='ocrx_word' id='word_1_915' title='bbox 2522 5672 2627 5713; x_wconf 84' lang='lat' dir='ltr'><strong>aut.</strong></span> <span class='ocrx_word' id='word_1_916' title='bbox 2685 5699 2687 5705; x_wconf 60' lang='grc' dir='ltr'><strong>ς</strong></span> 
     </span>
    </p>
   </div>
   <div class='ocr_carea' id='block_1_120' title="bbox 2216 5730 2841 5799">
    <p class='ocr_par' dir='ltr' id='par_1_120' title="bbox 2216 5730 2841 5799">
     <span class='ocr_line' id='line_1_120' title="bbox 2216 5730 2841 5799; baseline -0.006 -10"><span class='ocrx_word' id='word_1_917' title='bbox 2216 5734 2239 5772; x_wconf 69' lang='grc' dir='ltr'>δ</span> <span class='ocrx_word' id='word_1_918' title='bbox 2271 5732 2491 5799; x_wconf 80' lang='lat' dir='ltr'><strong>Forsan,</strong></span> <span class='ocrx_word' id='word_1_919' title='bbox 2517 5730 2841 5786; x_wconf 75' lang='lat' dir='ltr'><strong>contradixit.</strong></span> 
     </span>
    </p>
   </div>
  </div>
