3848 6234
198 410 287 468 99⁸6

770 510 988 565 CAPUT
1028 509 1095 564 Χ.

737 619 810 673 De
838 620 1028 682 accdia,
1061 627 1160 670 ctc.

177 749 184 752 '
254 735 476 795 ’Otiusus,
521 745 679 798 opere
727 729 1155 783 extraordinario
1185 735 1459 788 oneretur,
1504 736 1717 775 somno-

201 829 354 881 lentus
394 821 566 891 vigilia
619 819 994 889 propensiore;
1037 819 1171 871 idem
1207 819 1369 872 tribus
1406 815 1482 869 vel
1511 821 1715 881 septem

200 913 395 983 psalmis
436 919 748 974 occupetur;
786 921 1000 976 vagans,
1033 906 1407 972 instabilisque,
1447 901 1718 955 mansione

201 1004 337 1056 unius
360 1000 452 1055 loci
480 995 573 1071 [et]
593 995 770 1064 Operi:
794 995 1070 1049 sedulitate
1096 1003 1338 1048 sanetur.

773 1105 995 1160 CAPUT
1033 1104 1122 1160 ΧΙ.

703 1197 783 1251 De
811 1195 1058 1266 superbia,
1090 1204 1193 1248 etc.

261 1312 351 1379 Qui
379 1309 617 1374 superbia
647 1316 869 1362 caeteros
898 1306 1129 1374 quatibet
1154 1303 1489 1372 despectione
1516 1299 1712 1368 arguit,

157 1436 159 1438 η
199 1401 352 1468 primo
379 1395 661 1451 satisfaciat
703 1394 801 1461 eis,
841 1393 1028 1446 deinde
1065 1391 1267 1461 jejnnet
1306 1389 1502 1459 judicio
1528 1402 1724 1459 sacer-

203 1488 354 1551 dotis;
388 1487 745 1540 cententiosus
773 1487 930 1537 etiam
961 1484 1173 1536 alterius
1203 1481 1480 1536 sententiae
1510 1493 1567 1532 se
1597 1477 1722 1532 sub-

203 1579 305 1640 dat;
332 1579 408 1630 sin
434 1589 629 1638 autem,
656 1574 1120 1642 anathematizetur
1141 1582 1197 1626 ut
1225 1587 1385 1641 regno
1411 1571 1617 1626 Domini
1644 1578 1725 1623 est

205 1669 410 1721 alienus.
459 1663 670 1718 lactans
717 1664 768 1716 in
818 1660 929 1716 suis
981 1659 1282 1724 beneficiis,
1337 1673 1396 1713 se
1442 1657 1722 1727 humiliet;

205 1756 413 1821 alioquin
453 1753 571 1820 quid
626 1750 809 1822 [quod]
858 1750 980 1804 boni
1029 1748 1210 1802 fecerit
1253 1749 1497 1801 humana:
1543 1747 1722 1816 gloria:

1110 348 1310 450 LIBER
1351 393 1438 449 DE
1475 387 1791 445 MENSURA
1833 377 2444 440 [’(ENITENTIARUM.

1738 501 1788 558 Α
1817 495 1868 547 in
1893 509 2032 568 pane.
2047 502 2101 549 et
2126 508 2257 559 aqua
2290 489 2564 560 pmniteat.
2597 487 2650 543 Si
2676 498 2792 554 thIS
2821 495 2843 524 ο
2873 487 3139 540 delaturas
3161 487 3366 550 fecerit,

2053 130 2074 182 Ι

3255 371 3360 426 995

1819 584 1945 654 quid
1987 581 2324 645 detestabile,
2373 579 2540 632 tribus
2591 576 2746 630 annis
2788 576 3044 644 paeniteat
3072 576 3124 628 in
3153 589 3288 643 pane
3317 586 3371 628 et

1819 655 1972 746 aqua.
2017 675 2072 733 Si
2115 677 2232 745 quis
2262 675 2425 728 laicus
2454 687 2549 741 per
2578 671 2926 740 ignorantiam
2957 681 3076 722 cum
3110 668 3371 722 haereticis
3423 741 3428 750 ἱ

1819 770 2325 829 communicat-erit,
2368 776 2470 820 stet
2517 766 2660 819 inter
2700 761 3124 824 catechumenos,
3173 760 3221 812 id
3270 769 3373 821 est,

1820 872 2093 926 separatus
2122 860 2189 912 ab
2219 858 2454 912 Ecclesia
2497 872 2561 909 xi.
2605 854 2812 919 diebus,
2841 860 2894 906 et
2937 850 3049 903 aliis
3078 866 3145 903 ιι.
3175 849 3226 902 in
3256 863 3372 902 ere-

1821 951 1921 1002 mis
1965 949 2239 1016 pteniteat,
2282 954 2336 998 et
2382 945 2460 997 sic
2509 943 2715 1009 culpam
2766 955 2912 994 suam
2943 939 3147 992 diluat:
3179 937 3220 990 si
3249 950 3374 989 vero

1827 1047 2104 1107 postquam
2147 1036 2220 1088 illi
2265 1033 2515 1086 sacerdos
2556 1030 2936 1099 prtcdicaverit,
2972 1037 3026 1081 ut
3051 1041 3168 1080 cum
3209 1024 3372 1077 luere-

1826 1129 1929 1179 tico
1963 1140 2063 1179 non
2094 1129 2119 1169 d
2151 1122 2647 1182 eommuuicaverit,
2698 1128 2751 1173 et
2789 1119 2977 1172 iterum
3018 1115 3218 1180 fecerit,
3269 1126 3373 1166 uno

1825 1231 1988 1291 anno,
2005 1215 2282 1286 .pteniteat,
2314 1221 2367 1266 et
2395 1211 2561 1265 tribus
2608 1207 3053 1277 Quadragesimis,
3102 1213 3156 1259 et
3205 1205 3373 1280 tribus

1826 1306 1979 1358 annis
2005 1305 2265 1358 abstineat
2290 1317 2347 1356 se
2376 1317 2405 1355 a
2436 1301 2558 1355 vino
2585 1310 2639 1354 et
2667 1313 2845 1352 carne.
2872 1297 2929 1351 Si
2959 1296 3076 1364 quis
3108 1295 3175 1348 ab
3206 1295 3374 1347 hatre-

1827 1396 1951 1449 ticis
1991 1393 2260 1448 ordinatus
2292 1392 2469 1455 fuerit,
2493 1385 2691 1446 ’iterum
2723 1389 2884 1443 debet
2909 1386 3162 1449 ordinari,
3193 1386 3238 1437 si
3267 1400 3369 1437 nun

1827 1483 2254 1549 repreliensibilis
2304 1483 2494 1545 fuerit;
2555 1483 2637 1535 sin
2682 1479 2876 1541 minus,
2915 1476 3106 1543 deponi
3143 1483 3370 1543 oportet.

1825 1577 1880 1630 Si
1911 1588 2026 1641 quis
2051 1590 2078 1625 a
2109 1572 2363 1626 catholica
2413 1572 2643 1625 Ecclesia
2682 1569 2750 1623 ad
2800 1568 3042 1621 hteresim
3088 1564 3372 1633 transierit,

1827 1671 1880 1716 et
1911 1672 2091 1730 postea
2119 1675 2383 1727 reversus,
2416 1674 2519 1712 non
2551 1668 2722 1726 potest
2747 1656 2976 1710 ordinari
3009 1653 3110 1707 nisi
3139 1668 3230 1719 per
3260 1652 3374 1704 lon-

1828 1763 1947 1816 gam
1983 1749 2374 1812 abstinentiam,
2407 1757 2495 1800 aut
2527 1761 2622 1814 pro
2651 1760 2835 1815 magna
2860 1743 3191 1798 necessitate.
3229 1741 3374 1793 Ilunc

204 1861 338 1900 causa
364 1845 553 1913 perdet,
585 1844 838 1897 malarum
860 1842 1230 1911 cogitationum
1255 1840 1583 1909 indulgentia
1604 1841 1724 1894 *εει
1764 1826 1804 1883 Β
1836 1839 2170 1898 Innocentius
2216 1853 2366 1907 papa,
2421 1851 2516 1891 nec
2564 1844 2685 1904 post
2732 1834 3093 1902 paenitentiam
3122 1831 3371 1886 clericum

206 1938 242 1990 si
268 1952 416 2002 opere
445 1951 545 1989 non
589 1935 973 2003 compleantur,
1023 1944 1077 1988 et
1117 1933 1432 1986 censentiat.
1483 1931 1579 1998 Qui
1622 1931 1729 1983 ali-

208 2041 342 2092 quant
374 2027 646 2078 novitatem
676 2033 822 2077 extra
855 2024 1183 2091 Scripturam
1217 2023 1296 2076 vel
1328 2021 1568 2076 haeresim
1598 2036 1729 2089 prte-

208 2116 481 2183 stnnpserit,
527 2114 819 2180 alieuetur;
862 2114 905 2167 si
949 2107 1121 2167 autem
1154 2114 1424 2181 paeniteat,
1451 2127 1598 2166 suam
1629 2127 1721 2180 pu-

211 2205 324 2265 [ilice
361 2203 664 2257 sententiam
708 2203 946 2266 damnet,
971 2213 1021 2256 et
1051 2215 1183 2270 quos
1219 2202 1444 2271 decepit,
1478 2203 1540 2254 ad
1572 2201 1727 2254 fidem

210 2301 472 2355 convertat,
499 2291 778 2362 ctjcjnnet
817 2293 1016 2360 judicio
1063 2293 1384 2357 sacerdotis;
1434 2293 1522 2361 qui
1552 2300 1726 2345 autem

212 2383 265 2433 de
311 2381 548 2435 industria
597 2383 892 2448 cuicunque
938 2381 1135 2436 seniori
1186 2382 1324 2436 flecti
1370 2382 1724 2449 dedignatur,

214 2486 340 2524 cinna
384 2480 558 2524 careat
601 2489 614 2522 :
665 2472 976 2526 inobediens
1023 2481 1232 2526 maneat
1260 2480 1412 2527 extra
1438 2473 1634 2536 cibum,
1675 2480 1728 2526 et

214 2565 356 2628 plllael
403 2562 666 2614 humiliter
708 2563 878 2616 donec
920 2545 1233 2629 recipiatur;
1264 2571 1565 2629 quantoque
1595 2570 1726 2614 tem-

217 2665 320 2715 pore
344 2649 638 2703 inobediens
662 2649 778 2711 fuit,
810 2657 954 2701 tanto
978 2648 1029 2710 in
1059 2664 1191 2714 pane
1213 2656 1266 2702 et
1293 2663 1426 2717 aqua
1458 2651 1546 2702 sit.
1581 2649 1725 2701 Blas-

220 2743 403 2804 pltentos
444 2739 599 2792 etiam
646 2739 805 2792 simili
838 2739 1051 2793 decreto
1079 2748 1314 2804 sanetur,
1364 2747 1418 2793 et
1458 2754 1591 2806 opus
1613 2739 1727 2806 ejus

219 2830 475 2896 abjiciatur,
520 2845 635 2882 cum
682 2829 952 2898 semipane
1007 2831 1204 2895 debito,
1243 2839 1297 2884 et
1336 2844 1490 2897 aqua,
1521 2827 1550 2868 ι)
1589 2828 1725 2896 quod

222 2933 395 2975 maneat
435 2923 626 2976 dilatus
651 2930 705 2976 et
733 2922 927 2976 dilator
955 2922 1214 2975 consimili
1246 2935 1493 2989 persona,
1524 2919 1571 2974 si
1594 2921 1723 2973 dila-

221 3023 287 3065 tus
325 2995 577 3082 negaverit
622 3020 745 3064 ante
792 3011 945 3064 simul
996 3009 1282 3080 prettiteant
1328 3011 1378 3063 in
1419 3023 1726 3078 unaquaque

223 3103 507 3155 ltebtlomada
552 3102 758 3155 duobus
796 3101 985 3154 diebus
1019 3101 1070 3154 in
1101 3113 1233 3168 pane
1277 3107 1331 3154 et
1369 3112 1528 3167 aqua,
1571 3108 1623 3152 et
1647 3098 1725 3153 hi-

222 3193 363 3243 tltnna
407 3190 602 3262 [biduo]
650 3193 703 3244 in
737 3193 840 3244 line
867 3191 1276 3259 uniuscujusque
1305 3190 1525 3253 mensis,
1555 3189 1726 3243 omni-

223 3279 301 3334 ltus
323 3279 554 3332 fratribus
582 3266 1023 3346 supponentibus,
1075 3288 1128 3331 et
1176 3277 1451 3331 Dominum
1482 3278 1561 3331 eis
1587 3278 1724 3348 judi-

223 3383 314 3420 cent
359 3367 457 3420 fore
498 3369 934 3422 contestantibus.
987 3368 1361 3422 Permanentes
1408 3367 1459 3420 in
1491 3369 1725 3421 obstina-

226 3459 357 3521 tione,
394 3473 523 3511 anno
564 3461 776 3522 emisso,
826 3459 1007 3511 altaris
1035 3457 1404 3511 communione
1435 3457 1724 3524 subjudice

228 3544 397 3597 linntna
435 3547 716 3613 socientur,
767 3555 822 3600 et
869 3547 958 3600 Dei
1001 3547 1199 3614 judicio
1239 3546 1636 3614 relinquantur;
1678 3545 1722 3599 si

227 3636 398 3702 quutdu
421 3634 547 3688 alter
588 3635 748 3689 fuerit
791 3635 1087 3702 confessus,
1136 3645 1385 3704 quantum
1413 3637 1544 3687 alter
1573 3634 1720 3688 alteri

229 3723 388 3774 laboris
422 3721 666 3785 intulerit,
699 3728 904 3775 tantum
934 3723 1033 3793 sibi
1067 3723 1460 3791 multiplicetur.
1493 3723 1593 3788 Qui
1623 3723 1718 3775 ab-

229 3810 314 3862 bati
336 3811 697 3864 excusationem
732 3812 1033 3878 praetendit,
1068 3811 1149 3865 vel
1169 3812 1482 3875 (economis,
1513 3811 1604 3864 vel
1626 3811 1724 3862 mi-

231 3899 375 3952 nistris
404 3902 678 3968 ignorantia
703 3903 916 3972 regulas.
951 3917 1061 3955 uno
1085 3901 1170 3954 die
1195 3902 1445 3970 pmoiteat
1473 3917 1486 3954 :
1527 3901 1572 3953 si
1597 3914 1723 3953 vero

231 3993 424 4058 gravius,
451 4000 779 4060 superponat.‘
811 3991 1054 4044 lteticens
1083 3999 1352 4058 peccatum
1381 3989 1557 4042 fratris
1584 3988 1721 4056 quod

231 4081 280 4131 ad
305 4091 523 4145 mortem,
564 4089 748 4150 arguet
767 4097 886 4135 eum
915 4097 1033 4135 cum
1063 4081 1268 4143 fiducia,
1295 4089 1348 4133 et
1373 4088 1566 4148 quanto
1596 4089 1723 4132 tem-

233 4186 336 4237 pure
361 4173 570 4232 reticuit,
603 4181 746 4225 tanto
769 4188 887 4226 cum
918 4187 1050 4238 pane
1079 4183 1131 4227 et
1157 4186 1286 4240 aqua
1319 4173 1490 4235 vivat;
1522 4171 1562 4224 si
1595 4185 1726 4238 pec-

232 4268 374 4311 catum
415 4275 620 4328 parvum
675 4261 909 4323 reticuit,
959 4269 1140 4327 arguet
1185 4260 1396 4328 quidem
1441 4275 1582 4324 eum,
1633 4259 1724 4314 Sed

235 4349 414 4411 psalmis
473 4350 578 4404 sive
619 4350 819 4418 jejunio
861 4349 1062 4417 judicio
1109 4350 1399 4402 sacerdotis
1452 4350 1721 4416 paeniteat.

1831 1929 1965 1990 fieri,
2011 1933 2270 1982 eanonum
2319 1927 2634 1981 auctoritate
2672 1927 2861 1980 asserit
2891 1925 3142 1993 permitti.
3176 1921 3230 1976 Si
3261 1922 3374 1988 quis

1830 2021 2208 2085 contempserit
2235 2018 2508 2071 Nictcnum
2540 2016 2846 2080 concilium,
2882 2025 2936 2068 et
2967 2012 3147 2066 fecerit
3177 2012 3373 2065 Pascha

1829 2123 1946 2161 cum
1976 2108 2172 2162 ludatis
2197 2107 2398 2160 decima
2440 2116 2624 2173 quarta
2674 2106 2816 2166 luna,
2858 2101 3288 2156 exterminabitur
3313 2102 3376 2152 ab

1826 2195 1969 2248 omni
1999 2195 2254 2258 Ecclesia,
2279 2191 2764 2260 nisiptenitentiam
2786 2190 2950 2258 egerit
2974 2198 3096 2242 ante
3125 2197 3372 2240 mortem.

1829 2287 1886 2339 Si
1912 2294 2089 2339 autem
2117 2284 2350 2354 oraverit
2378 2297 2499 2336 cum
2525 2282 2629 2359 illo
2655 2282 2803 2355 quasi
2831 2296 2949 2334 cum
2979 2279 3171 2333 clerico
3198 2279 3376 2330 catho-

1831 2375 1974 2440 lico,
2031 2373 2358 2429 hebdontada
2412 2372 2706 2441 poeniteat;
2767 2372 2811 2426 si
2865 2384 2993 2425 vero
3049 2362 3374 2437 neglexerit,

1829 2485 1895 2523 at.
1925 2468 2039 2523 dies
2065 2468 2319 2537 poeniteat
2347 2467 2510 2533 prima
2533 2466 2668 2519 vice.
2697 2463 2756 2518 Si
2784 2463 2902 2532 quis
2926 2462 3125 2515 hortari
3159 2457 3378 2512 voluerit

1827 2561 2072 2614 haeresim
2119 2572 2325 2621 eorum,
2357 2566 2412 2610 et
2453 2570 2556 2610 non
2587 2557 2752 2623 egerit
2777 2553 3160 2619 paenitentiam,
3190 2550 3377 2603 simili-

1825 2658 1906 2702 ter
1929 2658 1980 2701 et
2000 2648 2087 2700 ille
2113 2647 2577 2707 exterminabitur,
2610 2644 2831 2697 Domino
2856 2643 3062 2696 dicente
3091 2656 3106 2695 :
3145 2640 3243 2703 Qui
3271 2654 3375 2689 nte-

1823 2746 2054 2789 cum'non
2080 2745 2174 2800 est,
2197 2744 2372 2787 contra
2395 2751 2471 2786 me
2495 2744 2567 2792 est
2589 2731 2800 2802 (Matth.
2834 2733 2949 2799 xlt).
2974 2731 3027 2785 Si
3051 2729 3168 2797 quis
3198 2729 3369 2792 bapti-

1823 2836 1974 2878 xatur
1999 2825 2063 2878 ab
2087 2823 2357 2887 hmretico,
2390 2824 2478 2892 qui
2509 2833 2652 2876 recte
2679 2823 2987 2876 Trinitatem
3020 2837 3122 2874 non
3152 2827 3173 2851 υ
3200 2820 3371 2872 credi-

1824 2914 1983 2982 derit,
2011 2913 2199 2967 iterato
2233 2913 2549 2980 baptizetur.
2582 2911 2634 2966 Si
2666 2914 2783 2978 quis
2806 2912 3014 2965 dederit
3039 2923 3126 2963 aut
3151 2925 3369 2977 accepe-

1825 3010 1892 3061 rit
1914 3006 2339 3061 communionem
2373 3005 2438 3060 de
2477 3020 2633 3058 manu
2674 3004 2928 3068 ltzeretici,
2959 3012 3011 3056 et
3040 3003 3204 3056 nescit
3234 3005 3368 3069 quod

1828 3099 2084 3152 catholica
2131 3095 2364 3151 Ecclesia
2412 3097 2756 3160 contradicat,
2815 3105 2995 3164 postea
3051 3094 3364 3160 intelligens,

1829 3201 1936 3245 tres
1965 3202 2133 3244 annos
2160 3190 2389 3257 integros
2436 3191 2720 3257 paeniteat;
2752 3189 2795 3241 si
2825 3199 2999 3243 autem
3034 3187 3162 3251 scit,
3194 3197 3247 3239 et
3279 3202 3368 3239 ne-

1824 3281 2071 3349 glexerit,
2102 3289 2155 3334 et
2179 3289 2360 3347 postea
2389 3267 2749 3348 ptenitentiam
2776 3280 2960 3348 egerit,
2986 3281 3168 3333 decem
3201 3295 3364 3330 annos

1824 3380 2095 3439 paeniteat.
2125 3370 2226 3423 Alii
2246 3369 2482 3436 judicant
2508 3379 2732 3436 septem,
2761 3377 2815 3421 et
2842 3371 3116 3422 humanius
3138 3371 3367 3436 quinque

1829 3459 1983 3511 anuis
2024 3460 2290 3525 pmniteat.
2321 3458 2375 3510 Si
2405 3456 2520 3525 quis
2554 3458 2850 3523 permiserit
2878 3457 3126 3510 heretico
3157 3459 3367 3508 missam

1823 3562 1968 3602 suam
2001 3548 2274 3600 celebrare
2307 3549 2356 3600 in
2381 3546 2599 3600 ecclesia
2649 3547 2936 3609 catholica,
2969 3558 3021 3600 et
3066 3545 3253 3610 nescit,
3302 3561 3367 3598 xi.

1823 3639 2008 3691 diebus
2033 3639 2285 3705 ptrniteat
2313 3649 2328 3702 ;
2358 3637 2401 3691 si
2445 3652 2537 3705 pro
2584 3640 2895 3700 reverentia,
2949 3633 3078 3707 [aut]
3131 3647 3291 3697 metu,
3325 3637 3370 3689 is

1824 3741 2019 3780 annum
2079 3727 2342 3796 integrum
2407 3727 2675 3794 pwniteat.
2727 3727 2781 3780 Si
2834 3741 2927 3793 per
2981 3727 3365 3779 damnationem

1827 3814 1847 3854 ί
1878 3817 2288 3868 butniliationem
2324 3817 2568 3868 Ecclesia:
2592 3817 2866 3868 catholica
2892 3824 2946 3867 et
2973 3816 3368 3868 consuetudinis

1824 3905 2203 3970 Romanorum,
2249 3907 2550 3972 projiciatnr
2593 3891 2658 3957 ab
2701 3906 2928 3960 Ecclesia
2974 3907 3110 3959 sicut
3157 3907 3367 3959 haereti-

1802 3993 1938 4059 cus,
1990 3994 2085 4048 nisi
2130 3995 2316 4048 habeat
2365 3996 2764 4064 paenitentiam;
2806 3998 2849 4048 si
2893 3997 3148 4058 habuerit,
3187 3996 3368 4050 decent

1823 4085 1976 4136 annis
2003 4087 2284 4151 pteniteat;
2313 4084 2358 4138 si
2386 4086 2664 4138 recesserit
2688 4087 2752 4136 ab
2778 4086 3002 4139 Ecclesia
3033 4088 3284 4140 catholica
3317 4086 3365 4139 in

1824 4172 2280 4240 eottgregatimtem
2327 4151 2710 4238 Ita-re'ticorum,
2752 4186 2804 4227 et
2840 4176 2973 4227 alios
2999 4177 3366 4242 persuaderet,

1825 4275 1877 4317 et
1906 4276 2080 4330 postea
2112 4265 2473 4330 paenitentiam
2502 4265 2684 4331 egerit,
2720 4265 2990 4316 duodecim
3021 4265 3174 4317 annis
3205 4265 3372 4331 poeni?

1829 4362 1957 4417 teat,
2007 4359 2227 4421 quatuor
2271 4354 2423 4405 annis
2467 4363 2613 4405 extra
2661 4353 2956 4415 ecclesiam,
2999 4364 3050 4406 et
3097 4368 3186 4406 sex
3233 4355 3369 4407 inter

234 4436 311 4496 υιιί
349 4436 465 4490 alios
511 4449 755 4507 proterve
796 4439 987 4505 arguit,
1021 4437 1181 4491 leniat
1207 4452 1300 4491 eos
1333 4438 1519 4502 primo,
1552 4445 1607 4489 et
1635 4437 1724 4489 tri-
1753 4474 1804 4533 υ
1828 4442 2113 4507 auditores,
2141 4450 2196 4494 et
2220 4441 2422 4494 duobus
2452 4441 2621 4493 adhuc
2649 4453 2794 4494 extra
2825 4444 3264 4495 conunnnionetn.
3297 4443 3368 4496 De

235 4523 349 4588 ginta
395 4528 626 4591 psaltnos‘
652 4538 850 4582 cantet.
877 4529 982 4599 Qui
1015 4536 1280 4595 peccatum
1307 4525 1552 4595 pudendo
1582 4525 1724 4578 fratri

238 4610 443 4678 imputat,
466 4617 755 4685 priusquam
781 4620 1004 4691 seorsitn
1029 4626 1210 4686 arguet
1230 4632 1370 4680 eum,
1399 4614 1728 4671 satisfaciens

236 4699 462 4762 ei,tribus
485 4705 660 4760 diebus
689 4710 959 4775 pmniteat.
1008 4709 1105 4776 Qui
1151 4710 1298 4764 solus
1340 4723 1456 4761 cum
1504 4709 1612 4761 sola
1650 4707 1727 4760 lo-

238 4790 401 4857 quitur,
427 4794 502 4849 vel
531 4797 624 4849 sub
649 4797 838 4850 eodem
887 4805 1024 4851 tecto
1063 4798 1114 4850 in
1160 4807 1316 4854 nocte
1343 4806 1545 4861 manet,
1579 4811 1725 4851 cmna

239 4892 418 4948 careat;
460 4886 502 4939 si
541 4901 659 4941 vero
699 4895 816 4955 post
847 4887 1205 4952 interdictum,
1239 4887 1584 4957 quadraginta
1614 4885 1727 4942 dies

297 5049 320 5115 _'
342 5045 540 5115 Forsan,
567 5056 674 5111 etsi.

297 5111 320 5148 δ
345 5111 556 5172 Forsan;
587 5123 860 5177 Paniteant
907 5125 1107 5179 delatus
1159 5135 1207 5180 et
1259 5127 1453 5179 delator
1479 5128 1730 5180 consimili

244 5188 507 5302 paenitentia,
533 5193 574 5242 ai
605 5193 797 5245 delatus
835 5199 1083 5260 negaverit
1122 5206 1240 5250 ante
1277 5197 1503 5264 judicent
1531 5206 1616 5246 aut
1647 5213 1726 5248 ae-

289 5271 418 5302 orem.
712 5266 722 5274 ’

289 5271 418 5307 οηηι.
712 5266 722 5274 ’

303 5323 538 5402 ξξυιιειη,
567 5328 815 5402 delatura:
843 5334 991 5397 fuerit
1027 5334 1171 5402 quid.
1247 5385 1252 5388 .

301 5387 464 5468 {Lege
487 5387 875 5468 cmunicarel.
903 5402 1007 5454 Iloc
1030 5387 1142 5454 l'oco
1168 5387 1268 5454 non
1293 5412 1394 5454 tam
1417 5400 1730 5456 condemnat

250 5458 533 5539 traditionem
572 5466 707 5539 illam
750 5466 993 5520 Hibernis
1020 5472 1261 5524 usitatam
1289 5473 1410 5523 olim
1439 5486 1592 5539 quam
1625 5471 1730 5523 ha:-

252 5527 379 5578 resim
404 5527 966 5591 Quar'adecimanorum
991 5551 1018 5590 a
1045 5541 1281 5592 conciliis
1303 5527 1622 5592 damn-alam.

310 5594 550 5675 I'Perltoc
574 5602 764 5675 indicat
797 5606 1113 5672 baptizatum
1159 5607 1224 5659 ab
1271 5608 1519 5661 haeretit-o
1555 5612 1730 5661 denuo

254 5659 332 5713 sub
345 5667 626 5724 wttditioue
638 5659 1021 5741 baptizan'tlum,
1049 5675 1166 5742 quia
1197 5686 1338 5731 recte
1358 5659 1614 5745 praesumi
1639 5692 1729 5745 po-

1828 4532 1892 4585 iis
1939 4531 1988 4583 in
2030 4545 2232 4585 catIOnc
2283 4531 2512 4583 dicitur:
2544 4529 2746 4583 Decimo
2794 4547 2927 4583 anno
2973 4535 3369 4585 communionem

1826 4614 1940 4676 sine
1960 4623 2212 4676 oblatione
2240 4625 2504 4690 recipiant.
2537 4625 2589 4676 Si
2622 4623 2899 4691 episcopus
2924 4631 3015 4676 aut
3040 4623 3199 4674 abbas
3222 4623 3369 4690 jubet

1827 4711 2081 4764 monacho
2130 4725 2226 4765 suo
2279 4726 2373 4776 pro
2413 4709 2675 4763 haereticis
2721 4711 2929 4764 missam
2979 4719 3212 4774 cantare,
3263 4726 3370 4764 non

1828 4800 1949 4854 licet
1977 4809 2032 4855 et
2053 4817 2154 4853 non
2180 4801 2390 4867 expedit
2418 4800 2631 4853 obedire
2657 4804 2739 4861 ei;
2790 4804 2830 4852 si
2871 4802 3173 4870 presbytero
3201 4809 3369 4858 conti-

1828 4894 1981 4964 gerit,
2018 4892 2105 4946 ubi
2132 4891 2343 4946 missam
2373 4891 2682 4956 cantavcrit,
2713 4901 2766 4944 ct
2793 4891 2924 4946 alius
2949 4893 3247 4948 recitaverit
3275 4910 3369 4948 no-

1827 5073 1928 5118 test
1959 5063 2024 5115 de
2055 5062 2299 5115 hmretieo
2329 5062 2464 5127 quod
2492 5078 2594 5116 non
2624 5073 2798 5118 ntatnr
2848 5065 3135 5120 substantia
3163 5067 3366 5126 formte,

1829 5135 1908 5186 vel
1941 5134 2056 5185 aliis
2088 5133 2372 5198 requisitis,
2405 5142 2556 5193 prout
2604 5137 2796 5186 no~ttis
2841 5137 3010 5188 adhuc
3041 5138 3364 5200 temporibus

1828 5201 2009 5253 eadem
2041 5215 2288 5273 exrcattsa
2314 5202 2608 5273 faciendum
2639 5204 2870 5255 decrevit
2895 5204 3124 5273 synodus
3150 5207 3363 5258 MGCIIIlv

1831 5273 2050 5333 niensis,
2089 5272 2168 5321 tit.
2202 5284 2253 5320 ιιι
2294 5271 2359 5321 de
2405 5286 2628 5322 sacram.
2663 5271 3003 5337 Itaptistni,c.
3033 5277 3083 5337 6,
3107 5275 3364 5328 celebrata

1831 5339 2138 5401 Μεειιιὶηίω,
2173 5338 2219 5408 γϋ
2263 5337 2400 5390 Junii
2448 5354 2532 5390 an.
2586 5341 2742 5392 1607.
2795 5341 2881 5392 Vel
2935 5351 3102 5408 potest
3149 5341 3365 5408 intelligi

1830 5410 2126 5460 Cumeanus
2152 5407 2218 5458 de
2251 5408 2498 5458 Ιιειτειὶρο
2534 5424 2633 5458 non
2666 5410 2912 5462 credente
2937 5407 2998 5463 ex
3029 5421 3173 5462 terna
3199 5409 3370 5462 Trini-

1833 5479 1954 5528 tatis
1982 5476 2311 5534 confessione
2343 5477 2438 5526 hoc
2471 5479 2773 5543 mysterium
2793 5515 2806 5536 ,
2839 5480 2951 5532 sine
2975 5481 3118 5541 cujus
3148 5492 3366 5543 expres-

1831 5547 1978 5596 sione
2027 5559 2128 5596 non
2173 5543 2305 5595 valet
2355 5545 2694 5608 baptismusa
2724 5547 2810 5599 tali
2859 5547 3097 5608 collatus,
3127 5555 3180 5599 et
3205 5548 3364 5604 debet

1802 5615 2032 5674 iterari,
2061 5612 2218 5664 veluti
2251 5627 2352 5662 non
2384 5627 2500 5662 cntn
2533 5613 2704 5666 debila
2738 5616 2900 5670 forma
2931 5616 3174 5671 collatus.

1871 5720 1876 5726 -
1910 5681 1924 5718 ί
1962 5683 2114 5735 Deest
2144 5682 2318 5734 forsan
2348 5693 2432 5733 aut
2465 5684 2540 5735 vel
2570 5696 2635 5735 et.
