3848 6234
448 410 549 463 995

1050 395 1281 453 SAM?“
1322 388 1651 447 CUltIMlANl
1693 387 1885 441 LIBER
1927 385 2009 438 DE
2051 385 2360 441 MENSUIIA
2402 384 3011 441 NENITENTIARUM.

3512 389 3627 444 996

449 524 588 573 tnina
631 525 967 577 mutulorum,
1014 520 1065 563 et
1103 508 1255 562 simul
1307 482 1658 559 nominaverit
1707 501 1980 554 haereticos
2008 507 2050 558 Α
2082 513 2357 566 quaquam,
2408 499 2697 571 presbyteri
2748 513 2875 552 vero
2922 513 3016 565 pro
3063 497 3173 551 suis
3210 498 3469 568 episcopis
3507 516 3627 556 non

448 622 569 658 cum
616 602 902 661 catholicis,
947 608 1065 666 post
1114 599 1324 651 missam
1383 591 1719 657 intellexerit,
1775 588 1984 645 bebdo-l

456 696 605 745 tuada
650 691 925 759 poeniteat;
954 686 997 740 si
1026 686 1324 752 frequenter
1355 681 1551 747 iecerit,
1601 680 1856 747 integrum
1888 691 1985 730 an-

458 798 578 835 num
629 780 893 849 paaniteat.
946 775 1001 830 Si
1048 775 1165 843 quis
1208 783 1382 826 autem
1426 783 1523 839 pro
1553 779 1722 822 morte
1750 766 1982 822 haeretici

457 872 664 925 missam
702 865 1040 947 ordinaverit,
1079 870 1133 915 et
1160 875 1253 928 pro
1302 859 1501 928 legione
1545 853 1842 930 [religione]
1881 868 1976 911 sua

458 964 697 1027 reliquias
740 959 837 1012 sibi
862 956 1133 1018 ‘tenuerit,
1156 955 1285 1021 quia
1317 952 1529 1006 multum
1553 947 1975 1017 jejuuaverit,et

458 1052 617 1106 nescit
646 1049 984 1107 diﬂerentiam
1013 1043 1279 1098 catholica:
1312 1039 1450 1103 ﬁdei,
1470 1047 1525 1092 et
1551 1034 1989 1104 Quartadecima-

458 1155 663 1204 norum,
694 1146 747 1191 et
775 1148 950 1203 postea
979 1132 1309 1207 intellexerit,
1345 1128 1809 1212 pteuitentiamque
1837 1138 1933 1192 ege
1958 1152 1986 1163 -
2042 1196 2047 1201 ξ

457 1229 546 1289 rit,
576 1227 814 1293 reliquias
852 1224 1005 1277 debet
1043 1222 1161 1289 igne
1196 1231 1456 1280 cremare,
1485 1226 1539 1269 et
1566 1229 1668 1268 uno
1701 1228 1838 1269 anno
1869 1227 1989 1279 pm-

461 1316 651 1377 nitere;
698 1315 740 1366 si
788 1324 961 1365 autem
1008 1312 1107 1363 scit
1161 1318 1214 1361 et
1255 1304 1542 1374 neglexerit
1598 1302 1991 1371 minitentia‘m,

460 1405 804 1458 commonitus
843 1402 1023 1456 decem
1064 1400 1215 1453 annis
1259 1396 1521 1466 pteniteat.
1545 1396 1600 1450 Si
1624 1407 1797 1473 autem
1826 1410 1853 1447 a
1882 1392 1983 1449 ﬁde

466 1494 554 1547 Dei
600 1492 893 1547 discesserit
937 1490 1050 1543 sine
1090 1488 1195 1542 ulla
1240 1486 1569 1553 necessitate,
1618 1496 1671 1539 et
1711 1494 1888 1553 postea
1919 1492 1986 1537 ex

466 1593 577 1635 toto
613 1584 786 1635 animo
830 1579 1191 1648 paenitentiam
1231 1576 1437 1644 accipit,
1464 1576 1626 1630 tribus
1654 1575 1803 1628 anuis
1834 1584 1983 1628 extra

460 1670 755 1734 ecclesiam,
805 1670 855 1723 id
892 1679 995 1734 est,
1043 1669 1180 1722 inter
1208 1665 1498 1732 audientes,
1551 1664 1737 1718 iterum
1767 1671 1792 1700 ³
1815 1672 1999 1719 renato

462 1760 608 1827 jurta
646 1759 912 1831 Nictenum
952 1757 1255 1820 concilium,
1282 1766 1483 1821 septem
1508 1754 1659 1808 annis
1691 1752 1742 1806 in
1773 1753 1995 1807 ecclesia

2085 589 2423 656 prohibentur
2463 587 2673 643 oﬁ‘erre.
2716 588 2812 653 Qui
2850 588 3321 642 communicaverit
3347 603 3441 643 nec
3467 590 3624 659 igno-

2084 693 2203 731 rans
2253 678 2701 730 excommunicato
2749 675 2816 730 ab
2848 675 3087 741 ecclesia,
3138 676 3472 745 quadraginta
3503 679 3629 733 dies

2087 771 2351 839 pteniteat.
2391 769 2446 823 Si
2492 769 2611 836 quis
2635 783 2825 822 errans
2853 768 3322 821 communicaverit
3349 768 3529 837 aliquid
3548 772 3631 825 de

2088 860 2260 914 verbis
2298 870 2617 923 sanctorum,
2666 858 2753 910 ubi
2808 856 3094 922 periculum
3143 856 3483 923 adnotavctit,
3513 866 3632 912 tres

2086 947 2528 1015 superpositionei
2579 944 2751 997 faciat.
2812 942 2870 998 Si
2921 944 3235 998 sacriﬁcium
3288 953 3423 998 terra
3470 958 3635 1000 tenus

2091 1037 2393 1104 negligenda
2417 1036 2689 1102 ceciderit,
2740 1046 3082 1104 superponat.
3128 1036 3225 1100 Qui
3256 1036 3492 1091 sacriﬁcii
3520 1037 3633 1091 ali-

2092 1128 2211 1194 quid
2258 1128 2443 1195 perdit,
2492 1129 2793 1196 relinquens
2833 1128 2963 1181 illud
3017 1128 3140 1182 leris
3167 1128 3537 1191 devorandum,
3582 1130 3637 1181 si

2092 1218 2477 1281 excusabiliter,
2518 1219 2680 1271 tribus
2707 1200 3177 1286 Quadragesimis;
3209 1217 3289 1267 sin
3322 1231 3461 1278 vero,
3490 1233 3640 1269 auum

2094 1324 2214 1363 uno.
2249 1308 2347 1376 Qui
2394 1325 2495 1362 non
2543 1310 2675 1362 bene
2715 1309 3029 1361 custodierit
3069 1306 3409 1371 sacriﬁcium,
3436 1318 3485 1359 et
3512 1323 3645 1361 mus

2092 1400 2379 1469 comederit
2415 1401 2559 1462 illud,
2600 1400 2939 1467 quadraginta
2967 1400 3078 1451 dies
3108 1400 3358 1464 pmuiteat
3384 1414 3398 1460 ;
3430 1400 3511 1466 qui
3536 1412 3645 1451 asa—

2093 1502 2197 1546 tem
2227 1492 2508 1559 perdiderit
2535 1491 2587 1545 in
2614 1491 2832 1544 ecclesia
2865 1534 2879 1556 ,
2906 1500 2957 1543 et
2983 1486 3118 1560 [aut]
3142 1502 3259 1555 pars
3286 1488 3545 1550 ceciderit,
3575 1498 3642 1541 et

2097 1597 2207 1634 non
2227 1580 2437 1634 iuventa
2463 1579 2639 1642 fuerit,
2680 1576 2863 1647 viginti
2890 1577 3003 1631 dies
3034 1576 3280 1642 pmniteat
3305 1592 3319 1639 ;
3352 1576 3436 1641 qui
3463 1583 3645 1628 autem

2096 1668 2381 1740 perdiderit
2406 1683 2558 1723 suum
2583 1669 2887 1735 ,chrismale,
2916 1675 3005 1720 aut
3028 1668 3193 1721 solum
3230 1665 3535 1719 sacriﬁcium
3584 1666 3646 1717 in

2099 1750 2313 1829 regione
2332 1757 2487 1829 {loco}
2510 1752 2763 1837 qualibet,
2792 1768 2847 1811 et
2873 1773 2974 1810 non
3004 1757 3282 1821 invenitur,
3310 1756 3470 1809 tribus
3501 1754 3645 1821 Qua-

468 1851 603 1902 ime"
649 1850 976 1916 Pa‘ﬂilemesi
1021 1857 1075 1901 οι
1115 1846 1246 1900 dum
1288 1860 1457 1899 annos
1481 1843 1653 1897 adhuc
1672 1851 1820 1897 exlra
1846 1857 1995 1897 C0m-
2029 1833 2070 1886 Β
2096 1846 2403 1915 dragesimis
2433 1846 2517 1900 vel
2542 1833 2682 1899 anno
2706 1847 2972 1913 pmniteat.
3004 1845 3326 1897 Perlutttlctts
3350 1841 3486 1913 a'liqu
3504 1845 3550 1898 id
3573 1846 3650 1897 de

443 1938 784 2013 'tnunionctn'.

1049 2024 1270 2098 canor
1305 2041 1414 2096 xu.
1762 2106 1765 2109 ,

473 2121 547 2167 Ue
591 2116 833 2182 baptismo
876 2113 1107 2167 reiterato
1146 2124 1193 2167 et
1232 2128 1378 2181 ορι-ιιε
1407 2112 1570 2163 ,καίνισιιὶ
1614 2113 1664 2162 in
1710 2110 1866 2177 festis,
1894 2122 1997 2162 etc.

510 2273 515 2278 _
543 2204 638 2268 Qui
669 2204 747 2254 bis
772 2202 1012 2268 baptizati
1034 2212 1154 2255 sunt
1183 2202 1495 2269 ignorantes,
1519 2213 1621 2252 non
1652 2197 1882 2267 indigent
1908 2212 2000 2265 pro

469 2310 534 2348 eo
575 2294 899 2364 poenitentia,
948 2294 1048 2346 nisi
1102 2294 1238 2360 quod
1286 2292 1571 2345 secundum
1622 2302 1848 2343 canones
1898 2302 1998 2339 nou

473 2396 689 2455 possunt
714 2385 941 2441 ordinari
966 2386 1063 2438 nisi
1089 2399 1185 2452 pro
1216 2398 1396 2451 magna
1426 2387 1755 2435 necessitate.
1785 2380 1884 2446 Qui
1911 2395 2002 2431 au-

474 2490 576 2531 tem
606 2493 706 2530 non
749 2478 988 2544 ignorant
1028 2484 1199 2526 utrum
1249 2471 1491 2540 baptizati
1534 2479 1675 2536 sunt,
1718 2470 1864 2538 quasi
1911 2469 2004 2522 ite-

474 2580 588 2617 rum
630 2562 817 2617 (Jbristi
862 2561 1482 2627 cruciﬁxerint,qseptcm
1531 2558 1679 2612 annis
1724 2557 2007 2623 poeniteant

472 2662 653 2719 quarta
684 2651 807 2705 leria
829 2661 882 2705 et
901 2659 1073 2714 sexta,
1102 2657 1155 2703 et
1185 2649 1350 2701 tribus
1370 2646 1811 2715 Quadragesimis,
1842 2647 1883 2697 si
1918 2658 2006 2710 per

474 2742 651 2794 vitium
697 2739 905 2807 aliquod
954 2738 1142 2801 fuerit;
1187 2738 1231 2790 si
1268 2748 1440 2789 autem
1492 2751 1581 2803 per
1613 2735 1639 2771 δ
1700 2736 2005 2788 munditiam

474 2832 671 2884 licitum
704 2839 1036 2897 putaverunt,
1064 2827 1229 2881 tribus
1256 2828 1426 2890 anuis,
1456 2828 1532 2880 sic
1562 2826 1868 2892 ptenitcaut.

909 2917 987 2971 De
1016 2934 1161 2987 opere
1185 2919 1265 2970 die
1295 2916 1576 2969 Dominica.

548 3009 713 3061 Graeci
745 3018 798 3061 et
822 3005 1039 3059 Rutuaui
1086 3008 1350 3072 navigant,
1398 2991 1658 3072 equitant,
1695 3018 1877 3067 panem
1906 3018 2007 3056 non

478 3100 683 3163 iaciunt,
735 3114 830 3151 nec
870 3100 920 3150 in
958 3112 1111 3149 curru
1156 3096 1443 3155 ambulant,
1489 3097 1584 3148 nisi
1628 3095 1690 3147 ad
1736 3095 2007 3147 ecclesiam

480 3202 696 3251 tantum,
744 3202 841 3240 nec
887 3187 1145 3239 balneant.
1197 3183 1365 3237 Graeci
1422 3198 1524 3237 non
1567 3183 1799 3237 scribunt
1829 3184 1879 3235 in
1912 3198 2007 3250 pu-

480 3279 635 3342 blico,
666 3287 836 3329 tamen
888 3289 980 3340 pro
1020 3274 1328 3327 necessitate
1351 3288 1587 3326 seorsum
1617 3272 1669 3325 in
1699 3270 1853 3326 dumo
1882 3272 2014 3324 scri-

479 3368 625 3421 bunt.
656 3367 755 3430 Qui
783 3376 1065 3433 operantur
1090 3364 1174 3417 die
1204 3363 1494 3431 Dominica,
1527 3378 1618 3417 eos
1647 3362 1815 3417 Grieci
1848 3365 2009 3430 prima

477 3459 589 3511 vice
611 3468 851 3525 arguunt,
882 3468 935 3510 et
962 3457 1185 3509 secunda
1210 3456 1398 3508 tollunt
1425 3454 1616 3523 aliquid
1646 3456 1711 3509 ab
1735 3456 1828 3517 eis,
1862 3455 2009 3509 tertia

480 3552 594 3604 tice
624 3550 828 3602 tertiam
860 3558 1057 3615 partem
1102 3548 1165 3600 de
1206 3548 1362 3600 rebus
1390 3548 1594 3611 tollunt,
1624 3556 1714 3599 aut
1742 3547 2008 3613 vapulant,

478 3640 557 3692 vel
585 3654 651 3690 vn
680 3639 790 3690 dies
821 3638 1091 3704 pteniteut.
1143 3636 1425 3688 Lavacrum
1472 3634 1660 3701 capitis
1707 3643 1873 3701 potest
1899 3648 2013 3685 esse

479 3727 531 3779 in
550 3778 555 3797 κ
581 3726 865 3789 Dominica,
916 3734 969 3777 ct
1010 3726 1058 3775 in
1108 3724 1284 3776 lixivio
1330 3723 1487 3791 pedes
1528 3724 1699 3774 lavare
1730 3721 1867 3774 licet.
1903 3732 1923 3755 ε’
1955 3722 2008 3773 Si

478 3816 591 3884 quis
641 3826 810 3868 autem
859 3815 1126 3866 Dominica
1160 3814 1242 3866 die
1274 3828 1363 3880 per
1394 3812 1757 3880 negligentiam
1800 3810 2010 3877 jejuna-

479 3909 628 3969 verit,
678 3906 1001 3960 ltebdomada
1035 3914 1137 3957 tota
1166 3904 1319 3957 debet
1345 3904 1649 3967 abstinere;
1683 3902 1727 3955 si
1752 3903 2005 3963 secundo,

477 3998 591 4049 dies
622 3997 801 4061 viginti
832 3997 1115 4061 pteniteat;
1141 3994 1183 4046 si
1206 4002 1404 4061 postea,
1428 3985 1763 4061 quadraginta
1789 3992 1923 4046 dies.
1954 3992 2010 4046 Si

482 4101 573 4153 pru
596 4085 926 4138 daninatiOue
954 4084 1052 4137 diei
1072 4066 1409 4151 ieiunaverit,
1440 4083 1574 4134 sicut
1598 4080 1784 4143 Judai,
1814 4081 2010 4133 abomi-

481 4176 684 4231 nabitur
724 4175 788 4228 ab
829 4174 1069 4227 omnibus
1098 4171 1342 4224 Ecclesiis
1368 4170 1654 4223 catholicis.
1687 4170 1737 4223 Si
1769 4172 1887 4237 quis
1912 4184 2010 4223 au-

480 4280 581 4321 tem
631 4266 999 4332 contempserit
1049 4262 1379 4317 interdictum
1428 4259 1725 4332 [indictum]
1754 4260 2011 4328 jejunium

479 4359 529 4407 in
585 4355 841 4415 Ecclesia,
899 4362 952 4405 et
993 4362 1173 4406 contra
1220 4352 1428 4405 decreta
1475 4352 1736 4404 seniorum
1787 4350 2010 4415 fecerit,

2098 1937 2258 1989 calice
2288 1950 2444 2003 super
2472 1936 2634 1987 altare
2660 1934 2869 2002 quando
2894 1936 3135 1987 auferunt
3164 1934 3484 1999 linteamina,
3515 1951 3649 2001 scp-

2101 2036 2206 2077 tem
2238 2025 2350 2077 dies
2392 2025 2673 2091 paeniteat;
2712 2037 2803 2077 aut
2832 2026 2875 2077 si
2908 2024 3147 2078 habuerit
3176 2006 3236 2081 ea
3260 2027 3648 2091 superpositin-

2100 2118 2250 2169 nibus
2290 2123 2487 2182 septem
2530 2108 2801 2181 paeniteat.
2843 2113 2897 2166 Si
2933 2122 2955 2149 ε
2990 2114 3361 2167 accedentibus
3389 2113 3458 2168 de
3487 2132 3648 2167 manu

2100 2204 2410 2258 sacriﬁcium
2450 2202 2702 2256 acciderit
2743 2203 2799 2258 iu
2834 2214 3085 2269 stramen,
3113 2216 3314 2272 septem
3338 2207 3453 2260 dies
3480 2208 3651 2275 νωιιὶ-

2103 2302 2212 2347 teat
2235 2295 2279 2347 is
2305 2309 2332 2344 a
2363 2308 2468 2361 quo
2492 2292 2760 2346 ceciderit.
2794 2290 2893 2357 Qui
2920 2304 3093 2348 autem
3135 2294 3386 2349 infuderit
3429 2298 3652 2351 calicem

2104 2384 2154 2435 iu
2181 2383 2284 2435 ﬁne
2310 2381 2667 2453 solemnitatis
2690 2383 2888 2446 missae,
2915 2383 3253 2452 quadraginta
3284 2386 3426 2449 dies;
3450 2388 3491 2437 si
3519 2403 3655 2440 vero

2103 2473 2395 2549 neglexerit
2434 2474 2550 2540 quis
2594 2474 2834 2542 accipere
2860 2473 3194 2538 sacriﬁcium,
3222 2483 3274 2527 et
3302 2492 3405 2527 ιιυιι
3431 2478 3656 2530 interro-

2103 2574 2207 2633 gat,
2244 2580 2339 2619 nec
2368 2564 2568 2635 aliquid
2597 2578 2770 2619 causze
2798 2565 3113 2620 escusdbilis
3141 2566 3427 2629 exstiterit,
3468 2580 3657 2635 super-

2106 2664 2263 2722 ponat
2285 2672 2301 2719 ;
2330 2663 2384 2709 et
2403 2656 2491 2724 qui
2516 2655 2779 2722 acceperit
2801 2654 3114 2708 sacrilicium
3138 2656 3365 2723 pollutus
3395 2665 3655 2709 nocturna

2104 2742 2307 2797 visione
2345 2743 2421 2797 sic
2470 2745 2739 2810 paeniteat.
2784 2743 3039 2797 Diaconus
3086 2745 3402 2797 obliviscens
3427 2744 3658 2798 oblatio-

2106 2846 2222 2885 nem
2286 2832 2509 2897 al'lerre,
2572 2829 2742 2885 donec
2792 2832 3055 2895 auferatur
3103 2833 3383 2885 linteamen
3443 2834 3657 2900 quando

2114 2926 2131 2963 ί
2168 2924 2454 2977 recitantur
2487 2924 2693 2976 nomina
2724 2924 3073 2990 pausantium,
3104 2925 3344 2976 similiter
3374 2926 3656 2989 poeniteat.

2110 3014 2207 3077 Qui
2258 3013 2627 3081 negligentiam
2676 3028 2798 3081 erga
2844 3013 3155 3066 sacrificium
3197 3012 3398 3079 iecerit,
3430 3022 3521 3067 aut
3547 3015 3656 3064 sic-

2102 3097 2238 3154 rans
2262 3102 2635 3167 vermibusque
2653 3100 2932 3163 consumit,
2960 3111 3014 3152 ut
3035 3101 3097 3152 atl
3120 3100 3337 3153 nihilqu
3361 3101 3654 3161 devenerit,

2118 3190 2280 3243 tribus
2311 3189 2735 3256 Quadragesimis
2779 3203 2898 3240 cum
2951 3202 3081 3255 pane
3110 3199 3161 3240 et
3201 3203 3331 3255 aqua
3380 3190 3650 3255 ptnniteat.

2111 3279 2165 3332 Si
2210 3282 2466 3347 integrum
2513 3280 2777 3332 inventum
2826 3280 3001 3341 fuerit,
3052 3280 3119 3331 ita
3152 3288 3203 3330 ut
3235 3280 3339 3331 sint
3363 3280 3410 3330 in
3440 3294 3505 3332 eo
3530 3294 3646 3333 ver-

2113 3385 2243 3432 mes,
2270 3371 2623 3432 comburatur,
2656 3379 2708 3421 et
2729 3369 2861 3422 cinis
2890 3371 2987 3425 sub
3010 3370 3174 3421 altare
3198 3370 3573 3435 abscoutlatur,
3597 3382 3650 3423 et

2111 3459 2197 3526 qui
2249 3458 2537 3526 neglexerit
2566 3466 2590 3504 ι
2623 3467 2883 3525 quatenus
2936 3456 3219 3509 Dominicis
3273 3458 3452 3509 diebus
3501 3473 3652 3511 suam

2112 3547 2473 3615 negligentiam
2501 3548 2706 3612 solvat;
2738 3548 2782 3600 si
2813 3557 2984 3599 autem
3016 3547 3299 3600 amissione
3327 3550 3528 3612 saporis
3559 3554 3653 3601 de-

2111 3640 2371 3689 culoratur
2413 3634 2751 3698 sacriﬁcium,
2810 3637 2987 3701 viginti
3034 3638 3308 3703 expleatur
3350 3638 3644 3706 jejunium:

2110 3724 2448 3777 conduratum
2478 3740 2621 3791 vero,
2653 3727 2853 3792 stptem
2882 3726 3102 3789 diebus;
3146 3727 3232 3794 qui
3262 3739 3436 3780 autem
3463 3740 3649 3794 mergit

2110 3812 2461 3875 sacriﬁcium,
2514 3814 2763 3867 continuo
2820 3813 2961 3867 bibat
3014 3828 3245 3881 aquam,
3302 3827 3354 3868 et
3406 3817 3544 3882 quod
3600 3834 3649 3868 ιιι

2110 3902 2387 3957 chrismale
2418 3902 2573 3955 fuerit
2617 3913 2788 3955 sumet
2833 3901 3168 3965 sacriﬁcium,
3203 3912 3256 3956 et
3284 3906 3530 3957 emendet
3559 3919 3649 3971 per

2110 3995 2288 4047 decem
2324 3994 2437 4046 dies
2474 3995 2677 4061 culpam
2709 3993 2934 4046 solutus.
2968 3994 3023 4047 Si
3051 3994 3303 4047 ceciderit
3332 3998 3641 4050 sacriﬁcium

2109 4083 2175 4136 de
2203 4084 2442 4136 manibus
2466 4084 2737 4137 oli'erentis
2768 4095 2905 4137 terra
2938 4094 3107 4150 tenus,
3137 4098 3192 4139 et
3212 4101 3316 4139 non
3352 4092 3403 4139 iu
3417 4089 3641 4152 venitur,

2110 4183 2266 4223 omne
2318 4172 2662 4240 quodcunque
2704 4174 2975 4227 inventum
3020 4175 3175 4229 fuerit
3214 4176 3266 4228 in
3315 4178 3430 4231 loco
3472 4180 3519 4231 in
3547 4194 3646 4245 quo

2110 4261 2357 4314 ceciderit
2380 4262 2736 4328 comburatur,
2768 4276 2817 4317 et
2843 4266 2975 4318 cinis
3004 4274 3059 4317 ut
3083 4280 3241 4334 supra
3271 4268 3643 4331 abscondatur;

2109 4352 2354 4404 sacerdos
2395 4353 2582 4407 deinde
2625 4369 2762 4408 anno
2803 4355 3095 4411 damnetur.
3136 4356 3189 4409 Si
3222 4371 3347 4409 vero
3377 4357 3639 4412 inventum

480 4445 504 4480 (ι
532 4443 642 4493 sine
675 4441 1078 4510 Quadragesima
1123 4440 1463 4509 quadraginta
1511 4440 1623 4491 dies
1664 4440 1937 4506 pteniteat,
1966 4441 2007 4494 si
2044 4474 2093 4532 Β
2114 4437 2617 4509 fueritsacrillcium,
2638 4444 2780 4497 locus
2794 4458 2951 4509 scepa
2970 4444 3646 4507 mundetur,ctstratncuut

479 4544 652 4585 autem
681 4534 731 4586 in
760 4534 1177 4601 Quadragesima,
1207 4545 1401 4583 annum
1436 4543 1594 4583 unum
1635 4529 1914 4596 paeniteat;
1962 4529 2004 4582 si

482 4628 778 4691 lrcqueuter
820 4623 1002 4676 fecerit
1037 4632 1090 4675 et
1119 4621 1169 4674 in
1211 4621 1584 4674 consuetudine
1612 4619 1710 4672 erit
1738 4618 1806 4679 ei,
1834 4630 2007 4672 exter-

481 4713 757 4763 minabitur
799 4715 866 4763 ab
910 4712 1052 4764 omni
1103 4710 1329 4763 Ecclesia
1373 4709 1483 4772 Dei,
1519 4708 1737 4761 Domino
1764 4708 2002 4761 dicente:

481 4806 578 4866 Qui
619 4803 1026 4854 scandalizat'erit
1075 4818 1227 4853 unum
1270 4804 1331 4854 de
1374 4802 1568 4867 pusillis
1592 4802 1718 4865 istis,
1746 4801 1907 4868 quiin
1932 4816 2009 4851 me

477 4896 707 4963 t-retlttut,
731 4902 783 4946 et
810 4894 1003 4960 reliqua
1031 4891 1237 4960 (.llutth.
1266 4900 1439 4959 xvm).

1047 5001 1265 5055 CAPUT
1302 5002 1435 5054 XIII.

620 5076 690 5127 De
712 5074 979 5125 ministerio
1008 5070 1224 5123 ccclt'siw
1247 5082 1294 5122 et
1324 5072 1728 5133 rewdiﬁcatione,
1764 5084 1863 5126 ctc.

550 5169 649 5222 Pro
689 5170 835 5221 bouis
882 5171 1032 5221 rebus
1072 5165 1262 5221 oll'erre
1288 5165 1567 5229 debemus,
1613 5182 1704 5235 pro
1734 5168 1883 5220 malis
1916 5181 2008 5220 uc-

548 5313 573 5340 ⁸
606 5301 825 5361 Forsan,
856 5310 1069 5349 maneat.

546 5370 573 5407 δ
603 5370 654 5423 ld
682 5378 782 5433 est,
810 5368 1108 5426 candorem,
1134 5382 1223 5419 seu
1251 5367 1652 5435 simplicitatem.

551 5451 571 5477 ε
607 5440 677 5493 De
723 5439 931 5503 antiqua
962 5437 1334 5489 consuetudine
1367 5451 1467 5488 non
1496 5435 1873 5503 jcjuuaudi'die
1908 5440 2006 5490 Du-

484 5509 663 5560 miuica
689 5520 774 5559 aut
798 5510 849 5557 in
878 5507 1299 5571 quinquagesima
1328 5507 1558 5564 l‘asclw,
1596 5506 1708 5558 vide
1738 5521 1909 5561 notata
1941 5511 2003 5561 ad

484 5597 528 5629 ι’.
556 5577 586 5627 9
615 5578 739 5643 Ileg.
767 5575 1043 5628 emnobial.

550 5644 573 5681 ·¹
603 5647 742 5705 Siue,
773 5646 819 5697 id
844 5655 945 5705 ests,
967 5651 1123 5694 extra.

552 5723 574 5749 ε
606 5714 815 5779 Forsan,
844 5715 1216 5780 accipientibus.

2112 4544 2267 4598 supra
2290 4532 2472 4605 igniat,
2499 4546 2551 4586 et
2570 4534 2812 4587 sacerdos
2834 4534 3011 4602 viginti
3037 4534 3148 4587 dies
3173 4536 3424 4603 pmttiteat
3449 4555 3463 4601 ;
3496 4541 3540 4592 si
3564 4556 3643 4592 us-

2112 4639 2212 4692 que
2238 4625 2301 4676 ad
2333 4624 2493 4675 altare
2521 4632 2723 4674 tantum
2748 4619 2945 4690 lapsum
2986 4624 3158 4687 luerit,
3200 4639 3522 4694 superponat
3549 4648 3562 4690 ;
3603 4630 3639 4680 si

2114 4728 2237 4765 vero
2257 4728 2345 4777 per
2367 4712 2729 4779 negligentiam
2751 4713 2815 4765 de
2841 4714 3000 4767 calice
3018 4716 3211 4781 aliquid
3234 4716 3533 4782 stillaverit,
3552 4719 3641 4771 liu-

2112 4820 2210 4871 gua
2228 4805 2503 4865 latnbatur,
2527 4802 2695 4855 tabula
2710 4804 2952 4867 radatur;
2973 4801 2999 4839 δ
3016 4803 3059 4856 si
3082 4818 3185 4856 non
3204 4805 3359 4856 fuerit
3380 4804 3575 4868 tabula,
3596 4816 3644 4857 ut

2114 4910 2216 4948 non
2266 4894 2595 4948 conculcetur
2628 4894 2772 4948 locus
2817 4894 3138 4954 corradatur,
3181 4903 3236 4946 et
3285 4895 3405 4961 igne
3454 4909 3640 4948 consu-

2113 4994 2283 5037 matur
2305 4994 2359 5037 ut
2381 5000 2557 5049 supra,
2580 4986 2823 5038 sacerdos
2842 4984 3214 5052 quinquaginta
3237 4982 3351 5035 dies
3378 4982 3640 5051 ptenitcat.

2114 5076 2165 5127 Si
2194 5090 2349 5140 super
2396 5075 2560 5127 altare
2607 5074 2883 5126 stillaverit
2929 5075 3062 5125 calix
3089 5112 3103 5135 ,
3155 5073 3367 5126 sorbeat
3408 5075 3640 5129 utiniSIer

2113 5169 2320 5233 stillam,
2352 5169 2515 5221 ternis
2545 5168 2799 5235 prettitens
2826 5166 3010 5219 diebus
3035 5182 3047 5229 ;
3088 5177 3139 5218 et
3166 5167 3210 5217 si
3244 5181 3335 5232 per
3364 5181 3524 5219 unum
3550 5168 3640 5219 lin-

2187 5300 2202 5337 ί
2236 5302 2570 5361 Iilortuorum,
2620 5310 2673 5351 ut
2721 5314 2833 5350 mos
2870 5310 2977 5349 erat
3012 5300 3229 5364 plurium
3265 5300 3635 5360 Ecclesiarutu,

2113 5369 2246 5423 inter
2284 5384 2427 5422 sacra
2463 5371 2704 5435 tnySteria
2736 5369 3024 5436 peragenda
3052 5370 3366 5421 recordatio.

2181 5449 2203 5484 ε
2238 5438 2451 5499 Forsan,
2480 5440 2749 5504 quaternis.
3118 5460 3125 5465 ~

2184 5505 2207 5542 ⁸³
2238 5510 2308 5560 Ita
2339 5506 2430 5557 bas
2475 5502 2601 5558 duas
2648 5509 2808 5559 lineas
2854 5506 2903 5557 in
2953 5506 3045 5557 Ms.
3080 5502 3284 5570 penitus
3329 5504 3630 5573 depraVatas

2114 5578 2307 5629 restitui
2334 5591 2394 5625 cx
2420 5576 2539 5629 dist.
2572 5577 2603 5625 '2
2629 5579 2691 5628 de
2720 5586 3010 5637 consecrat,
3041 5588 3089 5625 c.
3122 5573 3208 5636 27,
3240 5579 3376 5627 tttnle
3403 5578 3629 5641 proxime
3654 5636 3655 5641 η

2112 5657 2161 5697 et
2198 5648 2532 5712 prtt'ccdenlm
2562 5656 2613 5697 ct
2643 5657 2910 5712 sequente
2941 5654 3120 5695 auctor
3148 5644 3392 5710 sampsit,
3423 5646 3627 5696 variatis

2112 5716 2369 5783 paululum
2401 5716 2589 5769 verbis.
