3820 6322
38 124 659 231 μιν--

99 417 210 475 ιοῠι

1470 411 1838 473 EPISTULA}.

3126 414 3261 479 i001

91 540 227 592 taque
243 535 549 580 sanctorum
590 526 801 580 Patrum
833 525 946 592 ejus
970 538 1142 579 causte
1169 526 1413 580 meritum
1442 532 1615 597 requi-
1645 533 1692 589 Α
1720 528 2065 581 dilectissime
2111 528 2291 594 frater,
2322 528 2590 595 oportebat
2636 545 2731 582 nos
2776 530 2965 584 similia
3012 533 3268 590 similibus

87 630 341 676 roremus,
399 625 455 667 et
506 618 822 669 sententiam
890 617 1362 685 promnlgaremns.
1415 618 1616 671 Obtulit

85 704 209 757 liiico
232 706 283 756 et
309 706 626 758 sententiam
658 705 794 771 apud
832 714 973 757 tuam
1012 703 1397 759 fraternitatem
1435 704 1614 760 conie-

86 804 204 844 ctam
248 792 702 859 subscriptamque
747 793 863 860 ejus
913 807 1200 860 eorumque
1251 794 1613 861 episcoporum

87 880 325 934 manibus.
359 880 520 948 Igitur
572 890 690 945 post
739 881 946 948 aliquos
989 881 1105 935 dies
1150 883 1213 934 ad
1270 881 1385 950 ejus
1434 896 1615 949 preces

84 964 580 1024 coacervatictetum
630 970 681 1022 in
722 969 823 1023 hoc
862 972 992 1023 urbe
1042 971 1275 1023 Itomana
1322 972 1612 1025 antistitum

86 1060 305 1123 iecimus,
336 1070 393 1113 ut
417 1062 693 1113 nobiscum
720 1061 1062 1114 considentes
1087 1071 1141 1114 et
1167 1062 1351 1128 petitio
1382 1061 1613 1129 ejusdem

84 1148 331 1216 episcopi,
394 1156 448 1202 et
511 1164 627 1203 aeta
688 1152 1086 1204 sacerdotaliter
1145 1162 1611 1218 cognoscerentur.

85 1238 201 1290 Dum
246 1254 374 1307 ergo
412 1248 555 1293 esset
606 1241 658 1293 in
707 1239 805 1294 hac
852 1240 1086 1294 Romana
1126 1243 1260 1295 urbe
1299 1252 1613 1311 congregata

83 1329 248 1383 eadem
286 1327 520 1398 synodus
548 1330 918 1399 episcOporum
949 1346 1044 1397 pro
1074 1330 1372 1401 itujnsmodi
1405 1336 1615 1402 negotio

84 1422 324 1473 audiendo
350 1422 429 1473 vel
470 1419 731 1485 iaciendo,
783 1425 959 1475 statim
1012 1423 1162 1476 nobis
1208 1427 1440 1476 nuntiata
1480 1434 1616 1495 sunt

82 1511 295 1575 ejusdem
328 1509 646 1576 exemplaria
680 1510 925 1575 actionis,
965 1526 996 1564 a
1043 1520 1127 1563 tua
1165 1511 1494 1566 fraternitate
1530 1515 1612 1567 di-

84 1610 240 1659 recta;
271 1616 390 1668 qtae
426 1600 777 1666 suscipientes
804 1609 962 1668 atque
990 1601 1326 1655 conferentes
1362 1604 1611 1665 invicem,

88 1696 150 1741 ita
193 1684 479 1742 invenimus
506 1690 764 1742 contineri
804 1690 855 1741 in
889 1690 1062 1742 verbis
1098 1698 1151 1741 et
1173 1691 1435 1754 sensibus,
1479 1695 1614 1745 sicut

80 1799 131 1832 ea
158 1796 270 1847 qua:
300 1781 451 1832 nobis
482 1778 731 1844 pratiatus
759 1778 1039 1846 episcopus
1067 1778 1347 1834 obtulerat.
1379 1782 1611 1834 subscri-

1713 616 2026 669 retribuere.
2066 614 2167 669 Sed
2219 615 2329 670 hac
2359 618 2522 686 magis
2551 630 2645 685 per
2688 620 3037 685 ignorantiam
3082 625 3267 692 opiua‘

1714 718 1834 757 mur
1857 713 2002 773 gesta
2039 719 2178 770 esse,
2219 720 2377 773 quam
2431 722 2523 772 per
2567 707 2929 763 calliditatem.
2982 709 3268 780 humores

1713 805 1831 859 qua:
1881 794 2213 861 prceipimus
2244 795 2335 849 tibi
2384 796 2671 849 secundum
2722 798 2907 861 Deum,
2958 810 3010 852 et
3053 814 3270 870 propter

1714 886 2005 948 dominum,
2034 897 2237 953 tumque
2280 887 2504 957 synodo,
2534 889 2688 943 stude
2719 889 2856 941 illico
2886 905 3155 957 peragere.
3196 911 3265 948 ne

1713 984 1961 1039 cogamur
1984 988 2086 1026 non
2119 974 2551 1038 misericorditer,
2583 976 2677 1030 sed
2712 978 2996 1031 secundum
3019 980 3264 1035 virtutem

1714 1060 2189 1113 sacratissimorum
2263 1074 2525 1113 canonum
2603 1065 2932 1120 conversari.
3006 1066 3268 1137 Scriptum

1716 1161 1939 1213 namque
1964 1156 2046 1201 est
2078 1165 2089 1198 :
2124 1147 2371 1201 Dominus
2413 1151 2622 1218 inquit:
2668 1149 2836 1217 Petre,
2866 1156 3041 1223 rogaui
3082 1173 3174 1227 pro
3201 1170 3269 1223 te,

1714 1245 1768 1286 ut
1810 1250 1909 1287 non
1948 1237 2183 1301 deﬁceret
2224 1240 2347 1302 ﬁdes
2377 1249 2486 1305 tua,
2516 1250 2565 1292 et
2608 1251 2661 1292 tu
2700 1244 2977 1312 aliquando
3001 1262 3267 1303 canemus

1713 1326 1955 1392 conﬁrma
1971 1325 2152 1393 fratres
2168 1337 2297 1381 tuos.
2314 1327 2379 1381 Et
2395 1344 2602 1382 rursum
2623 1349 2634 1383 :
2655 1332 3001 1397 Quodcunque
3015 1336 3271 1406 ligaveris.

1716 1410 1888 1473 Pelle,
1913 1414 1960 1464 in
1997 1424 2151 1475 terra,
2194 1420 2289 1466 erit
2318 1414 2524 1484 ligatum
2547 1419 2665 1471 etin
2688 1423 2833 1483 calo,
2858 1431 2905 1474 et
2934 1428 3270 1495 quodcunque

1713 1502 1919 1553 solveris
1947 1504 1998 1554 in
2044 1514 2195 1566 terra,
2228 1506 2319 1556 erit
2359 1504 2578 1558 solutum
2622 1514 2668 1561 ei
2711 1510 2761 1559 in
2790 1511 2932 1564 calo.
2982 1512 3262 1582 Postquam

1714 1604 1840 1641 vero
1889 1602 2121 1643 nostram
2153 1595 2554 1660 pmceptiunem
2592 1606 2677 1649 tua
2723 1599 2933 1653 dilectio
2980 1605 3255 1671 relegerit,

1716 1678 1849 1731 hanc
1892 1681 2134 1746 praesenti
2191 1683 2424 1747 portitori
2479 1682 2698 1739 Joannis
2736 1690 2965 1757 episcopi
3014 1695 3259 1749 nimirum

1700 1766 1897 1821 reddat
1927 1784 2020 1836 pro
2047 1770 2124 1821 sui
2150 1772 2489 1839 ejusdemque
2516 1775 2751 1833 ecclesige
2792 1779 3099 1835 munitione.
3135 1784 3261 1837 Data

80 1880 152 1933 pta
188 1886 342 1922 manu
391 1870 781 1935 episcOporum,
826 1877 880 1922 et
923 1879 1022 1922 tua
1054 1869 1369 1922 dilectionis.
1418 1873 1610 1937 Quam-

1725 1857 1796 1912 iie
1827 1875 1873 1912 vt
1913 1857 2171 1914 Kalendas
2210 1861 2552 1928 Septembris,
2598 1866 2881 1924 iudctioue
2909 1872 2996 1925 ll.

79 1960 243 2011 obrem
274 1959 517 2011 admirati
542 1972 746 2019 sumus,
776 1960 895 2026 quia
929 1974 1020 2025 per
1040 1974 1191 2011 suum
1210 1960 1458 2013 clericum
1483 1963 1614 2015 hanc

79 2048 210 2100 vobis
239 2049 455 2100 minime
510 2048 785 2100 direxerit.
843 2048 897 2101 Si
950 2048 1089 2101 enim
1142 2050 1356 2102 forsitan
1411 2061 1615 2119 tempus

80 2138 165 2188 hoc
195 2135 453 2201 prohibuit
486 2136 853 2203 incongruum,
902 2151 998 2188 cur
1022 2139 1230 2205 absque
1276 2154 1373 2191 suo
1421 2143 1615 2207 scripto

80 2226 198 2275 hanc
241 2237 405 2291 usque
447 2237 545 2275 nos
587 2226 803 2276 minime
830 2223 1040 2277 direxit.
1072 2223 1312 2293 Cumque
1355 2227 1616 2280 recensita

77 2322 204 2367 esset
238 2316 498 2368 sententia
552 2329 734 2367 coram
787 2316 982 2369 nostris
1028 2316 1277 2369 fratribus
1327 2319 1611 2386 episcopis,

78 2404 230 2456 visum
258 2404 408 2459 nobis
434 2406 614 2471 eisque
634 2414 734 2467 est,
762 2405 899 2473 quod
923 2421 1026 2458 non
1049 2406 1335 2460 secundum
1366 2408 1609 2460 timorem

82 2495 163 2547 liei
189 2508 354 2563 neque
397 2493 687 2547 secundum
744 2494 980 2547 instituta
1040 2494 1275 2559 Patrum,
1334 2509 1617 2563 sacrosque

80 2598 313 2645 eanones,
349 2584 586 2651 ejusdem
613 2583 830 2635 Joannis
854 2584 1108 2637 antistitis
1132 2582 1320 2651 Lappze
1342 2594 1423 2637 est
1452 2597 1609 2637 causa

80 2676 268 2741 cognita
297 2683 353 2726 et
390 2674 689 2733 terminata,
734 2676 816 2726 vel
846 2674 1141 2743 penalibus
1188 2674 1448 2727 submissa
1498 2674 1616 2741 ejus

82 2778 307 2825 persona.
358 2763 640 2832 Propterea
694 2776 794 2817 non
842 2765 1026 2818 leviter
1062 2765 1357 2819 contristati
1412 2779 1615 2829 sumus,

83 2852 294 2906 maxime
330 2854 451 2920 quia
482 2862 534 2905 et
561 2852 659 2905 sub
704 2852 937 2906 custodia
971 2854 1161 2907 missus
1186 2864 1263 2905 est
1295 2854 1430 2907 idem
1458 2850 1615 2907 Joano

84 2956 167 2993 nes
188 2942 405 2996 antistes
433 2941 622 3010 Lappa:
646 2943 829 2996 diebus
871 2943 1087 3010 aliquot,
1132 2952 1183 2996 et
1220 2942 1415 2997 exinde
1453 2945 1589 2999 addu
1639 2963 1644 2970 ·

82 3035 281 3089 celatur
312 3040 369 3088 in
416 3040 763 3091 secretarium
812 3048 916 3092 tute
964 3039 1328 3105 iraternitatis,
1377 3046 1433 3092 ut
1476 3038 1617 3107 quod

83 3127 249 3188 velles,
282 3127 473 3194 inquit,
524 3127 850 3195 loqueretur,
892 3142 955 3182 ac
1002 3142 1184 3181 rursus
1230 3129 1331 3181 sub
1380 3128 1619 3184 custodia

82 3214 354 3269 dicebatur
392 3217 456 3269 ad
496 3218 816 3282 clausuram,
847 3219 999 3272 sicuti
1042 3216 1200 3273 habet
1228 3220 1497 3273 confessio
1525 3220 1620 3275 de-
1647 3202 1698 3267 (ἶ
1729 3204 1855 3256 τίων
1913 3218 2149 3258 remeare
2194 3206 2490 3259 “degam-

84 3301 293 3358 fensoris
328 3316 433 3359 tua:
461 3306 757 3359 dilectionis
808 3301 859 3359 in
906 3308 1164 3362 sententia
1214 3308 1282 3362 ab
1331 3324 1396 3362 eo
1450 3310 1619 3372 facta;

86 3392 284 3462 insuper
305 3403 362 3448 et
387 3392 693 3449 hortabatur
719 3405 900 3448 contra
935 3410 1194 3449 canonum
1222 3394 1392 3463 jnssa,
1416 3409 1623 3451 contra-

84 3495 175 3549 que
203 3485 373 3551 legum
401 3486 637 3539 instituta
670 3487 925 3552 exiStens,
950 3496 1005 3539 ut
1046 3486 1197 3540 daret
1222 3486 1620 3553 fideijussorem.

86 3570 270 3626 Deinde
292 3576 574 3641 oportebat
605 3584 748 3627 tuam
792 3573 1174 3629 fraternitatem
1214 3576 1505 3629 secundum
1538 3589 1625 3629 co-

85 3671 266 3712 nonum
307 3659 564 3727 vigorem,
596 3665 835 3727 tempore
877 3676 982 3729 quo
1010 3677 1067 3717 se
1098 3661 1248 3731 petiit
1294 3664 1358 3718 ad
1390 3679 1487 3719 nos
1536 3680 1625 3717 re.

87 3745 209 3809 nire,
245 3762 366 3799 eum
412 3747 689 3802 absoltere
720 3751 823 3802 tuis
854 3750 1041 3805 litteris
1075 3768 1088 3801 π
1121 3766 1275 3816 quem
1319 3768 1423 3806 non
1452 3755 1623 3807 solum

87 3834 287 3888 noluisti
314 3837 569 3890 canonice
592 3838 869 3890 absolvere
896 3837 960 3890 ad
990 3838 1240 3906 principis
1267 3840 1623 3907 apostolorum

86 3926 273 3985 limina,
327 3926 421 3980 sed
481 3926 649 3994 magis
704 3926 1024 3993 respondisti
1073 3926 1120 3979 ei
1169 3927 1492 3990 indecenter,
1546 3928 1625 3980 in-

83 4014 303 4077 quiens:
341 4014 474 4080 Quia
505 4029 608 4067 non
648 4023 1013 4082 competenter
1059 4013 1277 4082 qumris.
1326 4014 1454 4080 Quae
1499 4029 1626 4083 ergo

83 4106 241 4155 sancti
268 4112 557 4157 sanxerunt
590 4104 789 4168 Patres,
840 4105 1132 4160 indecentia
1175 4107 1333 4159 sunt?
1387 4106 1467 4161 An
1518 4108 1623 4175 pla-

82 4193 241 4244 centia
274 4192 365 4246 tibi
396 4192 642 4247 decentia
675 4194 833 4246 sunt?
867 4195 1027 4262 igitur
1068 4195 1339 4261 prtefatum
1367 4196 1623 4250 Joannem

82 4282 359 4334 antistitem
387 4293 537 4348 eque
568 4279 692 4350 [£d.
744 4280 891 4333 lium.
922 4280 1097 4354 atque]
1145 4283 1511 4349 inculpabilem
1542 4299 1625 4339 re-

84 4371 357 4436 perientes,
393 4370 539 4436 juxta
588 4373 786 4421 textum
811 4371 1091 4423 sententiae
1127 4382 1157 4422 a
1207 4378 1258 4424 le
1287 4371 1439 4426 nobis
1468 4372 1621 4425 dire-

82 4465 195 4519 ctae.
242 4457 465 4513 iecimus
493 4458 766 4512 nobiscum
808 4471 930 4511 cum
954 4459 1220 4525 episcopis
1246 4458 1312 4511 ad
1346 4462 1620 4514 missarum

2282 1969 2603 2026 EPISTULA
2648 1973 2712 2027 ll.

1922 2075 1987 2111 AD
2019 2074 2230 2113 γλλκωι
2272 2075 2658 2118 ουωουωκιυι
2690 2080 3059 2124 ΙΙΡΕΒΔΪΟΒΙΞ.

1713 2146 1839 2201 Cum
1877 2144 2099 2229 Joannes
2139 2148 2626 2229 [Appwfpiscoptts
2662 2166 2835 2207 contra
2870 2172 3085 2229 canones
3125 2165 3277 2229 fuerit

1788 2223 2181 2293 condemnatus,
2239 2218 2376 2286 cupit
2428 2230 2482 2271 att
2532 2218 2644 2289 ejus
2685 2238 2837 2291 optra
2884 2241 2990 2287 sua:
3037 2218 3278 2286 meum

1784 2294 2095 2336 restituatur.

1790 2394 2079 2449 Vitalianus
2122 2392 2305 2449 Vaauo
2348 2396 2675 2454 cubiculario
2716 2410 2771 2457 et
2820 2401 3080 2472 imperiali
3120 2408 3275 2463 cbare

1716 2485 1925 2538 tulario.

1789 2574 2014 2644 Semper
2056 2577 2317 2632 celsitudo
2358 2590 2529 2634 vestra
2562 2580 2659 2650 piis
2708 2584 3007 2639 hominibus
3058 2589 3278 2653 prmbult

1716 2678 2054 2731 concursum,
2085 2682 2394 2738 semperque
2426 2672 2961 2739 irreprebensibiliter
2983 2679 3274 2735 viventibus

1720 2751 1901 2806 tribuit
1932 2754 2155 2809 libenter
2180 2770 2355 2822 Opem.
2426 2761 2651 2831 Ideoque
2694 2776 2979 2828 congruum
3030 2769 3269 2834 ρτωνὶιιίι

1718 2856 1856 2912 mus,
1890 2859 1981 2911 per
2010 2848 2288 2912 prmsentia
2321 2860 2498 2903 nostra
2528 2854 2747 2920 scripta,
2777 2855 3033 2909 Joannem
3064 2860 3269 2911 amisti-

1723 2939 1825 2984 tem
1855 2933 2091 2986 ecclesia
2124 2934 2432 3001 Lappettsis,
2479 2940 2592 2993 sita:
2622 2940 2677 2992 in
2722 2942 2887 2994 insula
2926 2944 3101 3009 Creta,
3141 2946 3190 2999 ei
3220 2947 3270 3000 in

1720 3023 1962 3077 erunibus
1988 3026 2382 3091 commendare,
2406 3040 2662 3097 quatenus
2684 3033 2873 3085 {divina
2917 3049 3019 3103 ope
3058 3040 3273 3105 praevia,

1719 3113 1937 3183 ejusque
1961 3113 2204 3169 sufloltus
2230 3116 2500 3187 sttﬂ'ragiu,
2550 3121 2719 3174 valeat
2764 3122 2828 3175 ad
2874 3135 3110 3179 sanctam
3140 3130 3280 3182 celes

2578 3208 2678 3261 Per
2726 3209 3090 3278 Septembrem
3139 3218 3279 3269 enim

1726 3306 1957 3348 mensem
1988 3307 2326 3363 prtescntent,
2373 3299 2427 3351 ll
2466 3296 2775 3361 indictione,
2828 3302 2877 3353 in
2920 3303 3016 3355 bac
3045 3298 3279 3359 Romana

1725 3382 1851 3437 urbe
1896 3385 1960 3437 ad
2008 3386 2362 3451 apostolorum
2406 3388 2567 3438 nostri
2614 3388 2859 3441 culminis
2916 3401 3271 3459 protectorum

1726 3470 1901 3523 limina
1928 3471 2158 3531 veniens,
2213 3473 2403 3525 obtulit
2443 3474 2592 3527 nobis
2621 3475 2947 3543 petitionem,
2988 3493 3080 3547 per
3118 3481 3273 3549 quam

1724 3560 2031 3625 suppliciter
2053 3574 2292 3627 precatus
2329 3573 2412 3616 est
2443 3578 2558 3626 nos,
2610 3574 2663 3616 ut
2690 3568 2803 3632 ejus
2829 3580 3001 3620 causa:
3031 3572 3275 3624 meritum

1724 3664 1932 3720 cognos:
1952 3661 2121 3717 entes,
2150 3654 2403 3708 rationice
2431 3658 2849 3713 termittarcmus.
2904 3660 3102 3714 Obtulit
3128 3663 3279 3716 denis

1724 3751 1830 3805 que
1855 3738 2007 3792 nobis
2037 3748 2089 3792 et
2113 3746 2446 3809 sententiam,
2476 3756 2631 3807 qttam
2664 3747 3010 3813 promulgavit
3035 3750 3150 3816 ejus
3169 3766 3282 3803 me-

1725 3830 2068 3894 tropolitanus
2121 3844 2239 3882 cum
2295 3836 2403 3883 suis
2440 3833 2701 3899 episcopis
2743 3838 2994 3889 adversus
3033 3840 3275 3892 eumdem

1723 3912 2014 3974 Joannem.
2064 3918 2248 3971 volens
2291 3932 2413 3972 eum
2462 3920 2739 3974 ostendere
2785 3925 3273 3991 reprelien~iliilem,

1724 4017 1820 4071 per
1859 4017 2019 4071 quam
2048 4020 2166 4058 eum
2196 4016 2378 4060 contra
2428 4021 2686 4061 canonum
2729 4008 2939 4085 decreta
2987 4016 3280 4081 pmiialibtts

1724 4097 1986 4151 submisit.
2045 4099 2205 4167 Cujus
2233 4101 2505 4168 exemplar
2532 4110 2583 4154 et
2624 4102 2760 4156 idem
2787 4104 2902 4170 ejus
2924 4108 3279 4177 metropolita-

1725 4202 1822 4240 nus
1866 4188 2273 4265 nobisdircxlt.
2361 4190 2640 4256 Propterea
2684 4192 2933 4247 facientes
2973 4194 3280 4266 congregari

1723 4276 1994 4341 episc0pos
2016 4276 2067 4327 in
2099 4276 2195 4328 hac
2224 4275 2371 4339 urbe,
2402 4278 2517 4345 ejus
2538 4290 2698 4331 causa
2720 4290 2799 4332 est
2824 4281 3052 4348 cognita,
3082 4286 3276 4340 reiecta

1723 4362 1961 4416 videlicet
1981 4364 2233 4430 petitione
2252 4366 2393 4431 ejus;
2416 4366 2479 4419 Et
2501 4366 2711 4432 praefata
2724 4371 2982 4423 sententia
3004 4373 3071 4425 ab
3090 4376 3275 4431 eodem

1724 4452 2127 4520 metropolitano
2172 4454 2285 4519 ejus
2311 4454 2463 4507 nobis
2508 4454 2728 4518 directa,
2768 4457 2936 4510 visum
2983 4462 3133 4514 nobis
3171 4472 3276 4527 est,

82 4548 328 4600 wiemnia
358 4550 409 4603 in
439 4549 698 4603 ecclesias
727 4546 820 4602 Dei
864 4548 1185 4617 pracedere.
1232 4548 1409 4615 Itaque
1438 4551 1622 4602 statui-
1654 4536 1703 4595 Ι)
1727 4538 1830 4595 nun
1857 4542 2142 4596 secundum
2171 4555 2347 4596 sacros
2385 4558 2613 4600 canones
2640 4546 2879 4601 eamdem
2908 4555 3027 4603 else
3060 4562 3277 4607 senten-

83 4650 193 4690 mus
216 4646 374 4708 atque
402 4635 678 4691 ﬁrmamus
724 4652 818 4704 per
852 4637 1012 4706 hujus
1038 4646 1233 4692 nostra:
1265 4638 1624 4704 praeceptionis

83 4726 459 4787 auctoritatem,
489 4724 669 4775 omnia
711 4738 829 4791 qua
854 4739 883 4777 a
910 4732 962 4779 te
990 4734 1180 4793 tuaque
1205 4723 1407 4794 synodo
1444 4730 1625 4777 contra

81 4826 331 4866 canonum
378 4814 613 4865 instituta
656 4815 944 4878 contraque
992 4813 1164 4880 legum
1219 4812 1430 4866 decreta
1481 4820 1626 4881 gesta

82 4902 375 4958 confectave
401 4911 542 4966 sunt,
572 4900 656 4955 vel
691 4900 1005 4953 sententiam
1035 4902 1415 4971 promulgatam
1445 4904 1629 4958 adrer-

83 5006 163 5044 sus
183 5005 320 5055 eum,
353 4992 524 5044 inania
559 5000 612 5044 et
640 5002 800 5042 vacua
828 5000 976 5052 esse;
1015 4988 1106 5042 sed
1134 4989 1381 5056 quidquid
1424 4991 1624 5046 clarue-

84 5082 143 5133 rit
169 5095 289 5134 ettm
318 5080 733 5144 damnidcatum,
760 5076 1099 5145 ejusdemque
1123 5077 1404 5130 ecclesiam
1438 5094 1465 5129 τι
1491 5093 1625 5146 quo-

83 5178 253 5238 quam,
277 5170 326 5225 ei
366 5180 449 5223 tua
486 5168 708 5221 dilectio
737 5166 893 5220 faciat
917 5162 1106 5231 reddi,
1152 5178 1245 5234 per
1290 5167 1464 5220 omnia
1493 5180 1623 5220 eone

84 5272 290 5313 servans
337 5271 459 5314 eum
522 5255 723 5323 absque
770 5266 986 5313 oamno.
1030 5252 1431 5309 benemith
1481 5256 1624 5309 enim

84 5346 349 5409 Joannem,
393 5352 577 5415 utpote
603 5342 934 5397 innocentem
961 5341 1295 5407 eaisteutem,
1334 5355 1454 5396 em-
1493 5354 1625 5410 pra-

86 5432 414 5488 sentiuostra
467 5431 822 5499 praceptiouo
855 5428 1175 5485 absolvimus
1220 5430 1365 5495 Diue,
1397 5438 1454 5485 ut
1489 5431 1627 5484 sicut

87 5523 257 5578 reteri
297 5530 401 5575 tua:
446 5518 742 5575 manu
787 5517 1043 5586 episcopi.
1093 5518 1629 5575 uissueecieab

89 5612 303 5667 utilitate
334 5623 453 5665 eum
476 5607 572 5663 Bel
609 5622 859 5678 pmagere
884 5609 1094 5672 timore,
1136 5621 1509 5680 amarumque
1546 5624 1630 5663 re-

91 5704 315 5768 gularum
630 5696 821 5753 debeat
840 5695 1363 5767 moretmOportebst
1378 5698 1627 5769 denique,

358 5809 626 5870 Panos.
672 5805 1057 5869 LXXXVII.

1726 4634 1849 4685 tiam
1899 4634 2295 4701 promulgatam.
2352 4634 2578 4703 Ideoque
2604 4652 2719 4692 eam
2769 4640 2975 4693 inanem
3006 4651 3160 4709 atque
3190 4661 3277 4697 vas

1726 4732 1878 4775 cnam
1913 4723 2189 4776 statuimus
2220 4724 2359 4787 lore,
2390 4724 2733 4779 decernentes
2752 4725 2993 4782 eumdem
3020 4728 3275 4787 Joannem

1732 4810 2064 4865 innocentem
2093 4813 2338 4887 existere,
2388 4822 2439 4866 et
2467 4815 2666 4882 absque
2693 4816 2865 4882 aliqua
2891 4818 3044 4887 culpa
3070 4836 3186 4875 eam
3216 4828 3280 4873 ait

1732 4898 1848 4966 cjns
1878 4901 2207 4967 metropolita
2226 4884 2495 4965 querimur
2517 4900 2768 4966 subiisse;
2795 4918 2948 4973 quem
2972 4884 3156 4961 merito
3182 4909 3279 4961 ab-

1732 4990 1985 5043 solvimus
2012 4987 2076 5041 ad
2099 5001 2246 5040 suam
2274 4988 2549 5041 ecclesiam
2574 4993 2801 5060 regredi.
2846 4995 3134 5050 scribentes
3158 4996 3274 5064 ejus

1730 5080 1919 5145 sapius
1939 5078 2206 5131 nominato
2233 5078 2600 5146 metropolita,
2640 5089 2700 5135 ut
2719 5097 2835 5148 quse
2858 5096 2949 5148 per
2970 5084 3278 5151 simplicitas

1730 5177 1835 5221 tem
1863 5168 2026 5235 egerit
2049 5166 2100 5219 in
2122 5166 2235 5235 ejus
2256 5181 2530 5235 personam
2555 5178 2734 5223 contra
2756 5183 3011 5223 canonum
3037 5169 3276 5232 decreta.

1729 5261 1910 5308 essent
1931 5266 2091 5307 vacua
2112 5262 2172 5317 et
2193 5252 2389 5309 inania.
2443 5254 2695 5309 Eumdem
2724 5254 2898 5323 itaque
2921 5255 3172 5314 Joannem
3195 5262 3214 5317 f
3228 5274 3287 5320 ut

1728 5340 1926 5394 dictum
1955 5338 2059 5407 est)
2107 5342 2414 5405 antistitem,
2449 5351 2638 5396 vestra
2676 5342 2884 5397 eximia
2921 5345 3159 5400 charitatl
3186 5360 3278 5412 per

1726 5426 1822 5481 ltus
1850 5436 2055 5482 nostras
2075 5428 2275 5484 litteras
2299 5427 2747 5493 eommendantes,
2774 5431 2896 5484 hinc
2929 5432 3281 5488 ubivis-us,

1727 5517 1792 5569 ad
1823 5514 1995 5570 vestra
2009 5515 2255 5572 nimirum
2267 5518 2651 5572 ambolaturum
2666 5520 2880 5588 uestigia
2898 5534 2914 5581 ;
2944 5525 3002 5575 es
3017 5527 3074 5571 ut
3086 5520 3274 5572 exinde

1729 5618 1913 5659 rursus
1939 5612 2059 5661 eum
2086 5606 2196 5659 suis
2218 5605 2424 5672 scriptis
2442 5618 2563 5658 eum
2584 5606 2855 5662 absolvere
2878 5607 3106 5670 festinet,
3136 5620 3291 5675 qm:-

1732 5707 1931 5760 somus,
1960 5695 2024 5748 ad
2045 5708 2189 5746 suam
2209 5692 2479 5745 eeeh-siam
2504 5709 2518 5754 ;
2544 5693 2969 5748 commendantes
2984 5706 3127 5761 eum,
3156 5694 3271 5763 qui-

2736 5800 2815 5876 33
