3848 6234
531 382 669 438 4005

1829 374 2163 428 VI'I'ALI.\NI
2206 375 2283 427 ΡΛ
2297 374 2397 428 ΡίΕ

3569 370 3700 436 ttat

532 501 627 550 bus
644 494 952 562 przcviderit,
981 500 1035 544 ut
1062 490 1253 544 illwsus
1280 488 1467 542 debeat
1493 499 1627 540 esse.
1670 483 1905 541 Profecto
1923 488 2059 541 enim
2090 496 2129 547 Α
2166 498 2288 549 tem,
2342 503 2455 541 esse
2488 489 2689 539 inanem
2736 498 2787 541 et
2836 503 3074 554 vacuam,
3104 492 3435 548 absolventes
3464 511 3584 551 eum
3630 504 3695 553 εισι

531 604 628 639 una
650 598 850 639 mecum
866 582 1067 635 cunctis
1094 580 1278 634 diebus
1294 578 1410 631 vita
1431 592 1539 629 sum
1558 585 1608 628 ct
1630 578 1737 645 ipse
1766 592 1856 645 pro
1880 593 2065 632 vestra:

528 673 972 729 excellentissima:
1002 669 1271 724 charitatis
1299 668 1637 734 prosperitate
1666 682 1723 719 ac
1746 668 2067 733 longaevitate

452 766 455 769 λ
526 761 889 831 deprecabitur
920 758 1211 813 Dominum.
1258 756 1383 809 Data
1420 754 1506 810 die
1548 770 1597 807 vt
1624 754 1735 808 Kal.
1777 756 2058 820 Februarii,

528 854 702 905 iudici.
744 852 824 903 il.

1066 914 1380 968 EPISTULA
1432 914 1516 966 Ill.

808 1026 872 1064 AD
901 1024 1103 1063 PAULI)“
1143 1021 1418 1061 EPISCOPUII
1449 1021 1773 1060 CBETENSEDI.

526 1104 589 1156 Ut
615 1102 843 1171 episwpo
875 1099 1059 1171 Lappa:
1086 1106 1349 1171 occupatas
1376 1096 1608 1171 ecclesias
1634 1098 1897 1171 restituat;
1944 1097 2058 1171 dia-

590 1166 789 1231 conum,
825 1170 907 1235 qui
934 1184 1135 1219 uxorem
1164 1168 1329 1235 duxit,
1352 1178 1397 1217 et
1418 1167 1468 1216 in
1490 1166 1680 1216 duabus
1699 1166 1878 1215 militat
1900 1168 2059 1215 eccle-

588 1242 695 1303 siis,
726 1234 975 1305 corrigat;
1009 1244 1108 1287 tum
1133 1253 1161 1287 ιι
1181 1251 1232 1287 se
1256 1234 1594 1300 Eulampium,
1621 1235 1703 1300 qui
1728 1235 1854 1285 male
1880 1234 2055 1284 audie-

589 1313 669 1359 bnt
686 1350 700 1369 ,
732 1308 967 1359 dimittat.

592 1398 877 1453 Vitalianus
906 1394 1063 1450 Paulo
1091 1394 1337 1463 epIsCOpO
1360 1390 1613 1445 Cretensi.

594 1492 669 1544 Ad
698 1488 1043 1557 cognitionem
1077 1493 1177 1537 tute
1214 1482 1506 1536 dileCtionis
1551 1494 1833 1549 congruum
1865 1481 2055 1547 prtevi-

511 1579 683 1631 dimus
706 1575 1012 1644 producere,
1037 1586 1100 1623 eo
1120 1569 1254 1634 quod
1273 1569 1497 1622 Joannes
1515 1567 1790 1635 episcopus
1818 1571 2054 1634 happen-

513 1682 583 1717 sis
606 1665 841 1717 ecclesire
867 1664 1014 1715 nobis
1033 1657 1363 1729 suggesserit,
1394 1670 1632 1710 asserens
1659 1656 1774 1725 ejus
1796 1656 2056 1723 parorhite

516 1755 825 1822 pertinentia
886 1752 1230 1811 monaSteria,
1300 1763 1456 1799 unum
1514 1747 1647 1814 quod
1700 1748 2053 1813 appellabatur

2165 591 2310 631 suam
2345 578 2627 658 Ecclesiam
2652 592 2884 633 remeare
2904 594 3021 633 cum
3058 590 3232 634 nostra
3258 588 3600 653 praeceptione
3636 591 3701 643 ad

2164 667 2403 719 eumdem
2444 666 2560 733 ejus
2611 667 2992 735 metropolitam
3042 668 3195 723 facta.
3262 670 3561 740 ldeoqueeo
3592 678 3698 732 illic

2164 758 2225 808 ad
2258 766 2395 808 ·.ιι.ιιιι
2428 755 2799 810 fraternitatem
2823 774 2879 811 se
2906 758 3272 827 coniungente,
3304 763 3352 816 ei
3378 762 3443 816 ita
3472 779 3695 822 concur-

2164 857 2263 909 rat,
2296 856 2347 897 ut
2366 861 2482 898 cum
2512 847 2693 900 litteris
2713 846 3145 901 commendatitiis
3164 849 3359 904 domini
3380 854 3700 910 excel'eut‘s-

2165 937 2280 989 simi
2314 936 2475 989 Vaani
2511 937 2598 989 filii
2635 937 2793 989 nostri
2825 937 3107 1006 imperialis
3135 939 3441 995 cubicularii
3468 952 3519 995 et
3548 945 3701 999 char-

2164 1025 2358 1087 tularii,
2389 1027 2451 1076 ad
2482 1042 2625 1078 suam
2657 1026 2941 1080 Ecclesiam
2961 1016 3212 1095 prospere
3234 1040 3537 1086 revertatur.
3584 1036 3703 1087 \‘iva

2161 1114 2300 1166 enim
2325 1129 2449 1168 voce
2480 1131 2571 1180 pro
2596 1129 2690 1167 sua
2721 1130 2875 1183 causa
2904 1115 3171 1172 subtiliter
3222 1129 3323 1171 tua:
3369 1118 3700 1187 fraternitati,

2160 1207 2283 1257 dum
2304 1206 2371 1259 ab
2390 1222 2448 1258 ea
2478 1209 2755 1273 requisitas
2782 1205 2956 1272 fuerit,
2988 1209 3221 1276 profecto
3242 1209 3505 1276 indicabit,
3525 1222 3701 1267 osten-

2158 1296 2289 1347 dens
2316 1299 2361 1347 ei
2394 1298 2662 1360 exemplar
2686 1298 2928 1363 pracepti
2960 1298 3143 1362 nostri,
3172 1297 3237 1351 ad
3259 1298 3561 1364 Cretensem
3594 1318 3697 1357 rne-

2160 1389 2455 1455 lropolitam
2486 1388 2690 1441 directi.
2730 1388 2986 1441 Prteterea
3013 1397 3066 1442 et
3085 1388 3312 1442 Silvium
3336 1391 3431 1446 tibi
3456 1392 3698 1445 intimau-

2158 1478 2279 1529 dum
2308 1478 2479 1530 omnia
2525 1477 2864 1544 przedicantes
2894 1475 3022 1545 [Αι.,
3066 1476 3327 1531 intimabit
3370 1481 3536 1534 omnia
3570 1496 3696 1547 pra:-

2158 1567 2318 1635 dicta]
2351 1583 2415 1619 ne
2444 1567 2651 1620 modum
2681 1568 2968 1635 transgredi
3017 1567 3304 1621 litterarum
3348 1583 3693 1625 cerneremnr.

2160 1656 2283 1709 Data
2323 1665 2378 1709 ut
2405 1670 2579 1723 supra.
2872 1686 2882 1703 ρ

2717 1741 3037 1797 EPISTOLA
3083 1743 3143 1796 V.

515 1850 686 1908 l’alea,
718 1857 768 1899 et
789 1847 1005 1898 alterum
1030 1842 1164 1907 quod
1192 1849 1399 1891 vocatur
1423 1838 1535 1891 Arsi
1560 1839 1612 1902 li,
1638 1854 1665 1889 a
1697 1848 1779 1890 tua
1815 1837 2043 1890 Ecclesia
2079 1833 2122 1889 Β
2152 1846 2217 1885 AD
2246 1846 2372 1892 om;
2406 1846 2573 1885 ιιεσιῖιι
2603 1846 3140 1891 κοιιυιιιιιυιιιιιοιιωι,
3188 1848 3307 1887 stus
3337 1850 3400 1889 ne
3430 1818 3693 1893 rtscnsre

513 1954 629 1988 esse
661 1937 854 1988 invasa.
900 1932 1139 1999 Ideoque,
1166 1930 1205 1981 si
1232 1928 1298 1981 ita
1321 1938 1422 1991 est,
1474 1926 1739 1979 hortamur
1762 1936 1898 1977 tuam
1928 1926 2054 1979 elia-

517 2026 772 2077 rissimum
802 2022 1193 2082 fraternitatem,
1216 2017 1331 2071 utei
1357 2014 1636 2070 secundum
1666 2016 1911 2067 terminos
1932 2030 2052 2067 san-

512 2129 712 2169 ctorum
759 2128 1013 2168 canonum
1048 2109 1191 2164 reddi
1245 2109 1415 2170 faciat,
1449 2108 1565 2175 quia
1596 2107 1870 2173 unicuique
1912 2107 2051 2173 quod

510 2209 703 2270 iustum
725 2213 807 2257 est
829 2202 1064 2256 volumus
1084 2198 1404 2260 conservari,
1436 2196 1657 2249 maxime
1681 2213 1708 2247 a
1732 2196 1922 2249 nostris
1953 2196 2056 2248 fra-

512 2294 692 2346 tribus.
732 2290 1077 2359 Cognovimns
1114 2288 1358 2353 denique,
1385 2285 1520 2353 quod
1550 2284 1757 2351 quidam
1787 2284 2049 2346 diaeonus,

517 2380 725 2431 nomine
754 2380 1003 2438 Joannes,
1036 2386 1305 2442 postquam
1335 2382 1668 2425 consecratus
1695 2382 1771 2424 est
1799 2368 2051 2437 minister,

512 2461 794 2536 accepisset
821 2480 1061 2527 uxorem;
1114 2475 1287 2516 etnon
1319 2462 1483 2514 solum
1519 2463 1636 2523 hoc,
1662 2459 1751 2512 sed
1777 2471 1822 2512 et
1860 2461 1907 2511 in
1928 2461 2052 2510 dna-

512 2559 605 2610 bus
630 2556 863 2609 ccclesiis
884 2555 1085 2607 militet.
1162 2552 1399 2619 Ideoque,
1429 2550 1469 2603 si
1499 2550 1567 2603 ita
1598 2560 1695 2613 est,
1729 2549 1828 2603 hoc
1860 2562 1943 2601 tua
1973 2552 2053 2602 di-

518 2650 795 2704 lectissima
826 2647 1119 2701 fraternitas
1150 2659 1242 2713 pro
1270 2643 1358 2696 Dei
1390 2657 1568 2695 amore
1596 2644 1837 2709 corrigat,
1868 2655 1932 2694 ne
1960 2640 2051 2693 de-

517 2756 618 2792 nuo
649 2737 942 2805 huiusmodi
973 2734 1116 2790 nefas
1154 2734 1415 2803 proveniat
1449 2734 1681 2786 adinstar
1708 2734 1843 2785 male
1875 2733 2047 2784 viven-

511 2833 654 2882 tium.
706 2828 900 2881 Deinde
922 2823 1274 2894 cognmimus,
1307 2824 1440 2891 quod
1470 2824 1742 2890 quemdam
1774 2822 2048 2887 curialem,

517 2916 725 2969 nomine
755 2914 1098 2983 Eulampimn,
1126 2913 1313 2966 habeat
1336 2911 1481 2979 quasi
1509 2910 1884 2963 consiliarium.
1934 2910 2048 2962 Non

512 3004 675 3065 enim,
705 3013 759 3054 ut
789 3004 938 3055 nobis
976 3012 1276 3069 suggestum
1304 3010 1404 3064 est,
1438 3016 1552 3051 eum
1580 3008 1784 3052 constat
1806 3013 1924 3051 esse
1954 3000 2047 3053 bo-

516 3108 595 3143 na:
624 3093 761 3144 vitzc.
832 3092 919 3144 Ille
960 3092 1098 3163 enim
1129 3090 1376 3157 quotidie,
1394 3097 1459 3165 ιιι
1490 3088 1672 3151 fertur,
1704 3090 1835 3141 inter
1866 3090 2050 3141 fratres

2606 1916 2843 1954 JllDICIIlI
2882 1912 3251 1956 EXPETENTEI.

2158 1991 2456 2065 Gratulatur
2485 1998 2648 2058 gentes
2673 1989 2751 2041 sui
2776 1990 2915 2051 reqni
2938 1991 3007 2065 ad
3049 1992 3198 2055 ﬁdem
3221 2064 3227 2065 γ
3242 2009 3516 2065 conversas,
3548 2009 3695 2065 atque

2228 2061 2411 2123 pascha
2435 2075 2733 2126 carterasqne
2750 2060 3085 2125 apostolorum
3116 2064 3249 2114 tradi
3272 2065 3407 2117 iones
3430 2060 3689 2130 observari,

2226 2132 2715 2203 totontqueittsulttnt
2740 2130 2839 2181 Deo
2860 2129 3018 2181 dicari
3041 2142 3197 2197 curet,
3244 2142 3289 2183 et
3320 2135 3549 2203 reiiquias
3574 2154 3689 2189 san-

2223 2210 2415 2251 ctorum
2443 2201 2488 2250 ei
2521 2200 2685 2249 mittit.

2174 2308 2177 2311 η
2230 2290 2445 2340 Dnnnuo
2474 2285 2914 2340 excellentissimo
2943 2284 3049 2338 ﬁlio
3088 2290 3267 2341 Oswio
3299 2290 3403 2357 regi
3433 2291 3690 2347 Saxonum

2162 2380 2442 2431 Vitalianus
2468 2381 2747 2445 episcopus
2773 2392 2952 2430 servus
2979 2393 3249 2432 servorum
3279 2381 3391 2434 Dei.

2229 2470 2604 2523 Desiderabiles
2632 2470 2829 2522 litteras
2855 2468 3183 2523 excellentia:
3232 2480 3421 2526 vestrae
3468 2478 3693 2536 suscepi-

2155 2575 2288 2621 mus,
2316 2574 2442 2627 quas
2470 2560 2779 2627 relegentes,
2804 2559 3139 2627 cognoximus
3161 2560 3274 2628 ejus
3300 2562 3578 2629 piissimam
3601 2565 3690 2615 ile-

2158 2653 2439 2715 votiunem,
2476 2652 3019 2722 lerventissimumque
3067 2667 3303 2706 amorem
3356 2670 3509 2722 quem
3543 2657 3691 2709 habet

2153 2755 2362 2811 propter
2396 2746 2594 2794 beatam
2625 2720 2806 2795 vitam.
2890 2738 2953 2793 Et
2993 2741 3109 2809 quia
3138 2744 3318 2796 dextra
3351 2720 3548 2798 Domini
3579 2762 3693 2813 pio-

2152 2843 2358 2899 tegrnte
2385 2832 2447 2884 ad
2476 2848 2647 2885 veram
2672 2842 2722 2884 et
2744 2833 3079 2898 apostolicam
3118 2832 3270 2885 fidem
3300 2835 3368 2886 sit
3387 2849 3689 2901 conversus,

2150 2936 2387 2985 sperans,
2418 2922 2552 2974 sicut
2582 2922 2629 2973 in
2668 2918 2760 2973 sua
2778 2929 2933 2989 gente
2959 2928 3167 2993 regnat,
3188 2922 3255 2974 ita
3271 2929 3325 2974 et
3348 2936 3463 2975 cum
3488 2923 3691 2977 Christo

2151 3011 2201 3061 in
2249 3014 2421 3060 tnturo
2471 3024 2811 3073 eonregnare.
2872 2998 3147 3063 Benedicta
3200 3009 3357 3077 igitur
3384 3026 3529 3079 gens,
3582 3029 3691 3081 quae

2152 3100 2307 3151 talem
2339 3100 2774 3163 sapietttiSsimum
2801 3111 2852 3151 et
2876 3099 2967 3153 Dei
2994 3100 3249 3153 cultorem
3281 3103 3566 3168 promeruit
3604 3106 3687 3155 ha.

511 3180 704 3234 tizania
733 3182 972 3245 seminat,
1003 3188 1057 3233 ut
1085 3180 1148 3233 de
1192 3194 1371 3231 eorum
1418 3176 1674 3231 ditcordia
1730 3180 2045 3246 ntarSnpium
2077 3157 2121 3220 C
2156 3191 2278 3243 bere
2306 3204 2500 3255 regem,
2553 3190 2679 3254 Quia
2705 3204 2805 3241 non
2833 3191 2998 3242 50mm
3047 3190 3156 3257 ipse
3186 3157 3470 3245 Dei'cnltor
3492 3197 3687 3255 εκὲειίι,

512 3273 742 3341 impleat.
807 3272 1172 3335 Quamobrem,
1195 3271 1237 3321 si
1268 3268 1333 3321 ita
1366 3278 1466 3330 est,
1497 3267 1763 3321 hortamur
1786 3280 1921 3319 tuam
1946 3268 2045 3319 fra-

513 3363 826 3421 ternitatetu,
876 3374 992 3411 eum
1010 3372 1038 3407 a
1062 3372 1117 3409 se
1144 3358 1411 3425 projicere,
1464 3370 1515 3409 ιιι
1538 3361 1649 3425 ejtts
1670 3357 1844 3423 npiziio
1873 3372 2047 3410 coram

512 3452 618 3504 Deo
645 3461 695 3504 et
721 3450 1014 3503 hominibus
1050 3445 1249 3499 ﬂoreat.
1318 3449 1441 3500 Data
1474 3459 1526 3501 ut
1556 3464 1735 3515 supra.

1067 3556 1382 3611 LPIS'I‘OLA
1419 3556 1501 3612 IV.

762 3654 1105 3703 Aocnonctust
1127 3660 1401 3699 EPISCOPUM
1425 3659 1807 3700 ssnacusanuu.

725 3737 789 3791 Ut
840 3734 1024 3790 Joanni
1074 3737 1302 3804 episcopo
1354 3736 1601 3801 Lappensi
1659 3736 1838 3802 faueat.

581 3826 866 3880 Vitalianus
888 3825 1110 3892 Georgio
1138 3826 1383 3892 episcopo
1410 3827 1755 3893 Syracusano.

579 3917 753 3977 Gesta,
786 3914 895 3967 sive
923 3915 1230 3967 sententiam
1257 3928 1286 3965 a
1313 3924 1397 3967 tua
1432 3916 1754 3967 fraternitate
1774 3916 2046 3979 directam,

514 4004 855 4059 dilectissimo
893 4003 999 4055 lilio
1042 4010 1218 4055 nostro
1250 3998 1539 4056 Gaudentio
1587 4002 1886 4069 primicerio
1912 4006 2046 4056 scri-

516 4098 688 4159 hente,
719 4108 833 4147 eam
865 4092 959 4146 sibi
989 4093 1056 4146 ab
1075 4093 1303 4145 antistite
1331 4094 1597 4148 Cretensis
1642 4095 1822 4148 insula:
1874 4105 2047 4149 trans-

514 4188 742 4245 missam,
772 4198 867 4251 pro
886 4197 1036 4235 causa
1064 4183 1293 4255 episcopi
1324 4182 1610 4250 Lappensis
1634 4183 1896 4249 Ecclesite,
1928 4199 2044 4236 sus-

521 4273 783 4336 cepimus;
826 4270 1107 4321 svribentes
1137 4270 1182 4321 ei
1208 4270 1539 4335 quamobrem
1582 4270 1823 4324 admirati
1868 4285 2049 4324 sumus

515 4376 606 4412 cur
632 4360 741 4425 ipse
763 4358 1025 4411 Cretensis
1051 4360 1266 4411 antistes
1294 4358 1440 4411 nobis
1469 4368 1559 4411 aut
1586 4374 1677 4426 per
1720 4372 1868 4412 suum
1893 4361 2048 4413 cleri-

516 4463 633 4501 cum
660 4446 793 4500 banc
822 4447 1031 4499 minime
1061 4446 1322 4510 direxerit,
1369 4455 1456 4499 aut
1485 4462 1577 4515 per
1600 4460 1693 4503 sua
1724 4452 1912 4517 scripta
1943 4464 2045 4501 non
2077 4486 2125 4545 υ

517 4538 819 4593 indicaverit
859 4552 974 4610 qu:e
1025 4546 1175 4594 erant
1206 4536 1525 4592 ’necessaria.
1605 4537 1858 4594 Prazfatus
1909 4540 2046 4593 enim

516 4629 743 4683 Joannes
772 4627 1055 4699 Lappensis
1097 4629 1361 4689 Ecclestm,
1393 4626 1689 4694 Itujttstnodi
1738 4628 2045 4680 sententiam

522 4733 707 4775 manus
752 4721 865 4787 ejus
926 4719 1270 4785 metropolitaz
1309 4717 1769 4785 episcopotmnque
1826 4716 2049 4769 subscri-

529 4821 689 4877 ptam,
712 4823 828 4862 cum
852 4822 943 4860 sua
974 4808 1120 4861 uobis
1148 4807 1333 4859 obtulit
1355 4804 1619 4872 petitione,
1657 4803 1919 4870 postulans
1943 4818 2049 4858 sua

520 4914 691 4953 causa:
742 4897 978 4951 meritum
1028 4898 1279 4950 canonice
1329 4895 1541 4960 requiri.
1613 4892 1773 4961 Cujus
1811 4892 2050 4961 precibus

528 4989 675 5051 moti,
701 5003 795 5056 pro
828 4988 914 5038 tali
940 4998 995 5036 re
1022 4985 1070 5035 in
1102 4984 1194 5034 hac
1215 4984 1339 5035 urbe
1363 4982 1574 5035 fecimus
1594 4982 1892 5051 congregari
1916 4996 2045 5065 sxu-

522 5075 701 5133 odum,
729 5084 787 5126 ut
826 5080 1222 5141 cognosceretur
1249 5071 1538 5135 huiusmodi
1571 5072 1856 5139 negotium.
1887 5070 2049 5124 Cum-

520 5177 621 5231 que
668 5174 805 5215 esset
852 5169 1179 5229 congregata,
1237 5161 1424 5211 reiecta
1475 5171 1552 5213 est
1596 5162 1834 5213 nnnirum
1871 5160 2051 5235 petitio

522 5252 739 5308 Joannis
770 5252 1025 5317 prtesulis,
1060 5265 1121 5301 ac
1146 5248 1401 5301 sententia
1426 5264 1451 5297 a
1476 5258 1557 5299 tua
1586 5249 1785 5302 directa
1813 5238 2052 5303 fraterni—

524 5355 661 5405 tate;
717 5340 904 5408 quibus
952 5338 1099 5390 nobis
1124 5341 1301 5405 eisque
1330 5337 1497 5389 visum
1540 5346 1616 5390 est
1644 5353 1743 5390 non
1767 5338 2048 5392 secundum

521 5430 897 5483 sacratissimos
913 5441 1157 5487 canones,
1187 5441 1353 5494 neque
1371 5425 1657 5479 secundum
1688 5428 1915 5480 instituta
1948 5428 2045 5480 Pa-

525 5529 681 5581 trum,
711 5533 824 5572 esse
849 5518 1028 5570 eadem
1053 5526 1191 5584 gesta
1225 5518 1538 5583 promulgata
1565 5516 1811 5569 adversus
1843 5531 2045 5583 praeno-

526 5611 771 5661 tninatum
830 5610 1109 5677 Lappensis
1169 5608 1409 5661 Ecclesia:
1462 5608 1777 5675 episcopum.
1855 5609 2046 5662 Idcirco

527 5701 868 5761 decrevimus,
896 5714 1029 5763 eam,
1060 5714 1148 5766 per
1172 5710 1357 5751 llUSlI‘.l'
1388 5700 1745 5765 praeceptionis
1765 5696 2043 5750 auctorita—

2149 3276 2241 3330 scd
2292 3280 2446 3329 etiam
2496 3294 2671 3329 sintne:
2724 3278 2986 3346 subjectus
3026 3293 3149 3333 suos
3196 3280 3471 3335 meditatur
3513 3283 3597 3337 die
3632 3299 3687 3334 ac

2150 3380 2300 3422 nocte
2331 3370 2392 3420 ad
2419 3369 2567 3422 Iidem
2593 3370 2896 3421 tatbolicatn
2931 3381 3086 3437 atque
3106 3372 3444 3433 apostolicam
3474 3389 3566 3438 pro
3587 3391 3687 3427 sua:

2147 3462 2332 3512 animus
2358 3458 2711 3521 retletuptione
2738 3460 2993 3511 converti.
3040 3458 3165 3524 Quis
3182 3461 3319 3513 cnim
3352 3462 3565 3515 audiens
3584 3464 3688 3516 Itzt-c

2147 3551 2323 3601 suavia
2351 3564 2448 3600 non
2482 3549 2714 3601 laetetur?
2774 3550 2901 3614 Quis
2942 3566 3042 3602 non
3070 3553 3301 3605 exsultet
3328 3564 3375 3607 et
3399 3555 3614 3622 gaudeat
3640 3554 3685 3606 itt

2151 3636 2231 3689 his
2260 3638 2413 3707 [llam
2442 3639 2559 3689 add.
2599 3638 2714 3706 piis]
2746 3640 3021 3705 cperibus?
3097 3640 3223 3707 Quia
3254 3651 3303 3694 ct
3346 3657 3470 3709 gens
3523 3653 3686 3696 vestra

2147 3726 2357 3781 Christo
2384 3728 2721 3795 omnipotenti
2752 3729 2857 3783 Deo
2876 3733 3063 3794 credit,
3090 3732 3377 3785 secundum
3402 3733 3685 3787 divinorum

2152 3832 2182 3882 p
2212 3818 2517 3882 opln-tarum
2544 3821 2870 3877 voces,sicut
2892 3820 3138 3885 scripturn
3164 3831 3243 3872 est
3264 3821 3312 3872 iu
3340 3819 3496 3875 Isaia:
3524 3821 3583 3873 In
3611 3824 3685 3873 die

2146 3908 2237 3959 illa
2266 3909 2415 3959 radix
2439 3906 2600 3968 Jessr,
2638 3908 2724 3973 qui
2747 3916 2843 3959 stat
2870 3910 2920 3958 in
2955 3909 3147 3977 signum
3174 3913 3490 3975 populorum,
3533 3915 3684 3979 ipsum

2149 4008 2313 4064 gentes
2342 3999 2736 4064 deprecabuntur
2769 3998 2917 4067 (lsai.
2952 4000 3050 4065 ιιι).
3131 4001 3191 4053 Et
3220 4001 3440 4055 ili-rum:
3492 4006 3679 4066 Audite,

2122 4086 2348 4147 insulto.
2374 4098 2418 4138 et
2447 4089 2709 4153 attendite,
2739 4090 2911 4157 populi
2933 4129 2947 4151 ,
2980 4094 3040 4143 de
3068 4089 3213 4160 longe
3239 4091 3388 4159 (Isai.
3426 4097 3584 4162 nix).
3626 4093 3681 4146 Et

2150 4185 2263 4239 post
2291 4176 2579 4241 paululum:
2626 4175 2836 4239 Parum,
2865 4178 3052 4244 inquit,
3083 4189 3154 4230 est
3195 4186 3250 4229 ut
3280 4180 3403 4231 mihi
3428 4183 3498 4232 sis
3528 4196 3681 4231 servus

2147 4268 2213 4317 ad
2246 4267 2551 4319 suscitandas
2575 4268 2730 4318 tribus
2756 4265 2935 4331 Jacob,
2960 4278 3006 4320 et
3045 4268 3187 4337 {taces
3219 4269 3383 4323 Israel
3404 4280 3682 4323 converten-

2148 4355 2260 4405 das.
2317 4352 2445 4405 Dedi
2472 4362 2518 4404 te
2546 4354 2594 4403 in
2624 4352 2781 4405 lucem
2805 4356 3041 4421 gentium,
3073 4366 3123 4407 ut
3149 4357 3216 4407 sis
3239 4355 3376 4408 salus
3406 4372 3519 4410 mea
3546 4373 3684 4425 usque

2148 4442 2215 4494 ad
2238 4452 2505 4496 extremum
2531 4442 2890 4513 terrtc(lbid.).
2924 4446 2983 4496 Et
3004 4458 3239 4497 rursum:
3271 4446 3427 4515 Ileges
3442 4448 3677 4508 videbunt,

2154 4541 2198 4584 et
2226 4541 2524 4603 consurgent
2553 4535 2816 4602 principes,
2858 4542 2901 4585 et
2928 4534 3229 4587 odorabunt.
3289 4535 3351 4589 Et
3378 4545 3495 4603 post
3533 4537 3681 4605 pusil-

2155 4624 2293 4676 lum:
2346 4622 2472 4675 Dedi
2500 4632 2546 4675 te
2584 4623 2634 4674 in
2681 4622 2843 4688 [crtus
2869 4621 3062 4690 populi,
3119 4633 3171 4675 ut
3198 4627 3463 4679 suscitares
3491 4634 3678 4682 terrent.

2154 4724 2197 4764 et
2227 4713 2505 4779 possideres
2534 4710 2846 4764 hmreditates
2884 4713 3176 4779 dissipatas,
3220 4724 3267 4766 et
3295 4715 3484 4766 diceres
3513 4716 3584 4766 liis
3607 4715 3681 4780 qui

2154 4803 2302 4855 vincti
2326 4810 2477 4853 sunt:
2509 4799 2693 4865 Exite;
2724 4813 2767 4854 et
2797 4802 2873 4855 his
2902 4803 2987 4869 qui
3011 4803 3063 4854 in
3093 4802 3333 4857 tenebris:
3365 4799 3675 4855 Reuelamini.

2160 4892 2219 4944 Et
2247 4906 2479 4944 rursum:
2512 4891 2619 4961 Ego
2639 4893 3044 4945 dominusooeaei
3064 4901 3110 4943 te
3132 4892 3182 4942 in
3194 4892 3421 4959 justitia,
3450 4901 3497 4944 et
3518 4906 3680 4961 appreo

2151 4982 2300 5034 bendi
2343 4998 2545 5035 tuanum
2582 4992 2737 5047 tuam,
2777 4994 2822 5033 et
2871 4983 3079 5041 serutari,
3119 4989 3165 5033 et
3211 4981 3327 5033 dedi
3364 4991 3413 5035 te
3452 4984 3505 5035 in
3539 4984 3679 5034 lucent

2152 5076 2391 5143 gentium,
2419 5085 2462 5127 et
2486 5076 2535 5126 in
2566 5074 2727 5143 [trdus
2756 5074 2951 5142 populi,
3001 5081 3054 5124 ut
3082 5073 3299 5140 aperires
3340 5074 3513 5127 oculos
3540 5088 3677 5126 ecco-

2152 5183 2283 5227 rum,
2307 5177 2349 5219 et
2380 5168 2610 5219 educeres
2640 5166 2702 5216 de
2742 5165 3056 5218 conclusimze
3080 5165 3297 5219 cinctum
3324 5167 3386 5219 de
3412 5170 3559 5220 domo
3578 5180 3673 5220 m~

2152 5259 2276 5309 ceris
2304 5258 2551 5308 sedentem
2580 5256 2631 5305 in
2658 5254 2868 5306 tenebris
2892 5252 3043 5323 (lsai.
3067 5253 3215 5322 aut).
3248 5253 3403 5317 Ecce,
3434 5255 3676 5309 excellen-

2156 5348 2352 5399 tissime
2376 5345 2472 5408 lili,
2503 5359 2658 5411 quam
2699 5345 2810 5398 luce
2832 5345 3021 5398 clarius
3044 5354 3148 5404 est;
3172 5357 3275 5396 non
3308 5344 3481 5398 solum
3509 5346 3571 5401 de
3595 5356 3675 5395 vo-

2153 5434 2253 5496 bis,
2303 5432 2393 5485 sed
2432 5435 2587 5485 etiam
2633 5435 2697 5486 de
2745 5435 2987 5487 omnibus
3034 5433 3403 5501 pmphetarum
3431 5432 3672 5502 gentibus,

2152 5520 2286 5587 quod
2310 5522 2412 5573 sint
2430 5522 2702 5575 crediturae
2730 5523 2782 5576 in
2804 5523 3067 5577 Christum
3088 5520 3322 5575 omnium
3351 5521 3677 5576 conditorem.

2151 5610 2501 5675 Quamobrem
2556 5624 2759 5681 oportet
2813 5622 3036 5666 vestram
3082 5612 3471 5675 celsitudinem,
3520 5616 3675 5675 ιιιροιο

2152 5702 2694 5757 mentbrum'existcns
2721 5702 2941 5771 Christi,
2965 5704 3015 5756 in
3036 5705 3280 5759 omnibus
3304 5704 3441 5771 piant
3468 5699 3674 5769 regulam
