  <div class='ocr_page' id='page_1' title='image "/cluster/home/n/w/nwhite01/storage/ocr_20150623/87-88/uva.x000827073/510.png"; bbox 0 0 3820 6334; ppageno 0'>
   <div class='ocr_carea' id='block_1_1' title="bbox 174 476 308 533">
    <p class='ocr_par' dir='ltr' id='par_1_1' title="bbox 174 476 308 533">
     <span class='ocr_line' id='line_1_1' title="bbox 174 476 308 533; baseline 0 0"><span class='ocrx_word' id='word_1_1' title='bbox 174 476 308 533; x_wconf 70' lang='grc' dir='ltr'><strong>η)οεῖ</strong></span> 
     </span>
    </p>
   </div>
   <div class='ocr_carea' id='block_1_2' title="bbox 1575 466 1979 534">
    <p class='ocr_par' dir='ltr' id='par_1_2' title="bbox 1575 466 1979 534">
     <span class='ocr_line' id='line_1_2' title="bbox 1575 466 1979 534; baseline 0 -2"><span class='ocrx_word' id='word_1_2' title='bbox 1575 476 1939 534; x_wconf 67' lang='grc' dir='ltr'><strong>ΕΡΙΞΤΟΙΛΞ.</strong></span> <span class='ocrx_word' id='word_1_3' title='bbox 1974 466 1979 473; x_wconf 63' lang='grc'><em>’</em></span> 
     </span>
    </p>
   </div>
   <div class='ocr_carea' id='block_1_3' title="bbox 3233 468 3362 529">
    <p class='ocr_par' dir='ltr' id='par_1_3' title="bbox 3233 468 3362 529">
     <span class='ocr_line' id='line_1_3' title="bbox 3233 468 3362 529; baseline -0.023 -2"><span class='ocrx_word' id='word_1_4' title='bbox 3233 468 3362 529; x_wconf 68' lang='lat'><strong>{000</strong></span> 
     </span>
    </p>
   </div>
   <div class='ocr_carea' id='block_1_4' title="bbox 166 584 3361 659">
    <p class='ocr_par' dir='ltr' id='par_1_4' title="bbox 166 584 3361 659">
     <span class='ocr_line' id='line_1_4' title="bbox 166 584 3361 659; baseline -0.001 -19"><span class='ocrx_word' id='word_1_5' title='bbox 166 590 310 655; x_wconf 81' lang='lat' dir='ltr'><strong>sequi</strong></span> <span class='ocrx_word' id='word_1_6' title='bbox 334 590 629 656; x_wconf 75' lang='lat' dir='ltr'><strong>perenniter</strong></span> <span class='ocrx_word' id='word_1_7' title='bbox 650 589 894 657; x_wconf 77' lang='lat' dir='ltr'><strong>principis</strong></span> <span class='ocrx_word' id='word_1_8' title='bbox 921 591 1293 656; x_wconf 66' lang='lat' dir='ltr'><strong>apostolorum,</strong></span> <span class='ocrx_word' id='word_1_9' title='bbox 1318 589 1427 645; x_wconf 78' lang='lat' dir='ltr'><strong>sive</strong></span> <span class='ocrx_word' id='word_1_10' title='bbox 1458 592 1507 644; x_wconf 91' lang='lat' dir='ltr'><strong>in</strong></span> <span class='ocrx_word' id='word_1_11' title='bbox 1523 592 1709 659; x_wconf 84' lang='lat' dir='ltr'><strong>pascha</strong></span> <span class='ocrx_word' id='word_1_12' title='bbox 1744 593 1792 651; x_wconf 78' lang='grc' dir='ltr'><strong>Α</strong></span> <span class='ocrx_word' id='word_1_13' title='bbox 1818 590 2033 643; x_wconf 88' lang='lat' dir='ltr'><strong>stituere</strong></span> <span class='ocrx_word' id='word_1_14' title='bbox 2054 602 2386 658; x_wconf 70' lang='lat' dir='ltr'><strong>summopere</strong></span> <span class='ocrx_word' id='word_1_15' title='bbox 2408 600 2764 657; x_wconf 83' lang='lat' dir='ltr'><strong>proeurcmus.</strong></span> <span class='ocrx_word' id='word_1_16' title='bbox 2781 586 3109 653; x_wconf 75' lang='lat' dir='ltr'><strong>Quapropter</strong></span> <span class='ocrx_word' id='word_1_17' title='bbox 3137 584 3256 656; x_wconf 89' lang='lat' dir='ltr'><strong>quia</strong></span> <span class='ocrx_word' id='word_1_18' title='bbox 3283 584 3361 640; x_wconf 79' lang='lat' dir='ltr'><strong>ci-</strong></span> 
     </span>
    </p>
   </div>
   <div class='ocr_carea' id='block_1_5' title="bbox 164 678 1717 746">
    <p class='ocr_par' dir='ltr' id='par_1_5' title="bbox 164 678 1717 746">
     <span class='ocr_line' id='line_1_5' title="bbox 164 678 1717 746; baseline 0.002 -16"><span class='ocrx_word' id='word_1_19' title='bbox 164 678 500 743; x_wconf 84' lang='lat' dir='ltr'><strong>relebrando,</strong></span> <span class='ocrx_word' id='word_1_20' title='bbox 532 684 641 731; x_wconf 87' lang='lat' dir='ltr'><strong>sive</strong></span> <span class='ocrx_word' id='word_1_21' title='bbox 688 680 738 731; x_wconf 88' lang='lat' dir='ltr'><strong>in</strong></span> <span class='ocrx_word' id='word_1_22' title='bbox 766 682 1009 732; x_wconf 86' lang='lat' dir='ltr'><strong>omnibus</strong></span> <span class='ocrx_word' id='word_1_23' title='bbox 1051 694 1166 746; x_wconf 77' lang='lat' dir='ltr'><strong>qnze</strong></span> <span class='ocrx_word' id='word_1_24' title='bbox 1196 679 1522 733; x_wconf 87' lang='lat' dir='ltr'><strong>tradiderunt</strong></span> <span class='ocrx_word' id='word_1_25' title='bbox 1550 683 1717 733; x_wconf 86' lang='lat' dir='ltr'><strong>sancti</strong></span> 
     </span>
    </p>
   </div>
   <div class='ocr_carea' id='block_1_6' title="bbox 165 767 1717 836">
    <p class='ocr_par' dir='ltr' id='par_1_6' title="bbox 165 767 1717 836">
     <span class='ocr_line' id='line_1_6' title="bbox 165 767 1717 836; baseline 0.002 -16"><span class='ocrx_word' id='word_1_26' title='bbox 165 769 387 834; x_wconf 83' lang='lat' dir='ltr'><strong>apostoli</strong></span> <span class='ocrx_word' id='word_1_27' title='bbox 419 767 602 822; x_wconf 84' lang='lat' dir='ltr'><strong>Petrus</strong></span> <span class='ocrx_word' id='word_1_28' title='bbox 628 777 681 822; x_wconf 91' lang='lat' dir='ltr'><strong>et</strong></span> <span class='ocrx_word' id='word_1_29' title='bbox 712 769 919 833; x_wconf 84' lang='lat' dir='ltr'><strong>l&#39;aulus,</strong></span> <span class='ocrx_word' id='word_1_30' title='bbox 951 770 1068 836; x_wconf 86' lang='lat' dir='ltr'><strong>quia</strong></span> <span class='ocrx_word' id='word_1_31' title='bbox 1092 778 1146 821; x_wconf 89' lang='lat' dir='ltr'><strong>ut</strong></span> <span class='ocrx_word' id='word_1_32' title='bbox 1170 768 1276 823; x_wconf 88' lang='lat' dir='ltr'><strong>duo</strong></span> <span class='ocrx_word' id='word_1_33' title='bbox 1306 768 1579 823; x_wconf 75' lang='lat' dir='ltr'><strong>luminaria</strong></span> <span class='ocrx_word' id='word_1_34' title='bbox 1597 770 1717 823; x_wconf 72' lang='grc' dir='ltr'><strong>θαιιί</strong></span> 
     </span>
    </p>
   </div>
   <div class='ocr_carea' id='block_1_7' title="bbox 163 856 1713 918">
    <p class='ocr_par' dir='ltr' id='par_1_7' title="bbox 163 856 1713 918">
     <span class='ocr_line' id='line_1_7' title="bbox 163 856 1713 918; baseline 0.001 -9"><span class='ocrx_word' id='word_1_35' title='bbox 163 856 459 910; x_wconf 71' lang='lat' dir='ltr'><strong>illuminant</strong></span> <span class='ocrx_word' id='word_1_36' title='bbox 486 857 758 918; x_wconf 88' lang='lat' dir='ltr'><strong>mundum,</strong></span> <span class='ocrx_word' id='word_1_37' title='bbox 786 856 863 911; x_wconf 87' lang='lat' dir='ltr'><strong>sic</strong></span> <span class='ocrx_word' id='word_1_38' title='bbox 886 856 1119 909; x_wconf 86' lang='lat' dir='ltr'><strong>doctrina</strong></span> <span class='ocrx_word' id='word_1_39' title='bbox 1148 872 1330 911; x_wconf 83' lang='lat' dir='ltr'><strong>eorum</strong></span> <span class='ocrx_word' id='word_1_40' title='bbox 1355 859 1511 910; x_wconf 88' lang='lat' dir='ltr'><strong>corda</strong></span> <span class='ocrx_word' id='word_1_41' title='bbox 1542 858 1713 911; x_wconf 84' lang='lat' dir='ltr'><strong>homi-</strong></span> 
     </span>
    </p>
   </div>
   <div class='ocr_carea' id='block_1_8' title="bbox 162 948 1159 1017">
    <p class='ocr_par' dir='ltr' id='par_1_8' title="bbox 162 948 1159 1017">
     <span class='ocr_line' id='line_1_8' title="bbox 162 948 1159 1017; baseline 0.003 -18"><span class='ocrx_word' id='word_1_42' title='bbox 162 962 286 1000; x_wconf 85' lang='lat' dir='ltr'><strong>num</strong></span> <span class='ocrx_word' id='word_1_43' title='bbox 315 948 549 1017; x_wconf 69' lang='lat' dir='ltr'><strong>quotidfe</strong></span> <span class='ocrx_word' id='word_1_44' title='bbox 576 948 793 999; x_wconf 86' lang='lat' dir='ltr'><strong>illustrat</strong></span> <span class='ocrx_word' id='word_1_45' title='bbox 811 948 1159 1002; x_wconf 70' lang='lat' dir='ltr'><strong>credentium.</strong></span> 
     </span>
    </p>
   </div>
   <div class='ocr_carea' id='block_1_9' title="bbox 234 1036 1713 1106">
    <p class='ocr_par' dir='ltr' id='par_1_9' title="bbox 234 1036 1713 1106">
     <span class='ocr_line' id='line_1_9' title="bbox 234 1036 1713 1106; baseline 0.001 -17"><span class='ocrx_word' id='word_1_46' title='bbox 234 1036 299 1090; x_wconf 81' lang='lat' dir='ltr'><strong>Et</strong></span> <span class='ocrx_word' id='word_1_47' title='bbox 350 1049 463 1106; x_wconf 82' lang='lat' dir='ltr'><strong>post</strong></span> <span class='ocrx_word' id='word_1_48' title='bbox 502 1037 775 1102; x_wconf 74' lang='lat' dir='ltr'><strong>nonnulla,</strong></span> <span class='ocrx_word' id='word_1_49' title='bbox 817 1036 989 1103; x_wconf 71' lang='lat' dir='ltr'><strong>quibus</strong></span> <span class='ocrx_word' id='word_1_50' title='bbox 1017 1039 1080 1091; x_wconf 79' lang='lat' dir='ltr'><strong>de</strong></span> <span class='ocrx_word' id='word_1_51' title='bbox 1106 1037 1404 1092; x_wconf 75' lang='lat' dir='ltr'><strong>celebrando</strong></span> <span class='ocrx_word' id='word_1_52' title='bbox 1433 1056 1518 1101; x_wconf 79' lang='lat' dir='ltr'><strong>per</strong></span> <span class='ocrx_word' id='word_1_53' title='bbox 1546 1041 1713 1091; x_wconf 81' lang='lat' dir='ltr'><strong>orbem</strong></span> 
     </span>
    </p>
   </div>
   <div class='ocr_carea' id='block_1_10' title="bbox 160 1122 1715 1195">
    <p class='ocr_par' dir='ltr' id='par_1_10' title="bbox 160 1122 1715 1195">
     <span class='ocr_line' id='line_1_10' title="bbox 160 1122 1715 1195; baseline 0.005 -20"><span class='ocrx_word' id='word_1_54' title='bbox 160 1135 320 1178; x_wconf 71' lang='lat' dir='ltr'><strong>totum</strong></span> <span class='ocrx_word' id='word_1_55' title='bbox 351 1141 452 1178; x_wconf 67' lang='lat' dir='ltr'><strong>uno</strong></span> <span class='ocrx_word' id='word_1_56' title='bbox 480 1142 592 1178; x_wconf 72' lang='lat' dir='ltr'><strong>vero</strong></span> <span class='ocrx_word' id='word_1_57' title='bbox 625 1122 820 1177; x_wconf 74' lang='lat' dir='ltr'><strong>Pascha</strong></span> <span class='ocrx_word' id='word_1_58' title='bbox 848 1126 1072 1191; x_wconf 75' lang='lat' dir='ltr'><strong>loquitur</strong></span> <span class='ocrx_word' id='word_1_59' title='bbox 1093 1142 1112 1181; x_wconf 90' lang='lat'><strong><em>:</em></strong></span> <span class='ocrx_word' id='word_1_60' title='bbox 1162 1126 1437 1181; x_wconf 83' lang='lat' dir='ltr'><strong>llotninem</strong></span> <span class='ocrx_word' id='word_1_61' title='bbox 1467 1128 1715 1195; x_wconf 87' lang='lat' dir='ltr'><strong>denique.</strong></span> 
     </span>
    </p>
   </div>
   <div class='ocr_carea' id='block_1_11' title="bbox 158 1214 1715 1283">
    <p class='ocr_par' dir='ltr' id='par_1_11' title="bbox 158 1214 1715 1283">
     <span class='ocr_line' id='line_1_11' title="bbox 158 1214 1715 1283; baseline 0.003 -18"><span class='ocrx_word' id='word_1_62' title='bbox 158 1215 345 1283; x_wconf 65' lang='lat' dir='ltr'><strong>inquit,</strong></span> <span class='ocrx_word' id='word_1_63' title='bbox 382 1214 680 1277; x_wconf 80' lang='lat' dir='ltr'><strong>docibilem,</strong></span> <span class='ocrx_word' id='word_1_64' title='bbox 730 1227 781 1269; x_wconf 86' lang='lat' dir='ltr'><strong>et</strong></span> <span class='ocrx_word' id='word_1_65' title='bbox 811 1217 862 1268; x_wconf 90' lang='lat' dir='ltr'><strong>in</strong></span> <span class='ocrx_word' id='word_1_66' title='bbox 892 1217 1136 1268; x_wconf 88' lang='lat' dir='ltr'><strong>omnibus</strong></span> <span class='ocrx_word' id='word_1_67' title='bbox 1165 1225 1405 1270; x_wconf 83' lang='lat' dir='ltr'><strong>ornatum</strong></span> <span class='ocrx_word' id='word_1_68' title='bbox 1433 1219 1715 1270; x_wconf 88' lang='lat' dir='ltr'><strong>antistitem</strong></span> 
     </span>
    </p>
   </div>
   <div class='ocr_carea' id='block_1_12' title="bbox 159 1305 1717 1372">
    <p class='ocr_par' dir='ltr' id='par_1_12' title="bbox 159 1305 1717 1372">
     <span class='ocr_line' id='line_1_12' title="bbox 159 1305 1717 1372; baseline 0.003 -17"><span class='ocrx_word' id='word_1_69' title='bbox 159 1306 450 1357; x_wconf 80' lang='lat' dir='ltr'><strong>secundum</strong></span> <span class='ocrx_word' id='word_1_70' title='bbox 503 1313 791 1356; x_wconf 84' lang='lat' dir='ltr'><strong>vestrorum</strong></span> <span class='ocrx_word' id='word_1_71' title='bbox 845 1305 1160 1372; x_wconf 69' lang='lat' dir='ltr'><strong>Scriptorum</strong></span> <span class='ocrx_word' id='word_1_72' title='bbox 1212 1318 1447 1358; x_wconf 75' lang='lat' dir='ltr'><strong>tenorem</strong></span> <span class='ocrx_word' id='word_1_73' title='bbox 1503 1306 1717 1365; x_wconf 82' lang='lat' dir='ltr'><strong>minime</strong></span> 
     </span>
    </p>
   </div>
   <div class='ocr_carea' id='block_1_13' title="bbox 160 1390 1714 1463">
    <p class='ocr_par' dir='ltr' id='par_1_13' title="bbox 160 1390 1714 1463">
     <span class='ocr_line' id='line_1_13' title="bbox 160 1390 1714 1463; baseline 0.006 -25"><span class='ocrx_word' id='word_1_74' title='bbox 160 1390 421 1443; x_wconf 78' lang='lat' dir='ltr'><strong>valuimus</strong></span> <span class='ocrx_word' id='word_1_75' title='bbox 464 1405 602 1444; x_wconf 92' lang='lat' dir='ltr'><strong>nunc</strong></span> <span class='ocrx_word' id='word_1_76' title='bbox 646 1393 899 1459; x_wconf 73' lang='lat' dir='ltr'><strong>reperire,</strong></span> <span class='ocrx_word' id='word_1_77' title='bbox 939 1408 1033 1459; x_wconf 91' lang='lat' dir='ltr'><strong>pro</strong></span> <span class='ocrx_word' id='word_1_78' title='bbox 1064 1394 1443 1463; x_wconf 78' lang='lat' dir='ltr'><strong>longinquitate</strong></span> <span class='ocrx_word' id='word_1_79' title='bbox 1493 1396 1714 1448; x_wconf 74' lang='lat' dir='ltr'><strong>itineris.</strong></span> 
     </span>
    </p>
   </div>
   <div class='ocr_carea' id='block_1_14' title="bbox 158 1464 1714 1553">
    <p class='ocr_par' dir='ltr' id='par_1_14' title="bbox 158 1464 1714 1553">
     <span class='ocr_line' id='line_1_14' title="bbox 158 1464 1714 1553; baseline 0.004 -23"><span class='ocrx_word' id='word_1_80' title='bbox 158 1475 403 1531; x_wconf 73' lang='grc' dir='ltr'><strong>Ρηιῐιιειο</strong></span> <span class='ocrx_word' id='word_1_81' title='bbox 423 1480 560 1531; x_wconf 85' lang='lat' dir='ltr'><strong>enim</strong></span> <span class='ocrx_word' id='word_1_82' title='bbox 588 1479 709 1532; x_wconf 88' lang='lat' dir='ltr'><strong>dum</strong></span> <span class='ocrx_word' id='word_1_83' title='bbox 736 1481 1033 1549; x_wconf 87' lang='lat' dir='ltr'><strong>bujustnodi</strong></span> <span class='ocrx_word' id='word_1_84' title='bbox 1066 1464 1206 1548; x_wconf 38' lang='lat' dir='ltr'><strong>‘apta</strong></span> <span class='ocrx_word' id='word_1_85' title='bbox 1236 1497 1442 1551; x_wconf 89' lang='lat' dir='ltr'><strong>reperta</strong></span> <span class='ocrx_word' id='word_1_86' title='bbox 1490 1499 1714 1553; x_wconf 65' lang='lat' dir='ltr'><strong>persona</strong></span> 
     </span>
    </p>
   </div>
   <div class='ocr_carea' id='block_1_15' title="bbox 157 1563 1713 1637">
    <p class='ocr_par' dir='ltr' id='par_1_15' title="bbox 157 1563 1713 1637">
     <span class='ocr_line' id='line_1_15' title="bbox 157 1563 1713 1637; baseline 0.006 -22"><span class='ocrx_word' id='word_1_87' title='bbox 157 1563 332 1627; x_wconf 77' lang='lat' dir='ltr'><strong>fuerit,</strong></span> <span class='ocrx_word' id='word_1_88' title='bbox 352 1580 471 1617; x_wconf 71' lang='lat' dir='ltr'><strong>eum</strong></span> <span class='ocrx_word' id='word_1_89' title='bbox 490 1565 795 1619; x_wconf 88' lang='lat' dir='ltr'><strong>instructum</strong></span> <span class='ocrx_word' id='word_1_90' title='bbox 816 1570 882 1621; x_wconf 88' lang='lat' dir='ltr'><strong>ad</strong></span> <span class='ocrx_word' id='word_1_91' title='bbox 906 1580 1135 1622; x_wconf 77' lang='lat' dir='ltr'><strong>vestram</strong></span> <span class='ocrx_word' id='word_1_92' title='bbox 1158 1569 1442 1637; x_wconf 73' lang='lat' dir='ltr'><strong>dirigemus</strong></span> <span class='ocrx_word' id='word_1_93' title='bbox 1470 1572 1713 1637; x_wconf 82' lang='lat' dir='ltr'><strong>patriam,</strong></span> 
     </span>
    </p>
   </div>
   <div class='ocr_carea' id='block_1_16' title="bbox 156 1653 1713 1725">
    <p class='ocr_par' dir='ltr' id='par_1_16' title="bbox 156 1653 1713 1725">
     <span class='ocr_line' id='line_1_16' title="bbox 156 1653 1713 1725; baseline 0.006 -21"><span class='ocrx_word' id='word_1_94' title='bbox 156 1663 209 1705; x_wconf 91' lang='lat' dir='ltr'><strong>ut</strong></span> <span class='ocrx_word' id='word_1_95' title='bbox 234 1653 353 1721; x_wconf 80' lang='lat' dir='ltr'><strong>ipse</strong></span> <span class='ocrx_word' id='word_1_96' title='bbox 403 1664 460 1709; x_wconf 91' lang='lat' dir='ltr'><strong>et</strong></span> <span class='ocrx_word' id='word_1_97' title='bbox 503 1658 620 1708; x_wconf 75' lang='lat' dir='ltr'><strong>viva</strong></span> <span class='ocrx_word' id='word_1_98' title='bbox 651 1672 799 1722; x_wconf 85' lang='lat' dir='ltr'><strong>voce,</strong></span> <span class='ocrx_word' id='word_1_99' title='bbox 846 1668 900 1711; x_wconf 89' lang='lat' dir='ltr'><strong>et</strong></span> <span class='ocrx_word' id='word_1_100' title='bbox 923 1672 1017 1725; x_wconf 88' lang='lat' dir='ltr'><strong>per</strong></span> <span class='ocrx_word' id='word_1_101' title='bbox 1042 1660 1215 1713; x_wconf 74' lang='lat' dir='ltr'><strong>dit-ina</strong></span> <span class='ocrx_word' id='word_1_102' title='bbox 1242 1662 1473 1723; x_wconf 87' lang='lat' dir='ltr'><strong>oracula,</strong></span> <span class='ocrx_word' id='word_1_103' title='bbox 1506 1676 1713 1714; x_wconf 82' lang='lat' dir='ltr'><strong>omnem</strong></span> 
     </span>
    </p>
   </div>
   <div class='ocr_carea' id='block_1_17' title="bbox 155 1745 1714 1807">
    <p class='ocr_par' dir='ltr' id='par_1_17' title="bbox 155 1745 1714 1807">
     <span class='ocr_line' id='line_1_17' title="bbox 155 1745 1714 1807; baseline 0.006 -12"><span class='ocrx_word' id='word_1_104' title='bbox 155 1745 355 1798; x_wconf 89' lang='lat' dir='ltr'><strong>inimici</strong></span> <span class='ocrx_word' id='word_1_105' title='bbox 381 1749 629 1801; x_wconf 75' lang='lat' dir='ltr'><strong>zizaniam</strong></span> <span class='ocrx_word' id='word_1_106' title='bbox 674 1764 736 1803; x_wconf 81' lang='lat' dir='ltr'><strong>es</strong></span> <span class='ocrx_word' id='word_1_107' title='bbox 781 1750 921 1802; x_wconf 86' lang='lat' dir='ltr'><strong>omni</strong></span> <span class='ocrx_word' id='word_1_108' title='bbox 975 1762 1149 1803; x_wconf 87' lang='lat' dir='ltr'><strong>vestra</strong></span> <span class='ocrx_word' id='word_1_109' title='bbox 1196 1752 1362 1803; x_wconf 85' lang='lat' dir='ltr'><strong>insula</strong></span> <span class='ocrx_word' id='word_1_110' title='bbox 1392 1765 1510 1804; x_wconf 88' lang='lat' dir='ltr'><strong>cum</strong></span> <span class='ocrx_word' id='word_1_111' title='bbox 1534 1753 1714 1807; x_wconf 88' lang='lat' dir='ltr'><strong>divino</strong></span> 
     </span>
    </p>
   </div>
   <div class='ocr_carea' id='block_1_18' title="bbox 156 1834 565 1888">
    <p class='ocr_par' dir='ltr' id='par_1_18' title="bbox 156 1834 565 1888">
     <span class='ocr_line' id='line_1_18' title="bbox 156 1834 565 1888; baseline 0.01 -4"><span class='ocrx_word' id='word_1_112' title='bbox 156 1843 282 1885; x_wconf 87' lang='lat' dir='ltr'><strong>nutu</strong></span> <span class='ocrx_word' id='word_1_113' title='bbox 313 1834 565 1888; x_wconf 78' lang='lat' dir='ltr'><strong>eradicet.</strong></span> 
     </span>
    </p>
   </div>
   <div class='ocr_carea' id='block_1_19' title="bbox 1824 673 3364 745">
    <p class='ocr_par' dir='ltr' id='par_1_19' title="bbox 1824 673 3364 745">
     <span class='ocr_line' id='line_1_19' title="bbox 1824 673 3364 745; baseline -0.002 -16"><span class='ocrx_word' id='word_1_114' title='bbox 1824 684 2037 745; x_wconf 82' lang='lat' dir='ltr'><strong>vitales,</strong></span> <span class='ocrx_word' id='word_1_115' title='bbox 2077 692 2270 744; x_wconf 70' lang='lat' dir='ltr'><strong>castra,</strong></span> <span class='ocrx_word' id='word_1_116' title='bbox 2312 678 2644 741; x_wconf 86' lang='lat' dir='ltr'><strong>monasteria,</strong></span> <span class='ocrx_word' id='word_1_117' title='bbox 2679 677 3059 744; x_wconf 73' lang='lat' dir='ltr'><strong>possessiones,</strong></span> <span class='ocrx_word' id='word_1_118' title='bbox 3104 684 3159 728; x_wconf 91' lang='lat' dir='ltr'><strong>et</strong></span> <span class='ocrx_word' id='word_1_119' title='bbox 3214 673 3364 732; x_wconf 77' lang='lat' dir='ltr'><strong>villas</strong></span> 
     </span>
    </p>
   </div>
   <div class='ocr_carea' id='block_1_20' title="bbox 1823 766 3363 834">
    <p class='ocr_par' dir='ltr' id='par_1_20' title="bbox 1823 766 3363 834">
     <span class='ocr_line' id='line_1_20' title="bbox 1823 766 3363 834; baseline -0.003 -11"><span class='ocrx_word' id='word_1_120' title='bbox 1823 774 1972 825; x_wconf 75' lang='lat' dir='ltr'><strong>l-ealo</strong></span> <span class='ocrx_word' id='word_1_121' title='bbox 1996 772 2275 826; x_wconf 78' lang='lat' dir='ltr'><strong>Benedicto</strong></span> <span class='ocrx_word' id='word_1_122' title='bbox 2296 772 2346 823; x_wconf 92' lang='lat' dir='ltr'><strong>in</strong></span> <span class='ocrx_word' id='word_1_123' title='bbox 2374 770 2549 823; x_wconf 82' lang='lat' dir='ltr'><strong>Sicilia</strong></span> <span class='ocrx_word' id='word_1_124' title='bbox 2580 767 2815 821; x_wconf 86' lang='lat' dir='ltr'><strong>subditas</strong></span> <span class='ocrx_word' id='word_1_125' title='bbox 2843 780 3157 834; x_wconf 74' lang='lat' dir='ltr'><strong>paganorum</strong></span> <span class='ocrx_word' id='word_1_126' title='bbox 3188 766 3363 819; x_wconf 78' lang='lat' dir='ltr'><strong>incur-</strong></span> 
     </span>
    </p>
   </div>
   <div class='ocr_carea' id='block_1_21' title="bbox 1820 853 3362 923">
    <p class='ocr_par' dir='ltr' id='par_1_21' title="bbox 1820 853 3362 923">
     <span class='ocr_line' id='line_1_21' title="bbox 1820 853 3362 923; baseline -0.003 -12"><span class='ocrx_word' id='word_1_127' title='bbox 1820 860 2054 911; x_wconf 87' lang='lat' dir='ltr'><strong>sionihns</strong></span> <span class='ocrx_word' id='word_1_128' title='bbox 2076 860 2335 911; x_wconf 64' lang='lat' dir='ltr'><strong>desolatas</strong></span> <span class='ocrx_word' id='word_1_129' title='bbox 2364 872 2482 911; x_wconf 85' lang='lat' dir='ltr'><strong>esse</strong></span> <span class='ocrx_word' id='word_1_130' title='bbox 2504 856 2817 918; x_wconf 77' lang='lat' dir='ltr'><strong>audivimus,</strong></span> <span class='ocrx_word' id='word_1_131' title='bbox 2847 867 3002 923; x_wconf 81' lang='lat' dir='ltr'><strong>supra</strong></span> <span class='ocrx_word' id='word_1_132' title='bbox 3030 853 3241 906; x_wconf 90' lang='lat' dir='ltr'><strong>modum</strong></span> <span class='ocrx_word' id='word_1_133' title='bbox 3266 854 3362 907; x_wconf 67' lang='lat' dir='ltr'><strong>duo</strong></span> 
     </span>
    </p>
   </div>
   <div class='ocr_carea' id='block_1_22' title="bbox 1823 946 3361 1016">
    <p class='ocr_par' dir='ltr' id='par_1_22' title="bbox 1823 946 3361 1016">
     <span class='ocr_line' id='line_1_22' title="bbox 1823 946 3361 1016; baseline 0.001 -17"><span class='ocrx_word' id='word_1_134' title='bbox 1823 952 2007 1010; x_wconf 79' lang='lat' dir='ltr'><strong>leuius,</strong></span> <span class='ocrx_word' id='word_1_135' title='bbox 2040 949 2487 1014; x_wconf 78' lang='lat' dir='ltr'><strong>omnipotentipte</strong></span> <span class='ocrx_word' id='word_1_136' title='bbox 2521 949 2625 1001; x_wconf 90' lang='lat' dir='ltr'><strong>Deo</strong></span> <span class='ocrx_word' id='word_1_137' title='bbox 2677 962 2836 1014; x_wconf 86' lang='lat' dir='ltr'><strong>super</strong></span> <span class='ocrx_word' id='word_1_138' title='bbox 2884 949 2979 1000; x_wconf 89' lang='lat' dir='ltr'><strong>hoc</strong></span> <span class='ocrx_word' id='word_1_139' title='bbox 3003 946 3201 1015; x_wconf 77' lang='lat' dir='ltr'><strong>gratias</strong></span> <span class='ocrx_word' id='word_1_140' title='bbox 3249 949 3361 1016; x_wconf 82' lang='lat' dir='ltr'><strong>agi-</strong></span> 
     </span>
    </p>
   </div>
   <div class='ocr_carea' id='block_1_23' title="bbox 1820 1036 3359 1106">
    <p class='ocr_par' dir='ltr' id='par_1_23' title="bbox 1820 1036 3359 1106">
     <span class='ocr_line' id='line_1_23' title="bbox 1820 1036 3359 1106; baseline 0.001 -18"><span class='ocrx_word' id='word_1_141' title='bbox 1820 1055 1933 1089; x_wconf 67' lang='lat' dir='ltr'><strong>&quot;tu:</strong></span> <span class='ocrx_word' id='word_1_142' title='bbox 1962 1056 2046 1105; x_wconf 71' lang='lat' dir='ltr'><strong>qui</strong></span> <span class='ocrx_word' id='word_1_143' title='bbox 2080 1039 2195 1090; x_wconf 87' lang='lat' dir='ltr'><strong>ideo</strong></span> <span class='ocrx_word' id='word_1_144' title='bbox 2246 1040 2604 1105; x_wconf 83' lang='lat' dir='ltr'><strong>teiuporaliter</strong></span> <span class='ocrx_word' id='word_1_145' title='bbox 2634 1036 2717 1089; x_wconf 89' lang='lat' dir='ltr'><strong>hic</strong></span> <span class='ocrx_word' id='word_1_146' title='bbox 2744 1036 2991 1105; x_wconf 79' lang='lat' dir='ltr'><strong>ﬂagellari</strong></span> <span class='ocrx_word' id='word_1_147' title='bbox 3041 1040 3252 1106; x_wconf 84' lang='lat' dir='ltr'><strong>irrogat,</strong></span> <span class='ocrx_word' id='word_1_148' title='bbox 3292 1052 3359 1090; x_wconf 91' lang='lat' dir='ltr'><strong>ne</strong></span> 
     </span>
    </p>
   </div>
   <div class='ocr_carea' id='block_1_24' title="bbox 1810 1121 3359 1192">
    <p class='ocr_par' dir='ltr' id='par_1_24' title="bbox 1810 1121 3359 1192">
     <span class='ocr_line' id='line_1_24' title="bbox 1810 1121 3359 1192; baseline 0.001 -16"><span class='ocrx_word' id='word_1_149' title='bbox 1810 1128 1870 1191; x_wconf 84' lang='lat' dir='ltr'><strong>in</strong></span> <span class='ocrx_word' id='word_1_150' title='bbox 1901 1138 2153 1177; x_wconf 77' lang='lat' dir='ltr'><strong>:eterntnn</strong></span> <span class='ocrx_word' id='word_1_151' title='bbox 2189 1126 2388 1192; x_wconf 89' lang='lat' dir='ltr'><strong>puniat.</strong></span> <span class='ocrx_word' id='word_1_152' title='bbox 2416 1124 2565 1179; x_wconf 86' lang='lat' dir='ltr'><strong>Unde</strong></span> <span class='ocrx_word' id='word_1_153' title='bbox 2594 1138 2707 1190; x_wconf 73' lang='lat' dir='ltr'><strong>vos,</strong></span> <span class='ocrx_word' id='word_1_154' title='bbox 2735 1121 3027 1179; x_wconf 75' lang='lat' dir='ltr'><strong>charissimi</strong></span> <span class='ocrx_word' id='word_1_155' title='bbox 3076 1124 3186 1187; x_wconf 87' lang='lat' dir='ltr'><strong>lilii,</strong></span> <span class='ocrx_word' id='word_1_156' title='bbox 3210 1140 3237 1174; x_wconf 91' lang='lat' dir='ltr'><strong>a</strong></span> <span class='ocrx_word' id='word_1_157' title='bbox 3272 1124 3359 1177; x_wconf 84' lang='lat' dir='ltr'><strong>lle-</strong></span> 
     </span>
    </p>
   </div>
   <div class='ocr_carea' id='block_1_25' title="bbox 1826 1213 3361 1274">
    <p class='ocr_par' dir='ltr' id='par_1_25' title="bbox 1826 1213 3361 1274">
     <span class='ocr_line' id='line_1_25' title="bbox 1826 1213 3361 1274; baseline -0.002 -9"><span class='ocrx_word' id='word_1_158' title='bbox 1826 1224 1877 1265; x_wconf 91' lang='lat' dir='ltr'><strong>tu</strong></span> <span class='ocrx_word' id='word_1_159' title='bbox 1899 1224 1950 1266; x_wconf 89' lang='lat' dir='ltr'><strong>et</strong></span> <span class='ocrx_word' id='word_1_160' title='bbox 1977 1229 2199 1267; x_wconf 77' lang='lat' dir='ltr'><strong>mtnri-re</strong></span> <span class='ocrx_word' id='word_1_161' title='bbox 2239 1228 2445 1267; x_wconf 84' lang='lat' dir='ltr'><strong>cessare</strong></span> <span class='ocrx_word' id='word_1_162' title='bbox 2474 1228 2765 1274; x_wconf 84' lang='lat' dir='ltr'><strong>monemus,</strong></span> <span class='ocrx_word' id='word_1_163' title='bbox 2816 1222 2870 1266; x_wconf 90' lang='lat' dir='ltr'><strong>et</strong></span> <span class='ocrx_word' id='word_1_164' title='bbox 2892 1213 2972 1265; x_wconf 87' lang='lat' dir='ltr'><strong>his</strong></span> <span class='ocrx_word' id='word_1_165' title='bbox 3000 1217 3190 1266; x_wconf 76' lang='lat' dir='ltr'><strong>nustris</strong></span> <span class='ocrx_word' id='word_1_166' title='bbox 3223 1214 3361 1274; x_wconf 79' lang='lat' dir='ltr'><strong>lilits,</strong></span> 
     </span>
    </p>
   </div>
   <div class='ocr_carea' id='block_1_26' title="bbox 1817 1300 3359 1370">
    <p class='ocr_par' dir='ltr' id='par_1_26' title="bbox 1817 1300 3359 1370">
     <span class='ocr_line' id='line_1_26' title="bbox 1817 1300 3359 1370; baseline 0.001 -18"><span class='ocrx_word' id='word_1_167' title='bbox 1817 1317 1949 1370; x_wconf 83' lang='lat' dir='ltr'><strong>quos</strong></span> <span class='ocrx_word' id='word_1_168' title='bbox 1989 1305 2053 1355; x_wconf 81' lang='lat' dir='ltr'><strong>dc</strong></span> <span class='ocrx_word' id='word_1_169' title='bbox 2083 1303 2380 1354; x_wconf 71' lang='lat' dir='ltr'><strong>Cassinensi</strong></span> <span class='ocrx_word' id='word_1_170' title='bbox 2412 1300 2813 1367; x_wconf 69' lang='lat' dir='ltr'><strong>congregatione</strong></span> <span class='ocrx_word' id='word_1_171' title='bbox 2844 1303 2908 1354; x_wconf 90' lang='lat' dir='ltr'><strong>ad</strong></span> <span class='ocrx_word' id='word_1_172' title='bbox 2939 1305 3251 1356; x_wconf 87' lang='lat' dir='ltr'><strong>monasteria</strong></span> <span class='ocrx_word' id='word_1_173' title='bbox 3283 1318 3359 1354; x_wconf 88' lang='lat' dir='ltr'><strong>re-</strong></span> 
     </span>
    </p>
   </div>
   <div class='ocr_carea' id='block_1_27' title="bbox 1815 1390 3360 1458">
    <p class='ocr_par' dir='ltr' id='par_1_27' title="bbox 1815 1390 3360 1458">
     <span class='ocr_line' id='line_1_27' title="bbox 1815 1390 3360 1458; baseline -0.001 -14"><span class='ocrx_word' id='word_1_174' title='bbox 1815 1390 2119 1456; x_wconf 75' lang='lat' dir='ltr'><strong>stant-suda,</strong></span> <span class='ocrx_word' id='word_1_175' title='bbox 2143 1402 2196 1445; x_wconf 90' lang='lat' dir='ltr'><strong>et</strong></span> <span class='ocrx_word' id='word_1_176' title='bbox 2218 1392 2475 1454; x_wconf 73' lang='lat' dir='ltr'><strong>civitates,</strong></span> <span class='ocrx_word' id='word_1_177' title='bbox 2502 1400 2693 1454; x_wconf 79' lang='lat' dir='ltr'><strong>castra,</strong></span> <span class='ocrx_word' id='word_1_178' title='bbox 2720 1391 3079 1458; x_wconf 79' lang='lat' dir='ltr'><strong>possessiones</strong></span> <span class='ocrx_word' id='word_1_179' title='bbox 3106 1400 3161 1444; x_wconf 90' lang='lat' dir='ltr'><strong>et</strong></span> <span class='ocrx_word' id='word_1_180' title='bbox 3212 1393 3360 1445; x_wconf 81' lang='lat' dir='ltr'><strong>villas</strong></span> 
     </span>
    </p>
   </div>
   <div class='ocr_carea' id='block_1_28' title="bbox 1816 1479 3359 1549">
    <p class='ocr_par' dir='ltr' id='par_1_28' title="bbox 1816 1479 3359 1549">
     <span class='ocr_line' id='line_1_28' title="bbox 1816 1479 3359 1549; baseline 0 -16"><span class='ocrx_word' id='word_1_181' title='bbox 1816 1482 2201 1546; x_wconf 75' lang='lat' dir='ltr'><strong>recuperandos</strong></span> <span class='ocrx_word' id='word_1_182' title='bbox 2228 1481 2278 1532; x_wconf 88' lang='lat' dir='ltr'><strong>in</strong></span> <span class='ocrx_word' id='word_1_183' title='bbox 2310 1481 2539 1534; x_wconf 85' lang='lat' dir='ltr'><strong>Siciliam</strong></span> <span class='ocrx_word' id='word_1_184' title='bbox 2584 1480 2809 1548; x_wconf 82' lang='lat' dir='ltr'><strong>dirigere</strong></span> <span class='ocrx_word' id='word_1_185' title='bbox 2827 1479 3146 1544; x_wconf 78' lang='lat' dir='ltr'><strong>studuimus,</strong></span> <span class='ocrx_word' id='word_1_186' title='bbox 3174 1490 3231 1534; x_wconf 92' lang='lat' dir='ltr'><strong>ut</strong></span> <span class='ocrx_word' id='word_1_187' title='bbox 3250 1496 3359 1549; x_wconf 87' lang='lat' dir='ltr'><strong>spe-</strong></span> 
     </span>
    </p>
   </div>
   <div class='ocr_carea' id='block_1_29' title="bbox 1815 1570 3359 1636">
    <p class='ocr_par' dir='ltr' id='par_1_29' title="bbox 1815 1570 3359 1636">
     <span class='ocr_line' id='line_1_29' title="bbox 1815 1570 3359 1636; baseline -0.001 -14"><span class='ocrx_word' id='word_1_188' title='bbox 1815 1570 2033 1622; x_wconf 68' lang='lat' dir='ltr'><strong>cialibus</strong></span> <span class='ocrx_word' id='word_1_189' title='bbox 2062 1570 2285 1633; x_wconf 85' lang='lat' dir='ltr'><strong>dominis</strong></span> <span class='ocrx_word' id='word_1_190' title='bbox 2310 1570 2579 1623; x_wconf 81' lang='lat' dir='ltr'><strong>deservire</strong></span> <span class='ocrx_word' id='word_1_191' title='bbox 2630 1572 2865 1633; x_wconf 87' lang='lat' dir='ltr'><strong>curetis;</strong></span> <span class='ocrx_word' id='word_1_192' title='bbox 2919 1584 2983 1623; x_wconf 79' lang='lat' dir='ltr'><strong>es</strong></span> <span class='ocrx_word' id='word_1_193' title='bbox 3031 1578 3175 1636; x_wconf 88' lang='lat' dir='ltr'><strong>parte</strong></span> <span class='ocrx_word' id='word_1_194' title='bbox 3227 1570 3359 1624; x_wconf 80' lang='lat' dir='ltr'><strong>beati</strong></span> 
     </span>
    </p>
   </div>
   <div class='ocr_carea' id='block_1_30' title="bbox 1818 1657 3358 1727">
    <p class='ocr_par' dir='ltr' id='par_1_30' title="bbox 1818 1657 3358 1727">
     <span class='ocr_line' id='line_1_30' title="bbox 1818 1657 3358 1727; baseline -0.001 -14"><span class='ocrx_word' id='word_1_195' title='bbox 1818 1659 2081 1713; x_wconf 81' lang='lat' dir='ltr'><strong>Benedicti</strong></span> <span class='ocrx_word' id='word_1_196' title='bbox 2114 1670 2162 1710; x_wconf 80' lang='lat' dir='ltr'><strong>et</strong></span> <span class='ocrx_word' id='word_1_197' title='bbox 2195 1670 2373 1711; x_wconf 90' lang='lat' dir='ltr'><strong>nostra</strong></span> <span class='ocrx_word' id='word_1_198' title='bbox 2405 1659 2788 1727; x_wconf 62' lang='lat' dir='ltr'><strong>praecipientes,</strong></span> <span class='ocrx_word' id='word_1_199' title='bbox 2814 1668 2869 1712; x_wconf 90' lang='lat' dir='ltr'><strong>ut</strong></span> <span class='ocrx_word' id='word_1_200' title='bbox 2897 1658 2948 1711; x_wconf 92' lang='lat' dir='ltr'><strong>in</strong></span> <span class='ocrx_word' id='word_1_201' title='bbox 2980 1657 3358 1712; x_wconf 79' lang='lat' dir='ltr'><strong>restauratione</strong></span> 
     </span>
    </p>
   </div>
   <div class='ocr_carea' id='block_1_31' title="bbox 1826 1750 3355 1817">
    <p class='ocr_par' dir='ltr' id='par_1_31' title="bbox 1826 1750 3355 1817">
     <span class='ocr_line' id='line_1_31' title="bbox 1826 1750 3355 1817; baseline 0.001 -17"><span class='ocrx_word' id='word_1_202' title='bbox 1826 1751 2129 1802; x_wconf 77' lang='lat' dir='ltr'><strong>monasterii</strong></span> <span class='ocrx_word' id='word_1_203' title='bbox 2159 1761 2209 1801; x_wconf 87' lang='lat' dir='ltr'><strong>et</strong></span> <span class='ocrx_word' id='word_1_204' title='bbox 2242 1751 2625 1817; x_wconf 77' lang='lat' dir='ltr'><strong>possessionum</strong></span> <span class='ocrx_word' id='word_1_205' title='bbox 2659 1750 2777 1803; x_wconf 91' lang='lat' dir='ltr'><strong>illos</strong></span> <span class='ocrx_word' id='word_1_206' title='bbox 2800 1751 3048 1814; x_wconf 82' lang='lat' dir='ltr'><strong>adjuvare</strong></span> <span class='ocrx_word' id='word_1_207' title='bbox 3085 1750 3355 1808; x_wconf 72' lang='lat' dir='ltr'><strong>studentis.</strong></span> 
     </span>
    </p>
   </div>
   <div class='ocr_carea' id='block_1_32' title="bbox 1816 1837 3355 1911">
    <p class='ocr_par' dir='ltr' id='par_1_32' title="bbox 1816 1837 3355 1911">
     <span class='ocr_line' id='line_1_32' title="bbox 1816 1837 3355 1911; baseline -0.002 -20"><span class='ocrx_word' id='word_1_208' title='bbox 1816 1849 2153 1904; x_wconf 66' lang='lat' dir='ltr'><strong>coeptumque</strong></span> <span class='ocrx_word' id='word_1_209' title='bbox 2180 1839 2408 1911; x_wconf 79' lang='lat' dir='ltr'><strong>laborem</strong></span> <span class='ocrx_word' id='word_1_210' title='bbox 2435 1838 2499 1891; x_wconf 87' lang='lat' dir='ltr'><strong>ad</strong></span> <span class='ocrx_word' id='word_1_211' title='bbox 2528 1837 2770 1892; x_wconf 85' lang='lat' dir='ltr'><strong>ell&#39;ectum</strong></span> <span class='ocrx_word' id='word_1_212' title='bbox 2796 1838 3084 1908; x_wconf 81' lang='lat' dir='ltr'><strong>perducere</strong></span> <span class='ocrx_word' id='word_1_213' title='bbox 3120 1852 3355 1892; x_wconf 86' lang='lat' dir='ltr'><strong>summo-</strong></span> 
     </span>
    </p>
   </div>
   <div class='ocr_carea' id='block_1_33' title="bbox 220 1904 3355 1999">
    <p class='ocr_par' dir='ltr' id='par_1_33' title="bbox 220 1904 3355 1999">
     <span class='ocr_line' id='line_1_33' title="bbox 220 1904 3355 1999; baseline 0.001 -20"><span class='ocrx_word' id='word_1_214' title='bbox 220 1925 752 1981; x_wconf 67' lang='lat' dir='ltr'><strong>Hunusenlaavestra</strong></span> <span class='ocrx_word' id='word_1_215' title='bbox 770 1927 1078 1983; x_wconf 68' lang='lat' dir='ltr'><strong>celsitudine</strong></span> <span class='ocrx_word' id='word_1_216' title='bbox 1094 1930 1704 1999; x_wconf 78' lang='lat' dir='ltr'><strong>beatopriueipiapnsto-</strong></span> <span class='ocrx_word' id='word_1_217' title='bbox 1742 1904 1785 1961; x_wconf 71' lang='grc' dir='ltr'><strong>Β</strong></span> <span class='ocrx_word' id='word_1_218' title='bbox 1816 1940 1942 1993; x_wconf 87' lang='lat' dir='ltr'><strong>pere</strong></span> <span class='ocrx_word' id='word_1_219' title='bbox 1984 1906 2291 1992; x_wconf 78' lang='lat' dir='ltr'><strong>procurctis.</strong></span> <span class='ocrx_word' id='word_1_220' title='bbox 2347 1928 2454 1981; x_wconf 81' lang='lat' dir='ltr'><strong>Nos</strong></span> <span class='ocrx_word' id='word_1_221' title='bbox 2478 1929 2619 1981; x_wconf 89' lang='lat' dir='ltr'><strong>enim</strong></span> <span class='ocrx_word' id='word_1_222' title='bbox 2649 1938 2711 1990; x_wconf 67' lang='lat' dir='ltr'><strong>et,</strong></span> <span class='ocrx_word' id='word_1_223' title='bbox 2730 1943 2843 1989; x_wconf 85' lang='lat' dir='ltr'><strong>vos,</strong></span> <span class='ocrx_word' id='word_1_224' title='bbox 2875 1940 2929 1983; x_wconf 90' lang='lat' dir='ltr'><strong>et</strong></span> <span class='ocrx_word' id='word_1_225' title='bbox 2950 1934 2953 1937; x_wconf 73' lang='lat'><em>‘</em></span> <span class='ocrx_word' id='word_1_226' title='bbox 2978 1929 3234 1992; x_wconf 79' lang='lat' dir='ltr'><strong>civitates,</strong></span> <span class='ocrx_word' id='word_1_227' title='bbox 3264 1944 3355 1983; x_wconf 76' lang='lat' dir='ltr'><strong>ca-</strong></span> 
     </span>
    </p>
   </div>
   <div class='ocr_carea' id='block_1_34' title="bbox 150 2012 1703 2089">
    <p class='ocr_par' dir='ltr' id='par_1_34' title="bbox 150 2012 1703 2089">
     <span class='ocr_line' id='line_1_34' title="bbox 150 2012 1703 2089; baseline 0.005 -23"><span class='ocrx_word' id='word_1_228' title='bbox 150 2012 320 2067; x_wconf 87' lang='lat' dir='ltr'><strong>lorum</strong></span> <span class='ocrx_word' id='word_1_229' title='bbox 350 2015 570 2081; x_wconf 84' lang='lat' dir='ltr'><strong>directa,</strong></span> <span class='ocrx_word' id='word_1_230' title='bbox 607 2032 699 2084; x_wconf 90' lang='lat' dir='ltr'><strong>pro</strong></span> <span class='ocrx_word' id='word_1_231' title='bbox 718 2029 908 2070; x_wconf 64' lang='lat' dir='ltr'><strong>aeterna</strong></span> <span class='ocrx_word' id='word_1_232' title='bbox 935 2020 1050 2085; x_wconf 88' lang='lat' dir='ltr'><strong>ejus</strong></span> <span class='ocrx_word' id='word_1_233' title='bbox 1078 2022 1329 2073; x_wconf 87' lang='lat' dir='ltr'><strong>memoria</strong></span> <span class='ocrx_word' id='word_1_234' title='bbox 1352 2023 1703 2089; x_wconf 82' lang='lat' dir='ltr'><strong>suscepimus,</strong></span> 
     </span>
    </p>
   </div>
   <div class='ocr_carea' id='block_1_35' title="bbox 144 2103 1708 2178">
    <p class='ocr_par' dir='ltr' id='par_1_35' title="bbox 144 2103 1708 2178">
     <span class='ocr_line' id='line_1_35' title="bbox 144 2103 1708 2178; baseline 0.006 -24"><span class='ocrx_word' id='word_1_235' title='bbox 144 2103 513 2171; x_wconf 77' lang='lat' dir='ltr'><strong>gratiasqneei</strong></span> <span class='ocrx_word' id='word_1_236' title='bbox 540 2105 763 2171; x_wconf 81' lang='lat' dir='ltr'><strong>agimus,</strong></span> <span class='ocrx_word' id='word_1_237' title='bbox 786 2121 846 2158; x_wconf 90' lang='lat' dir='ltr'><strong>ac</strong></span> <span class='ocrx_word' id='word_1_238' title='bbox 868 2122 962 2172; x_wconf 92' lang='lat' dir='ltr'><strong>pro</strong></span> <span class='ocrx_word' id='word_1_239' title='bbox 1001 2110 1114 2173; x_wconf 87' lang='lat' dir='ltr'><strong>ejus</strong></span> <span class='ocrx_word' id='word_1_240' title='bbox 1131 2110 1493 2164; x_wconf 85' lang='lat' dir='ltr'><strong>incolumitate</strong></span> <span class='ocrx_word' id='word_1_241' title='bbox 1511 2112 1708 2178; x_wconf 84' lang='lat' dir='ltr'><strong>jngiter</strong></span> 
     </span>
    </p>
   </div>
   <div class='ocr_carea' id='block_1_36' title="bbox 150 2193 1707 2265">
    <p class='ocr_par' dir='ltr' id='par_1_36' title="bbox 150 2193 1707 2265">
     <span class='ocr_line' id='line_1_36' title="bbox 150 2193 1707 2265; baseline 0.005 -20"><span class='ocrx_word' id='word_1_242' title='bbox 150 2193 313 2245; x_wconf 82' lang='lat' dir='ltr'><strong>Deum</strong></span> <span class='ocrx_word' id='word_1_243' title='bbox 334 2194 678 2258; x_wconf 63' lang='lat' dir='ltr'><strong>deprecamur</strong></span> <span class='ocrx_word' id='word_1_244' title='bbox 707 2208 825 2247; x_wconf 88' lang='lat' dir='ltr'><strong>cum</strong></span> <span class='ocrx_word' id='word_1_245' title='bbox 846 2195 1044 2247; x_wconf 86' lang='lat' dir='ltr'><strong>Christi</strong></span> <span class='ocrx_word' id='word_1_246' title='bbox 1084 2196 1245 2251; x_wconf 87' lang='lat' dir='ltr'><strong>clero.</strong></span> <span class='ocrx_word' id='word_1_247' title='bbox 1290 2198 1466 2265; x_wconf 80' lang='lat' dir='ltr'><strong>Itaque</strong></span> <span class='ocrx_word' id='word_1_248' title='bbox 1487 2203 1572 2265; x_wconf 85' lang='lat' dir='ltr'><strong>qui</strong></span> <span class='ocrx_word' id='word_1_249' title='bbox 1596 2201 1707 2253; x_wconf 64' lang='lat' dir='ltr'><strong>haec</strong></span> 
     </span>
    </p>
   </div>
   <div class='ocr_carea' id='block_1_37' title="bbox 145 2281 1708 2355">
    <p class='ocr_par' dir='ltr' id='par_1_37' title="bbox 145 2281 1708 2355">
     <span class='ocr_line' id='line_1_37' title="bbox 145 2281 1708 2355; baseline 0.005 -23"><span class='ocrx_word' id='word_1_250' title='bbox 145 2281 344 2334; x_wconf 83' lang='lat' dir='ltr'><strong>obtulit</strong></span> <span class='ocrx_word' id='word_1_251' title='bbox 368 2295 581 2334; x_wconf 88' lang='lat' dir='ltr'><strong>munera</strong></span> <span class='ocrx_word' id='word_1_252' title='bbox 608 2282 675 2334; x_wconf 84' lang='lat' dir='ltr'><strong>de</strong></span> <span class='ocrx_word' id='word_1_253' title='bbox 722 2283 818 2336; x_wconf 88' lang='lat' dir='ltr'><strong>hac</strong></span> <span class='ocrx_word' id='word_1_254' title='bbox 844 2284 1146 2339; x_wconf 58' lang='lat' dir='ltr'><strong>subtractus</strong></span> <span class='ocrx_word' id='word_1_255' title='bbox 1169 2295 1249 2338; x_wconf 87' lang='lat' dir='ltr'><strong>est</strong></span> <span class='ocrx_word' id='word_1_256' title='bbox 1293 2289 1427 2347; x_wconf 88' lang='lat' dir='ltr'><strong>luce,</strong></span> <span class='ocrx_word' id='word_1_257' title='bbox 1476 2287 1708 2355; x_wconf 90' lang='lat' dir='ltr'><strong>situsque</strong></span> 
     </span>
    </p>
   </div>
   <div class='ocr_carea' id='block_1_38' title="bbox 146 2368 1709 2439">
    <p class='ocr_par' dir='ltr' id='par_1_38' title="bbox 146 2368 1709 2439">
     <span class='ocr_line' id='line_1_38' title="bbox 146 2368 1709 2439; baseline 0.005 -20"><span class='ocrx_word' id='word_1_258' title='bbox 146 2368 211 2421; x_wconf 83' lang='lat' dir='ltr'><strong>ad</strong></span> <span class='ocrx_word' id='word_1_259' title='bbox 260 2368 442 2421; x_wconf 84' lang='lat' dir='ltr'><strong>limina</strong></span> <span class='ocrx_word' id='word_1_260' title='bbox 479 2372 858 2439; x_wconf 82' lang='lat' dir='ltr'><strong>apostolorum,</strong></span> <span class='ocrx_word' id='word_1_261' title='bbox 906 2386 999 2439; x_wconf 90' lang='lat' dir='ltr'><strong>pro</strong></span> <span class='ocrx_word' id='word_1_262' title='bbox 1032 2385 1137 2438; x_wconf 87' lang='lat' dir='ltr'><strong>quo</strong></span> <span class='ocrx_word' id='word_1_263' title='bbox 1186 2372 1337 2426; x_wconf 77' lang='lat' dir='ltr'><strong>valde</strong></span> <span class='ocrx_word' id='word_1_264' title='bbox 1374 2388 1554 2427; x_wconf 85' lang='lat' dir='ltr'><strong>sumus</strong></span> <span class='ocrx_word' id='word_1_265' title='bbox 1582 2390 1709 2428; x_wconf 80' lang='lat' dir='ltr'><strong>con-</strong></span> 
     </span>
    </p>
   </div>
   <div class='ocr_carea' id='block_1_39' title="bbox 148 2457 1707 2533">
    <p class='ocr_par' dir='ltr' id='par_1_39' title="bbox 148 2457 1707 2533">
     <span class='ocr_line' id='line_1_39' title="bbox 148 2457 1707 2533; baseline 0.004 -22"><span class='ocrx_word' id='word_1_266' title='bbox 148 2457 361 2523; x_wconf 62' lang='lat' dir='ltr'><strong>tritati,</strong></span> <span class='ocrx_word' id='word_1_267' title='bbox 393 2473 510 2512; x_wconf 87' lang='lat' dir='ltr'><strong>cum</strong></span> <span class='ocrx_word' id='word_1_268' title='bbox 544 2461 631 2512; x_wconf 86' lang='lat' dir='ltr'><strong>hic</strong></span> <span class='ocrx_word' id='word_1_269' title='bbox 653 2471 793 2512; x_wconf 84' lang='lat' dir='ltr'><strong>esset</strong></span> <span class='ocrx_word' id='word_1_270' title='bbox 817 2460 1115 2514; x_wconf 76' lang='lat' dir='ltr'><strong>defunctus.</strong></span> <span class='ocrx_word' id='word_1_271' title='bbox 1163 2460 1530 2517; x_wconf 75' lang='lat' dir='ltr'><strong>Verumtamen</strong></span> <span class='ocrx_word' id='word_1_272' title='bbox 1553 2480 1707 2533; x_wconf 79' lang='lat' dir='ltr'><strong>geru-</strong></span> 
     </span>
    </p>
   </div>
   <div class='ocr_carea' id='block_1_40' title="bbox 152 2547 1708 2613">
    <p class='ocr_par' dir='ltr' id='par_1_40' title="bbox 152 2547 1708 2613">
     <span class='ocr_line' id='line_1_40' title="bbox 152 2547 1708 2613; baseline 0.004 -14"><span class='ocrx_word' id='word_1_273' title='bbox 152 2548 216 2599; x_wconf 82' lang='lat' dir='ltr'><strong>lis</strong></span> <span class='ocrx_word' id='word_1_274' title='bbox 269 2547 455 2599; x_wconf 86' lang='lat' dir='ltr'><strong>harum</strong></span> <span class='ocrx_word' id='word_1_275' title='bbox 510 2558 808 2601; x_wconf 83' lang='lat' dir='ltr'><strong>nostrarum</strong></span> <span class='ocrx_word' id='word_1_276' title='bbox 840 2548 1125 2602; x_wconf 87' lang='lat' dir='ltr'><strong>litterarum</strong></span> <span class='ocrx_word' id='word_1_277' title='bbox 1178 2550 1367 2603; x_wconf 75' lang='lat' dir='ltr'><strong>ve-tris</strong></span> <span class='ocrx_word' id='word_1_278' title='bbox 1414 2554 1610 2613; x_wconf 84' lang='lat' dir='ltr'><strong>missis,</strong></span> <span class='ocrx_word' id='word_1_279' title='bbox 1654 2562 1708 2605; x_wconf 92' lang='lat' dir='ltr'><strong>et</strong></span> 
     </span>
    </p>
   </div>
   <div class='ocr_carea' id='block_1_41' title="bbox 148 2636 1706 2706">
    <p class='ocr_par' dir='ltr' id='par_1_41' title="bbox 148 2636 1706 2706">
     <span class='ocr_line' id='line_1_41' title="bbox 148 2636 1706 2706; baseline 0.005 -21"><span class='ocrx_word' id='word_1_280' title='bbox 148 2636 404 2690; x_wconf 78' lang='lat' dir='ltr'><strong>beneﬁcia</strong></span> <span class='ocrx_word' id='word_1_281' title='bbox 448 2645 751 2689; x_wconf 85' lang='lat' dir='ltr'><strong>sanctorum</strong></span> <span class='ocrx_word' id='word_1_282' title='bbox 788 2646 1109 2704; x_wconf 84' lang='lat' dir='ltr'><strong>martyrum,</strong></span> <span class='ocrx_word' id='word_1_283' title='bbox 1161 2638 1261 2691; x_wconf 89' lang='lat' dir='ltr'><strong>hoc</strong></span> <span class='ocrx_word' id='word_1_284' title='bbox 1307 2649 1411 2701; x_wconf 83' lang='lat' dir='ltr'><strong>est,</strong></span> <span class='ocrx_word' id='word_1_285' title='bbox 1459 2640 1706 2706; x_wconf 83' lang='lat' dir='ltr'><strong>reliquias</strong></span> 
     </span>
    </p>
   </div>
   <div class='ocr_carea' id='block_1_42' title="bbox 147 2709 1703 2790">
    <p class='ocr_par' dir='ltr' id='par_1_42' title="bbox 147 2709 1703 2790">
     <span class='ocr_line' id='line_1_42' title="bbox 147 2709 1703 2790; baseline 0.005 -15"><span class='ocrx_word' id='word_1_286' title='bbox 147 2723 421 2776; x_wconf 81' lang='lat' dir='ltr'><strong>beatorum</strong></span> <span class='ocrx_word' id='word_1_287' title='bbox 449 2728 802 2789; x_wconf 76' lang='lat' dir='ltr'><strong>apostolorum</strong></span> <span class='ocrx_word' id='word_1_288' title='bbox 851 2725 986 2778; x_wconf 78' lang='lat' dir='ltr'><strong>Petri</strong></span> <span class='ocrx_word' id='word_1_289' title='bbox 1036 2736 1087 2779; x_wconf 92' lang='lat' dir='ltr'><strong>et</strong></span> <span class='ocrx_word' id='word_1_290' title='bbox 1134 2726 1301 2790; x_wconf 83' lang='lat' dir='ltr'><strong>Pauli,</strong></span> <span class='ocrx_word' id='word_1_291' title='bbox 1326 2737 1380 2779; x_wconf 89' lang='lat' dir='ltr'><strong>et</strong></span> <span class='ocrx_word' id='word_1_292' title='bbox 1404 2709 1703 2783; x_wconf 75' lang='lat' dir='ltr'><strong>sanctorum</strong></span> 
     </span>
    </p>
   </div>
   <div class='ocr_carea' id='block_1_43' title="bbox 150 2812 1701 2887">
    <p class='ocr_par' dir='ltr' id='par_1_43' title="bbox 150 2812 1701 2887">
     <span class='ocr_line' id='line_1_43' title="bbox 150 2812 1701 2887; baseline 0.005 -24"><span class='ocrx_word' id='word_1_293' title='bbox 150 2822 439 2883; x_wconf 78' lang='lat' dir='ltr'><strong>martyrum</strong></span> <span class='ocrx_word' id='word_1_294' title='bbox 478 2812 765 2878; x_wconf 74' lang='lat' dir='ltr'><strong>Laurentii,</strong></span> <span class='ocrx_word' id='word_1_295' title='bbox 812 2814 1025 2867; x_wconf 75' lang='lat' dir='ltr'><strong>Joannis</strong></span> <span class='ocrx_word' id='word_1_296' title='bbox 1051 2824 1104 2868; x_wconf 87' lang='lat' dir='ltr'><strong>et</strong></span> <span class='ocrx_word' id='word_1_297' title='bbox 1146 2816 1310 2880; x_wconf 80' lang='lat' dir='ltr'><strong>Pauli,</strong></span> <span class='ocrx_word' id='word_1_298' title='bbox 1359 2828 1411 2871; x_wconf 92' lang='lat' dir='ltr'><strong>et</strong></span> <span class='ocrx_word' id='word_1_299' title='bbox 1445 2821 1701 2887; x_wconf 76' lang='lat' dir='ltr'><strong>Gregorii,</strong></span> 
     </span>
    </p>
   </div>
   <div class='ocr_carea' id='block_1_44' title="bbox 147 2902 1702 2971">
    <p class='ocr_par' dir='ltr' id='par_1_44' title="bbox 147 2902 1702 2971">
     <span class='ocr_line' id='line_1_44' title="bbox 147 2902 1702 2971; baseline 0.005 -17"><span class='ocrx_word' id='word_1_300' title='bbox 147 2912 301 2971; x_wconf 66' lang='grc' dir='ltr'>διψία</span> <span class='ocrx_word' id='word_1_301' title='bbox 331 2902 589 2955; x_wconf 77' lang='lat' dir='ltr'><strong>Pancratii</strong></span> <span class='ocrx_word' id='word_1_302' title='bbox 620 2907 697 2957; x_wconf 79' lang='lat' dir='ltr'><strong>eis</strong></span> <span class='ocrx_word' id='word_1_303' title='bbox 728 2904 942 2959; x_wconf 80' lang='lat' dir='ltr'><strong>iecimus</strong></span> <span class='ocrx_word' id='word_1_304' title='bbox 980 2906 1114 2971; x_wconf 86' lang='lat' dir='ltr'><strong>dari,</strong></span> <span class='ocrx_word' id='word_1_305' title='bbox 1157 2920 1345 2961; x_wconf 64' lang='lat' dir='ltr'><strong>vestrae</strong></span> <span class='ocrx_word' id='word_1_306' title='bbox 1377 2909 1702 2962; x_wconf 67' lang='lat' dir='ltr'><strong>excellentia:</strong></span> 
     </span>
    </p>
   </div>
   <div class='ocr_carea' id='block_1_45' title="bbox 154 2994 1019 3058">
    <p class='ocr_par' dir='ltr' id='par_1_45' title="bbox 154 2994 1019 3058">
     <span class='ocr_line' id='line_1_45' title="bbox 154 2994 1019 3058; baseline 0.007 -15"><span class='ocrx_word' id='word_1_307' title='bbox 154 2994 384 3058; x_wconf 80' lang='lat' dir='ltr'><strong>proiecto</strong></span> <span class='ocrx_word' id='word_1_308' title='bbox 409 3009 593 3046; x_wconf 86' lang='lat' dir='ltr'><strong>omnes</strong></span> <span class='ocrx_word' id='word_1_309' title='bbox 617 2997 1019 3049; x_wconf 79' lang='lat' dir='ltr'><strong>contradendas.</strong></span> 
     </span>
    </p>
   </div>
   <div class='ocr_carea' id='block_1_46' title="bbox 218 3083 1700 3157">
    <p class='ocr_par' dir='ltr' id='par_1_46' title="bbox 218 3083 1700 3157">
     <span class='ocr_line' id='line_1_46' title="bbox 218 3083 1700 3157; baseline 0.007 -23"><span class='ocrx_word' id='word_1_310' title='bbox 218 3083 352 3135; x_wconf 80' lang='lat' dir='ltr'><strong>Nam</strong></span> <span class='ocrx_word' id='word_1_311' title='bbox 380 3093 434 3136; x_wconf 84' lang='lat' dir='ltr'><strong>et</strong></span> <span class='ocrx_word' id='word_1_312' title='bbox 457 3084 662 3151; x_wconf 72' lang='lat' dir='ltr'><strong>conjngi</strong></span> <span class='ocrx_word' id='word_1_313' title='bbox 694 3099 897 3147; x_wconf 59' lang='grc' dir='ltr'><strong>νθςιηθ,</strong></span> <span class='ocrx_word' id='word_1_314' title='bbox 948 3097 1137 3140; x_wconf 64' lang='lat' dir='ltr'><strong>nostra!</strong></span> <span class='ocrx_word' id='word_1_315' title='bbox 1167 3089 1421 3157; x_wconf 72' lang='lat' dir='ltr'><strong>spirituali</strong></span> <span class='ocrx_word' id='word_1_316' title='bbox 1452 3090 1591 3157; x_wconf 67' lang='lat' dir='ltr'><strong>ﬁlim,</strong></span> <span class='ocrx_word' id='word_1_317' title='bbox 1620 3093 1700 3144; x_wconf 91' lang='lat' dir='ltr'><strong>di-</strong></span> 
     </span>
    </p>
   </div>
   <div class='ocr_carea' id='block_1_47' title="bbox 152 3170 1693 3242">
    <p class='ocr_par' dir='ltr' id='par_1_47' title="bbox 152 3170 1693 3242">
     <span class='ocr_line' id='line_1_47' title="bbox 152 3170 1693 3242; baseline 0.006 -20"><span class='ocrx_word' id='word_1_318' title='bbox 152 3170 382 3225; x_wconf 73' lang='lat' dir='ltr'><strong>reximus</strong></span> <span class='ocrx_word' id='word_1_319' title='bbox 408 3186 500 3238; x_wconf 89' lang='lat' dir='ltr'><strong>per</strong></span> <span class='ocrx_word' id='word_1_320' title='bbox 513 3174 753 3241; x_wconf 76' lang='lat' dir='ltr'><strong>praelatos</strong></span> <span class='ocrx_word' id='word_1_321' title='bbox 770 3175 980 3242; x_wconf 83' lang='lat' dir='ltr'><strong>gerulus</strong></span> <span class='ocrx_word' id='word_1_322' title='bbox 1001 3191 1231 3240; x_wconf 88' lang='lat' dir='ltr'><strong>crucem,</strong></span> <span class='ocrx_word' id='word_1_323' title='bbox 1257 3179 1461 3232; x_wconf 79' lang='lat' dir='ltr'><strong>clavem</strong></span> <span class='ocrx_word' id='word_1_324' title='bbox 1484 3195 1693 3233; x_wconf 85' lang='lat' dir='ltr'><strong>auream</strong></span> 
     </span>
    </p>
   </div>
   <div class='ocr_carea' id='block_1_48' title="bbox 150 3259 1696 3336">
    <p class='ocr_par' dir='ltr' id='par_1_48' title="bbox 150 3259 1696 3336">
     <span class='ocr_line' id='line_1_48' title="bbox 150 3259 1696 3336; baseline 0.008 -28"><span class='ocrx_word' id='word_1_325' title='bbox 150 3259 428 3313; x_wconf 80' lang='lat' dir='ltr'><strong>habentem</strong></span> <span class='ocrx_word' id='word_1_326' title='bbox 457 3261 523 3314; x_wconf 90' lang='lat' dir='ltr'><strong>de</strong></span> <span class='ocrx_word' id='word_1_327' title='bbox 551 3262 917 3315; x_wconf 80' lang='lat' dir='ltr'><strong>sacratissimis</strong></span> <span class='ocrx_word' id='word_1_328' title='bbox 945 3265 1164 3319; x_wconf 79' lang='lat' dir='ltr'><strong>vinculis</strong></span> <span class='ocrx_word' id='word_1_329' title='bbox 1190 3267 1459 3320; x_wconf 84' lang='lat' dir='ltr'><strong>beatorum</strong></span> <span class='ocrx_word' id='word_1_330' title='bbox 1490 3278 1696 3336; x_wconf 85' lang='lat' dir='ltr'><strong>aposto-</strong></span> 
     </span>
    </p>
   </div>
   <div class='ocr_carea' id='block_1_49' title="bbox 150 3345 1696 3423">
    <p class='ocr_par' dir='ltr' id='par_1_49' title="bbox 150 3345 1696 3423">
     <span class='ocr_line' id='line_1_49' title="bbox 150 3345 1696 3423; baseline 0.01 -27"><span class='ocrx_word' id='word_1_331' title='bbox 150 3346 315 3399; x_wconf 83' lang='lat' dir='ltr'><strong>lorum</strong></span> <span class='ocrx_word' id='word_1_332' title='bbox 347 3345 486 3399; x_wconf 83' lang='lat' dir='ltr'><strong>Petri</strong></span> <span class='ocrx_word' id='word_1_333' title='bbox 512 3357 566 3400; x_wconf 87' lang='lat' dir='ltr'><strong>et</strong></span> <span class='ocrx_word' id='word_1_334' title='bbox 590 3348 755 3401; x_wconf 81' lang='lat' dir='ltr'><strong>Pauli.</strong></span> <span class='ocrx_word' id='word_1_335' title='bbox 801 3350 873 3403; x_wconf 86' lang='lat' dir='ltr'><strong>De</strong></span> <span class='ocrx_word' id='word_1_336' title='bbox 894 3353 1043 3418; x_wconf 88' lang='lat' dir='ltr'><strong>cujus</strong></span> <span class='ocrx_word' id='word_1_337' title='bbox 1073 3356 1157 3418; x_wconf 87' lang='lat' dir='ltr'><strong>pio</strong></span> <span class='ocrx_word' id='word_1_338' title='bbox 1176 3356 1350 3410; x_wconf 88' lang='lat' dir='ltr'><strong>studio</strong></span> <span class='ocrx_word' id='word_1_339' title='bbox 1378 3371 1696 3423; x_wconf 73' lang='lat' dir='ltr'><strong>cognoscen-</strong></span> 
     </span>
    </p>
   </div>
   <div class='ocr_carea' id='block_1_50' title="bbox 144 3438 1696 3502">
    <p class='ocr_par' dir='ltr' id='par_1_50' title="bbox 144 3438 1696 3502">
     <span class='ocr_line' id='line_1_50' title="bbox 144 3438 1696 3502; baseline 0.009 -21"><span class='ocrx_word' id='word_1_340' title='bbox 144 3442 243 3496; x_wconf 86' lang='lat' dir='ltr'><strong>tes,</strong></span> <span class='ocrx_word' id='word_1_341' title='bbox 270 3440 473 3486; x_wconf 89' lang='lat' dir='ltr'><strong>tantum</strong></span> <span class='ocrx_word' id='word_1_342' title='bbox 499 3442 683 3488; x_wconf 87' lang='lat' dir='ltr'><strong>cuncta</strong></span> <span class='ocrx_word' id='word_1_343' title='bbox 708 3439 861 3489; x_wconf 68' lang='lat' dir='ltr'><strong>Sedes</strong></span> <span class='ocrx_word' id='word_1_344' title='bbox 881 3438 1162 3502; x_wconf 82' lang='lat' dir='ltr'><strong>apostolica</strong></span> <span class='ocrx_word' id='word_1_345' title='bbox 1189 3454 1287 3491; x_wconf 88' lang='lat' dir='ltr'><strong>una</strong></span> <span class='ocrx_word' id='word_1_346' title='bbox 1316 3443 1585 3493; x_wconf 68' lang='lat' dir='ltr'><strong>nobiscum</strong></span> <span class='ocrx_word' id='word_1_347' title='bbox 1609 3443 1696 3495; x_wconf 73' lang='lat' dir='ltr'><strong>lae-</strong></span> 
     </span>
    </p>
   </div>
   <div class='ocr_carea' id='block_1_51' title="bbox 142 3524 1697 3597">
    <p class='ocr_par' dir='ltr' id='par_1_51' title="bbox 142 3524 1697 3597">
     <span class='ocr_line' id='line_1_51' title="bbox 142 3524 1697 3597; baseline 0.009 -27"><span class='ocrx_word' id='word_1_348' title='bbox 142 3529 303 3583; x_wconf 79' lang='lat' dir='ltr'><strong>tatur,</strong></span> <span class='ocrx_word' id='word_1_349' title='bbox 332 3530 583 3587; x_wconf 83' lang='lat' dir='ltr'><strong>quantum</strong></span> <span class='ocrx_word' id='word_1_350' title='bbox 607 3524 725 3592; x_wconf 82' lang='lat' dir='ltr'><strong>ejus</strong></span> <span class='ocrx_word' id='word_1_351' title='bbox 750 3525 834 3590; x_wconf 81' lang='lat' dir='ltr'><strong>pia</strong></span> <span class='ocrx_word' id='word_1_352' title='bbox 855 3540 1016 3593; x_wconf 84' lang='lat' dir='ltr'><strong>opera</strong></span> <span class='ocrx_word' id='word_1_353' title='bbox 1045 3540 1225 3579; x_wconf 86' lang='lat' dir='ltr'><strong>coram</strong></span> <span class='ocrx_word' id='word_1_354' title='bbox 1259 3529 1363 3582; x_wconf 87' lang='lat' dir='ltr'><strong>Deo</strong></span> <span class='ocrx_word' id='word_1_355' title='bbox 1400 3530 1616 3597; x_wconf 73' lang='lat' dir='ltr'><strong>ﬂagrant</strong></span> <span class='ocrx_word' id='word_1_356' title='bbox 1645 3540 1697 3585; x_wconf 89' lang='lat' dir='ltr'><strong>et</strong></span> 
     </span>
    </p>
   </div>
   <div class='ocr_carea' id='block_1_52' title="bbox 150 3609 1695 3683">
    <p class='ocr_par' dir='ltr' id='par_1_52' title="bbox 150 3609 1695 3683">
     <span class='ocr_line' id='line_1_52' title="bbox 150 3609 1695 3683; baseline 0.008 -26"><span class='ocrx_word' id='word_1_357' title='bbox 150 3618 391 3663; x_wconf 85' lang='lat' dir='ltr'><strong>vernant.</strong></span> <span class='ocrx_word' id='word_1_358' title='bbox 430 3609 658 3664; x_wconf 77' lang='lat' dir='ltr'><strong>Festinet</strong></span> <span class='ocrx_word' id='word_1_359' title='bbox 680 3611 851 3678; x_wconf 76' lang='lat' dir='ltr'><strong>igitur,</strong></span> <span class='ocrx_word' id='word_1_360' title='bbox 873 3628 1195 3678; x_wconf 68' lang='lat' dir='ltr'><strong>quasumus,</strong></span> <span class='ocrx_word' id='word_1_361' title='bbox 1218 3625 1389 3668; x_wconf 72' lang='lat' dir='ltr'><strong>vestra</strong></span> <span class='ocrx_word' id='word_1_362' title='bbox 1419 3615 1695 3683; x_wconf 82' lang='lat' dir='ltr'><strong>celsitudo,</strong></span> 
     </span>
    </p>
   </div>
   <div class='ocr_carea' id='block_1_53' title="bbox 148 3706 1693 3767">
    <p class='ocr_par' dir='ltr' id='par_1_53' title="bbox 148 3706 1693 3767">
     <span class='ocr_line' id='line_1_53' title="bbox 148 3706 1693 3767; baseline 0.009 -16"><span class='ocrx_word' id='word_1_363' title='bbox 148 3708 205 3751; x_wconf 91' lang='lat' dir='ltr'><strong>ut</strong></span> <span class='ocrx_word' id='word_1_364' title='bbox 228 3712 496 3766; x_wconf 84' lang='lat' dir='ltr'><strong>optamus,</strong></span> <span class='ocrx_word' id='word_1_365' title='bbox 526 3711 683 3754; x_wconf 82' lang='lat' dir='ltr'><strong>totam</strong></span> <span class='ocrx_word' id='word_1_366' title='bbox 715 3706 936 3756; x_wconf 81' lang='lat' dir='ltr'><strong>insulam</strong></span> <span class='ocrx_word' id='word_1_367' title='bbox 967 3721 1115 3758; x_wconf 83' lang='lat' dir='ltr'><strong>suam</strong></span> <span class='ocrx_word' id='word_1_368' title='bbox 1147 3708 1254 3761; x_wconf 89' lang='lat' dir='ltr'><strong>Deo</strong></span> <span class='ocrx_word' id='word_1_369' title='bbox 1274 3711 1693 3767; x_wconf 54' lang='lat' dir='ltr'><strong>Claristtidicare.</strong></span> 
     </span>
    </p>
   </div>
   <div class='ocr_carea' id='block_1_54' title="bbox 152 3788 1697 3869">
    <p class='ocr_par' dir='ltr' id='par_1_54' title="bbox 152 3788 1697 3869">
     <span class='ocr_line' id='line_1_54' title="bbox 152 3788 1697 3869; baseline 0.012 -33"><span class='ocrx_word' id='word_1_370' title='bbox 152 3788 314 3841; x_wconf 82' lang='lat' dir='ltr'><strong>liabet</strong></span> <span class='ocrx_word' id='word_1_371' title='bbox 364 3788 500 3839; x_wconf 87' lang='lat' dir='ltr'><strong>enim</strong></span> <span class='ocrx_word' id='word_1_372' title='bbox 529 3789 762 3854; x_wconf 81' lang='lat' dir='ltr'><strong>proiecto</strong></span> <span class='ocrx_word' id='word_1_373' title='bbox 819 3801 1169 3858; x_wconf 82' lang='lat' dir='ltr'><strong>protectorem</strong></span> <span class='ocrx_word' id='word_1_374' title='bbox 1224 3796 1435 3852; x_wconf 77' lang='lat' dir='ltr'><strong>humani</strong></span> <span class='ocrx_word' id='word_1_375' title='bbox 1491 3805 1697 3869; x_wconf 75' lang='lat' dir='ltr'><strong>generis</strong></span> 
     </span>
    </p>
   </div>
   <div class='ocr_carea' id='block_1_55' title="bbox 146 3875 1692 3955">
    <p class='ocr_par' dir='ltr' id='par_1_55' title="bbox 146 3875 1692 3955">
     <span class='ocr_line' id='line_1_55' title="bbox 146 3875 1692 3955; baseline 0.008 -26"><span class='ocrx_word' id='word_1_376' title='bbox 146 3875 549 3944; x_wconf 79' lang='lat' dir='ltr'><strong>Redemptorem</strong></span> <span class='ocrx_word' id='word_1_377' title='bbox 595 3878 867 3932; x_wconf 86' lang='lat' dir='ltr'><strong>Dominum</strong></span> <span class='ocrx_word' id='word_1_378' title='bbox 919 3892 1152 3936; x_wconf 86' lang='lat' dir='ltr'><strong>nostrum</strong></span> <span class='ocrx_word' id='word_1_379' title='bbox 1189 3883 1366 3938; x_wconf 77' lang='lat' dir='ltr'><strong>.Iesum</strong></span> <span class='ocrx_word' id='word_1_380' title='bbox 1409 3886 1692 3955; x_wconf 82' lang='lat' dir='ltr'><strong>Christum,</strong></span> 
     </span>
    </p>
   </div>
   <div class='ocr_carea' id='block_1_56' title="bbox 143 3961 1694 4038">
    <p class='ocr_par' dir='ltr' id='par_1_56' title="bbox 143 3961 1694 4038">
     <span class='ocr_line' id='line_1_56' title="bbox 143 3961 1694 4038; baseline 0.012 -23"><span class='ocrx_word' id='word_1_381' title='bbox 143 3965 232 4033; x_wconf 88' lang='lat' dir='ltr'><strong>qui</strong></span> <span class='ocrx_word' id='word_1_382' title='bbox 274 3968 324 4018; x_wconf 87' lang='lat' dir='ltr'><strong>ei</strong></span> <span class='ocrx_word' id='word_1_383' title='bbox 354 3978 537 4019; x_wconf 85' lang='lat' dir='ltr'><strong>cuncta</strong></span> <span class='ocrx_word' id='word_1_384' title='bbox 586 3982 835 4035; x_wconf 84' lang='lat' dir='ltr'><strong>prospera</strong></span> <span class='ocrx_word' id='word_1_385' title='bbox 864 3972 1142 4038; x_wconf 85' lang='lat' dir='ltr'><strong>impartiet,</strong></span> <span class='ocrx_word' id='word_1_386' title='bbox 1173 3975 1245 4027; x_wconf 88' lang='lat' dir='ltr'><strong>uti</strong></span> <span class='ocrx_word' id='word_1_387' title='bbox 1284 3961 1472 4029; x_wconf 80' lang='lat' dir='ltr'><strong>novum</strong></span> <span class='ocrx_word' id='word_1_388' title='bbox 1503 3982 1694 4034; x_wconf 78' lang='lat' dir='ltr'><strong>Christi</strong></span> 
     </span>
    </p>
   </div>
   <div class='ocr_carea' id='block_1_57' title="bbox 143 4056 1693 4130">
    <p class='ocr_par' dir='ltr' id='par_1_57' title="bbox 143 4056 1693 4130">
     <span class='ocr_line' id='line_1_57' title="bbox 143 4056 1693 4130; baseline 0.012 -28"><span class='ocrx_word' id='word_1_389' title='bbox 143 4056 390 4121; x_wconf 82' lang='lat' dir='ltr'><strong>populum</strong></span> <span class='ocrx_word' id='word_1_390' title='bbox 446 4066 740 4120; x_wconf 87' lang='lat' dir='ltr'><strong>coacervet,</strong></span> <span class='ocrx_word' id='word_1_391' title='bbox 796 4060 1104 4115; x_wconf 74' lang='lat' dir='ltr'><strong>catholicam</strong></span> <span class='ocrx_word' id='word_1_392' title='bbox 1157 4063 1227 4117; x_wconf 88' lang='lat' dir='ltr'><strong>ibi</strong></span> <span class='ocrx_word' id='word_1_393' title='bbox 1256 4074 1310 4117; x_wconf 86' lang='lat' dir='ltr'><strong>et</strong></span> <span class='ocrx_word' id='word_1_394' title='bbox 1358 4070 1693 4130; x_wconf 85' lang='lat' dir='ltr'><strong>apostolicam</strong></span> 
     </span>
    </p>
   </div>
   <div class='ocr_carea' id='block_1_58' title="bbox 138 4144 1692 4225">
    <p class='ocr_par' dir='ltr' id='par_1_58' title="bbox 138 4144 1692 4225">
     <span class='ocr_line' id='line_1_58' title="bbox 138 4144 1692 4225; baseline 0.008 -30"><span class='ocrx_word' id='word_1_395' title='bbox 138 4145 471 4197; x_wconf 78' lang='lat' dir='ltr'><strong>constituens</strong></span> <span class='ocrx_word' id='word_1_396' title='bbox 498 4144 677 4197; x_wconf 65' lang='lat' dir='ltr'><strong>tidem.</strong></span> <span class='ocrx_word' id='word_1_397' title='bbox 734 4147 997 4212; x_wconf 72' lang='lat' dir='ltr'><strong>Scriptum</strong></span> <span class='ocrx_word' id='word_1_398' title='bbox 1028 4161 1108 4203; x_wconf 78' lang='lat' dir='ltr'><strong>est</strong></span> <span class='ocrx_word' id='word_1_399' title='bbox 1132 4154 1272 4203; x_wconf 73' lang='lat' dir='ltr'><strong>enim</strong></span> <span class='ocrx_word' id='word_1_400' title='bbox 1298 4169 1311 4203; x_wconf 90' lang='lat'><strong>:</strong></span> <span class='ocrx_word' id='word_1_401' title='bbox 1348 4154 1567 4216; x_wconf 65' lang='lat' dir='ltr'><strong>atterite</strong></span> <span class='ocrx_word' id='word_1_402' title='bbox 1588 4159 1692 4225; x_wconf 77' lang='lat' dir='ltr'><strong>pri-</strong></span> 
     </span>
    </p>
   </div>
   <div class='ocr_carea' id='block_1_59' title="bbox 134 4230 1693 4303">
    <p class='ocr_par' dir='ltr' id='par_1_59' title="bbox 134 4230 1693 4303">
     <span class='ocr_line' id='line_1_59' title="bbox 134 4230 1693 4303; baseline 0.009 -22"><span class='ocrx_word' id='word_1_403' title='bbox 134 4247 267 4283; x_wconf 66' lang='lat' dir='ltr'><strong>mum</strong></span> <span class='ocrx_word' id='word_1_404' title='bbox 286 4246 502 4301; x_wconf 71' lang='lat' dir='ltr'><strong>regnum</strong></span> <span class='ocrx_word' id='word_1_405' title='bbox 520 4230 635 4292; x_wconf 83' lang='lat' dir='ltr'><strong>Dei,</strong></span> <span class='ocrx_word' id='word_1_406' title='bbox 660 4246 719 4280; x_wconf 80' lang='lat' dir='ltr'><strong>ac</strong></span> <span class='ocrx_word' id='word_1_407' title='bbox 736 4232 991 4299; x_wconf 76' lang='lat' dir='ltr'><strong>justitiam</strong></span> <span class='ocrx_word' id='word_1_408' title='bbox 1020 4240 1148 4303; x_wconf 74' lang='lat' dir='ltr'><strong>ejus,</strong></span> <span class='ocrx_word' id='word_1_409' title='bbox 1201 4247 1245 4289; x_wconf 83' lang='lat' dir='ltr'><strong>et</strong></span> <span class='ocrx_word' id='word_1_410' title='bbox 1273 4237 1381 4291; x_wconf 66' lang='lat' dir='ltr'><strong>hac</strong></span> <span class='ocrx_word' id='word_1_411' title='bbox 1405 4244 1574 4293; x_wconf 72' lang='lat' dir='ltr'><strong>omnia</strong></span> <span class='ocrx_word' id='word_1_412' title='bbox 1600 4247 1693 4295; x_wconf 84' lang='lat' dir='ltr'><strong>ad-</strong></span> 
     </span>
    </p>
   </div>
   <div class='ocr_carea' id='block_1_60' title="bbox 132 4320 1694 4399">
    <p class='ocr_par' dir='ltr' id='par_1_60' title="bbox 132 4320 1694 4399">
     <span class='ocr_line' id='line_1_60' title="bbox 132 4320 1694 4399; baseline 0.008 -23"><span class='ocrx_word' id='word_1_413' title='bbox 132 4325 369 4391; x_wconf 66' lang='lat' dir='ltr'><strong>ficientur</strong></span> <span class='ocrx_word' id='word_1_414' title='bbox 396 4324 529 4375; x_wconf 71' lang='lat' dir='ltr'><strong>vobis</strong></span> <span class='ocrx_word' id='word_1_415' title='bbox 563 4320 775 4389; x_wconf 72' lang='lat' dir='ltr'><strong>(Matth.</strong></span> <span class='ocrx_word' id='word_1_416' title='bbox 805 4326 900 4391; x_wconf 80' lang='lat' dir='ltr'><strong>vi).</strong></span> <span class='ocrx_word' id='word_1_417' title='bbox 954 4325 1207 4381; x_wconf 78' lang='lat' dir='ltr'><strong>Nimirum</strong></span> <span class='ocrx_word' id='word_1_418' title='bbox 1230 4332 1370 4384; x_wconf 88' lang='lat' dir='ltr'><strong>enim</strong></span> <span class='ocrx_word' id='word_1_419' title='bbox 1420 4335 1605 4399; x_wconf 71' lang='lat' dir='ltr'><strong>quaerit</strong></span> <span class='ocrx_word' id='word_1_420' title='bbox 1641 4348 1694 4389; x_wconf 86' lang='lat' dir='ltr'><strong>et</strong></span> 
     </span>
    </p>
   </div>
   <div class='ocr_carea' id='block_1_61' title="bbox 133 4411 1691 4493">
    <p class='ocr_par' dir='ltr' id='par_1_61' title="bbox 133 4411 1691 4493">
     <span class='ocr_line' id='line_1_61' title="bbox 133 4411 1691 4493; baseline 0.011 -32"><span class='ocrx_word' id='word_1_421' title='bbox 133 4411 471 4477; x_wconf 83' lang='lat' dir='ltr'><strong>impetrabit.</strong></span> <span class='ocrx_word' id='word_1_422' title='bbox 516 4421 571 4464; x_wconf 89' lang='lat' dir='ltr'><strong>et</strong></span> <span class='ocrx_word' id='word_1_423' title='bbox 616 4412 666 4462; x_wconf 88' lang='lat' dir='ltr'><strong>ei</strong></span> <span class='ocrx_word' id='word_1_424' title='bbox 713 4424 897 4465; x_wconf 87' lang='lat' dir='ltr'><strong>omnes</strong></span> <span class='ocrx_word' id='word_1_425' title='bbox 948 4429 1055 4467; x_wconf 77' lang='lat' dir='ltr'><strong>sua:</strong></span> <span class='ocrx_word' id='word_1_426' title='bbox 1092 4417 1273 4471; x_wconf 71' lang='lat' dir='ltr'><strong>insulae</strong></span> <span class='ocrx_word' id='word_1_427' title='bbox 1326 4424 1405 4487; x_wconf 86' lang='lat' dir='ltr'><strong>(ut</strong></span> <span class='ocrx_word' id='word_1_428' title='bbox 1430 4428 1691 4493; x_wconf 80' lang='lat' dir='ltr'><strong>optamus)</strong></span> 
     </span>
    </p>
   </div>
   <div class='ocr_carea' id='block_1_62' title="bbox 132 4499 1684 4568">
    <p class='ocr_par' dir='ltr' id='par_1_62' title="bbox 132 4499 1684 4568">
     <span class='ocr_line' id='line_1_62' title="bbox 132 4499 1684 4568; baseline 0.012 -18"><span class='ocrx_word' id='word_1_429' title='bbox 132 4499 443 4552; x_wconf 80' lang='lat' dir='ltr'><strong>subdentur.</strong></span> <span class='ocrx_word' id='word_1_430' title='bbox 495 4500 724 4555; x_wconf 82' lang='lat' dir='ltr'><strong>Paterno</strong></span> <span class='ocrx_word' id='word_1_431' title='bbox 745 4502 917 4567; x_wconf 84' lang='lat' dir='ltr'><strong>itaque</strong></span> <span class='ocrx_word' id='word_1_432' title='bbox 936 4502 1132 4558; x_wconf 72' lang='lat' dir='ltr'><strong>affectu</strong></span> <span class='ocrx_word' id='word_1_433' title='bbox 1155 4508 1444 4565; x_wconf 81' lang='lat' dir='ltr'><strong>salutantes</strong></span> <span class='ocrx_word' id='word_1_434' title='bbox 1463 4526 1684 4568; x_wconf 79' lang='lat' dir='ltr'><strong>vestram</strong></span> 
     </span>
    </p>
   </div>
   <div class='ocr_carea' id='block_1_63' title="bbox 131 4587 1687 4665">
    <p class='ocr_par' dir='ltr' id='par_1_63' title="bbox 131 4587 1687 4665">
     <span class='ocr_line' id='line_1_63' title="bbox 131 4587 1687 4665; baseline 0.012 -27"><span class='ocrx_word' id='word_1_435' title='bbox 131 4587 523 4651; x_wconf 76' lang='lat' dir='ltr'><strong>excellentiam,</strong></span> <span class='ocrx_word' id='word_1_436' title='bbox 550 4590 779 4661; x_wconf 78' lang='lat' dir='ltr'><strong>divinam</strong></span> <span class='ocrx_word' id='word_1_437' title='bbox 815 4590 1007 4658; x_wconf 84' lang='lat' dir='ltr'><strong>jugiter</strong></span> <span class='ocrx_word' id='word_1_438' title='bbox 1034 4606 1308 4660; x_wconf 82' lang='lat' dir='ltr'><strong>precamur</strong></span> <span class='ocrx_word' id='word_1_439' title='bbox 1333 4597 1687 4665; x_wconf 82' lang='lat' dir='ltr'><strong>clementiam,</strong></span> 
     </span>
    </p>
   </div>
   <div class='ocr_carea' id='block_1_64' title="bbox 131 4683 1688 4754">
    <p class='ocr_par' dir='ltr' id='par_1_64' title="bbox 131 4683 1688 4754">
     <span class='ocr_line' id='line_1_64' title="bbox 131 4683 1688 4754; baseline 0.008 -23"><span class='ocrx_word' id='word_1_440' title='bbox 131 4694 247 4746; x_wconf 71' lang='lat' dir='ltr'><strong>qua:</strong></span> <span class='ocrx_word' id='word_1_441' title='bbox 269 4691 368 4729; x_wconf 86' lang='lat' dir='ltr'><strong>vos</strong></span> <span class='ocrx_word' id='word_1_442' title='bbox 391 4688 697 4747; x_wconf 85' lang='lat' dir='ltr'><strong>vestrosque</strong></span> <span class='ocrx_word' id='word_1_443' title='bbox 720 4695 904 4734; x_wconf 87' lang='lat' dir='ltr'><strong>omnes</strong></span> <span class='ocrx_word' id='word_1_444' title='bbox 928 4683 978 4734; x_wconf 89' lang='lat' dir='ltr'><strong>in</strong></span> <span class='ocrx_word' id='word_1_445' title='bbox 999 4685 1244 4738; x_wconf 86' lang='lat' dir='ltr'><strong>omnibus</strong></span> <span class='ocrx_word' id='word_1_446' title='bbox 1275 4686 1425 4739; x_wconf 79' lang='lat' dir='ltr'><strong>bouis</strong></span> <span class='ocrx_word' id='word_1_447' title='bbox 1444 4690 1688 4754; x_wconf 85' lang='lat' dir='ltr'><strong>operibus</strong></span> 
     </span>
    </p>
   </div>
   <div class='ocr_carea' id='block_1_65' title="bbox 133 4770 1688 4848">
    <p class='ocr_par' dir='ltr' id='par_1_65' title="bbox 133 4770 1688 4848">
     <span class='ocr_line' id='line_1_65' title="bbox 133 4770 1688 4848; baseline 0.006 -25"><span class='ocrx_word' id='word_1_448' title='bbox 133 4770 669 4847; x_wconf 33' lang='lat' dir='ltr'><strong>auxiliari&#39;dignetur,</strong></span> <span class='ocrx_word' id='word_1_449' title='bbox 708 4781 766 4822; x_wconf 92' lang='lat' dir='ltr'><strong>ut</strong></span> <span class='ocrx_word' id='word_1_450' title='bbox 788 4786 907 4823; x_wconf 90' lang='lat' dir='ltr'><strong>cum</strong></span> <span class='ocrx_word' id='word_1_451' title='bbox 935 4774 1149 4829; x_wconf 85' lang='lat' dir='ltr'><strong>Christo</strong></span> <span class='ocrx_word' id='word_1_452' title='bbox 1178 4778 1227 4830; x_wconf 89' lang='lat' dir='ltr'><strong>in</strong></span> <span class='ocrx_word' id='word_1_453' title='bbox 1256 4776 1430 4831; x_wconf 79' lang='lat' dir='ltr'><strong>futuro</strong></span> <span class='ocrx_word' id='word_1_454' title='bbox 1459 4782 1688 4848; x_wconf 79' lang='lat' dir='ltr'><strong>regnetis</strong></span> 
     </span>
    </p>
   </div>
   <div class='ocr_carea' id='block_1_66' title="bbox 132 4859 1683 4939">
    <p class='ocr_par' dir='ltr' id='par_1_66' title="bbox 132 4859 1683 4939">
     <span class='ocr_line' id='line_1_66' title="bbox 132 4859 1683 4939; baseline 0.009 -28"><span class='ocrx_word' id='word_1_455' title='bbox 132 4861 348 4913; x_wconf 61' lang='lat' dir='ltr'><strong>seculo.</strong></span> <span class='ocrx_word' id='word_1_456' title='bbox 404 4859 724 4914; x_wconf 69' lang='lat' dir='ltr'><strong>Incidumetn</strong></span> <span class='ocrx_word' id='word_1_457' title='bbox 750 4861 1113 4917; x_wconf 71' lang='lat' dir='ltr'><strong>excellentiam</strong></span> <span class='ocrx_word' id='word_1_458' title='bbox 1146 4876 1369 4922; x_wconf 74' lang='lat' dir='ltr'><strong>vestram</strong></span> <span class='ocrx_word' id='word_1_459' title='bbox 1398 4862 1562 4939; x_wconf 79' lang='lat' dir='ltr'><strong>gratia</strong></span> <span class='ocrx_word' id='word_1_460' title='bbox 1589 4887 1683 4925; x_wconf 78' lang='lat' dir='ltr'><strong>su-</strong></span> 
     </span>
    </p>
   </div>
   <div class='ocr_carea' id='block_1_67' title="bbox 130 4951 599 5018">
    <p class='ocr_par' dir='ltr' id='par_1_67' title="bbox 130 4951 599 5018">
     <span class='ocr_line' id='line_1_67' title="bbox 130 4951 599 5018; baseline 0.002 -16"><span class='ocrx_word' id='word_1_461' title='bbox 130 4965 293 5018; x_wconf 86' lang='lat' dir='ltr'><strong>perna</strong></span> <span class='ocrx_word' id='word_1_462' title='bbox 320 4951 599 5005; x_wconf 83' lang='lat' dir='ltr'><strong>custodiat.</strong></span> 
     </span>
    </p>
   </div>
   <div class='ocr_carea' id='block_1_68' title="bbox 688 5063 1141 5121">
    <p class='ocr_par' dir='ltr' id='par_1_68' title="bbox 688 5063 1141 5121">
     <span class='ocr_line' id='line_1_68' title="bbox 688 5063 1141 5121; baseline 0.007 -3"><span class='ocrx_word' id='word_1_463' title='bbox 688 5063 1015 5121; x_wconf 74' lang='lat' dir='ltr'><strong>EPISTOLA</strong></span> <span class='ocrx_word' id='word_1_464' title='bbox 1055 5066 1141 5121; x_wconf 69' lang='lat' dir='ltr'><strong>Vl.</strong></span> 
     </span>
    </p>
   </div>
   <div class='ocr_carea' id='block_1_69' title="bbox 185 5167 1626 5221">
    <p class='ocr_par' dir='ltr' id='par_1_69' title="bbox 185 5167 1626 5221">
     <span class='ocr_line' id='line_1_69' title="bbox 185 5167 1626 5221; baseline 0.01 -14"><span class='ocrx_word' id='word_1_465' title='bbox 185 5167 277 5207; x_wconf 65' lang='lat' dir='ltr'><strong>SUB</strong></span> <span class='ocrx_word' id='word_1_466' title='bbox 302 5167 496 5207; x_wconf 58' lang='lat' dir='ltr'><strong>NOII“</strong></span> <span class='ocrx_word' id='word_1_467' title='bbox 520 5168 786 5210; x_wconf 71' lang='grc' dir='ltr'><strong>ΥιτΑιΙΑιιῑ</strong></span> <span class='ocrx_word' id='word_1_468' title='bbox 823 5174 969 5213; x_wconf 54' lang='grc'><strong>911⁵8</strong></span> <span class='ocrx_word' id='word_1_469' title='bbox 1001 5175 1066 5212; x_wconf 75' lang='lat' dir='ltr'><strong>AD</strong></span> <span class='ocrx_word' id='word_1_470' title='bbox 1096 5174 1365 5216; x_wconf 67' lang='lat' dir='ltr'><strong>IONACBOS</strong></span> <span class='ocrx_word' id='word_1_471' title='bbox 1394 5178 1626 5221; x_wconf 69' lang='grc' dir='ltr'><strong>σιευιοε.</strong></span> 
     </span>
    </p>
   </div>
   <div class='ocr_carea' id='block_1_70' title="bbox 200 5241 1684 5311">
    <p class='ocr_par' dir='ltr' id='par_1_70' title="bbox 200 5241 1684 5311">
     <span class='ocr_line' id='line_1_70' title="bbox 200 5241 1684 5311; baseline 0.011 -17"><span class='ocrx_word' id='word_1_472' title='bbox 200 5241 491 5295; x_wconf 70' lang='lat' dir='ltr'><strong>Vitalianus</strong></span> <span class='ocrx_word' id='word_1_473' title='bbox 548 5245 827 5311; x_wconf 80' lang='lat' dir='ltr'><strong>episcopus</strong></span> <span class='ocrx_word' id='word_1_474' title='bbox 855 5261 1040 5301; x_wconf 84' lang='lat' dir='ltr'><strong>servus</strong></span> <span class='ocrx_word' id='word_1_475' title='bbox 1071 5264 1342 5303; x_wconf 83' lang='lat' dir='ltr'><strong>servorum</strong></span> <span class='ocrx_word' id='word_1_476' title='bbox 1408 5253 1500 5306; x_wconf 89' lang='lat' dir='ltr'><strong>Dei</strong></span> <span class='ocrx_word' id='word_1_477' title='bbox 1550 5255 1684 5310; x_wconf 85' lang='lat' dir='ltr'><strong>dile-</strong></span> 
     </span>
    </p>
   </div>
   <div class='ocr_carea' id='block_1_71' title="bbox 132 5331 1681 5406">
    <p class='ocr_par' dir='ltr' id='par_1_71' title="bbox 132 5331 1681 5406">
     <span class='ocr_line' id='line_1_71' title="bbox 132 5331 1681 5406; baseline 0.011 -26"><span class='ocrx_word' id='word_1_478' title='bbox 132 5331 228 5381; x_wconf 69' lang='lat' dir='ltr'><strong>ctis-</strong></span> <span class='ocrx_word' id='word_1_479' title='bbox 256 5332 309 5382; x_wconf 89' lang='lat' dir='ltr'><strong>in</strong></span> <span class='ocrx_word' id='word_1_480' title='bbox 339 5332 551 5387; x_wconf 67' lang='lat' dir='ltr'><strong>Christo</strong></span> <span class='ocrx_word' id='word_1_481' title='bbox 579 5331 702 5386; x_wconf 74' lang='lat' dir='ltr'><strong>filiis</strong></span> <span class='ocrx_word' id='word_1_482' title='bbox 729 5334 827 5385; x_wconf 86' lang='lat' dir='ltr'><strong>sub</strong></span> <span class='ocrx_word' id='word_1_483' title='bbox 878 5339 1040 5406; x_wconf 85' lang='lat' dir='ltr'><strong>patris</strong></span> <span class='ocrx_word' id='word_1_484' title='bbox 1068 5337 1332 5394; x_wconf 87' lang='lat' dir='ltr'><strong>Benedicti</strong></span> <span class='ocrx_word' id='word_1_485' title='bbox 1381 5350 1435 5395; x_wconf 89' lang='lat' dir='ltr'><strong>et</strong></span> <span class='ocrx_word' id='word_1_486' title='bbox 1486 5339 1681 5397; x_wconf 81' lang='lat' dir='ltr'><strong>Placidi</strong></span> 
     </span>
    </p>
   </div>
   <div class='ocr_carea' id='block_1_72' title="bbox 132 5419 1679 5499">
    <p class='ocr_par' dir='ltr' id='par_1_72' title="bbox 132 5419 1679 5499">
     <span class='ocr_line' id='line_1_72' title="bbox 132 5419 1679 5499; baseline 0.013 -32"><span class='ocrx_word' id='word_1_487' title='bbox 132 5419 368 5473; x_wconf 77' lang='lat' dir='ltr'><strong>dominio</strong></span> <span class='ocrx_word' id='word_1_488' title='bbox 387 5423 440 5475; x_wconf 84' lang='lat' dir='ltr'><strong>in</strong></span> <span class='ocrx_word' id='word_1_489' title='bbox 470 5420 647 5477; x_wconf 84' lang='lat' dir='ltr'><strong>Sicilia</strong></span> <span class='ocrx_word' id='word_1_490' title='bbox 676 5425 979 5479; x_wconf 90' lang='lat' dir='ltr'><strong>constitutis</strong></span> <span class='ocrx_word' id='word_1_491' title='bbox 1003 5427 1227 5483; x_wconf 88' lang='lat' dir='ltr'><strong>salutem</strong></span> <span class='ocrx_word' id='word_1_492' title='bbox 1258 5439 1315 5484; x_wconf 89' lang='lat' dir='ltr'><strong>et</strong></span> <span class='ocrx_word' id='word_1_493' title='bbox 1343 5433 1679 5499; x_wconf 85' lang='lat' dir='ltr'><strong>apostolicam</strong></span> 
     </span>
    </p>
   </div>
   <div class='ocr_carea' id='block_1_73' title="bbox 136 5509 580 5565">
    <p class='ocr_par' dir='ltr' id='par_1_73' title="bbox 136 5509 580 5565">
     <span class='ocr_line' id='line_1_73' title="bbox 136 5509 580 5565; baseline 0.005 -2"><span class='ocrx_word' id='word_1_494' title='bbox 136 5509 580 5565; x_wconf 77' lang='lat' dir='ltr'><strong>benedictionem.</strong></span> 
     </span>
    </p>
   </div>
   <div class='ocr_carea' id='block_1_74' title="bbox 202 5601 1678 5671">
    <p class='ocr_par' dir='ltr' id='par_1_74' title="bbox 202 5601 1678 5671">
     <span class='ocr_line' id='line_1_74' title="bbox 202 5601 1678 5671; baseline 0.01 -19"><span class='ocrx_word' id='word_1_495' title='bbox 202 5601 278 5653; x_wconf 73' lang='lat' dir='ltr'><strong>Ad</strong></span> <span class='ocrx_word' id='word_1_496' title='bbox 305 5601 402 5653; x_wconf 83' lang='lat' dir='ltr'><strong>hoc</strong></span> <span class='ocrx_word' id='word_1_497' title='bbox 432 5614 528 5655; x_wconf 78' lang='lat' dir='ltr'><strong>nos</strong></span> <span class='ocrx_word' id='word_1_498' title='bbox 571 5618 801 5671; x_wconf 77' lang='lat' dir='ltr'><strong>superna</strong></span> <span class='ocrx_word' id='word_1_499' title='bbox 847 5603 1141 5658; x_wconf 87' lang='lat' dir='ltr'><strong>Clementia</strong></span> <span class='ocrx_word' id='word_1_500' title='bbox 1184 5607 1234 5659; x_wconf 91' lang='lat' dir='ltr'><strong>in</strong></span> <span class='ocrx_word' id='word_1_501' title='bbox 1265 5610 1392 5663; x_wconf 88' lang='lat' dir='ltr'><strong>orbe</strong></span> <span class='ocrx_word' id='word_1_502' title='bbox 1422 5620 1678 5667; x_wconf 87' lang='lat' dir='ltr'><strong>terrarum</strong></span> 
     </span>
    </p>
   </div>
   <div class='ocr_carea' id='block_1_75' title="bbox 138 5691 1679 5767">
    <p class='ocr_par' dir='ltr' id='par_1_75' title="bbox 138 5691 1679 5767">
     <span class='ocr_line' id='line_1_75' title="bbox 138 5691 1679 5767; baseline 0.01 -26"><span class='ocrx_word' id='word_1_503' title='bbox 138 5691 369 5752; x_wconf 81' lang='lat' dir='ltr'><strong>pra:lecit</strong></span> <span class='ocrx_word' id='word_1_504' title='bbox 415 5702 647 5746; x_wconf 86' lang='lat' dir='ltr'><strong>rectores</strong></span> <span class='ocrx_word' id='word_1_505' title='bbox 680 5706 837 5763; x_wconf 89' lang='lat' dir='ltr'><strong>atque</strong></span> <span class='ocrx_word' id='word_1_506' title='bbox 884 5696 1156 5759; x_wconf 83' lang='lat' dir='ltr'><strong>custodes,</strong></span> <span class='ocrx_word' id='word_1_507' title='bbox 1190 5707 1245 5750; x_wconf 92' lang='lat' dir='ltr'><strong>ut</strong></span> <span class='ocrx_word' id='word_1_508' title='bbox 1290 5698 1524 5767; x_wconf 86' lang='lat' dir='ltr'><strong>dispersa</strong></span> <span class='ocrx_word' id='word_1_509' title='bbox 1554 5718 1679 5756; x_wconf 87' lang='lat' dir='ltr'><strong>con-</strong></span> 
     </span>
    </p>
   </div>
   <div class='ocr_carea' id='block_1_76' title="bbox 140 5787 1680 5849">
    <p class='ocr_par' dir='ltr' id='par_1_76' title="bbox 140 5787 1680 5849">
     <span class='ocr_line' id='line_1_76' title="bbox 140 5787 1680 5849; baseline -0.002 -2"><span class='ocrx_word' id='word_1_510' title='bbox 140 5792 370 5847; x_wconf 70' lang='grc' dir='ltr'><strong>ετεεπε.</strong></span> <span class='ocrx_word' id='word_1_511' title='bbox 398 5788 453 5835; x_wconf 69' lang='grc' dir='ltr'><strong>(ει</strong></span> <span class='ocrx_word' id='word_1_512' title='bbox 478 5789 786 5849; x_wconf 68' lang='lat' dir='ltr'><strong>congregata</strong></span> <span class='ocrx_word' id='word_1_513' title='bbox 823 5797 1163 5849; x_wconf 86' lang='lat' dir='ltr'><strong>conservare,</strong></span> <span class='ocrx_word' id='word_1_514' title='bbox 1206 5796 1259 5840; x_wconf 91' lang='lat' dir='ltr'><strong>et</strong></span> <span class='ocrx_word' id='word_1_515' title='bbox 1288 5787 1552 5844; x_wconf 84' lang='lat' dir='ltr'><strong>destructa</strong></span> <span class='ocrx_word' id='word_1_516' title='bbox 1600 5808 1680 5845; x_wconf 84' lang='lat' dir='ltr'><strong>re-</strong></span> 
     </span>
    </p>
   </div>
   <div class='ocr_carea' id='block_1_77' title="bbox 1810 2019 3355 2091">
    <p class='ocr_par' dir='ltr' id='par_1_77' title="bbox 1810 2019 3355 2091">
     <span class='ocr_line' id='line_1_77' title="bbox 1810 2019 3355 2091; baseline 0.005 -22"><span class='ocrx_word' id='word_1_517' title='bbox 1810 2026 1937 2079; x_wconf 87' lang='lat' dir='ltr'><strong>stra,</strong></span> <span class='ocrx_word' id='word_1_518' title='bbox 1963 2019 2339 2091; x_wconf 58' lang='lat' dir='ltr'><strong>possessiones,</strong></span> <span class='ocrx_word' id='word_1_519' title='bbox 2368 2027 2421 2071; x_wconf 90' lang='lat' dir='ltr'><strong>et</strong></span> <span class='ocrx_word' id='word_1_520' title='bbox 2464 2019 2613 2073; x_wconf 80' lang='lat' dir='ltr'><strong>villas</strong></span> <span class='ocrx_word' id='word_1_521' title='bbox 2655 2033 2785 2085; x_wconf 90' lang='lat' dir='ltr'><strong>quas</strong></span> <span class='ocrx_word' id='word_1_522' title='bbox 2815 2019 3072 2073; x_wconf 83' lang='lat' dir='ltr'><strong>Tertullus</strong></span> <span class='ocrx_word' id='word_1_523' title='bbox 3110 2021 3355 2088; x_wconf 83' lang='lat' dir='ltr'><strong>patricius</strong></span> 
     </span>
    </p>
   </div>
   <div class='ocr_carea' id='block_1_78' title="bbox 1810 2106 3351 2177">
    <p class='ocr_par' dir='ltr' id='par_1_78' title="bbox 1810 2106 3351 2177">
     <span class='ocr_line' id='line_1_78' title="bbox 1810 2106 3351 2177; baseline 0.006 -20"><span class='ocrx_word' id='word_1_524' title='bbox 1810 2108 1962 2158; x_wconf 79' lang='lat' dir='ltr'><strong>beato</strong></span> <span class='ocrx_word' id='word_1_525' title='bbox 1994 2109 2123 2172; x_wconf 85' lang='lat' dir='ltr'><strong>patri</strong></span> <span class='ocrx_word' id='word_1_526' title='bbox 2181 2106 2461 2160; x_wconf 84' lang='lat' dir='ltr'><strong>Benedicto</strong></span> <span class='ocrx_word' id='word_1_527' title='bbox 2507 2108 2557 2161; x_wconf 95' lang='lat' dir='ltr'><strong>in</strong></span> <span class='ocrx_word' id='word_1_528' title='bbox 2609 2108 2782 2162; x_wconf 88' lang='lat' dir='ltr'><strong>Sicilia</strong></span> <span class='ocrx_word' id='word_1_529' title='bbox 2830 2110 2992 2172; x_wconf 86' lang='lat' dir='ltr'><strong>dedit,</strong></span> <span class='ocrx_word' id='word_1_530' title='bbox 3046 2110 3351 2177; x_wconf 79' lang='lat' dir='ltr'><strong>defendere,</strong></span> 
     </span>
    </p>
   </div>
   <div class='ocr_carea' id='block_1_79' title="bbox 1809 2195 3355 2269">
    <p class='ocr_par' dir='ltr' id='par_1_79' title="bbox 1809 2195 3355 2269">
     <span class='ocr_line' id='line_1_79' title="bbox 1809 2195 3355 2269; baseline 0.005 -23"><span class='ocrx_word' id='word_1_531' title='bbox 1809 2195 2074 2261; x_wconf 83' lang='lat' dir='ltr'><strong>adjuvare,</strong></span> <span class='ocrx_word' id='word_1_532' title='bbox 2106 2203 2161 2247; x_wconf 91' lang='lat' dir='ltr'><strong>et</strong></span> <span class='ocrx_word' id='word_1_533' title='bbox 2190 2211 2347 2247; x_wconf 88' lang='lat' dir='ltr'><strong>manu</strong></span> <span class='ocrx_word' id='word_1_534' title='bbox 2376 2205 2554 2249; x_wconf 88' lang='lat' dir='ltr'><strong>tenere</strong></span> <span class='ocrx_word' id='word_1_535' title='bbox 2586 2198 2747 2263; x_wconf 89' lang='lat' dir='ltr'><strong>parati</strong></span> <span class='ocrx_word' id='word_1_536' title='bbox 2777 2211 2976 2251; x_wconf 90' lang='lat' dir='ltr'><strong>sumus.</strong></span> <span class='ocrx_word' id='word_1_537' title='bbox 3009 2200 3355 2269; x_wconf 86' lang='lat' dir='ltr'><strong>Omnipotens</strong></span> 
     </span>
    </p>
   </div>
   <div class='ocr_carea' id='block_1_80' title="bbox 1811 2284 3351 2356">
    <p class='ocr_par' dir='ltr' id='par_1_80' title="bbox 1811 2284 3351 2356">
     <span class='ocr_line' id='line_1_80' title="bbox 1811 2284 3351 2356; baseline 0.005 -20"><span class='ocrx_word' id='word_1_538' title='bbox 1811 2284 1945 2337; x_wconf 87' lang='lat' dir='ltr'><strong>Deus</strong></span> <span class='ocrx_word' id='word_1_539' title='bbox 1970 2300 2060 2336; x_wconf 80' lang='lat' dir='ltr'><strong>sua</strong></span> <span class='ocrx_word' id='word_1_540' title='bbox 2088 2299 2178 2337; x_wconf 86' lang='lat' dir='ltr'><strong>vos</strong></span> <span class='ocrx_word' id='word_1_541' title='bbox 2199 2287 2363 2349; x_wconf 79' lang='lat' dir='ltr'><strong>gratia</strong></span> <span class='ocrx_word' id='word_1_542' title='bbox 2394 2286 2684 2356; x_wconf 73' lang='lat' dir='ltr'><strong>benedicat,</strong></span> <span class='ocrx_word' id='word_1_543' title='bbox 2708 2296 2865 2356; x_wconf 88' lang='lat' dir='ltr'><strong>atque</strong></span> <span class='ocrx_word' id='word_1_544' title='bbox 2895 2302 2924 2341; x_wconf 87' lang='lat' dir='ltr'><strong>a</strong></span> <span class='ocrx_word' id='word_1_545' title='bbox 2948 2289 3149 2343; x_wconf 89' lang='lat' dir='ltr'><strong>cunctis</strong></span> <span class='ocrx_word' id='word_1_546' title='bbox 3170 2290 3351 2343; x_wconf 75' lang='lat' dir='ltr'><strong>adver-</strong></span> 
     </span>
    </p>
   </div>
   <div class='ocr_carea' id='block_1_81' title="bbox 1807 2372 2327 2442">
    <p class='ocr_par' dir='ltr' id='par_1_81' title="bbox 1807 2372 2327 2442">
     <span class='ocr_line' id='line_1_81' title="bbox 1807 2372 2327 2442; baseline 0.002 -18"><span class='ocrx_word' id='word_1_547' title='bbox 1807 2374 1878 2426; x_wconf 82' lang='lat' dir='ltr'><strong>sis</strong></span> <span class='ocrx_word' id='word_1_548' title='bbox 1900 2375 2103 2442; x_wconf 81' lang='lat' dir='ltr'><strong>eripiat.</strong></span> <span class='ocrx_word' id='word_1_549' title='bbox 2124 2372 2327 2427; x_wconf 81' lang='lat' dir='ltr'><strong>Valete.</strong></span> 
     </span>
    </p>
   </div>
   <div class='ocr_carea' id='block_1_82' title="bbox 2344 2462 2821 2519">
    <p class='ocr_par' dir='ltr' id='par_1_82' title="bbox 2344 2462 2821 2519">
     <span class='ocr_line' id='line_1_82' title="bbox 2344 2462 2821 2519; baseline 0.002 -2"><span class='ocrx_word' id='word_1_550' title='bbox 2344 2462 2669 2519; x_wconf 82' lang='lat' dir='ltr'><strong>EPISTOLA</strong></span> <span class='ocrx_word' id='word_1_551' title='bbox 2712 2465 2821 2519; x_wconf 82' lang='lat' dir='ltr'><strong>VII.</strong></span> 
     </span>
    </p>
   </div>
   <div class='ocr_carea' id='block_1_83' title="bbox 2339 2592 2836 2632">
    <p class='ocr_par' dir='ltr' id='par_1_83' title="bbox 2339 2592 2836 2632">
     <span class='ocr_line' id='line_1_83' title="bbox 2339 2592 2836 2632; baseline 0.006 -4"><span class='ocrx_word' id='word_1_552' title='bbox 2339 2595 2367 2629; x_wconf 86' lang='grc' dir='ltr'><strong>Α</strong></span> <span class='ocrx_word' id='word_1_553' title='bbox 2377 2594 2403 2629; x_wconf 87' lang='grc' dir='ltr'><strong>υ</strong></span> <span class='ocrx_word' id='word_1_554' title='bbox 2434 2592 2462 2630; x_wconf 70' lang='grc' dir='ltr'><strong>Ρ</strong></span> <span class='ocrx_word' id='word_1_555' title='bbox 2472 2592 2587 2632; x_wconf 70' lang='grc' dir='ltr'><strong>ιοει</strong></span> <span class='ocrx_word' id='word_1_556' title='bbox 2596 2592 2836 2632; x_wconf 64' lang='grc' dir='ltr'><strong>«ιεεκςες.</strong></span> 
     </span>
    </p>
   </div>
   <div class='ocr_carea' id='block_1_84' title="bbox 1877 2686 3348 2757">
    <p class='ocr_par' dir='ltr' id='par_1_84' title="bbox 1877 2686 3348 2757">
     <span class='ocr_line' id='line_1_84' title="bbox 1877 2686 3348 2757; baseline 0.006 -20"><span class='ocrx_word' id='word_1_557' title='bbox 1877 2686 2165 2740; x_wconf 85' lang='lat' dir='ltr'><strong>Vitalianus</strong></span> <span class='ocrx_word' id='word_1_558' title='bbox 2212 2688 2510 2755; x_wconf 89' lang='lat' dir='ltr'><strong>episcopus,</strong></span> <span class='ocrx_word' id='word_1_559' title='bbox 2559 2705 2745 2744; x_wconf 87' lang='lat' dir='ltr'><strong>servus</strong></span> <span class='ocrx_word' id='word_1_560' title='bbox 2773 2705 3046 2744; x_wconf 86' lang='lat' dir='ltr'><strong>servorum</strong></span> <span class='ocrx_word' id='word_1_561' title='bbox 3088 2691 3201 2757; x_wconf 87' lang='lat' dir='ltr'><strong>Dei,</strong></span> <span class='ocrx_word' id='word_1_562' title='bbox 3231 2705 3348 2746; x_wconf 87' lang='lat' dir='ltr'><strong>ere-</strong></span> 
     </span>
    </p>
   </div>
   <div class='ocr_carea' id='block_1_85' title="bbox 1804 2771 3348 2842">
    <p class='ocr_par' dir='ltr' id='par_1_85' title="bbox 1804 2771 3348 2842">
     <span class='ocr_line' id='line_1_85' title="bbox 1804 2771 3348 2842; baseline 0.004 -15"><span class='ocrx_word' id='word_1_563' title='bbox 1804 2776 1945 2828; x_wconf 81' lang='lat' dir='ltr'><strong>mitis</strong></span> <span class='ocrx_word' id='word_1_564' title='bbox 1968 2776 2017 2829; x_wconf 91' lang='lat' dir='ltr'><strong>in</strong></span> <span class='ocrx_word' id='word_1_565' title='bbox 2055 2774 2372 2830; x_wconf 85' lang='lat' dir='ltr'><strong>Floriacensi</strong></span> <span class='ocrx_word' id='word_1_566' title='bbox 2392 2771 2636 2833; x_wconf 73' lang='lat' dir='ltr'><strong>ccenobio</strong></span> <span class='ocrx_word' id='word_1_567' title='bbox 2655 2779 3123 2842; x_wconf 84' lang='lat' dir='ltr'><strong>commorantlbus,</strong></span> <span class='ocrx_word' id='word_1_568' title='bbox 3143 2794 3348 2833; x_wconf 83' lang='lat' dir='ltr'><strong>eumm-</strong></span> 
     </span>
    </p>
   </div>
   <div class='ocr_carea' id='block_1_86' title="bbox 1802 2863 3342 2937">
    <p class='ocr_par' dir='ltr' id='par_1_86' title="bbox 1802 2863 3342 2937">
     <span class='ocr_line' id='line_1_86' title="bbox 1802 2863 3342 2937; baseline 0.005 -22"><span class='ocrx_word' id='word_1_569' title='bbox 1802 2878 1904 2930; x_wconf 90' lang='lat' dir='ltr'><strong>que</strong></span> <span class='ocrx_word' id='word_1_570' title='bbox 1930 2863 2300 2933; x_wconf 80' lang='lat' dir='ltr'><strong>Cynocephalo</strong></span> <span class='ocrx_word' id='word_1_571' title='bbox 2326 2865 2578 2931; x_wconf 68' lang='lat' dir='ltr'><strong>blumnlo,</strong></span> <span class='ocrx_word' id='word_1_572' title='bbox 2602 2882 2704 2919; x_wconf 87' lang='lat' dir='ltr'><strong>non</strong></span> <span class='ocrx_word' id='word_1_573' title='bbox 2722 2867 2924 2932; x_wconf 84' lang='lat' dir='ltr'><strong>abbati,</strong></span> <span class='ocrx_word' id='word_1_574' title='bbox 2966 2867 3103 2935; x_wconf 86' lang='lat' dir='ltr'><strong>quod</strong></span> <span class='ocrx_word' id='word_1_575' title='bbox 3128 2867 3342 2937; x_wconf 84' lang='lat' dir='ltr'><strong>dignum</strong></span> 
     </span>
    </p>
   </div>
   <div class='ocr_carea' id='block_1_87' title="bbox 1801 2944 2471 3019">
    <p class='ocr_par' dir='ltr' id='par_1_87' title="bbox 1801 2944 2471 3019">
     <span class='ocr_line' id='line_1_87' title="bbox 1801 2944 2471 3019; baseline -0.006 -14"><span class='ocrx_word' id='word_1_576' title='bbox 1801 2963 1854 3005; x_wconf 87' lang='lat' dir='ltr'><strong>et</strong></span> <span class='ocrx_word' id='word_1_577' title='bbox 1870 2953 2071 3019; x_wconf 90' lang='lat' dir='ltr'><strong>justum</strong></span> <span class='ocrx_word' id='word_1_578' title='bbox 2094 2964 2199 3006; x_wconf 89' lang='lat' dir='ltr'><strong>est.</strong></span> <span class='ocrx_word' id='word_1_579' title='bbox 2468 2944 2471 2947; x_wconf 69' lang='grc'><em>’</em></span> 
     </span>
    </p>
   </div>
   <div class='ocr_carea' id='block_1_88' title="bbox 1873 3039 3343 3111">
    <p class='ocr_par' dir='ltr' id='par_1_88' title="bbox 1873 3039 3343 3111">
     <span class='ocr_line' id='line_1_88' title="bbox 1873 3039 3343 3111; baseline 0.003 -20"><span class='ocrx_word' id='word_1_580' title='bbox 1873 3039 2207 3103; x_wconf 80' lang='lat' dir='ltr'><strong>Audivimus,</strong></span> <span class='ocrx_word' id='word_1_581' title='bbox 2232 3041 2368 3107; x_wconf 80' lang='lat' dir='ltr'><strong>quod</strong></span> <span class='ocrx_word' id='word_1_582' title='bbox 2398 3042 2512 3095; x_wconf 91' lang='lat' dir='ltr'><strong>sine</strong></span> <span class='ocrx_word' id='word_1_583' title='bbox 2538 3040 2682 3110; x_wconf 79' lang='lat' dir='ltr'><strong>gravi</strong></span> <span class='ocrx_word' id='word_1_584' title='bbox 2710 3041 2892 3097; x_wconf 89' lang='lat' dir='ltr'><strong>dolore</strong></span> <span class='ocrx_word' id='word_1_585' title='bbox 2918 3043 3055 3109; x_wconf 84' lang='lat' dir='ltr'><strong>loqui</strong></span> <span class='ocrx_word' id='word_1_586' title='bbox 3086 3058 3189 3098; x_wconf 89' lang='lat' dir='ltr'><strong>non</strong></span> <span class='ocrx_word' id='word_1_587' title='bbox 3222 3059 3343 3111; x_wconf 85' lang='lat' dir='ltr'><strong>pos-</strong></span> 
     </span>
    </p>
   </div>
   <div class='ocr_carea' id='block_1_89' title="bbox 1801 3131 3342 3203">
    <p class='ocr_par' dir='ltr' id='par_1_89' title="bbox 1801 3131 3342 3203">
     <span class='ocr_line' id='line_1_89' title="bbox 1801 3131 3342 3203; baseline 0.003 -20"><span class='ocrx_word' id='word_1_588' title='bbox 1801 3144 2009 3197; x_wconf 74' lang='lat' dir='ltr'><strong>sunius,</strong></span> <span class='ocrx_word' id='word_1_589' title='bbox 2037 3131 2311 3196; x_wconf 86' lang='lat' dir='ltr'><strong>quemdam</strong></span> <span class='ocrx_word' id='word_1_590' title='bbox 2345 3133 2502 3185; x_wconf 85' lang='lat' dir='ltr'><strong>vestri</strong></span> <span class='ocrx_word' id='word_1_591' title='bbox 2526 3133 2747 3186; x_wconf 72' lang='lat' dir='ltr'><strong>creua-bii</strong></span> <span class='ocrx_word' id='word_1_592' title='bbox 2775 3144 3113 3203; x_wconf 78' lang='lat' dir='ltr'><strong>gyrovagu’m.</strong></span> <span class='ocrx_word' id='word_1_593' title='bbox 3148 3137 3342 3203; x_wconf 81' lang='lat' dir='ltr'><strong>Aygnl-</strong></span> 
     </span>
    </p>
   </div>
   <div class='ocr_carea' id='block_1_90' title="bbox 1723 3218 3337 3290">
    <p class='ocr_par' dir='ltr' id='par_1_90' title="bbox 1723 3218 3337 3290">
     <span class='ocr_line' id='line_1_90' title="bbox 1723 3218 3337 3290; baseline 0.005 -21"><span class='ocrx_word' id='word_1_594' title='bbox 1723 3219 1770 3290; x_wconf 66' lang='grc' dir='ltr'>ο</span> <span class='ocrx_word' id='word_1_595' title='bbox 1802 3218 1909 3270; x_wconf 77' lang='lat' dir='ltr'><strong>[om</strong></span> <span class='ocrx_word' id='word_1_596' title='bbox 1942 3218 2171 3283; x_wconf 88' lang='lat' dir='ltr'><strong>nomine,</strong></span> <span class='ocrx_word' id='word_1_597' title='bbox 2192 3220 2524 3288; x_wconf 70' lang='lat' dir='ltr'><strong>suggestione</strong></span> <span class='ocrx_word' id='word_1_598' title='bbox 2551 3221 2807 3275; x_wconf 82' lang='lat' dir='ltr'><strong>diabolica</strong></span> <span class='ocrx_word' id='word_1_599' title='bbox 2833 3222 3078 3276; x_wconf 76' lang='lat' dir='ltr'><strong>Casinum</strong></span> <span class='ocrx_word' id='word_1_600' title='bbox 3110 3227 3337 3287; x_wconf 80' lang='lat' dir='ltr'><strong>venisse,</strong></span> 
     </span>
    </p>
   </div>
   <div class='ocr_carea' id='block_1_91' title="bbox 1798 3307 3342 3378">
    <p class='ocr_par' dir='ltr' id='par_1_91' title="bbox 1798 3307 3342 3378">
     <span class='ocr_line' id='line_1_91' title="bbox 1798 3307 3342 3378; baseline 0.003 -17"><span class='ocrx_word' id='word_1_601' title='bbox 1798 3318 1850 3361; x_wconf 84' lang='lat' dir='ltr'><strong>et</strong></span> <span class='ocrx_word' id='word_1_602' title='bbox 1886 3307 2102 3362; x_wconf 66' lang='lat' dir='ltr'><strong>caracto</strong></span> <span class='ocrx_word' id='word_1_603' title='bbox 2148 3309 2285 3362; x_wconf 85' lang='lat' dir='ltr'><strong>beati</strong></span> <span class='ocrx_word' id='word_1_604' title='bbox 2318 3308 2581 3363; x_wconf 79' lang='lat' dir='ltr'><strong>Benedicti</strong></span> <span class='ocrx_word' id='word_1_605' title='bbox 2632 3312 2896 3375; x_wconf 87' lang='lat' dir='ltr'><strong>sepulcro,</strong></span> <span class='ocrx_word' id='word_1_606' title='bbox 2946 3310 3059 3378; x_wconf 87' lang='lat' dir='ltr'><strong>ejus</strong></span> <span class='ocrx_word' id='word_1_607' title='bbox 3099 3312 3342 3378; x_wconf 79' lang='lat' dir='ltr'><strong>reliquias</strong></span> 
     </span>
    </p>
   </div>
   <div class='ocr_carea' id='block_1_92' title="bbox 1796 3396 3339 3465">
    <p class='ocr_par' dir='ltr' id='par_1_92' title="bbox 1796 3396 3339 3465">
     <span class='ocr_line' id='line_1_92' title="bbox 1796 3396 3339 3465; baseline 0.005 -17"><span class='ocrx_word' id='word_1_608' title='bbox 1796 3396 2125 3452; x_wconf 90' lang='lat' dir='ltr'><strong>diminuisse.</strong></span> <span class='ocrx_word' id='word_1_609' title='bbox 2163 3397 2235 3451; x_wconf 91' lang='lat' dir='ltr'><strong>De</strong></span> <span class='ocrx_word' id='word_1_610' title='bbox 2264 3413 2367 3465; x_wconf 89' lang='lat' dir='ltr'><strong>quo</strong></span> <span class='ocrx_word' id='word_1_611' title='bbox 2396 3400 2532 3450; x_wconf 80' lang='lat' dir='ltr'><strong>tacto</strong></span> <span class='ocrx_word' id='word_1_612' title='bbox 2573 3399 2716 3465; x_wconf 87' lang='lat' dir='ltr'><strong>gravi</strong></span> <span class='ocrx_word' id='word_1_613' title='bbox 2762 3400 3215 3453; x_wconf 83' lang='lat' dir='ltr'><strong>animadversione</strong></span> <span class='ocrx_word' id='word_1_614' title='bbox 3247 3418 3339 3456; x_wconf 82' lang='lat' dir='ltr'><strong>vos</strong></span> 
     </span>
    </p>
   </div>
   <div class='ocr_carea' id='block_1_93' title="bbox 1798 3488 3342 3564">
    <p class='ocr_par' dir='ltr' id='par_1_93' title="bbox 1798 3488 3342 3564">
     <span class='ocr_line' id='line_1_93' title="bbox 1798 3488 3342 3564; baseline 0.006 -26"><span class='ocrx_word' id='word_1_615' title='bbox 1798 3495 1853 3538; x_wconf 89' lang='lat' dir='ltr'><strong>et</strong></span> <span class='ocrx_word' id='word_1_616' title='bbox 1883 3488 2253 3541; x_wconf 88' lang='lat' dir='ltr'><strong>monasterium</strong></span> <span class='ocrx_word' id='word_1_617' title='bbox 2284 3497 2511 3541; x_wconf 88' lang='lat' dir='ltr'><strong>vestrum</strong></span> <span class='ocrx_word' id='word_1_618' title='bbox 2543 3488 2845 3556; x_wconf 86' lang='lat' dir='ltr'><strong>plectendos</strong></span> <span class='ocrx_word' id='word_1_619' title='bbox 2873 3505 2992 3545; x_wconf 91' lang='lat' dir='ltr'><strong>cum</strong></span> <span class='ocrx_word' id='word_1_620' title='bbox 3035 3494 3218 3547; x_wconf 85' lang='lat' dir='ltr'><strong>eodem</strong></span> <span class='ocrx_word' id='word_1_621' title='bbox 3247 3509 3342 3564; x_wconf 74' lang='lat' dir='ltr'><strong>gy-</strong></span> 
     </span>
    </p>
   </div>
   <div class='ocr_carea' id='block_1_94' title="bbox 1798 3576 3330 3653">
    <p class='ocr_par' dir='ltr' id='par_1_94' title="bbox 1798 3576 3330 3653">
     <span class='ocr_line' id='line_1_94' title="bbox 1798 3576 3330 3653; baseline 0.007 -27"><span class='ocrx_word' id='word_1_622' title='bbox 1798 3590 1987 3643; x_wconf 87' lang='lat' dir='ltr'><strong>rovago</strong></span> <span class='ocrx_word' id='word_1_623' title='bbox 2010 3576 2377 3644; x_wconf 78' lang='lat' dir='ltr'><strong>juilicavimns,</strong></span> <span class='ocrx_word' id='word_1_624' title='bbox 2401 3578 2497 3631; x_wconf 89' lang='lat' dir='ltr'><strong>nisi</strong></span> <span class='ocrx_word' id='word_1_625' title='bbox 2524 3593 2576 3633; x_wconf 90' lang='lat' dir='ltr'><strong>et</strong></span> <span class='ocrx_word' id='word_1_626' title='bbox 2602 3594 2692 3633; x_wconf 82' lang='lat' dir='ltr'><strong>vos</strong></span> <span class='ocrx_word' id='word_1_627' title='bbox 2721 3592 2773 3633; x_wconf 89' lang='lat' dir='ltr'><strong>et</strong></span> <span class='ocrx_word' id='word_1_628' title='bbox 2792 3581 2961 3635; x_wconf 89' lang='lat' dir='ltr'><strong>locum</strong></span> <span class='ocrx_word' id='word_1_629' title='bbox 2984 3593 3211 3637; x_wconf 88' lang='lat' dir='ltr'><strong>vestrum</strong></span> <span class='ocrx_word' id='word_1_630' title='bbox 3236 3603 3330 3653; x_wconf 53' lang='lat' dir='ltr'><strong>pa.</strong></span> 
     </span>
    </p>
   </div>
   <div class='ocr_carea' id='block_1_95' title="bbox 1798 3665 3337 3741">
    <p class='ocr_par' dir='ltr' id='par_1_95' title="bbox 1798 3665 3337 3741">
     <span class='ocr_line' id='line_1_95' title="bbox 1798 3665 3337 3741; baseline 0.009 -24"><span class='ocrx_word' id='word_1_631' title='bbox 1798 3675 1945 3718; x_wconf 87' lang='lat' dir='ltr'><strong>temo</strong></span> <span class='ocrx_word' id='word_1_632' title='bbox 1987 3665 2177 3720; x_wconf 75' lang='lat' dir='ltr'><strong>affectu</strong></span> <span class='ocrx_word' id='word_1_633' title='bbox 2216 3668 2571 3737; x_wconf 87' lang='lat' dir='ltr'><strong>diligeremus.</strong></span> <span class='ocrx_word' id='word_1_634' title='bbox 2608 3669 2830 3723; x_wconf 81' lang='lat' dir='ltr'><strong>Facilius</strong></span> <span class='ocrx_word' id='word_1_635' title='bbox 2858 3675 2996 3726; x_wconf 89' lang='lat' dir='ltr'><strong>enim</strong></span> <span class='ocrx_word' id='word_1_636' title='bbox 3038 3686 3337 3741; x_wconf 83' lang='lat' dir='ltr'><strong>pateremur</strong></span> 
     </span>
    </p>
   </div>
   <div class='ocr_carea' id='block_1_96' title="bbox 1796 3754 3337 3827">
    <p class='ocr_par' dir='ltr' id='par_1_96' title="bbox 1796 3754 3337 3827">
     <span class='ocr_line' id='line_1_96' title="bbox 1796 3754 3337 3827; baseline 0.01 -22"><span class='ocrx_word' id='word_1_637' title='bbox 1796 3754 2095 3807; x_wconf 87' lang='lat' dir='ltr'><strong>Casinensis</strong></span> <span class='ocrx_word' id='word_1_638' title='bbox 2134 3757 2359 3810; x_wconf 80' lang='lat' dir='ltr'><strong>ctenobii</strong></span> <span class='ocrx_word' id='word_1_639' title='bbox 2410 3758 2771 3825; x_wconf 78' lang='lat' dir='ltr'><strong>possessiones</strong></span> <span class='ocrx_word' id='word_1_640' title='bbox 2799 3760 2849 3813; x_wconf 92' lang='lat' dir='ltr'><strong>in</strong></span> <span class='ocrx_word' id='word_1_641' title='bbox 2880 3765 3109 3827; x_wconf 66' lang='lat' dir='ltr'><strong>praedam</strong></span> <span class='ocrx_word' id='word_1_642' title='bbox 3164 3775 3217 3819; x_wconf 90' lang='lat' dir='ltr'><strong>et</strong></span> <span class='ocrx_word' id='word_1_643' title='bbox 3258 3768 3337 3819; x_wconf 83' lang='lat' dir='ltr'><strong>di-</strong></span> 
     </span>
    </p>
   </div>
   <div class='ocr_carea' id='block_1_97' title="bbox 1798 3846 3332 3922">
    <p class='ocr_par' dir='ltr' id='par_1_97' title="bbox 1798 3846 3332 3922">
     <span class='ocr_line' id='line_1_97' title="bbox 1798 3846 3332 3922; baseline 0.008 -27"><span class='ocrx_word' id='word_1_644' title='bbox 1798 3846 2089 3908; x_wconf 84' lang='lat' dir='ltr'><strong>reptionem</strong></span> <span class='ocrx_word' id='word_1_645' title='bbox 2122 3846 2269 3906; x_wconf 89' lang='lat' dir='ltr'><strong>dari,</strong></span> <span class='ocrx_word' id='word_1_646' title='bbox 2298 3860 2452 3911; x_wconf 82' lang='lat' dir='ltr'><strong>quam</strong></span> <span class='ocrx_word' id='word_1_647' title='bbox 2483 3849 2651 3901; x_wconf 70' lang='lat' dir='ltr'><strong>sancti</strong></span> <span class='ocrx_word' id='word_1_648' title='bbox 2684 3848 2849 3901; x_wconf 85' lang='lat' dir='ltr'><strong>Patris</strong></span> <span class='ocrx_word' id='word_1_649' title='bbox 2882 3852 3144 3905; x_wconf 78' lang='lat' dir='ltr'><strong>Benedicti</strong></span> <span class='ocrx_word' id='word_1_650' title='bbox 3175 3856 3332 3922; x_wconf 77' lang='lat' dir='ltr'><strong>lipsa-</strong></span> 
     </span>
    </p>
   </div>
   <div class='ocr_carea' id='block_1_98' title="bbox 1799 3932 3339 4003">
    <p class='ocr_par' dir='ltr' id='par_1_98' title="bbox 1799 3932 3339 4003">
     <span class='ocr_line' id='line_1_98' title="bbox 1799 3932 3339 4003; baseline 0.01 -22"><span class='ocrx_word' id='word_1_651' title='bbox 1799 3946 1919 3982; x_wconf 83' lang='lat' dir='ltr'><strong>nntn</strong></span> <span class='ocrx_word' id='word_1_652' title='bbox 1948 3932 2014 3984; x_wconf 83' lang='lat' dir='ltr'><strong>:ih</strong></span> <span class='ocrx_word' id='word_1_653' title='bbox 2042 3933 2213 4000; x_wconf 85' lang='lat' dir='ltr'><strong>aliquo</strong></span> <span class='ocrx_word' id='word_1_654' title='bbox 2243 3935 2444 3986; x_wconf 81' lang='lat' dir='ltr'><strong>violari.</strong></span> <span class='ocrx_word' id='word_1_655' title='bbox 2473 3935 2553 3987; x_wconf 86' lang='lat' dir='ltr'><strong>0b</strong></span> <span class='ocrx_word' id='word_1_656' title='bbox 2580 3950 2734 4003; x_wconf 83' lang='lat' dir='ltr'><strong>quam</strong></span> <span class='ocrx_word' id='word_1_657' title='bbox 2764 3950 2873 3990; x_wconf 91' lang='lat' dir='ltr'><strong>rem</strong></span> <span class='ocrx_word' id='word_1_658' title='bbox 2906 3949 3090 3993; x_wconf 72' lang='lat' dir='ltr'><strong>vestra:</strong></span> <span class='ocrx_word' id='word_1_659' title='bbox 3122 3942 3339 3995; x_wconf 87' lang='lat' dir='ltr'><strong>univcr-</strong></span> 
     </span>
    </p>
   </div>
   <div class='ocr_carea' id='block_1_99' title="bbox 1797 4019 3332 4099">
    <p class='ocr_par' dir='ltr' id='par_1_99' title="bbox 1797 4019 3332 4099">
     <span class='ocr_line' id='line_1_99' title="bbox 1797 4019 3332 4099; baseline 0.007 -27"><span class='ocrx_word' id='word_1_660' title='bbox 1797 4019 1936 4072; x_wconf 80' lang='lat' dir='ltr'><strong>sitati</strong></span> <span class='ocrx_word' id='word_1_661' title='bbox 1978 4036 2041 4073; x_wconf 80' lang='lat' dir='ltr'><strong>ex</strong></span> <span class='ocrx_word' id='word_1_662' title='bbox 2080 4033 2224 4086; x_wconf 85' lang='lat' dir='ltr'><strong>parte</strong></span> <span class='ocrx_word' id='word_1_663' title='bbox 2272 4021 2360 4076; x_wconf 86' lang='lat' dir='ltr'><strong>Dei</strong></span> <span class='ocrx_word' id='word_1_664' title='bbox 2416 4022 2791 4090; x_wconf 83' lang='lat' dir='ltr'><strong>omnipotentis</strong></span> <span class='ocrx_word' id='word_1_665' title='bbox 2812 4034 2867 4077; x_wconf 90' lang='lat' dir='ltr'><strong>et</strong></span> <span class='ocrx_word' id='word_1_666' title='bbox 2916 4027 3183 4082; x_wconf 87' lang='lat' dir='ltr'><strong>beatorum</strong></span> <span class='ocrx_word' id='word_1_667' title='bbox 3208 4049 3332 4099; x_wconf 77' lang='lat' dir='ltr'><strong>apo-</strong></span> 
     </span>
    </p>
   </div>
   <div class='ocr_carea' id='block_1_100' title="bbox 1796 4108 3333 4188">
    <p class='ocr_par' dir='ltr' id='par_1_100' title="bbox 1796 4108 3333 4188">
     <span class='ocr_line' id='line_1_100' title="bbox 1796 4108 3333 4188; baseline 0.008 -25"><span class='ocrx_word' id='word_1_668' title='bbox 1796 4111 2049 4163; x_wconf 75' lang='lat' dir='ltr'><strong>stolarum</strong></span> <span class='ocrx_word' id='word_1_669' title='bbox 2101 4108 2237 4164; x_wconf 77' lang='lat' dir='ltr'><strong>Petri</strong></span> <span class='ocrx_word' id='word_1_670' title='bbox 2300 4120 2353 4164; x_wconf 90' lang='lat' dir='ltr'><strong>et</strong></span> <span class='ocrx_word' id='word_1_671' title='bbox 2400 4112 2543 4164; x_wconf 81' lang='lat' dir='ltr'><strong>l&#39;auli</strong></span> <span class='ocrx_word' id='word_1_672' title='bbox 2597 4123 2647 4165; x_wconf 88' lang='lat' dir='ltr'><strong>et</strong></span> <span class='ocrx_word' id='word_1_673' title='bbox 2702 4113 2936 4167; x_wconf 86' lang='lat' dir='ltr'><strong>omnium</strong></span> <span class='ocrx_word' id='word_1_674' title='bbox 3012 4130 3333 4188; x_wconf 83' lang='lat' dir='ltr'><strong>sanctorum,</strong></span> 
     </span>
    </p>
   </div>
   <div class='ocr_carea' id='block_1_101' title="bbox 1730 4201 3334 4275">
    <p class='ocr_par' dir='ltr' id='par_1_101' title="bbox 1730 4201 3334 4275">
     <span class='ocr_line' id='line_1_101' title="bbox 1730 4201 3334 4275; baseline 0.011 -27"><span class='ocrx_word' id='word_1_675' title='bbox 1730 4228 1733 4235; x_wconf 63' lang='grc' dir='ltr'><strong>η</strong></span> <span class='ocrx_word' id='word_1_676' title='bbox 1795 4206 1850 4249; x_wconf 90' lang='lat' dir='ltr'><strong>et</strong></span> <span class='ocrx_word' id='word_1_677' title='bbox 1893 4208 2091 4263; x_wconf 82' lang='lat' dir='ltr'><strong>scplctn</strong></span> <span class='ocrx_word' id='word_1_678' title='bbox 2144 4201 2511 4253; x_wconf 81' lang='lat' dir='ltr'><strong>universaliutn</strong></span> <span class='ocrx_word' id='word_1_679' title='bbox 2566 4204 2912 4257; x_wconf 80' lang='lat' dir='ltr'><strong>conciliorum</strong></span> <span class='ocrx_word' id='word_1_680' title='bbox 2977 4210 3334 4275; x_wconf 66' lang='lat' dir='ltr'><strong>pracipiendo</strong></span> 
     </span>
    </p>
   </div>
   <div class='ocr_carea' id='block_1_102' title="bbox 1797 4286 3335 4367">
    <p class='ocr_par' dir='ltr' id='par_1_102' title="bbox 1797 4286 3335 4367">
     <span class='ocr_line' id='line_1_102' title="bbox 1797 4286 3335 4367; baseline 0.01 -30"><span class='ocrx_word' id='word_1_681' title='bbox 1797 4286 2101 4340; x_wconf 86' lang='lat' dir='ltr'><strong>mandamus</strong></span> <span class='ocrx_word' id='word_1_682' title='bbox 2130 4322 2145 4349; x_wconf 82' lang='lat'><strong>,</strong></span> <span class='ocrx_word' id='word_1_683' title='bbox 2191 4298 2246 4340; x_wconf 91' lang='lat' dir='ltr'><strong>ut</strong></span> <span class='ocrx_word' id='word_1_684' title='bbox 2265 4291 2327 4339; x_wconf 77' lang='lat' dir='ltr'><strong>ait</strong></span> <span class='ocrx_word' id='word_1_685' title='bbox 2374 4304 2468 4341; x_wconf 87' lang='lat' dir='ltr'><strong>cor</strong></span> <span class='ocrx_word' id='word_1_686' title='bbox 2518 4291 2818 4353; x_wconf 73' lang='lat' dir='ltr'><strong>redeuntes,</strong></span> <span class='ocrx_word' id='word_1_687' title='bbox 2857 4306 2911 4345; x_wconf 86' lang='lat' dir='ltr'><strong>et</strong></span> <span class='ocrx_word' id='word_1_688' title='bbox 2957 4307 3155 4350; x_wconf 71' lang='lat' dir='ltr'><strong>saccus</strong></span> <span class='ocrx_word' id='word_1_689' title='bbox 3204 4314 3335 4367; x_wconf 74' lang='lat' dir='ltr'><strong>apo-</strong></span> 
     </span>
    </p>
   </div>
   <div class='ocr_carea' id='block_1_103' title="bbox 1796 4374 3329 4442">
    <p class='ocr_par' dir='ltr' id='par_1_103' title="bbox 1796 4374 3329 4442">
     <span class='ocr_line' id='line_1_103' title="bbox 1796 4374 3329 4442; baseline 0.01 -17"><span class='ocrx_word' id='word_1_690' title='bbox 1796 4374 1944 4427; x_wconf 87' lang='lat' dir='ltr'><strong>stolis</strong></span> <span class='ocrx_word' id='word_1_691' title='bbox 2007 4374 2161 4429; x_wconf 86' lang='lat' dir='ltr'><strong>Petro</strong></span> <span class='ocrx_word' id='word_1_692' title='bbox 2204 4386 2257 4428; x_wconf 89' lang='lat' dir='ltr'><strong>et</strong></span> <span class='ocrx_word' id='word_1_693' title='bbox 2303 4377 2463 4429; x_wconf 79' lang='lat' dir='ltr'><strong>l’aulo</strong></span> <span class='ocrx_word' id='word_1_694' title='bbox 2509 4389 2561 4430; x_wconf 92' lang='lat' dir='ltr'><strong>et</strong></span> <span class='ocrx_word' id='word_1_695' title='bbox 2610 4379 2762 4432; x_wconf 77' lang='lat' dir='ltr'><strong>hrato</strong></span> <span class='ocrx_word' id='word_1_696' title='bbox 2791 4381 3073 4436; x_wconf 83' lang='lat' dir='ltr'><strong>Benedicto</strong></span> <span class='ocrx_word' id='word_1_697' title='bbox 3117 4388 3329 4442; x_wconf 52' lang='lat' dir='ltr'><strong>satisfa.</strong></span> 
     </span>
    </p>
   </div>
   <div class='ocr_carea' id='block_1_104' title="bbox 1795 4465 3336 4544">
    <p class='ocr_par' dir='ltr' id='par_1_104' title="bbox 1795 4465 3336 4544">
     <span class='ocr_line' id='line_1_104' title="bbox 1795 4465 3336 4544; baseline 0.008 -27"><span class='ocrx_word' id='word_1_698' title='bbox 1795 4467 2014 4529; x_wconf 87' lang='lat' dir='ltr'><strong>cientes,</strong></span> <span class='ocrx_word' id='word_1_699' title='bbox 2040 4465 2104 4517; x_wconf 86' lang='lat' dir='ltr'><strong>ad</strong></span> <span class='ocrx_word' id='word_1_700' title='bbox 2128 4479 2222 4517; x_wconf 90' lang='lat' dir='ltr'><strong>nos</strong></span> <span class='ocrx_word' id='word_1_701' title='bbox 2251 4479 2369 4518; x_wconf 88' lang='lat' dir='ltr'><strong>cum</strong></span> <span class='ocrx_word' id='word_1_702' title='bbox 2410 4468 2515 4531; x_wconf 70' lang='lat' dir='ltr'><strong>jam</strong></span> <span class='ocrx_word' id='word_1_703' title='bbox 2542 4467 2698 4519; x_wconf 86' lang='lat' dir='ltr'><strong>dictis</strong></span> <span class='ocrx_word' id='word_1_704' title='bbox 2734 4472 3078 4525; x_wconf 76' lang='lat' dir='ltr'><strong>sacrosanctis</strong></span> <span class='ocrx_word' id='word_1_705' title='bbox 3105 4475 3336 4544; x_wconf 82' lang='lat' dir='ltr'><strong>reliquiis</strong></span> 
     </span>
    </p>
   </div>
   <div class='ocr_carea' id='block_1_105' title="bbox 1722 4554 3337 4627">
    <p class='ocr_par' dir='ltr' id='par_1_105' title="bbox 1722 4554 3337 4627">
     <span class='ocr_line' id='line_1_105' title="bbox 1722 4554 3337 4627; baseline 0.009 -24"><span class='ocrx_word' id='word_1_706' title='bbox 1722 4554 1772 4612; x_wconf 88' lang='lat' dir='ltr'><strong>D</strong></span> <span class='ocrx_word' id='word_1_707' title='bbox 1795 4554 2035 4618; x_wconf 84' lang='lat' dir='ltr'><strong>veniatis,</strong></span> <span class='ocrx_word' id='word_1_708' title='bbox 2070 4562 2123 4606; x_wconf 92' lang='lat' dir='ltr'><strong>et</strong></span> <span class='ocrx_word' id='word_1_709' title='bbox 2166 4555 2230 4607; x_wconf 86' lang='lat' dir='ltr'><strong>de</strong></span> <span class='ocrx_word' id='word_1_710' title='bbox 2261 4564 2552 4622; x_wconf 86' lang='lat' dir='ltr'><strong>perpetrata</strong></span> <span class='ocrx_word' id='word_1_711' title='bbox 2606 4557 2833 4623; x_wconf 85' lang='lat' dir='ltr'><strong>nequitia</strong></span> <span class='ocrx_word' id='word_1_712' title='bbox 2879 4573 2996 4613; x_wconf 87' lang='lat' dir='ltr'><strong>cum</strong></span> <span class='ocrx_word' id='word_1_713' title='bbox 3020 4559 3128 4627; x_wconf 67' lang='lat' dir='ltr'><strong>iam</strong></span> <span class='ocrx_word' id='word_1_714' title='bbox 3183 4564 3337 4618; x_wconf 76' lang='lat' dir='ltr'><strong>dictis</strong></span> 
     </span>
    </p>
   </div>
   <div class='ocr_carea' id='block_1_106' title="bbox 1792 4640 3337 4715">
    <p class='ocr_par' dir='ltr' id='par_1_106' title="bbox 1792 4640 3337 4715">
     <span class='ocr_line' id='line_1_106' title="bbox 1792 4640 3337 4715; baseline 0.012 -29"><span class='ocrx_word' id='word_1_715' title='bbox 1792 4640 2079 4708; x_wconf 74' lang='lat' dir='ltr'><strong>sacrilegiis</strong></span> <span class='ocrx_word' id='word_1_716' title='bbox 2136 4642 2340 4694; x_wconf 86' lang='lat' dir='ltr'><strong>veniam</strong></span> <span class='ocrx_word' id='word_1_717' title='bbox 2400 4643 2693 4708; x_wconf 88' lang='lat' dir='ltr'><strong>postuletis.</strong></span> <span class='ocrx_word' id='word_1_718' title='bbox 2744 4644 2834 4697; x_wconf 88' lang='lat' dir='ltr'><strong>Sin</strong></span> <span class='ocrx_word' id='word_1_719' title='bbox 2882 4655 3053 4699; x_wconf 83' lang='lat' dir='ltr'><strong>autem</strong></span> <span class='ocrx_word' id='word_1_720' title='bbox 3116 4663 3228 4715; x_wconf 89' lang='lat' dir='ltr'><strong>vos,</strong></span> <span class='ocrx_word' id='word_1_721' title='bbox 3280 4660 3337 4707; x_wconf 89' lang='lat' dir='ltr'><strong>et</strong></span> 
     </span>
    </p>
   </div>
   <div class='ocr_carea' id='block_1_107' title="bbox 1791 4730 3335 4802">
    <p class='ocr_par' dir='ltr' id='par_1_107' title="bbox 1791 4730 3335 4802">
     <span class='ocr_line' id='line_1_107' title="bbox 1791 4730 3335 4802; baseline 0.01 -21"><span class='ocrx_word' id='word_1_722' title='bbox 1791 4730 1963 4783; x_wconf 87' lang='lat' dir='ltr'><strong>lucum</strong></span> <span class='ocrx_word' id='word_1_723' title='bbox 1996 4742 2223 4784; x_wconf 84' lang='lat' dir='ltr'><strong>vestrum</strong></span> <span class='ocrx_word' id='word_1_724' title='bbox 2253 4741 2304 4784; x_wconf 89' lang='lat' dir='ltr'><strong>et</strong></span> <span class='ocrx_word' id='word_1_725' title='bbox 2331 4734 2574 4786; x_wconf 83' lang='lat' dir='ltr'><strong>eumdem</strong></span> <span class='ocrx_word' id='word_1_726' title='bbox 2604 4735 2931 4802; x_wconf 83' lang='lat' dir='ltr'><strong>sacrilegium</strong></span> <span class='ocrx_word' id='word_1_727' title='bbox 2961 4749 3078 4790; x_wconf 86' lang='lat' dir='ltr'><strong>cum</strong></span> <span class='ocrx_word' id='word_1_728' title='bbox 3109 4753 3335 4796; x_wconf 85' lang='lat' dir='ltr'><strong>comma-</strong></span> 
     </span>
    </p>
   </div>
   <div class='ocr_carea' id='block_1_108' title="bbox 1792 4821 3333 4897">
    <p class='ocr_par' dir='ltr' id='par_1_108' title="bbox 1792 4821 3333 4897">
     <span class='ocr_line' id='line_1_108' title="bbox 1792 4821 3333 4897; baseline 0.008 -26"><span class='ocrx_word' id='word_1_729' title='bbox 1792 4821 2172 4885; x_wconf 86' lang='lat' dir='ltr'><strong>nipulatoribus</strong></span> <span class='ocrx_word' id='word_1_730' title='bbox 2202 4823 2310 4875; x_wconf 88' lang='lat' dir='ltr'><strong>suis</strong></span> <span class='ocrx_word' id='word_1_731' title='bbox 2331 4837 2359 4873; x_wconf 90' lang='lat' dir='ltr'><strong>a</strong></span> <span class='ocrx_word' id='word_1_732' title='bbox 2388 4837 2581 4876; x_wconf 67' lang='lat' dir='ltr'><strong>saneta:</strong></span> <span class='ocrx_word' id='word_1_733' title='bbox 2605 4823 2785 4875; x_wconf 88' lang='lat' dir='ltr'><strong>matris</strong></span> <span class='ocrx_word' id='word_1_734' title='bbox 2839 4825 3081 4881; x_wconf 69' lang='lat' dir='ltr'><strong>Ecclesia:</strong></span> <span class='ocrx_word' id='word_1_735' title='bbox 3131 4832 3333 4897; x_wconf 82' lang='lat' dir='ltr'><strong>gremio</strong></span> 
     </span>
    </p>
   </div>
   <div class='ocr_carea' id='block_1_109' title="bbox 1790 4912 3330 4977">
    <p class='ocr_par' dir='ltr' id='par_1_109' title="bbox 1790 4912 3330 4977">
     <span class='ocr_line' id='line_1_109' title="bbox 1790 4912 3330 4977; baseline 0.006 -16"><span class='ocrx_word' id='word_1_736' title='bbox 1790 4920 2112 4975; x_wconf 86' lang='lat' dir='ltr'><strong>separantes,</strong></span> <span class='ocrx_word' id='word_1_737' title='bbox 2140 4923 2405 4977; x_wconf 66' lang='lat' dir='ltr'><strong>perpetua:</strong></span> <span class='ocrx_word' id='word_1_738' title='bbox 2428 4922 2479 4963; x_wconf 73' lang='lat' dir='ltr'><strong>et</strong></span> <span class='ocrx_word' id='word_1_739' title='bbox 2517 4912 2893 4969; x_wconf 68' lang='lat' dir='ltr'><strong>illdis‘OlIIbl“.</strong></span> <span class='ocrx_word' id='word_1_740' title='bbox 2950 4918 3330 4971; x_wconf 75' lang='lat' dir='ltr'><strong>maledictiouis</strong></span> 
     </span>
    </p>
   </div>
   <div class='ocr_carea' id='block_1_110' title="bbox 1791 5000 3327 5076">
    <p class='ocr_par' dir='ltr' id='par_1_110' title="bbox 1791 5000 3327 5076">
     <span class='ocr_line' id='line_1_110' title="bbox 1791 5000 3327 5076; baseline 0.008 -26"><span class='ocrx_word' id='word_1_741' title='bbox 1791 5008 1843 5050; x_wconf 89' lang='lat' dir='ltr'><strong>et</strong></span> <span class='ocrx_word' id='word_1_742' title='bbox 1883 5000 2230 5051; x_wconf 86' lang='lat' dir='ltr'><strong>anatltetnatis</strong></span> <span class='ocrx_word' id='word_1_743' title='bbox 2274 5002 2481 5054; x_wconf 87' lang='lat' dir='ltr'><strong>vinculo</strong></span> <span class='ocrx_word' id='word_1_744' title='bbox 2520 5002 2848 5069; x_wconf 88' lang='lat' dir='ltr'><strong>innodamus,</strong></span> <span class='ocrx_word' id='word_1_745' title='bbox 2878 5017 2932 5061; x_wconf 91' lang='lat' dir='ltr'><strong>et</strong></span> <span class='ocrx_word' id='word_1_746' title='bbox 2970 5023 3000 5060; x_wconf 92' lang='lat' dir='ltr'><strong>a</strong></span> <span class='ocrx_word' id='word_1_747' title='bbox 3046 5024 3206 5076; x_wconf 84' lang='lat' dir='ltr'><strong>regno</strong></span> <span class='ocrx_word' id='word_1_748' title='bbox 3236 5008 3327 5064; x_wconf 85' lang='lat' dir='ltr'><strong>Dei</strong></span> 
     </span>
    </p>
   </div>
   <div class='ocr_carea' id='block_1_111' title="bbox 1789 5088 3331 5163">
    <p class='ocr_par' dir='ltr' id='par_1_111' title="bbox 1789 5088 3331 5163">
     <span class='ocr_line' id='line_1_111' title="bbox 1789 5088 3331 5163; baseline 0.01 -26"><span class='ocrx_word' id='word_1_749' title='bbox 1789 5088 2098 5149; x_wconf 86' lang='lat' dir='ltr'><strong>alienamns,</strong></span> <span class='ocrx_word' id='word_1_750' title='bbox 2117 5098 2169 5141; x_wconf 88' lang='lat' dir='ltr'><strong>et</strong></span> <span class='ocrx_word' id='word_1_751' title='bbox 2198 5104 2313 5140; x_wconf 89' lang='lat' dir='ltr'><strong>cum</strong></span> <span class='ocrx_word' id='word_1_752' title='bbox 2342 5092 2571 5155; x_wconf 80' lang='lat' dir='ltr'><strong>diabolo,</strong></span> <span class='ocrx_word' id='word_1_753' title='bbox 2596 5102 2647 5145; x_wconf 91' lang='lat' dir='ltr'><strong>et</strong></span> <span class='ocrx_word' id='word_1_754' title='bbox 2663 5092 2781 5163; x_wconf 76' lang='lat' dir='ltr'><strong>ejus</strong></span> <span class='ocrx_word' id='word_1_755' title='bbox 2808 5098 3149 5152; x_wconf 75' lang='lat' dir='ltr'><strong>atrocissitnis</strong></span> <span class='ocrx_word' id='word_1_756' title='bbox 3179 5115 3331 5163; x_wconf 51' lang='lat' dir='ltr'><strong>pons.</strong></span> 
     </span>
    </p>
   </div>
   <div class='ocr_carea' id='block_1_112' title="bbox 1789 5178 3324 5258">
    <p class='ocr_par' dir='ltr' id='par_1_112' title="bbox 1789 5178 3324 5258">
     <span class='ocr_line' id='line_1_112' title="bbox 1789 5178 3324 5258; baseline 0.01 -29"><span class='ocrx_word' id='word_1_757' title='bbox 1789 5182 1888 5246; x_wconf 82' lang='lat' dir='ltr'><strong>pis,</strong></span> <span class='ocrx_word' id='word_1_758' title='bbox 1937 5192 1987 5231; x_wconf 90' lang='lat' dir='ltr'><strong>et</strong></span> <span class='ocrx_word' id='word_1_759' title='bbox 2013 5178 2165 5243; x_wconf 77' lang='lat' dir='ltr'><strong>Juda,</strong></span> <span class='ocrx_word' id='word_1_760' title='bbox 2202 5180 2407 5235; x_wconf 89' lang='lat' dir='ltr'><strong>Domini</strong></span> <span class='ocrx_word' id='word_1_761' title='bbox 2460 5185 2621 5237; x_wconf 86' lang='lat' dir='ltr'><strong>nostri</strong></span> <span class='ocrx_word' id='word_1_762' title='bbox 2652 5186 2772 5240; x_wconf 73' lang='lat' dir='ltr'><strong>Jesu</strong></span> <span class='ocrx_word' id='word_1_763' title='bbox 2820 5186 3012 5241; x_wconf 81' lang='lat' dir='ltr'><strong>Christi</strong></span> <span class='ocrx_word' id='word_1_764' title='bbox 3055 5192 3324 5258; x_wconf 85' lang='lat' dir='ltr'><strong>traditore,</strong></span> 
     </span>
    </p>
   </div>
   <div class='ocr_carea' id='block_1_113' title="bbox 1788 5271 3326 5349">
    <p class='ocr_par' dir='ltr' id='par_1_113' title="bbox 1788 5271 3326 5349">
     <span class='ocr_line' id='line_1_113' title="bbox 1788 5271 3326 5349; baseline 0.009 -31"><span class='ocrx_word' id='word_1_765' title='bbox 1788 5279 1987 5319; x_wconf 67' lang='lat' dir='ltr'><strong>aeterno</strong></span> <span class='ocrx_word' id='word_1_766' title='bbox 2017 5271 2273 5335; x_wconf 85' lang='lat' dir='ltr'><strong>supplicio</strong></span> <span class='ocrx_word' id='word_1_767' title='bbox 2296 5281 2605 5342; x_wconf 64' lang='lat' dir='ltr'><strong>merumque</strong></span> <span class='ocrx_word' id='word_1_768' title='bbox 2627 5275 2979 5329; x_wconf 76' lang='lat' dir='ltr'><strong>maledictioni</strong></span> <span class='ocrx_word' id='word_1_769' title='bbox 2998 5277 3326 5349; x_wconf 66' lang='lat' dir='ltr'><strong>deputamus.</strong></span> 
     </span>
    </p>
   </div>
   <div class='ocr_carea' id='block_1_114' title="bbox 1789 5355 3327 5434">
    <p class='ocr_par' dir='ltr' id='par_1_114' title="bbox 1789 5355 3327 5434">
     <span class='ocr_line' id='line_1_114' title="bbox 1789 5355 3327 5434; baseline 0.006 -26"><span class='ocrx_word' id='word_1_770' title='bbox 1789 5355 1904 5408; x_wconf 86' lang='lat' dir='ltr'><strong>Pari</strong></span> <span class='ocrx_word' id='word_1_771' title='bbox 1932 5359 2086 5408; x_wconf 85' lang='lat' dir='ltr'><strong>etiam</strong></span> <span class='ocrx_word' id='word_1_772' title='bbox 2136 5358 2487 5413; x_wconf 83' lang='lat' dir='ltr'><strong>innodatiunis</strong></span> <span class='ocrx_word' id='word_1_773' title='bbox 2519 5363 2721 5414; x_wconf 86' lang='lat' dir='ltr'><strong>vinculo</strong></span> <span class='ocrx_word' id='word_1_774' title='bbox 2764 5362 3040 5432; x_wconf 86' lang='lat' dir='ltr'><strong>obligetur,</strong></span> <span class='ocrx_word' id='word_1_775' title='bbox 3088 5368 3327 5434; x_wconf 85' lang='lat' dir='ltr'><strong>quicum-</strong></span> 
     </span>
    </p>
   </div>
   <div class='ocr_carea' id='block_1_115' title="bbox 1786 5443 3325 5526">
    <p class='ocr_par' dir='ltr' id='par_1_115' title="bbox 1786 5443 3325 5526">
     <span class='ocr_line' id='line_1_115' title="bbox 1786 5443 3325 5526; baseline 0.01 -31"><span class='ocrx_word' id='word_1_776' title='bbox 1786 5458 1888 5511; x_wconf 89' lang='lat' dir='ltr'><strong>que</strong></span> <span class='ocrx_word' id='word_1_777' title='bbox 1918 5460 2009 5499; x_wconf 78' lang='lat' dir='ltr'><strong>vos</strong></span> <span class='ocrx_word' id='word_1_778' title='bbox 2060 5455 2113 5497; x_wconf 90' lang='lat' dir='ltr'><strong>et</strong></span> <span class='ocrx_word' id='word_1_779' title='bbox 2144 5443 2311 5501; x_wconf 91' lang='lat' dir='ltr'><strong>locum</strong></span> <span class='ocrx_word' id='word_1_780' title='bbox 2363 5462 2590 5503; x_wconf 79' lang='lat' dir='ltr'><strong>vestrum</strong></span> <span class='ocrx_word' id='word_1_781' title='bbox 2638 5454 2842 5508; x_wconf 88' lang='lat' dir='ltr'><strong>solvere</strong></span> <span class='ocrx_word' id='word_1_782' title='bbox 2884 5459 3267 5526; x_wconf 68' lang='lat' dir='ltr'><strong>praesumpserit</strong></span> <span class='ocrx_word' id='word_1_783' title='bbox 3298 5477 3325 5511; x_wconf 91' lang='lat' dir='ltr'><strong>a</strong></span> 
     </span>
    </p>
   </div>
   <div class='ocr_carea' id='block_1_116' title="bbox 1787 5538 3323 5612">
    <p class='ocr_par' dir='ltr' id='par_1_116' title="bbox 1787 5538 3323 5612">
     <span class='ocr_line' id='line_1_116' title="bbox 1787 5538 3323 5612; baseline 0.01 -27"><span class='ocrx_word' id='word_1_784' title='bbox 1787 5548 1921 5585; x_wconf 71' lang='lat' dir='ltr'><strong>nexu</strong></span> <span class='ocrx_word' id='word_1_785' title='bbox 1991 5538 2546 5592; x_wconf 83' lang='lat' dir='ltr'><strong>cxconunnnicationis</strong></span> <span class='ocrx_word' id='word_1_786' title='bbox 2610 5541 2809 5609; x_wconf 89' lang='lat' dir='ltr'><strong>absque</strong></span> <span class='ocrx_word' id='word_1_787' title='bbox 2881 5546 3038 5612; x_wconf 90' lang='lat' dir='ltr'><strong>digno</strong></span> <span class='ocrx_word' id='word_1_788' title='bbox 3080 5549 3323 5600; x_wconf 82' lang='lat' dir='ltr'><strong>emenda-</strong></span> 
     </span>
    </p>
   </div>
   <div class='ocr_carea' id='block_1_117' title="bbox 1786 5620 3317 5701">
    <p class='ocr_par' dir='ltr' id='par_1_117' title="bbox 1786 5620 3317 5701">
     <span class='ocr_line' id='line_1_117' title="bbox 1786 5620 3317 5701; baseline 0.014 -31"><span class='ocrx_word' id='word_1_789' title='bbox 1786 5620 1945 5675; x_wconf 88' lang='lat' dir='ltr'><strong>tionis</strong></span> <span class='ocrx_word' id='word_1_790' title='bbox 1967 5631 2021 5678; x_wconf 89' lang='lat' dir='ltr'><strong>et</strong></span> <span class='ocrx_word' id='word_1_791' title='bbox 2088 5628 2401 5693; x_wconf 67' lang='lat' dir='ltr'><strong>poenitentia:</strong></span> <span class='ocrx_word' id='word_1_792' title='bbox 2462 5628 2646 5682; x_wconf 82' lang='lat' dir='ltr'><strong>fructu.</strong></span> <span class='ocrx_word' id='word_1_793' title='bbox 2704 5631 2889 5686; x_wconf 88' lang='lat' dir='ltr'><strong>Datum</strong></span> <span class='ocrx_word' id='word_1_794' title='bbox 2948 5636 3129 5701; x_wconf 87' lang='lat' dir='ltr'><strong>quinto</strong></span> <span class='ocrx_word' id='word_1_795' title='bbox 3200 5636 3317 5693; x_wconf 76' lang='lat' dir='ltr'><strong>Kal.</strong></span> 
     </span>
    </p>
   </div>
   <div class='ocr_carea' id='block_1_118' title="bbox 1788 5710 1916 5777">
    <p class='ocr_par' dir='ltr' id='par_1_118' title="bbox 1788 5710 1916 5777">
     <span class='ocr_line' id='line_1_118' title="bbox 1788 5710 1916 5777; baseline 0.008 -17"><span class='ocrx_word' id='word_1_796' title='bbox 1788 5710 1916 5777; x_wconf 83' lang='lat' dir='ltr'><strong>Aug.</strong></span> 
     </span>
    </p>
   </div>
  </div>
