3880 6236
488 406 619 461 1007

1000 502 1320 559 EPISTOLA
1368 498 1471 552 Vill
1487 538 1498 551 .

870 631 1134 671 CLODOVEO
1162 597 1480 668 ιτκλκεοιὶωί
1498 627 1635 665 REGI.

557 711 843 767 Vitalianus
871 709 1169 776 episcOpus,
1214 718 1394 758 servus
1438 716 1704 755 servorum
1760 700 1868 763 Dei,
1902 699 2022 752 Clo-

489 805 656 857 doveo
699 801 804 868 regi
855 798 1196 859 Francorum,
1225 796 1268 847 si
1314 794 1449 846 filius
1496 792 1803 845 obedientim
1847 790 2019 850 luerit,

490 894 738 953 salutem,
768 899 820 942 ct
848 886 1198 956 Apostolieam
1236 883 1674 938 benedictionem.

560 982 739 1037 Sancti
765 988 817 1032 et
846 975 1019 1044 magni
1058 974 1251 1028 Nicaeni
1298 972 1503 1026 concilii
1554 981 1805 1039 prmeepta
1835 970 2025 1034 secuti,

492 1070 817 1139 qurejubeut
839 1066 1126 1136 regularem
1158 1064 1429 1131 epistulam
1471 1077 1562 1130 per
1608 1074 2022 1129 unamquamque

495 1162 817 1229 provinciam
848 1158 999 1221 mitti,
1047 1171 1111 1209 ne
1130 1158 1179 1207 hi
1215 1155 1300 1221 qui
1329 1154 1636 1221 abjicitintur
1663 1155 1729 1205 ab
1756 1154 1870 1205 aliis
1894 1151 2031 1204 reci-

500 1253 723 1318 piantur,
754 1247 1025 1302 serenitati
1078 1255 1264 1299 vestra;
1302 1255 1479 1298 notum
1511 1243 1743 1303 facimus,
1800 1242 2033 1293 Aurelia-

498 1354 688 1394 nenses
719 1348 771 1392 et
797 1336 1271 1398 Cenomanneuses,
1319 1349 1379 1387 ac
1406 1333 1775 1387 monasterium
1827 1330 2031 1383 Floria-

499 1444 654 1483 ceuse
678 1444 793 1482 cum
818 1425 1058 1480 omnibus
1087 1425 1398 1492 sequacibus
1430 1424 1631 1475 illorum
1680 1436 1706 1472 a
1764 1421 2031 1473 liminibus

502 1521 751 1575 Ecclesia:
782 1525 1072 1585 separatos,
1096 1502 1149 1569 et
1177 1513 1516 1567 indissolubili
1555 1512 1896 1565 anatltentatis
1930 1512 2036 1562 vin-

502 1612 623 1666 culo
649 1609 959 1663 innodatos.
996 1606 1238 1675 quoniam
1266 1605 1538 1659 ecclesiam
1589 1603 1754 1656 sancti
1818 1602 2037 1654 ltencdi-

503 1703 571 1754 eti
592 1701 808 1768 ejusque
837 1698 1133 1766 sepulcrum
1164 1698 1213 1748 in
1245 1706 1418 1749 castro
1443 1693 1633 1748 Casino
1660 1695 1814 1746 situm
1846 1692 2039 1744 violare

503 1791 673 1843 conati
697 1798 839 1851 snnt,
870 1796 924 1840 et
961 1796 1178 1839 sanctas
1221 1784 1467 1851 reliquias
1521 1796 1635 1850 post
1677 1796 1907 1835 nostrum
1964 1784 2043 1833 in»
2076 1823 2120 1881 Β

508 1880 784 1932 terdictum
815 1876 1041 1929 retinere
1060 1884 1336 1936 conantur,
1365 1880 1543 1925 contra
1576 1871 1874 1938 apostolica:
1903 1870 2042 1922 sedis

510 1976 724 2031 statuta,
756 1976 808 2021 et
830 1964 1180 2028 interdictum,
1210 1971 1261 2014 et
1289 1964 1445 2014 totius
1480 1974 1673 2013 sanetae
1713 1959 1896 2031 synodi
1926 1973 2046 2011 sen-

511 2059 750 2121 tentiam,
779 2071 954 2123 quam,
978 2053 1151 2107 missis
1182 2067 1272 2119 per
1311 2051 1563 2123 singulas~
1588 2033 1879 2119 provincias
1904 2050 2049 2101 litte-

513 2150 606 2211 ris,
641 2158 811 2199 notam
840 2147 986 2200 vobis
1035 2144 1275 2198 omnibus
1323 2142 1562 2196 fecimus.
1610 2144 2047 2195 lixcouimunica-

518 2252 633 2290 inus
664 2238 817 2306 igitur
846 2252 941 2305 pro
980 2236 1218 2303 superius
1246 2235 1399 2287 dictis
1441 2233 1665 2298 reliquiis
1719 2247 1897 2285 omnes
1944 2233 2048 2297 jam

516 2330 700 2388 dictos,
727 2336 778 2379 et
818 2326 999 2378 falsum
1026 2325 1265 2377 abbatem
1314 2323 1691 2385 Str-umbolutn,
1727 2338 1824 2374 non
1858 2323 2051 2373 Mutno~

517 2416 645 2477 lum,
679 2422 731 2466 et
753 2413 1028 2481 Aygull'tttn
1052 2411 1211 2462 ftlium
1233 2411 1441 2463 Satanae
1469 2424 1585 2461 cunt
1615 2412 1721 2459 suis
1744 2407 2050 2466 fautoribus,

522 2506 688 2555 donec
717 2514 922 2553 sanctas
961 2500 1204 2567 reliquias
1234 2499 1503 2552 ad'urbem
1539 2488 1753 2549 Ruinam
1787 2496 2051 2554 reducant,

476 2601 571 2642 .et
626 2594 691 2642 de
758 2597 1051 2655 perpctrata
1107 2588 1354 2654 nequitia,
1405 2588 1686 2641 secundum
1732 2594 1921 2655 statuta
1968 2600 2053 2638 ca-

524 2692 739 2740 ιιοιευη),
793 2675 1143 2743 penitentiam
1192 2684 1416 2727 sumant.
1457 2675 1780 2740 Quapropter
1830 2683 2052 2727 vestram

524 2783 553 2821 a
585 2768 690 2834 Deo
738 2768 1142 2820 censervandam
1167 2766 1491 2819 clementiam
1514 2765 1701 2818 obnixa
1739 2779 1888 2830 prece
1906 2777 2054 2831 roga-

524 2870 673 2917 mus,
706 2866 757 2907 et
782 2870 843 2908 ex
879 2854 966 2906 Dei
997 2855 1389 2921 omnipotentis,
1435 2861 1487 2906 et
1514 2852 1864 2918 apostolorum
1918 2850 2053 2903 l'etri

474 2968 477 2969 ν
526 2954 581 2995 et
605 2944 768 3007 l‘auli,
788 2951 842 2995 et
864 2943 1127 2996 Benedicti
1149 2952 1293 3009 parte
1317 2943 1664 3008 pra'cipinius,
1693 2951 1747 2992 ut
1765 2942 1869 3007 jam
1892 2941 2056 2992 dictos

526 3036 752 3086 latrones
772 3034 835 3085 ad
859 3034 1109 3100 justitiam
1132 3033 1271 3085 sedis
1294 3034 1590 3098 apostolica
1615 3032 1899 3085 faciendam
1934 3045 2057 3084 con-

525 3123 806 3191 stringatis.
834 3121 923 3175 Sin
954 3131 1123 3175 autem
1150 3130 1201 3174 et
1230 3134 1322 3174 vos
1343 3132 1392 3174 et
1415 3121 1530 3173 illos
1557 3132 1817 3189 perpetuae
1845 3121 2057 3173 maledi-

524 3216 709 3268 ctionis
734 3215 1063 3266 anathemate
1093 3212 1417 3264 damnamus.
1454 3210 1639 3273 Datum
1673 3210 1756 3263 die
1797 3208 2059 3263 Kalenda-

525 3318 637 3356 rum
659 3303 1043 3356 Novembrium.

1062 3411 1382 3465 EPISTULA
1422 3411 1509 3466 IX.

996 3517 1061 3554 AD
1102 3516 1269 3554 OIINES
1307 3516 1595 3555 EPISCOPOS.

609 3590 895 3644 Vitalianus
907 3595 1179 3659 episcopus
1191 3605 1371 3643 servus
1384 3605 1648 3643 servorum
1665 3589 1773 3652 Dei,
1793 3590 1993 3643 dilectis
2010 3591 2060 3642 in

532 3683 740 3735 Christo
786 3682 1030 3735 fratribus
1072 3694 1123 3733 et
1164 3681 1301 3746 ﬁliis,
1329 3682 1752 3747 archiepiscopis,
1784 3680 2062 3747 episcopis,

533 3785 583 3825 et
631 3774 902 3825 abbatibus
931 3773 981 3824 iit
1029 3772 1293 3839 llispania,
1328 3770 1535 3836 Baetica,
1571 3771 1852 3831 Lusitania,
1884 3769 2066 3823 Gallae-

538 3864 638 3922 cia,
670 3862 965 3927 Aquitania,
999 3860 1283 3920 Britannia,
1316 3859 1613 3919 Germania,
1644 3857 1807 3911 Gallia
1839 3858 2061 3923 Belgica,

535 3950 698 4001 Gallia
740 3950 957 4013 'l‘ogata,
984 3948 1147 3997 Uulliu
1187 3948 1470 4013 Cisalpina,
1497 3946 1663 3997 Gallia
1701 3948 2061 4013 Transalpina,

536 4047 590 4089 et
615 4035 783 4089 Gallia
815 4036 1229 4103 "l‘ranscampana
1260 4036 1580 4096 constitutis,
1606 4038 1825 4087 salutem
1856 4044 1909 4088 et
1938 4052 2063 4103 apo-

534 4129 771 4181 stolicam
797 4125 1229 4179 benedictionem.

611 4217 805 4268 Vestrae
844 4214 1167 4267 universitati
1220 4228 1310 4282 per
1348 4225 1618 4279 prazsentta
1652 4216 1840 4278 scripta
1886 4224 2063 4266 notum

537 4320 655 4358 esse
678 4307 918 4357 volumus
940 4306 1220 4359 Mumolum
1259 4307 1582 4371 Ιιωι-θιὶρηιιι,
1607 4314 1660 4359 et
1687 4306 2066 4369 Flor-incensus,

538 4398 661 4450 olim
692 4398 898 4463 quidem
919 4398 1221 4459 monachos,
1253 4412 1390 4449 nunc
1420 4412 1540 4448 vero
1569 4396 1883 4457 Sarabaitas,
1916 4410 2068 4462 gyro-

1610 386 1939 441 VITMJANI
1984 384 2177 439 ΡΑΡιΕ
2227 381 2589 438 ΕΡΙΞΤΟΙΑΕ.

2050 502 2095 557 Α
2128 494 2375 561 potentis,
2406 508 2467 545 ex
2497 487 2855 555 apostolorum
2888 483 3027 539 Petri
3054 491 3105 537 et
3135 480 3279 535 Pauli
3309 487 3497 533 vestra
3546 478 3652 531 nni-

3527 364 3651 419 1008

2128 583 2361 635 versitati
2395 580 2722 641 mandamus,
2747 586 2803 629 ut
2833 575 3209 631 Floriacenses.
3238 567 3648 629 Aurelianenses,

2125 681 2178 725 et
2201 672 2693 729 Cenomannenses,
2720 680 2813 734 pro
2842 660 3309 719 excommunicatis
3331 656 3580 715 habeatis.
3606 666 3656 709 et

2130 763 2248 816 illos
2289 772 2411 815 ante
2441 770 2666 812 nostram
2699 754 3029 825 prmsentiam
3055 766 3172 804 eum
3204 746 3402 801 sanctis
3435 745 3656 813 reliquiis

2129 851 2303 905 venire
2323 849 2538 917 cogatis.
2589 847 2702 914 Quo
2730 855 2901 897 autem
2944 842 3169 896 termino
3202 848 3326 891 ante
3368 850 3463 890 nos
3492 836 3657 888 venire

2129 939 2371 1001 debeant,
2428 936 2618 989 vestris
2674 933 2860 987 litteris
2908 932 3184 984 insinuate.
3236 922 3495 992 Quidquid
3539 938 3657 979 vero

2133 1030 2321 1085 exinde
2353 1026 2658 1089 statueritis,
2701 1024 2876 1078 dilecti
2918 1022 3012 1075 lilii
3045 1019 3209 1073 nostri
3260 1013 3504 1071 Clodovei
3534 1014 3658 1078 regis

2133 1122 2250 1187 erit,
2276 1121 2355 1173 his
2379 1120 2537 1172 etiam
2561 1112 2928 1176 renitentibus,
2952 1110 3259 1178 adimplere.
3287 1106 3473 1158 Datum
3497 1102 3659 1155 lioma:

2134 1226 2233 1263 xvii
2261 1211 2370 1263 Kal.
2404 1206 2648 1276 Augusti.

2662 1303 2683 1329 ⁸
2718 1290 3036 1347 EPISTOLA
3080 1289 3120 1341 Χ
3135 1328 3147 1340 .

2232 1428 2295 1465 Αἰ)
2324 1424 2631 1463 τυεοοοιιωι
2662 1416 3095 1460 Ακεηιειιιςεορυη
3126 1409 3576 1453 εΑΝτυΑκιεπεεκ.

2340 1516 2618 1568 Ρτέηιαηιηι
2643 1510 2879 1564 Ecclesiae
2907 1505 3259 1560 Cantuariensi
3279 1502 3479 1555 asserit.

2214 1624 2566 1681 Dilectissimo
2592 1620 2737 1675 fratri
2760 1617 3058 1681 Theodoro,
3086 1613 3378 1668 Vitalianus
3402 1610 3667 1679 episcopus

2143 1734 2323 1774 servus
2353 1730 2620 1771 servorum
2654 1714 2765 1766 Dei.

2218 1810 2353 1861 Inter
2409 1806 2628 1870 plurima
2686 1814 2803 1868 qua:
2864 1797 3012 1850 nobis
3065 1808 3156 1861 per
3204 1800 3407 1845 vestras
3459 1786 3672 1856 syllabas

2147 1898 2373 1961 intimari
2420 1892 2642 1962 jussisti,
2674 1889 3010 1957 cognovimus
3065 1884 3221 1935 etiam
3249 1878 3565 1933 desiderium
3596 1892 3673 1928 ve-

2155 1996 2317 2037 strum
2353 1998 2445 2050 pro
2470 1977 2870 2034 conﬁrmatione
2896 1972 3157 2034 tlimcesis,
3182 1984 3296 2036 qua:
3322 1978 3424 2020 tua:
3452 1966 3674 2031 subiacet

2153 2072 2364 2135 ditioni,
2394 2070 2514 2138 quia
2539 2070 2588 2119 in
2620 2065 2859 2120 omnibus
2888 2076 2947 2114 ex
2982 2070 3159 2113 nostro
3186 2056 3488 2124 apostolicae
3514 2063 3675 2105 aucto-

2150 2166 2318 2216 ritatis
2370 2158 2640 2227 privilegio
2688 2154 3049 2224 splendescere
3093 2148 3376 2201 desideras.
3413 2144 3514 2196 Nos
3564 2154 3677 2192 vero

2149 2268 2331 2307 vestra!
2361 2250 2595 2317 petitioni
2636 2254 2945 2306 annuentes,
2990 2242 3108 2307 quia
3160 2236 3397 2304 congruit
3447 2229 3677 2299 pastorali

2149 2339 2514 2399 Sollicitudine,
2550 2336 2687 2389 circa
2718 2331 2964 2386 ecclesias
2993 2328 3078 2380 Dei
3119 2340 3235 2393 qua:
3265 2339 3291 2374 a
3324 2322 3510 2391 priscis
3557 2330 3678 2371 lem-

2152 2416 2362 2499 porilms
2390 2429 2454 2479 ab
2486 2430 2580 2477 hac
2609 2420 2887 2491 apostolica
2935 2416 3058 2471 sede
3094 2422 3280 2468 statuta
3332 2407 3676 2477 intelligimus,

2153 2519 2494 2588 irrelragabili
2528 2518 2729 2569 ratione
2758 2512 3013 2573 volumus,
3042 2519 3095 2560 ut
3137 2508 3269 2559 sicut
3313 2517 3339 2555 a
3370 2500 3517 2554 nobis
3562 2509 3611 2551 et
3656 2514 3680 2549 a

2154 2612 2342 2664 nostris
2369 2606 2757 2662 successoribus
2789 2613 3029 2670 perpetua
3061 2596 3339 2651 stabilitate
3367 2593 3676 2644 muniantur.

2157 2701 2301 2754 Unde
2330 2699 2479 2751 nobis
2509 2697 2672 2751 visum
2707 2705 2786 2747 est
2819 2704 2868 2745 te
2897 2688 3183 2751 exhortari,
3240 2700 3299 2738 ac
3352 2685 3403 2736 in
3447 2679 3681 2750 praesenti

2155 2788 2517 2842 commendare
2592 2794 2692 2837 tuae
2766 2780 3115 2849 sagacissime
3181 2774 3439 2829 sanctitati
3507 2784 3683 2824 omnes

2157 2880 2319 2933 ltlccle
2341 2880 2416 2931 ias
2462 2877 2514 2929 in
2565 2875 2731 2929 insula
2774 2872 3050 2926 Britannic
3103 2868 3315 2936 positas.
3364 2865 3544 2919 Omnia
3571 2876 3685 2928 ergo

2156 2985 2269 3036 qua:
2311 2982 2340 3019 a
2395 2976 2577 3020 sancto
2614 2962 2865 3037 Gregorio
2918 2960 3299 3028 prmdecessore
3340 2966 3539 3014 nostro.
3582 2951 3685 3005 Au-

2155 3062 2361 3128 guStino
2385 3059 2615 3126 syncello
2641 3070 2755 3117 suo,
2779 3060 2967 3105 statuta
2995 3058 3117 3103 sunt
3154 3056 3309 3117 atque
3362 3046 3584 3107 llrmata,
3612 3044 3686 3095 vel

2086 3148 2130 3209 C
2161 3150 2314 3203 etiam
2347 3163 2436 3216 per
2466 3160 2669 3199 sacrum
2711 3156 2858 3196 usum
2901 3140 3040 3207 pallii
3085 3151 3354 3200 concessa,
3399 3150 3493 3187 nos
3522 3134 3606 3186 tibi
3638 3133 3686 3184 in

2161 3256 2325 3293 :evum
2376 3236 2727 3297 concedimus,
2775 3242 2825 3284 et
2872 3230 3241 3284 Doroverniam
3281 3228 3561 3289 civitatem,
3605 3224 3685 3277 ubi

2162 3330 2399 3397 printitns
2422 3342 2510 3393 per
2534 3327 2902 3377 revelationem
2926 3320 3048 3374 Jesu
3082 3320 3271 3371 Christi
3304 3316 3501 3369 Domini
3531 3316 3685 3367 nostri

2162 3422 2288 3474 ﬁdes
2334 3417 2607 3478 catholica,
2659 3414 2943 3466 secundum
2998 3408 3373 3460 institutionem
3430 3418 3686 3457 sacrorum

2161 3522 2418 3563 canonum
2445 3511 2684 3569 suscepta
2713 3511 2811 3559 Cal,
2846 3499 3055 3551 habeto.
3089 3499 3157 3549 tax
3190 3495 3496 3548 auc:oritate
3523 3503 3685 3544 autem

2163 3600 2299 3653 beati
2340 3597 2475 3651 Petri
2520 3594 2874 3662 apostolorum
2924 3590 3199 3657 principis,
3253 3588 3333 3641 cui
3388 3603 3415 3638 ι
3474 3584 3685 3637 Domino

2164 3697 2341 3741 nostro
2390 3692 2617 3752 potestis
2659 3682 2779 3734 data
2811 3688 2890 3732 est
2924 3679 3113 3741 ligandi
3161 3688 3318 3743 atque
3361 3673 3594 3726 solvendi
3642 3673 3687 3721 in

2165 3780 2295 3833 cmlo
2319 3788 2371 3830 et
2402 3779 2450 3829 in
2484 3786 2640 3833 terra,
2667 3786 2779 3834 nos,
2814 3773 2934 3822 licet
2960 3768 3203 3820 immeriti
3232 3806 3246 3830 ,
3304 3768 3533 3831 ejusdem
3564 3761 3688 3815 beati

2167 3869 2304 3920 Petri
2328 3866 2568 3933 clavigeri
2593 3863 2733 3929 regni
2755 3861 3005 3913 calorum
3056 3859 3221 3909 vicem
3270 3868 3525 3913 tenentes,
3583 3855 3690 3914 tibi,

2167 3956 2461 4017 Theodore,
2498 3955 2699 4017 tuisque
2735 3948 3145 4009 successoribus,
3177 3947 3328 3998 sicuti
3382 3946 3447 3996 ab
3494 3944 3693 3996 olitanis

2171 4043 2491 4111 tempmibus
2533 4042 2733 4094 fuerunt
2760 4041 3073 4099 eondonata,
3107 4038 3172 4088 ita
3213 4037 3261 4088 in
3304 4044 3600 4102 perpetuum
3647 4034 3691 4084 in

2171 4135 2278 4201 ipsa
2306 4143 2387 4183 tua
2421 4129 2815 4197 metropolitana
2870 4127 3012 4189 sede,
3046 4142 3159 4193 qua:
3191 4126 3285 4179 sita
3317 4136 3395 4177 est
3422 4125 3468 4176 in
3493 4126 3691 4176 civitate

2173 4224 2509 4281 Dorovernia,
2565 4218 2870 4271 immutilata
2919 4216 3249 4268 concedimus
3296 4215 3587 4266 detinenda.
3643 4214 3690 4265 Si

2171 4315 2285 4379 quis
2313 4324 2457 4371 vero,
2488 4309 2622 4376 quod
2673 4321 2773 4357 non
2804 4315 3062 4371 optamus,
3111 4312 3287 4355 contra
3314 4342 3315 4345 η
3338 4304 3467 4354 hanc
3513 4310 3693 4353 nostra:

2172 4400 2443 4468 apostolici
2491 4396 2810 4451 definitionis
2840 4394 3087 4461 privilegii
3120 4391 3470 4444 auctoritatem
3527 4392 3694 4444 venire

544 4501 723 4555 "3805.
754 4501 815 4539 ac
849 4486 1463 4555 Primoﬂcnilos‘salallm.
1503 4501 1562 4538 ea
1604 4501 1718 4551 quae
1748 4488 1919 4539 carnis
1955 4497 2073 4540 sum
2100 4463 2147 4521 υ
2177 4492 2467 4555 tentaverit,
2522 4488 2772 4557 siquidem
2822 4484 3118 4549 episcopus,
3167 4482 3244 4532 vel
3300 4481 3593 4550 presbyter,
3617 4487 3697 4531 aut

546 4579 711 4642 sequi,
743 4584 796 4629 et
820 4585 998 4630 tenere
1026 4575 1314 4628 doctrinam
1346 4575 1574 4638 Balaam,
1608 4575 1697 4627 lilii
1725 4575 1855 4628 Beor
1877 4592 1891 4639 ;
1916 4575 2071 4641 furta,

548 4668 838 4733 latrocinia,
863 4668 1347 4729 commcssationes,
1374 4675 1427 4720 et
1454 4668 1754 4733 ebrietates,
1784 4675 1834 4719 et
1879 4668 2076 4720 lenoci-

546 4758 631 4809 nia
678 4756 933 4823 diligere,
962 4766 1015 4809 et
1064 4758 1115 4809 in
1165 4757 1440 4809 violatione
1486 4756 1843 4821 sepulcrorum
1865 4770 2075 4822 operam

544 4851 692 4899 dare.
720 4846 803 4898 0b
827 4859 980 4912 quam
1008 4860 1114 4899 rem
1142 4845 1325 4898 scitote
1352 4846 1471 4899 illos
1494 4845 1838 4898 indissolubili
1864 4846 2077 4897 anathe-

549 4936 702 4987 matis
733 4935 939 4989 vinculo
969 4948 1085 4986 esse
1109 4936 1400 4998 damnatos,
1430 4945 1483 4989 et
1508 4952 1533 4986 a
1564 4950 1724 5003 regno
1749 4934 1835 4987 Dei
1876 4936 2075 4986 aliena-

550 5036 651 5087 tos,
680 5035 733 5078 et
759 5040 875 5078 cum
920 5025 1125 5077 diabolo
1169 5036 1221 5076 et
1249 5027 1362 5091 ejus
1400 5027 1742 5079 atrocissimis
1774 5026 2002 5092 pompis,
2030 5032 2084 5076 et

552 5114 684 5167 Juda
730 5114 852 5166 Jesu
888 5110 1079 5167 Christi
1112 5113 1311 5165 Domini
1364 5117 1524 5168 nostri
1558 5115 1807 5169 traditore
1832 5130 1945 5168 esse
1997 5128 2085 5167 so-

510 5224 513 5225 ν
554 5206 744 5267 ciatos,
794 5204 895 5257 nisi
936 5195 1073 5257 forte
1118 5204 1278 5272 patris
1320 5204 1609 5268 Benedicti,
1639 5207 1853 5273 ejusque
1888 5204 2085 5258 sororis

560 5294 824 5363 reliquias,
884 5308 1014 5360 quas
1063 5296 1301 5362 nequiter
1350 5294 1698 5365 abstulerunt,
1750 5294 1800 5346 in
1852 5302 2086 5346 nostram

559 5384 910 5451 praesentiam,
942 5379 1184 5434 Casinum
1215 5382 1581 5451 reportandas,
1614 5380 1829 5434 [tantam
1863 5382 2085 5435 reduxe-

557 5474 680 5537 rint,
722 5482 775 5526 et
815 5472 880 5526 de
909 5480 1047 5523 tanta
1080 5474 1303 5536 nequitia
1350 5483 1401 5526 et
1428 5472 1700 5547 sacrilegio
1741 5472 1945 5537 dignam
1978 5486 2089 5539 pte-

561 5565 829 5617 nitentiam
860 5562 1137 5635 gesserint.
1172 5560 1494 5631 Quapropter
1515 5578 1579 5616 ex
1626 5570 1773 5629 parte
1804 5559 1889 5612 Dei
1920 5561 2091 5613 omni-

632 5704 651 5727 ³
698 5696 770 5747 Ex
800 5686 1019 5749 Wilkins
1049 5695 1209 5751 Cuttc.
1244 5696 1395 5758 Brit.,
1423 5708 1546 5749 tom.
1581 5696 1613 5755 Ι,
1651 5709 1765 5762 pag.
1794 5692 1881 5744 4i.

2173 4582 2445 4641 diaconus,
2465 4578 2641 4639 fuerit,
2666 4590 2729 4628 ex
2754 4574 2852 4625 hac
2878 4573 3161 4639 apostolica
3188 4575 3495 4623 auctoritate
3522 4571 3694 4623 statui-

2178 4688 2295 4726 mus
2324 4683 2479 4736 atque
2499 4666 2853 4727 decernimus,
2882 4675 2937 4717 ut
2963 4667 3235 4731 episcopus
3264 4661 3445 4714 ordine
3467 4662 3698 4727 praesula-

2179 4774 2263 4818 tus
2290 4770 2487 4823 careat,
2518 4767 2569 4811 et
2601 4758 2872 4825 presbyter
2899 4755 2980 4807 vel
3024 4755 3273 4806 diaconus
3308 4764 3366 4803 se
3413 4749 3641 4837 noverint
3672 4761 3695 4797 a

2179 4854 2288 4908 suis
2310 4851 2578 4905 ordinibus
2616 4848 2869 4915 dejectos.
2896 4847 2969 4899 Ex
2994 4855 3210 4897 numero
3234 4848 3407 4892 autem
3438 4839 3694 4900 laicorum,

2183 4954 2283 4996 tam
2313 4955 2374 4991 ex
2413 4941 2639 5007 regibus,
2668 4951 2821 5005 quam
2873 4933 3215 5001 principibus,
3264 4929 3377 4982 sive
3399 4942 3582 4997 magna
3625 4928 3696 4979 vel

2184 5045 2335 5099 parva
2367 5042 2585 5097 persona
2617 5026 2790 5087 fuerit,
2822 5020 2953 5075 sciat
2974 5033 3031 5073 se
3057 5018 3283 5071 alienum
3312 5032 3341 5069 a
3367 5016 3698 5084 participath

2184 5138 2248 5174 ne
2275 5120 2509 5187 corporis
2541 5113 2743 5169 Domini
2788 5112 2950 5165 nostri
2980 5110 3101 5163 Jesu
3124 5107 3342 5162 Christi.
3370 5107 3514 5165 lianc
3542 5114 3701 5156 autem

2186 5208 2435 5276 privilegii
2490 5205 2726 5271 paginam
2756 5199 3017 5254 suffultam
3065 5198 3373 5251 auctoritate
3415 5194 3546 5248 Leati
3571 5191 3699 5247 Petri

2186 5299 2539 5367 apostolorum
2588 5290 2853 5359 principis,
2896 5290 3044 5357 cujus
3095 5286 3395 5345 ministerio
3434 5280 3703 5352 fungimur,

2188 5387 2299 5450 tibi,
2329 5384 2623 5443 Theodore,
2671 5380 2870 5448 tumque
2915 5374 3305 5432 successoribus
3330 5376 3380 5427 in
3410 5381 3703 5441 perpetuum

2187 5471 2517 5529 obtinendam
2540 5470 2857 5537 delegamus.
2879 5469 3013 5520 Deus
3036 5474 3085 5518 te
3104 5463 3419 5526 incolumem
3438 5460 3703 5522 custodiat,

2189 5559 2526 5617 dilectissime
2557 5558 2730 5611 frater.
3598 5558 3599 5561 ‘
