3848 6234
194 374 307 433 1009

704 478 1038 533 ΕΗὸΤΟῐιΑε
1067 477 1155 531 XI.

251 573 526 627 \‘italianus
560 570 838 636 episcopus
881 582 1065 621 servus
1114 582 1385 621 servorum
1440 566 1527 619 Dei
1561 580 1705 617 reve-

194 664 392 719 rernliss.
431 660 638 713 domino
682 658 989 712 cbarissimo
1034 658 1411 711 Beneventanum
1458 655 1707 709 Ecclesiae

193 752 449 815 episcopo,
497 758 548 800 et
594 747 646 800 in
694 746 876 800 eodem
910 746 1190 799 venerabili
1212 746 1480 813 episcOpio
1505 744 1556 797 in
1584 760 1698 813 per-

195 849 400 908 pentum.

251 930 368 982 Cum
397 928 529 982 sicut
560 927 859 994 apostolicae
888 926 1154 995 dignitatis
1201 935 1379 992 aperte
1412 925 1461 978 in
1504 924 1601 978 hoc
1630 924 1707 976 di-

197 1021 284 1074 vini
329 1018 581 1088 profecms
629 1019 798 1072 nitore
835 1019 1167 1087 dignoscatur
1206 1018 1543 1084 pradulgere,
1575 1027 1627 1070 et
1653 1018 1704 1070 in

195 1112 473 1165 exercendis
498 1110 587 1164 Dei
619 1109 885 1174 laudibus,
916 1123 1008 1161 seu
1039 1109 1326 1176 impensius
1357 1107 1560 1159 studeat
1627 1106 1701 1158 la-

196 1201 318 1252 boris
340 1198 585 1252 exhibere
615 1208 903 1263 certamen,
930 1197 998 1249 ob
1029 1199 1126 1250 ltoc
1150 1196 1321 1248 debita
1350 1210 1441 1247 nos
1469 1195 1702 1261 ejusdem

193 1294 463 1361 apostolicae
517 1290 790 1359 pastoralis
852 1290 1100 1355 compulit
1146 1288 1512 1342 sollicitudinis
1557 1301 1699 1349 cura,

193 1397 384 1448 quzeque
408 1383 468 1434 ad
502 1380 832 1434 stabilitatem
882 1380 1082 1447 piorum
1136 1380 1364 1433 locorum
1409 1378 1702 1446 promulga-

195 1472 263 1534 ri,
302 1482 348 1524 et
392 1470 686 1539 aposrolica:
739 1470 1076 1523 iﬂalllUllOﬂlS
1118 1483 1334 1523 censura
1383 1467 1699 1521 confirmari.

195 1562 333 1630 Igitur
373 1562 483 1628 quia
514 1561 780 1629 postulasti
825 1577 850 1612 a
889 1561 1039 1615 nobis
1080 1570 1335 1629 quatenus
1367 1559 1705 1613 r‘everendis-

193 1653 304 1703 sima
332 1652 801 1705 Beneventanensis
826 1651 1076 1716 Ecclesia,
1106 1652 1208 1705 Deo
1238 1651 1465 1714 favente,
1496 1651 1705 1718 privile-

194 1743 276 1807 giis
326 1742 763 1795 reveretttlissitnu:
822 1743 960 1795 sedis
1002 1742 1302 1809 apostolicae
1341 1741 1699 1806 decoraretur,

890 368 1093 423 JONAS
1130 367 1343 423 ABBAS
1382 364 1814 420 ELNONENSIS.
1849 392 1910 401 —
1945 354 2207 416 ΝὈΤΙΤΙΑ
2249 358 2615 415 ιιιδτοιιιω.

3197 309 3342 417 ⁸1010

1732 476 1779 535 Α
1810 488 1985 527 sorunt
2029 484 2317 526 vestrorum
2343 509 2359 537 ,
2408 472 2484 525 vel
2531 470 2751 537 alicujus
2790 470 3054 538 dignitatts
3084 482 3341 540 petestate

1809 562 2055 632 pratditns
2081 563 2525 617 reverendissirnre
2546 564 2924 615 Benevctttanm
2948 561 3090 617 Eccl.
3114 560 3341 630 aliquam

1809 654 1911 704 vim
1945 654 2143 714 facere,
2180 653 2256 706 vel
2287 656 2334 706 itt
2370 652 2573 704 cunctis
2605 650 2707 718 j-trn
2741 652 3051 716 supradictis
3082 653 3341 715 ecclesiis,

1806 743 1885 794 vel
1934 742 1996 794 de
2034 742 2116 805 iis,
2165 757 2282 808 qua:
2330 742 2591 809 pertinere
2633 742 2888 805 videntur,
2938 756 3147 811 quoquo
3188 744 3345 795 modo

1804 833 2027 895 auferre,
2075 844 2160 896 aut
2186 832 2446 895 alienare,
2489 834 2569 885 vel
2598 833 2710 900 ejus
2740 834 2973 887 minuere
2994 835 3265 895 terminos,
3291 843 3339 887 el

1806 938 1899 976 nec
1947 925 2234 989 quamlibet
2284 923 2551 989 malitiam,
2592 936 2676 976 aut
2713 924 2930 991 jacturte
2970 924 3260 979 molestiam
3290 926 3341 978 in

1804 1014 2015 1067 easdem
2039 1014 2228 1068 inferre
2251 1029 2558 1083 quocunque
2593 1028 2860 1085 tempore,
2897 1031 2991 1072 nec
3020 1018 3222 1091 licentia
3247 1018 3337 1077 sit,

1808 1109 2076 1163 utdicmm
2112 1102 2233 1172 est,
2271 1122 2333 1162 ex
2382 1125 2557 1162 earum
2614 1110 2943 1175 pertinentiis
2976 1112 3201 1180 aliquam
3232 1125 3340 1163 rna-

1803 1213 1914 1265 gnzre
1939 1212 2211 1266 parvaque
2240 1212 2473 1265 persona:
2513 1199 2751 1264 auferre;
2782 1200 2871 1253 sed
2898 1200 3071 1254 omnia
3100 1201 3338 1267 superius

1805 1302 1972 1343 taxata
2028 1294 2123 1344 sub
2171 1300 2426 1361 potestate
2497 1302 2549 1347 et
2608 1291 2948 1358 dispositione
2991 1293 3339 1357 Beneventani

1803 1385 2131 1450 episcopatus
2161 1392 2414 1449 perpetuo
2463 1383 2777 1438 consistant.
2828 1392 2878 1434 ul
2931 1381 3165 1448 profecto
3189 1381 3337 1449 juxta

1788 1470 1853 1523 id
1883 1471 2017 1538 quod
2047 1485 2073 1521 a
2117 1472 2264 1523 nubis
2292 1482 2537 1523 statutum
2584 1481 2664 1524 est
2704 1471 2884 1524 eadem
2918 1471 3222 1525 venerabilis
3250 1487 3337 1525 re-

1804 1559 2175 1613 verentlissima
2242 1560 2712 1615 Beneventanensis
2753 1559 2972 1614 ecclesia
3039 1559 3339 1628 apostolicis

1805 1653 2290 1717 constitutionibus,
2338 1661 2423 1705 aut
2456 1652 2733 1723 privilegiis
2769 1654 3084 1715 eurisistens,
3133 1663 3338 1717 ornata,

1806 1746 2111 1797 inconcussa
2136 1744 2306 1797 dotata
2342 1751 2659 1810 permaneat.
2702 1740 2754 1798 Si
2787 1744 2900 1809 quis
2950 1751 3122 1795 autem
3169 1742 3339 1808 (quod

196 1832 363 1885 idci'co
398 1831 488 1896 piis
521 1831 623 1885 tuis
649 1832 920 1885 desideriis
949 1830 1214 1896 faventes,
1242 1840 1494 1909 acttostra
1525 1844 1698 1884 aueto-
1734 1824 1776 1883 Β
1806 1848 1907 1887 non
1934 1836 2181 1903 optatur)
2222 1833 2421 1887 nefario
2450 1849 2575 1887 ausu
2608 1834 2999 1903 praesumpserit
3025 1834 3135 1887 haec
3164 1849 3277 1900 qua:
3305 1848 3334 1886 a

198 1926 330 1978 ritate
360 1925 405 1977 id
436 1924 569 1992 quod
602 1924 838 1992 exposcit
864 1923 1077 1978 ellectus
1098 1964 1113 1990 ,
1162 1923 1542 1990 tnancipamus,
1570 1937 1699 1976 con-

194 2017 418 2069 cedentes
451 2016 558 2074 tibi,
604 2025 809 2081 tuaeque
853 1996 1079 2083 prailata:
1121 2012 1569 2067 reverendissima:
1600 2011 1700 2065 Be-

194 2105 533 2159 neventanensi
584 2104 853 2167 Ecclesia,
898 2104 946 2157 id
990 2112 1071 2157 est
1114 2104 1380 2167 Bibinum,
1432 2103 1699 2164 Asculum,

198 2180 419 2248 Larinum
444 2237 456 2256 ,
504 2207 555 2249 et
602 2193 873 2248 eccle~iam
914 2193 1075 2247 sancti
1103 2193 1369 2247 Michaelis
1406 2191 1703 2259 archangeli

196 2288 237 2337 in
264 2285 520 2354 Gargano,
554 2286 847 2352 pariterque
876 2286 1197 2353 Sipontinam
1245 2284 1540 2348 ecclesiam,
1588 2297 1705 2350 qua:

197 2378 239 2428 in
268 2390 441 2444 magna
470 2376 638 2443 inoriia
675 2386 729 2431 et
782 2385 1085 2443 paupertate
1110 2392 1227 2430 esse
1252 2377 1476 2439 videtur,
1507 2383 1560 2428 et
1586 2376 1705 2430 abs-

193 2479 280 2533 que
304 2462 595 2520 cultoribus
632 2476 686 2520 et
737 2467 1106 2520 ecclesiasticis
1157 2466 1342 2520 ofﬁciis
1392 2480 1533 2521 nunc
1582 2483 1706 2520 cer-

197 2558 318 2610 nitur
357 2571 469 2612 esse
497 2558 800 2625 depravata,
830 2572 947 2610 cum
992 2558 1233 2610 omnibus
1280 2556 1486 2625 quidem
1523 2571 1704 2612 eorum

194 2646 489 2712 tertinentiis
511 2686 526 2710 ,
554 2654 606 2699 et
647 2647 882 2700 omnibus
908 2646 1134 2714 praediis,
1169 2660 1282 2698 cum
1321 2645 1595 2713 ccclesiis,
1628 2646 1706 2699 fa-

200 2737 337 2790 miliis
368 2739 629 2807 utriusque
651 2752 805 2793 sexus
831 2779 845 2800 ,
876 2747 929 2793 et
959 2740 1143 2791 massis
1170 2780 1184 2804 ,
1236 2747 1445 2807 totaque
1476 2738 1585 2792 loca
1618 2739 1708 2791 di-

201 2828 311 2882 tioni
336 2830 551 2897 antiqua:
582 2843 820 2897 possessa
874 2841 973 2882 tua:
1018 2832 1405 2895 sanctimoniae,
1438 2844 1709 2884 successo-

201 2918 420 2986 ribusque
447 2920 545 2972 tuis
573 2918 911 2973 concedimus
955 2918 1064 2972 ha-c
1104 2918 1274 2971 omnia
1315 2920 1628 2973 dominanda
1656 2930 1710 2975 et

204 3008 485 3072 possidenda
508 3048 523 3071 ,
552 3019 709 3077 atque
733 3009 982 3064 canonice
1011 3008 1362 3076 disponenda,
1397 3024 1511 3064 eum
1542 3011 1710 3064 omni-

195 3097 276 3149 bus
324 3099 424 3151 suis
470 3099 657 3167 ubique
708 3100 1066 3165 pertinentiis,
1108 3100 1219 3153 sive
1256 3100 1359 3153 sint
1402 3102 1452 3153 in
1485 3100 1711 3167 pra-fatis

1804 1924 1954 1977 nobis
1996 1926 2058 1976 ad
2106 1924 2308 1979 laudent
2343 1924 2429 1978 Dei
2474 1938 2564 1991 pro
2592 1924 2871 1979 stabilitate
2895 1925 3044 1978 dicta:
3092 1924 3335 1977 Ecclesiae

1806 2014 2184 2068 Beneventanus
2215 2021 2407 2066 statuta
2437 2024 2558 2067 sunt
2582 2013 2861 2081 refragare,
2890 2024 2979 2066 aut
3002 2016 3051 2067 in
3080 2028 3339 2082 quoquam

1809 2106 2128 2174 transgredi,
2189 2104 2319 2158 sciat
2382 2103 2729 2157 anatltcntatis
2782 2106 2984 2157 vinculo
3035 2104 3337 2157 innodatum

1804 2211 1943 2257 esse,
1974 2206 2171 2250 etcum
2200 2194 2331 2249 Juda
2361 2193 2564 2247 Domini
2605 2193 2873 2259 traditore,
2922 2203 2974 2246 et
3021 2208 3137 2246 cum
3176 2194 3342 2246 omni-

1807 2288 1902 2341 bus
1928 2286 2098 2354 impiis
2126 2283 2306 2339 aeterni
2336 2284 2561 2339 incendii
2605 2284 2859 2353 supplicio
2897 2283 3298 2337 condemnattnu
3330 2298 3342 2346 ;

1807 2386 1859 2429 at
1888 2390 2012 2429 vero
2056 2375 2144 2444 qui
2186 2375 2271 2442 pio
2320 2376 2505 2428 intuitu
2550 2376 2878 2440 observator,
2928 2385 2981 2429 et
3023 2376 3072 2427 iit
3104 2375 3343 2428 omnibus

1808 2465 2065 2523 exstiterit
2111 2464 2413 2520 custodiens
2463 2465 2616 2531 ltujus
2649 2467 2812 2519 nostri
2852 2467 3124 2533 apostolici
3154 2467 3347 2518 consti-

1811 2558 1905 2610 tuti
1933 2556 1996 2609 ad
2023 2556 2221 2609 cultum
2254 2555 2343 2609 Dei
2372 2556 2654 2623 respiciens
2675 2596 2688 2619 ,
2714 2556 3092 2619 benedictionis
3121 2557 3341 2624 gratiam

1808 2662 1835 2699 a
1865 2644 2433 2701 misericordiosissirno
2486 2646 2702 2700 Domino
2746 2645 2856 2701 Deo
2881 2632 3063 2699 nostro
3091 2646 3344 2711 multipli.

1806 2738 1937 2790 citer
1988 2743 2367 2804 consequatur,
2418 2745 2470 2789 et
2502 2736 2620 2790 vitae
2663 2746 2871 2791 interim
2915 2736 3175 2805 particeps
3209 2736 3342 2790 eltici

1811 2838 2089 2881 mereatur.
2144 2826 2406 2893 Scriptum
2458 2843 2545 2893 per
2598 2844 2803 2880 manum
2848 2826 3062 2882 Adriani
3099 2826 3346 2882 strintat-ii

1811 2918 2253 2972 reverendissimaa
2285 2919 2532 2972 llOuranrc
2565 2919 2812 2973 Ecclesizc
2838 2921 2890 2971 in
2914 2935 3095 2976 mense
3121 2921 3348 2976 Februa-

1810 3008 1910 3073 rio,
1951 3009 2129 3064 indict.
2168 2997 2247 3061 ll.
2275 3008 2413 3063 Bene
2436 3011 2619 3064 valete.

1882 3100 2066 3157 Datum
2096 3117 2148 3155 ιιι
2176 3100 2287 3154 ΚειΙ.
2325 3101 2477 3155 Febr.
2521 3117 2611 3170 per
2643 3117 2851 3155 manum
2882 3101 3138 3155 Anastasii
3166 3103 3343 3169 primi-

194 3187 462 3242 civiratibus
487 3229 499 3251 ,
546 3191 656 3241 sive
684 3189 735 3241 in
766 3191 1165 3260 quibuscnnque
1202 3193 1390 3245 castris
1416 3193 1708 3246 coiisisten-
1740 3184 1785 3247 C
1814 3195 1959 3259 cerii,
2005 3193 2313 3247 defensoris
2340 3182 2789 3247 revereud'issima:
2836 3192 2976 3248 sedis
3020 3192 3341 3261 apostolicus,

195 3278 273 3339 ria,
298 3276 538 3344 siquidem
573 3278 785 3346 insuper
832 3281 1118 3348 apostolica
1165 3296 1382 3334 censura
1415 3284 1511 3336 sub
1547 3284 1704 3337 divini

190 3367 347 3433 iudicii
375 3368 767 3433 nbtestantibus,
794 3380 845 3423 et
871 3371 1073 3433 validis,
1104 3383 1257 3439 atque
1287 3376 1552 3425 atrocibus
1577 3387 1704 3422 arra-

194 3456 412 3510 tlretuatis
435 3458 911 3523 interdicrionibus,
946 3471 996 3512 ttt
1027 3461 1197 3512 nullus
1230 3476 1453 3528 unquam
1495 3474 1705 3513 succes-

1815 3300 1952 3340 anno
1995 3286 2101 3339 Deo
2122 3276 2354 3354 propitio
2384 3284 2713 3355 pontificatus
2739 3286 2881 3340 dom.
2915 3284 3154 3340 Vitaliani
3194 3302 3347 3340 sum-

1814 3377 1883 3429 mi
1916 3376 2193 3443 pontificis,
2212 3386 2263 3428 et
2293 3375 2593 3429 universalis
2618 3391 2780 3443 parce,
2808 3376 2858 3429 irt
2887 3377 3237 3432 sacratissima
3260 3393 3341 3432 se-

1812 3468 1876 3521 de
1904 3468 2035 3520 beati
2064 3466 2201 3520 l’etri
2224 3466 2461 3533 apostoli,
2488 3466 2676 3535 primo,
2700 3464 2876 3520 ittdict.
2910 3465 2994 3520 Η.

196 3591 3348 3639 Μ

1409 3721 1563 3762 ANNO
1610 3721 1835 3763 DOMIN!
1882 3722 2113 3762 DCLXX.

1348 3904 1475 4124 .J
1485 3904 1823 4108 ON
1829 3902 2138 4113 AS

945 4256 1429 4380 ABBAS
1530 4254 2535 4381 ELNONENSIS.

1225 4526 1650 4601 NOTITIA
1707 4524 2268 4603 HISTURlCA.

1042 4686 1130 4734 rEx
1160 4686 1392 4749 Fabricio,
1418 4686 1644 4736 Biblioth.
1670 4686 1840 4737 mediae
1866 4693 1916 4734 et
1934 4684 2103 4733 inﬁmae
2126 4682 2437 4744 Latinitatis.)

240 4851 405 4915 Jonas,
424 4849 605 4917 abbas,
624 4848 1105 4907 sanctiCqumbani
1128 4856 1564 4923 etdiscipulorurn
1588 4858 1701 4925 ejus
1730 4859 1777 4917 D
1876 4855 2041 4908 Vitam
2066 4852 2232 4907 sancti
2258 4852 2442 4905 Attale:
2472 4846 2704 4913 abbatis,
2735 4859 2850 4913 Quae
2876 4845 3058 4901 itidem
3081 4847 3216 4901 edita
3253 4847 3336 4899 in-

188 4941 347 4998 Attala:
383 4954 433 5000 et
478 4944 705 5005 Eustasii
734 4943 1052 5013 discipulus,
1113 4947 1248 5001 idem
1297 4951 1383 5015 qui
1443 4951 1699 5004 llibernus

185 5036 239 5087 ab
255 5035 380 5099 aliis,
407 5036 488 5090 vel
511 5037 719 5104 Scorus,
745 5038 990 5105 Italusve,
1014 5051 1103 5093 aut
1127 5040 1353 5097 Bobiens
1377 5059 1421 5111 s,
1459 5046 1693 5097 Lirinen-

186 5123 244 5179 sis
267 5125 341 5181 vel
367 5125 704 5183 Luxovieosis
736 5130 1043 5198 appellatur,
1088 5132 1262 5187 clarus
1294 5136 1428 5188 circa
1461 5150 1543 5186 an.
1572 5135 1693 5187 cst.

188 5215 377 5283 Scripsit
397 5235 409 5271 :

246 5302 397 5381 Vitam
440 5307 607 5362 sancti
650 5306 994 5374 Columbam,
1048 5326 1163 5381 quae
1209 5312 1513 5379 interpolata
1562 5316 1697 5381 apud

187 5395 368 5452 Sutium
390 5398 453 5452 2|
482 5400 788 5465 Novembr;
836 5402 1091 5457 sincerior
1121 5414 1243 5457 tom.
1278 5403 1337 5459 Ill
1364 5404 1498 5473 Opp.
1529 5404 1701 5471 Beda),

189 5499 285 5553 pag.
311 5485 409 5542 199
432 5528 447 5551 ,
477 5499 531 5544 et
566 5489 616 5543 in
649 5488 903 5543 Vincentii
938 5490 1165 5545 Barralis
1202 5490 1553 5560 Cbronologia
1583 5508 1703 5545 sart-

188 5587 361 5631 cuirum
402 5577 752 5632 Lirinensium
780 5619 794 5643 ,
847 5594 963 5646 pag.
994 5580 1093 5643 85;
1120 5580 1448 5635 etneudatior
1476 5582 1699 5647 denique

190 5664 228 5715 iri
254 5665 519 5723 llabillouii
548 5684 669 5722 Suec.
705 5684 737 5724 ιι
768 5670 978 5731 l3eued.,
1011 5686 1125 5738 pag.
1160 5672 1222 5732 5;
1256 5671 1453 5725 Gallice
1486 5687 1694 5740 quoque

191 5756 443 5816 inurualdi
474 5761 684 5816 Andillii
719 5762 847 5817 Vitis
870 5774 1125 5829 sanctoru,
1158 5780 1271 5833 pag.
1308 5765 1428 5819 290.

1806 4959 1884 5001 ter
1908 4944 2061 4999 Beda:
2102 4944 2294 5011 Opera,
2328 4952 2452 4993 tom.
2478 4937 2527 5004 5,
2561 4951 2677 5008 pag.
2707 4934 2830 5003 222,
2863 4949 2915 4991 et
2954 4938 3092 5005 apud
3132 4936 3338 4990 Suriunt

1808 5038 1871 5091 10
1905 5038 2098 5101 Martii,
2124 5034 2496 5098 Barralimque,
2524 5046 2641 5100 pag.
2665 5030 2755 5096 97,
2796 5040 2849 5084 et
2876 5031 2927 5083 in
2955 5030 3096 5083 Actis
3124 5038 3337 5083 sancto-

1807 5144 1941 5191 rum,
1990 5138 2114 5178 torn.
2155 5124 2192 5175 ll
2224 5121 2415 5187 Martii,
2458 5136 2573 5191 pag.
2605 5121 2704 5185 43,
2756 5122 3005 5173 sincerior
3033 5135 3092 5173 ex
3116 5129 3339 5188 quatuor

1808 5236 1905 5274 ιιις.
1934 5231 1984 5274 et
2010 5219 2142 5288 apud
2170 5218 2519 5272 Mabillonium
2546 5232 2666 5270 saec.
2690 5232 2723 5267 ιι
2746 5214 2963 5277 Heneti,
2996 5228 3113 5282 pag.
3150 5213 3269 5269 160.

1886 5312 2055 5363 Vitam
2086 5308 2250 5361 sancti
2280 5308 2499 5361 Eustasii
2532 5306 2733 5359 abbatis
2763 5305 3103 5359 Luxoviensis
3132 5319 3215 5356 an.
3241 5300 3341 5354 627

1810 5402 2035 5456 defuncti
2065 5416 2127 5453 ex
2156 5401 2426 5467 ipsiusmet
2468 5396 2756 5459 ltinerario,
2788 5394 2967 5448 itidetrt
3016 5396 3147 5447 inter
3188 5391 3339 5444 Beda:

1806 5495 1996 5560 Opera,
2030 5500 2157 5545 tom.
2185 5491 2266 5555 lll,
2294 5506 2410 5559 pag.
2438 5489 2558 5549 2i5.
2585 5499 2635 5541 et
2659 5488 2791 5557 apud
2828 5488 3054 5545 Surium,
3078 5484 3143 5536 9.9
3168 5484 3341 5546 .‘llar't.,

1809 5584 2159 5637 Mabilloniurn
2215 5596 2335 5635 szcc.
2384 5595 2417 5630 tt
2470 5580 2686 5640 Bcncd.,
2733 5593 2845 5642 pag.
2894 5577 3007 5635 H5,
3041 5575 3173 5625 etin
3205 5573 3346 5625 Actis

1806 5682 2128 5733 sanctorum,
2158 5683 2281 5725 tom.
2318 5668 2376 5721 Ill
2404 5668 2593 5732 Martii,
2628 5683 2740 5736 pag.
2772 5666 2892 5727 786,
2928 5680 3043 5717 eum
3074 5664 3345 5716 llctzscbe—

1808 5763 1875 5815 nit
1907 5760 2060 5815 notis.
