3880 6236
171 431 306 489 1013

1409 411 1465 492 9.
1499 431 1886 492 COLUMBANI
1931 430 2115 486 vm.

2700 417 2720 446 ι

3225 439 3376 498 10ιὸ-

167 558 319 611 quam
357 540 670 611 panegyrico
688 542 940 604 carmine,
959 518 1052 596 sed
1083 544 1236 613 digna
1270 550 1540 602 memoriae
1559 560 1708 599 com-
1740 549 1783 608 Α
1812 543 2063 597 imitanda
2087 545 2330 611 exempla
2353 546 2432 600 vel
2465 549 2726 603 memoria:
2757 550 3193 618 commendanda,
3224 562 3281 607 et
3309 564 3366 608 ut

167 631 436 685 insudare.
499 630 605 684 Nec
648 630 780 684 adeo
825 629 994 701 [Fam
1028 631 1165 700 ideol
1201 634 1434 702 quisquis
1479 644 1718 701 superest

165 731 446 782 tumescat.
486 722 529 775 si
575 737 603 774 a
649 737 734 776 me
766 722 946 790 largita
985 723 1286 778 Conditoris
1325 726 1464 779 dona
1507 734 1715 780 narrata

164 812 357 876 videat,
394 827 460 866 ne
514 813 758 866 elationis
800 814 1009 866 stimulo
1053 815 1273 869 sincera:
1325 817 1514 871 mentis
1535 817 1714 871 solidi-

1821 645 2030 689 ventura
2054 636 2263 690 soboles
2285 637 2596 705 gloriaretur
2617 639 2683 694 de
2707 641 3107 717 praecedentium
3140 645 3364 702 meritis.

1815 729 2047 795 Quorum
2103 728 2287 784 beatus
2338 730 2653 787 Athanasius
2716 734 2966 800 Antonii,
3019 735 3365 806 Hieronymus

1819 819 1961 874 Pauli
1989 834 2042 875 et
2077 823 2373 889 Hilarionis,
2398 825 2480 877 vel
2515 839 2824 879 ceterorum
2853 842 2980 895 quos
3021 828 3190 882 cultus
3216 830 3367 884 bona:

165 911 326 959 tatem
385 913 710 972 corrumpat.
748 903 885 956 Nulli
942 906 1134 973 quippe
1181 905 1397 960 dubiutn
1446 918 1528 961 est
1575 908 1713 975 quod
1742 887 1932 963 avitae
1956 910 2240 966 laudabiles
2267 887 3365 980 reddebat;l‘ostlnnniaiiusvero,Severus

163 989 408 1044 adulator
464 991 660 1058 polluat
719 1000 924 1044 mentes
978 992 1170 1046 decore
1219 993 1399 1060 plenas
1441 995 1714 1056 virtutum.

163 1081 298 1135 sicut
329 1081 397 1134 ad
424 1081 577 1136 lsraél
602 1096 697 1148 per
729 1081 914 1135 Isaiam
949 1081 1196 1135 Dominus
1216 1083 1481 1148 loquitur:
1514 1082 1715 1152 Papule

161 1187 317 1234 ιιιεω,
351 1175 435 1240 qui
461 1172 656 1224 beatum
688 1182 734 1224 te
761 1172 935 1224 dicunt
953 1211 966 1231 ,
1010 1173 1106 1240 ἱρεὶ
1134 1183 1181 1225 ιε
1209 1173 1486 1240 deripiunt,
1511 1186 1558 1229 et
1585 1175 1714 1226 rium

160 1274 423 1328 gressuum
443 1270 639 1312 tuorum
660 1260 905 1328 dissipant
929 1260 1061 1330 (Ira.
1091 1260 1194 1326 ιιι).
1221 1261 1521 1329 Sapientem
1546 1263 1710 1326 enim,

161 1359 214 1402 ιιι
240 1351 401 1418 vulgo
443 1351 654 1414 dicitur,
714 1350 843 1404 falsa
891 1351 1002 1404 laus
1049 1351 1304 1419 increpat,
1353 1368 1474 1406 vera
1506 1352 1569 1407 ad
1601 1370 1711 1406 inc-

161 1438 286 1491 liora
346 1441 561 1494 tendere
617 1451 886 1507 provocat.
943 1441 1177 1495 Adornet
1224 1457 1348 1509 ergo
1408 1458 1502 1496 eos
1551 1445 1601 1497 in
1647 1460 1711 1498 eo

160 1531 296 1597 quod
345 1530 478 1584 bene
521 1543 803 1598 gesserunt
841 1529 974 1583 fama
1009 1530 1282 1585 laudabilis
1310 1572 1322 1594 ,
1375 1533 1604 1599 increpet
1648 1549 1710 1588 ne

159 1618 392 1671 maculet
446 1619 736 1672 amittendo
796 1617 1054 1672 fervorem
1121 1630 1270 1687 tepor
1329 1623 1706 1689 vituperabilis.

159 1709 396 1764 Caveaut
439 1710 524 1761 alii
570 1710 614 1763 si
666 1711 879 1779 dignum
927 1711 1218 1765 imitatione
1254 1712 1375 1780 quid
1427 1715 1708 1778 gesserint,

161 1814 224 1852 ne
267 1801 374 1854 sibi
427 1799 814 1868 iupostmodum
869 1801 1175 1869 perniciosa:
1218 1803 1458 1856 elationis
1517 1804 1705 1857 damna

158 1889 423 1942 attraliant
451 1904 515 1943 ex
546 1891 1050 1945 commemoratione
1080 1900 1296 1960 patrata:
1324 1893 1553 1947 virtutis.

227 1982 277 2035 ί.
321 1979 610 2038 luserimus
659 1998 789 2053 ergo
835 1984 921 2038 illa
970 2001 1086 2052 quae
1128 2001 1154 2038 a
1186 1988 1325 2040 veris
1356 1987 1706 2041 assertoribus

155 2071 356 2139 experti
401 2087 576 2126 sumus
623 2071 785 2128 fuisse
823 2083 1058 2142 patrata,
1107 2087 1155 2130 et
1184 2078 1584 2141 prmtermittere
1613 2093 1707 2130 ne»

156 2164 417 2232 gligentiat
462 2165 860 2234 deputavimus;
908 2170 1173 2237 multaque
1213 2172 1561 2237 pmtermissa
1591 2187 1706 2237 quae

155 2269 214 2307 ex
249 2263 362 2318 toto
397 2269 719 2323 nequaquam
748 2257 1100 2319 meminimus,
1125 2271 1170 2310 el
1200 2272 1291 2326 pro
1316 2271 1460 2324 parte
1477 2259 1704 2312 scribere

157 2345 455 2398 nullatenus
487 2356 660 2398 ratum
707 2345 976 2399 duximus.
1035 2349 1160 2414 Quae
1207 2357 1327 2400 sunt
1372 2362 1500 2416 ergo
1539 2349 1704 2416 posita

155 2431 357 2485 duobus
384 2432 578 2487 libellis
611 2433 881 2488 interscidi
906 2477 921 2495 ,
973 2445 1025 2486 ut
1058 2450 1161 2487 uno
1193 2434 1458 2488 volumine
1499 2436 1706 2504 legenti—

159 2521 248 2574 bus
272 2520 540 2576 l’astidium
585 2536 932 2588 amputarem.
997 2523 1200 2577 Primus
1230 2524 1287 2576 Β.
1317 2523 1584 2577 Columba:
1613 2541 1704 2592 ge-

154 2622 226 2663 sta
260 2611 594 2676 perstringit,
625 2611 890 2664 secundus
916 2612 1289 2680 discipulorum
1321 2614 1435 2680 ejus
1463 2617 1620 2667 Attali
1651 2625 1703 2668 et

155 2700 397 2764 Eustasii,
421 2699 502 2754 vel
521 2708 836 2754 caeterorum
856 2715 987 2769 quos
1011 2703 1340 2757 meminimus
1370 2703 1525 2756 vitam
1561 2705 1701 2758 edis--

154 2794 293 2844 serit.
341 2789 476 2859 Ergo
501 2805 560 2844 ea
586 2804 762 2845 vestro
792 2792 1069 2847 libramine
1104 2796 1364 2862 pensanda
1395 2810 1694 2858 censemus,

157 2891 208 2935 ut
251 2896 278 2934 a
330 2881 476 2934 vobis
522 2882 695 2950 sagaci
735 2885 1119 2938 examinatione
1165 2887 1411 2951 probata,
1440 2902 1468 2938 a
1498 2890 1702 2942 cmteris

159 2971 540 3040 ambiguitatem
573 2973 786 3039 pellant.
856 2972 984 3028 Nam
1011 2977 1052 3027 si
1088 2974 1349 3044 quippiam
1381 2978 1567 3044 aliquis
1597 2995 1696 3029 non

156 3063 247 3116 rite
307 3061 608 3116 distinctum
653 3075 717 3116 ac
767 3064 831 3119 de
889 3064 1142 3119 industria
1191 3076 1435 3135 corrupta
1485 3071 1694 3136 reperit,

156 3154 435 3222 rejicienda
461 3154 737 3222 judicabit,
768 3157 1056 3222 prmsertim
1084 3159 1125 3210 si
1157 3159 1428 3212 doctorum
1461 3159 1696 3214 facundia

155 3242 346 3307 fultus,
394 3242 586 3296 aﬂatim
638 3245 857 3298 scientia
906 3247 1148 3314 oppletus
1193 3249 1445 3303 abundet.

157 3341 321 3384 tamen
356 3346 451 3385 nos
499 3347 603 3385 non
641 3334 706 3385 ad
740 3333 839 3388 hoc
870 3334 1084 3404 vestigia
1115 3335 1346 3400 tendere,
1399 3348 1449 3390 ut
1483 3353 1575 3391 nos
1605 3354 1698 3404 pu-

161 3431 324 3475 temus
371 3422 643 3476 doctorum
691 3424 958 3492 gressibus
987 3427 1268 3493 comquari.
1326 3425 1398 3478 llli
1433 3441 1550 3480 lore
1582 3426 1694 3479 elo-
1771 3465 1776 3472 .

153 3512 373 3578 quentia:
419 3511 708 3577 madentes,
748 3513 937 3566 virides
981 3528 1196 3581 campos
1227 3513 1354 3568 flore
1396 3515 1723 3582 pinxerunt,-

153 3601 298 3654 uobis
329 3601 415 3656 vix
444 3603 585 3654 arida
611 3603 762 3655 tellus
789 3603 1000 3656 arbusta
1023 3604 1239 3673 gignere
1265 3603 1428 3657 novit.
1473 3604 1544 3658 Illi
1575 3605 1697 3660 ditis

153 3694 367 3746 balsami
400 3693 682 3762 l‘acrymam
724 3709 785 3746 ex
820 3693 1052 3763 Engaddi
1073 3736 1088 3759 ,
1124 3694 1382 3765 ﬂoresque
1406 3706 1695 3753 aromatum

151 3799 208 3836 ex
238 3784 426 3836 Arabia
455 3783 673 3856 [Supple
703 3784 947 3855 habent};
998 3787 1148 3840 nobis
1187 3801 1248 3844 ex
1279 3797 1300 3821 ³
1337 3788 1580 3842 Hibernia
1611 3805 1695 3842 Vix

152 3874 395 3943 butyrum
428 3855 742 3944 pinguescit.
777 3875 849 3927 bli
875 3877 1020 3943 piper
1044 3855 1368 3944 nardumque
1394 3888 1605 3931 sumunt
1627 3894 1694 3932 ex

151 3964 308 4025 ludia,
326 3966 474 4019 nobis
487 3964 1182 4035 penniferajuga,Apermiua
1195 3967 1341 4038 juga,
1356 3985 1456 4036 quo
1471 3969 1698 4038 zephiris

151 4053 412 4122 rigescunt
459 4056 655 4126 frigora
681 4055 883 4121 ﬂabris,
924 4057 1009 4110 vix
1036 4059 1243 4113 tandem
1266 4060 1548 4113 saliuncam
1567 4076 1700 4129 prte-

151 4144 289 4198 bent.
343 4146 420 4199 llli
457 4147 666 4214 pretiosi
716 4147 897 4215 lapidis
919 4149 1169 4204 varietate
1205 4149 1526 4220 gloriantur,
1552 4153 1698 4206 nobis

151 4238 473 4289 temerarium
498 4235 704 4290 videtur
733 4236 914 4292 Galliae
937 4239 1153 4292 succino
1173 4241 1403 4309 gloriari.
1426 4241 1501 4294 illi
1548 4258 1698 4310 poma

151 4327 427 4391 palmarum
453 4341 770 4395 magnOpere
792 4328 1060 4395 peregrina
1081 4329 1331 4398 dirigunt,
1365 4331 1514 4384 nobis
1537 4333 1704 4384 Auso—

151 4415 243 4466 nia:
273 4414 495 4486 [Surum
526 4415 837 4487 Ausonium]
856 4417 1001 4487 juxta
1027 4427 1230 4485 poetam
1248 4429 1369 4472 sunt
1397 4421 1537 4472 mitia
1570 4422 1702 4475 mel»

151 4505 207 4556 lis
231 4513 484 4560 castanea:
512 4521 689 4576 poma.
712 4507 909 4574 Valete,
933 4509 1052 4562 almi
1075 4509 1252 4564 l’atres
1275 4511 1383 4565 veri
1406 4512 1594 4579 vigoris
1617 4524 1697 4566 at-

152 4608 246 4662 que
266 4594 481 4661 roboris,
508 4596 618 4652 Deo
642 4597 798 4651 dicati
823 4612 1041 4652 aeterno.
1074 4601 1262 4654 Amen.

705 4706 877 4762 PR/E
886 4709 974 4763 ΡΑ
983 4709 1053 4764 TI
1063 4711 1126 4766 0.

212 4799 269 4864 Β.
294 4803 520 4860 Rutilaus
541 4816 701 4875 atque
727 4809 920 4862 eximio
952 4809 1155 4880 fulgore
1177 4813 1375 4865 micans
1396 4826 1690 4868 sanetmum

154 4897 420 4960 praesulum
467 4909 624 4966 atque
666 4899 1043 4951 monachorum
1086 4900 1342 4966 doctrina,
1377 4901 1692 4970 Patremque

151 4983 377 5050 solertia,
417 4988 666 5043 nobilium
698 4987 928 5042 virorum
960 4989 1194 5043 condidit
1227 4991 1367 5044 Vitas
1394 4992 1696 5059 doctorum,

154 5074 345 5126 scilicet
367 5085 414 5128 ut
433 5080 652 5144 posteris
666 5079 800 5132 alma
815 5079 1110 5133 redolerent
1124 5094 1413 5148 priscorum
1426 5083 1683 5148 exempla.

155 5161 265 5229 Egit
290 5162 387 5216 hoc
413 5179 441 5216 a
464 5167 674 5220 saxulis
720 5183 894 5222 rerum
934 5169 1088 5224 Sator
1112 5179 1358 5235 aeternus,
1402 5181 1455 5224 ut
1475 5186 1686 5226 suorum

154 5249 449 5308 famulorum
479 5254 668 5308 famam
696 5258 1089 5312 commendaret
1119 5273 1422 5326 perennem,
1453 5272 1508 5314 ut
1531 5261 1688 5314 relin-

157 5352 327 5408 queret
351 5348 527 5402 futuris
548 5347 756 5400 saeculis
796 5350 863 5402 de
912 5349 1317 5416 prmcedentium
1350 5353 1570 5415 meritis,
1604 5351 1685 5407 vel

221 5453 391 5530 f__Non
417 5459 551 5526 quod
582 5460 746 5514 Jonas
787 5477 851 5515 ex
889 5462 1131 5518 Hibernia
1165 5465 1448 5530 prodierit,
1479 5478 1530 5519 ut
1555 5482 1685 5520 non-

159 5523 638 5603 pulli_puta_verunt,
683 5531 772 5603 sed
819 5534 954 5603 quod
986 5523 1259 5603 magistros
1300 5523 1681 5590 1libernosha-

161 5590 336 5648 buerit.
391 5597 513 5650 Eum
550 5590 689 5652 enim
737 5590 952 5668 Seg'nsia
1003 5590 1224 5666 Liguria:
1271 5605 1480 5657 civitate
1510 5619 1680 5659 ortum

160 5676 266 5744 esse
285 5675 478 5744 constat
506 5683 566 5721 ex
601 5669 713 5723 \‘ita
741 5674 796 5723 S.
827 5673 1012 5741 Attalis:
1036 5675 1100 5726 ab
1124 5675 1236 5742 ipso
1264 5675 1458 5738 scripta
1480 5717 1494 5738 .
1525 5691 1677 5744 quam

160 5735 278 5784 intra
309 5735 602 5790 referemus.

221 5800 244 5840 ⁵
295 5803 356 5859 Et
391 5808 592 5876 quidem
644 5810 693 5862 in
733 5813 1051 5879 Lagi-uorum
1097 5814 1357 5880 provincia
1385 5856 1397 5877 .
1436 5830 1497 5870 ex
1551 5816 1678 5871 Juna

1815 1010 1869 1053 et
1899 1001 2077 1055 Gallus
2109 1001 2312 1058 Martini
2345 1004 2534 1071 egregii
2565 1005 2788 1072 pastoris
2818 1006 3010 1059 nostris
3039 1019 3219 1060 eorum
3247 1022 3361 1062 me-

1814 1093 2030 1146 moriam
2061 1094 2306 1148 dimisere
2333 1095 2534 1148 sat-culis
2559 1113 2568 1146 :
2603 1095 2832 1164 plerique
2855 1096 3096 1161 aliorum,
3120 1111 3247 1161 quos
3271 1106 3363 1150 aut

1814 1183 1972 1245 fatua,
2021 1195 2121 1246 aut
2163 1184 2423 1238 bonorum
2473 1185 2706 1252 exciupla
2737 1200 2974 1254 operum,
3009 1187 3086 1239 vel
3117 1187 3362 1242 virtutum

1812 1275 2130 1326 monimenta
2161 1275 2678 1337 ceuunendavermtt,
2720 1285 2776 1326 ut
2812 1285 2934 1329 sunt
2969 1275 3227 1329 columnae.
3267 1276 3364 1329 Ec-

1810 1360 2110 1422 clesiarmn.
2132 1363 2376 1427 llilarius,
2411 1365 2734 1427 Ambrosius,
2765 1366 3198 1434 AuguStinus,qui
3232 1365 3365 1420 inter

1813 1466 1886 1509 tot
1937 1457 2113 1508 szcculi
2167 1457 2397 1510 turbines
2429 1497 2442 1520 ,
2487 1467 2540 1511 ct
2595 1458 2875 1511 lluctuantc
2930 1457 3122 1510 mundo
3168 1466 3360 1510 statum

1812 1548 2055 1602 Ecelesize
2105 1553 2487 1614 sustentarunt,
2531 1566 2592 1603 ne
2636 1551 2758 1603 llattt
2797 1551 3108 1604 adversante
3150 1550 3361 1619 iniquo,

1811 1640 2172 1695 ltzereticorum
2214 1642 2440 1706 procella
2471 1641 2755 1708 quatiente,
2787 1657 2960 1697 veram
2995 1642 3149 1695 fidem
3192 1647 3360 1695 luere-

1817 1731 1916 1784 tica
1976 1730 2265 1784 adversitas
2317 1731 2616 1784 macularet.
2667 1731 2896 1797 Quorum
2952 1745 3047 1783 nos
3091 1732 3360 1796 exempla,

1811 1822 2091 1874 temerario
2126 1822 2245 1874 licet
2276 1831 2464 1876 conatu
2493 1823 2676 1885 secuti,
2710 1837 2804 1877 nec
2825 1823 3125 1876 meritorum
3151 1822 3356 1890 supple-

1739 1889 1782 1948 Β
1813 1919 2021 1975 mento,
2075 1911 2164 1965 sed
2220 1911 2336 1965 fidei
2391 1912 2566 1966 favore
2602 1912 2826 1979 sull'nlti,
2873 1927 2976 1966 non
3035 1911 3358 1966 elucubrauti

1807 2005 2041 2058 scientia:
2071 2007 2212 2059 l‘onte
2249 2005 2423 2059 referti
2447 2046 2458 2068 ,
2505 2005 2632 2058 tanti
2675 2005 2842 2059 l‘atris
2871 2006 3033 2059 nostri
3066 2005 3222 2057 vitam
3261 2019 3358 2058 Stc-

1806 2097 1937 2150 CllllS
1965 2096 2305 2165 refulgentem
2335 2095 2669 2162 sequentibus
2697 2097 2933 2163 cupimus
2957 2110 3221 2149 enarrare.
3246 2095 3358 2148 Erit

1808 2197 1980 2239 tamen
2008 2197 2304 2239 nostrorum
2335 2186 2524 2238 arbiter
2554 2185 2811 2238 dictorum
2839 2189 3087 2238 virtutum
3119 2187 3355 2253 Largitor

1806 2276 2112 2336 immensus,
2152 2273 2240 2340 qui
2279 2272 2353 2325 illi
2384 2282 2438 2325 et
2461 2273 2638 2341 gratia:
2672 2285 2780 2326 suae
2806 2287 3020 2328 munera
3043 2281 3096 2327 et
3120 2271 3236 2327 vitae
3264 2287 3354 2340 pe-

1806 2363 1982 2414 rennis
2007 2359 2223 2431 largitus
2245 2370 2326 2414 est
2349 2375 2618 2415 coronam.

2201 2466 2594 2538 INCIPIT
2647 2468 2946 2540 VITA.

1873 2576 1924 2626 6.
1956 2574 2304 2628 Columbanus
2327 2577 2496 2644 igitur,
2515 2577 2601 2644 qui
2627 2587 2677 2629 ct
2703 2575 2956 2630 Columba
2982 2576 3188 2639 dicitur,
3208 2588 3352 2630 Ortus

1801 2676 1881 2720 est
1905 2681 1968 2720 ex
2002 2667 2245 2722 llibernia
2274 2671 2437 2723 insula
2463 2674 2512 2722 iu
2541 2682 2776 2725 extremo
2803 2670 2993 2724 Oceani
3022 2664 3121 2723 sita
3152 2669 3175 2709 ι»
3206 2670 3355 2738 cujus

1805 2755 1985 2806 insulae
2022 2755 2170 2818 situs,
2204 2766 2259 2809 ut
2284 2758 2477 2822 lerunt,
2503 2773 2738 2814 alumnus
2768 2773 2828 2813 ac
2847 2758 3166 2813 diversatum
3189 2773 3352 2825 capax

1804 2843 2096 2909 nationum,
2147 2860 2454 2900 cancrorum
2500 2859 2641 2902 caret
2673 2850 2824 2903 bellis
2853 2850 3176 2918 populorum.
3212 2849 3352 2902 Hauc

1800 2934 2101 2989 Scottorum
2134 2953 2256 3005 gens
2287 2939 2486 3002 incolit,
2517 2954 2645 3007 gens
2671 2953 2966 3008 quanquam
3010 2941 3207 3008 absque
3237 2944 3353 2993 reli-

1800 3039 2016 3092 quarmn
2043 3028 2274 3094 gentium
2316 3028 2535 3095 legibus,
2568 3039 2739 3082 tamen
2782 3045 2831 3082 in
2859 3015 3354 3099 Christmni’ivigoris

1800 3115 2045 3184 dogmate
2093 3118 2312 3178 florens.
2365 3121 2595 3173 omniutn
2652 3120 2936 3174 vicinarum
2970 3122 3200 3189 gentium
3249 3122 3350 3177 fide

1725 3225 1771 3288 ρ
1801 3206 2090 3272 Ρτειειιοιιθι.
2150 3207 2306 3260 Natus
2337 3219 2416 3262 est
2444 3223 2571 3279 ergo
2597 3210 2679 3263 hic
2709 3209 3058 3265 Columbanus
3087 3213 3219 3265 inter
3249 3215 3352 3280 pri-

1801 3299 2002 3350 mordia
2035 3299 2149 3353 lidei
2178 3301 2351 3368 gentis
2378 3301 2537 3368 illius,
2586 3312 2640 3356 ut
2674 3304 2800 3358 lldes
2834 3320 2987 3373 quam
3023 3305 3350 3360 infecundam

1802 3401 1863 3440 ex
1896 3398 2044 3455 parte
2069 3403 2196 3456 gens
2228 3388 2309 3443 il'a
2343 3390 2585 3454 habebat,
2613 3405 2718 3450 suo
2743 3407 2804 3446 ao
2841 3395 3093 3448 sodalium
3143 3412 3353 3450 suorum

1800 3478 2089 3530 tuuuimiue
2129 3479 2271 3531 cultu
2319 3480 2466 3533 uberi
2507 3480 2889 3535 lecundaretur.
2925 3485 3024 3537 Sed
3057 3487 3351 3553 priusquam

1799 3566 1964 3620 lucem
1994 3567 2112 3621 vitm
2164 3575 2432 3636 pneSeniis
2471 3581 2703 3636 caperet,
2739 3574 2859 3641 quid
2888 3585 3009 3629 ante
3036 3577 3148 3643 ejus
3177 3588 3349 3631 ortum

1800 3666 1973 3709 actum
2003 3659 2091 3722 sit,
2126 3673 2226 3710 non
2256 3669 2338 3712 est
2367 3660 2640 3736 silendum.
2684 3661 2810 3714 {Nam
2840 3677 2957 3716 cum
2989 3664 3103 3733 ejus
3129 3667 3350 3734 genitrix

1795 3749 1901 3816 jam
1933 3759 2186 3814 conceptu
2235 3750 2353 3803 alvo
2381 3752 2592 3818 gravida
2625 3763 2906 3818 teneretur,
2947 3754 3121 3809 subito
3148 3771 3239 3824 per
3265 3758 3345 3809 ιη.
3407 3749 3412 3760 ³

1799 3849 2108 3907 tempestam
2136 3851 2339 3893 noctem
2379 3856 2566 3907 sopore
2605 3843 2849 3910 depressa
2875 3844 3002 3898 vidit
3026 3860 3089 3898 ex
3116 3847 3232 3899 siuu
3253 3861 3348 3899 suo

1798 3929 2091 3983 rutilantem
2134 3931 2299 3983 solem
2342 3942 2394 3983 et
2429 3932 2587 3984 nimio
2627 3935 2825 4000 lulgore
2855 3935 3130 3988 micantem
3162 3950 3344 4004 prose-

1798 4016 1944 4083 dere,
1963 4031 2015 4071 et
2039 4019 2230 4072 tnundo
2249 4035 2491 4090 magnum
2523 4023 2694 4074 lumen
2717 4023 2971 4090 praebere.
2989 4028 3106 4078 llaec
3121 4027 3344 4095 genitrix

1799 4118 2070 4176 postquam
2118 4125 2306 4178 sopore
2344 4112 2570 4164 membra
2611 4113 2817 4179 laxavit,
2864 4125 2914 4169 et
2956 4129 3118 4170 cmcas
3152 4118 3346 4172 mundo

1796 4209 2016 4262 surgens
2062 4212 2247 4252 aurora
2302 4202 2488 4266 repulit
2529 4203 2797 4269 tenebras,
2845 4203 2976 4272 apud
3016 4217 3181 4258 semet
3210 4207 3345 4261 intra

1798 4284 1975 4340 clauso
2020 4291 2294 4342 conamine
2323 4304 2542 4357 pensare
2573 4293 2759 4355 Cthil:
2792 4303 2844 4345 et
2871 4307 2935 4346 ex
2976 4293 3162 4360 gaudio
3189 4304 3342 4349 tanta:

1799 4377 2013 4430 visionis
2037 4379 2135 4429 vim
2165 4381 2334 4446 sagaci
2377 4382 2549 4431 auium
2580 4382 2853 4448 trutiuans,
2887 4384 3169 4446 vicinorum
3197 4389 3342 4440 sola-

1799 4466 1954 4517 minis
1995 4469 2409 4535 supplementum
2467 4479 2619 4536 petit,
2673 4487 2803 4538 quos
2845 4473 3080 4529 doctrina
3126 4478 3346 4533 solertes

1717 4565 1769 4624 1)
1799 4558 2067 4621 reddebat,
2115 4574 2351 4627 quaerens
2389 4571 2444 4612 ut
2491 4570 2644 4616 tantze
2676 4566 2886 4621 visionis
2917 4583 3017 4620 vim
3048 4571 3340 4634 sapientum

1792 4651 1949 4702 corda
2028 4651 2361 4705 rimarentur.
2430 4653 2660 4709 Tandem
2725 4660 3004 4724 peritorum
3068 4659 3340 4716 libramine

1792 4755 2041 4808 responsa
2091 4743 2305 4811 recepit,
2357 4758 2416 4798 se
2461 4748 2680 4815 egregia:
2727 4750 2914 4802 indolis
2961 4759 3108 4804 utero
3165 4763 3340 4809 tenere

1792 4833 1981 4898 virum,
2031 4835 2117 4902 qui
2150 4846 2199 4888 et
2224 4851 2332 4889 sua:
2357 4839 2504 4890 saluti
2538 4838 2700 4902 utilia,
2751 4849 2804 4892 et
2835 4845 3187 4907 proximorum
3220 4861 3338 4911 pro-

1792 4924 1994 4978 videret
2047 4926 2252 4978 utilitati
2297 4937 2608 4994 opportuna.
2658 4931 2802 4982 llune
2858 4942 3022 4987 mater
3068 4943 3334 5002 postquam

1789 5014 1968 5078 edidit,
2005 5019 2140 5068 nulla
2170 5017 2402 5070 custodia
2431 5017 2676 5083 servavit,
2707 5032 2759 5072 ut
2791 5023 2880 5089 vis
2902 5038 3020 5076 eum
3051 5024 3125 5076 vel
3148 5038 3337 5092 cogna-

1788 5104 1853 5157 tis
1867 5115 2136 5172 parentum
2151 5106 2465 5174 reliquormn
2485 5109 2982 5176 moribuscrederet,
2999 5114 3165 5181 quoad
3174 5131 3336 5182 usque

1788 5195 2130 5264 vitapuberis
2168 5197 2232 5251 ad
2261 5197 2380 5251 boui
2410 5201 2582 5254 cultus
2612 5203 2805 5270 operis,
2836 5202 3041 5256 Christo
3066 5204 3197 5259 duce
3222 5207 3336 5259 situ:

1786 5299 1890 5352 quo
1919 5285 2041 5337 nihil
2077 5288 2194 5338 boni
2217 5289 2405 5356 agitur,
2440 5291 2711 5357 aspiraret.
2744 5289 2847 5344 Nec
2877 5292 3135 5346 immerito
3162 5295 3328 5346 solem

1786 5379 2072 5447 fulgentem
2101 5395 2192 5432 suo
2222 5397 2252 5434 e
2291 5383 2405 5436 sinu
2438 5385 2717 5452 procedere
2747 5394 2910 5440 mater
2928 5390 3216 5455 conspexit,
3243 5391 3328 5453 qui

1785 5491 1914 5562 infra
1939 5508 2079 5546 num.
2113 5493 2166 5556 9,
2209 5510 2324 5562 quae
2354 5497 2612 5562 provincia
2641 5505 2744 5551 tota
2773 5500 3026 5552 maritima
3058 5501 3117 5550 ad
3158 5511 3328 5551 ortum

1777 5560 1959 5637 jacet,
2022 5563 2206 5637 incolis
2229 5560 2558 5637 '_Leigltnic/t,
2617 5569 2876 5622 Britannis
2930 5573 3050 5621 Lein
3083 5609 3095 5627 .
3152 5571 3334 5636 Anglis

1783 5634 2041 5695 Leiuster,
2082 5634 2278 5688 Latinis
2322 5634 2540 5703 [Ingenia
2585 5639 2720 5691 dicta
2741 5681 2755 5700 ,
2797 5640 2917 5691 olim
2948 5649 3059 5691 erat
3086 5654 3180 5689 una
3209 5634 3330 5703 por-

1781 5711 1850 5825 Lm
1877 5704 2218 5768 l’eutarchitr,
2249 5708 2296 5758 in
2325 5722 2473 5772 quam
2507 5707 2748 5763 Hibernia
2780 5710 2940 5763 insula
2973 5709 3092 5761 olim
3123 5708 3329 5762 divide-

1813 5783 1944 5825 atur.

1813 5783 1944 5825 ιιιυΓ.
