3880 6236
504 994 507 1017 ι

555 350 694 406 1016

545 555 733 613 ΡΙιὼΙή
772 556 915 609 claro
955 554 1158 623 fulgore
1207 552 1384 617 micat,
1420 552 1640 606 Domino
1681 552 1913 605 dicente:
1974 552 2115 605 Tunc

546 647 675 715 fusti
732 645 991 713 fulgebunt
1058 645 1188 698 sicut
1240 644 1321 696 sol
1376 644 1429 695 in
1490 656 1642 710 regno
1712 640 1880 694 Patris
1942 658 2114 694 eorum

548 737 759 803 (Matth.
814 740 950 815 nul.
996 736 1085 790 Sic
1124 735 1324 789 Debora
1367 736 1627 801 precantis
1674 751 1801 789 voce
1838 735 1901 787 ad
1934 735 2114 788 Durni-

544 844 710 892 num,
762 827 962 895 Spiritu
1017 836 1203 880 sancto
1269 836 1533 894 monente,
1576 827 1700 882 olim
1767 827 2113 896 loquebatur,

544 918 776 972 dicens:
832 917 932 982 Qui
990 928 1157 969 autem
1198 917 1415 987 diligunt
1467 927 1550 981 te,
1593 918 1719 971 sicut
1765 918 1847 971 sol
1898 919 1950 971 in
2001 929 2112 970 ortu

543 1026 635 1061 suo
684 1008 962 1075 splendet,
1026 1007 1098 1060 sic
1144 1008 1356 1060 rutilant
1401 1008 1614 1076 (Judie.
1677 1009 1804 1076 xv').
1856 1008 2111 1062 Aitherea

541 1096 738 1152 etenim
769 1098 883 1151 axis
925 1096 1156 1149 siderum
1187 1097 1523 1151 distinctione
1551 1098 1860 1163 flavescens,
1906 1100 1972 1153 de
2012 1101 2114 1153 fre-

540 1188 760 1257 quentia
791 1186 1016 1245 celebra:
1058 1187 1322 1259 [celebris]
1354 1189 1482 1243 lucis
1520 1190 1811 1257 speciosior
1839 1201 1949 1243 est:
1975 1192 2113 1245 sicut

541 1280 648 1334 diei
700 1281 782 1334 lux
840 1279 1022 1335 Phaabi
1068 1288 1218 1334 aucta
1254 1282 1534 1348 splendore
1564 1283 1760 1334 mundo
1785 1297 1991 1337 amcena
2025 1298 2108 1337 re-

540 1370 720 1438 fulget,
755 1369 824 1424 ita
853 1384 1046 1439 corpus
1093 1370 1341 1425 Ecclesia:
1368 1371 1667 1425 Conditoris
1690 1371 1852 1425 ditata
1900 1372 2107 1437 Opibus,

538 1474 841 1516 sanctorum
868 1472 1205 1532 augmentata
1229 1479 1469 1527 numero,
1501 1477 1552 1518 et
1580 1465 1814 1517 scientiae
1856 1464 2109 1530 religione

538 1554 772 1619 nitescit,
825 1566 879 1610 ut
922 1572 987 1611 ex
1040 1557 1330 1627 frequentia
1373 1558 1647 1611 doctorum
1678 1557 1932 1625 pullulent
1964 1556 2107 1609 lucra

534 1646 987 1717 subsequendam.
1041 1649 1106 1703 Et
1154 1660 1211 1703 ut
1248 1652 1327 1704 sol
1366 1651 1449 1703 vel
1486 1651 1605 1704 luna
1645 1659 1887 1715 astraque
1934 1648 2108 1701 Omnia

535 1751 747 1793 noctem
795 1740 1042 1811 diemque
1088 1755 1186 1793 suo
1234 1740 1403 1794 nitore
1434 1741 1730 1802 nobilitant,
1771 1741 1842 1792 ita
1894 1750 2105 1791 sancto-

537 1844 655 1882 rum
713 1830 897 1883 merita
952 1831 1286 1885 sacerdotum
1342 1831 1588 1885 Ecclesia:
1641 1829 1963 1884 monimenta
2017 1844 2101 1882 ro-

533 1920 747 1979 horam.

605 2011 658 2063 7.
708 2008 945 2066 Peractis
996 2012 1171 2080 itaque
1227 2011 1460 2067 infantia:
1504 2013 1656 2065 annis
1687 2054 1701 2079 ,
1754 2013 1805 2065 in
1866 2011 2102 2078 pueritia:

533 2115 690 2159 aetate
719 2106 1027 2180 pubescens,
1077 2108 1372 2169 liberalium
1417 2108 1707 2164 litterarum
1745 2106 1998 2160 doctrinis
2050 2114 2103 2158 et

528 2201 993 2266 grammaticorum
1034 2200 1242 2265 studiis,
1276 2203 1484 2270 ingenio
1532 2201 1710 2268 capaci
1732 2200 1860 2254 dare
1884 2214 2098 2267 operam

532 2288 721 2358 capit:
756 2289 1095 2359 laboremque
1124 2306 1217 2360 per
1245 2306 1401 2345 omne
1431 2292 1666 2356 pueritiae
1689 2290 1768 2343 vel
1794 2289 2100 2342 adolescen-

536 2379 623 2431 tia:
651 2386 860 2446 tempus
886 2394 1159 2444 exercens,
1192 2394 1356 2449 usque
1384 2382 1447 2433 ad
1479 2380 1679 2434 virilem
1723 2388 1929 2432 a-tatem
1953 2381 2098 2433 nheri

532 2468 827 2523 intentione
877 2468 1079 2522 deﬁxit.
1122 2470 1225 2524 Sed
1268 2486 1387 2523 cum
1426 2485 1546 2523 eum
1586 2471 1767 2523 formae
1804 2469 2096 2537 elegantia,

536 2558 827 2626 prtcsertim
858 2559 1094 2627 corporis
1121 2560 1352 2614 candore
1375 2562 1621 2627 pubertas
1644 2561 1833 2615 nobilis
1854 2563 2100 2616 omnibus

529 2660 737 2719 gratum
761 2651 1027 2714 redderet,
1058 2652 1216 2717 C(Bpil
1240 2664 1420 2705 contra
1452 2667 1570 2705 eum
1615 2654 1825 2707 tandem
1854 2655 2100 2722 antiquus

534 2741 702 2795 hostis
733 2741 941 2795 letifera
972 2741 1076 2795 tela
1120 2741 1322 2805 laxare,
1378 2753 1433 2796 ut
1484 2759 1639 2811 quem
1698 2755 1842 2797 tanto
1887 2745 2100 2813 ingenio

529 2844 774 2885 crescere
803 2842 1067 2895 cerneret,
1095 2832 1208 2887 suis
1233 2848 1352 2887 eum
1377 2835 1579 2901 laqueis
1603 2836 1850 2890 valuisset
1871 2835 2096 2891 irretire.

531 2922 925 2990 Aggressusque
943 2922 1259 2977 lascivarum
1280 2926 1568 2990 puellarum
1601 2928 1650 2978 in
1677 2941 1797 2979 eum
1826 2927 2101 2980 suscitavit

528 3026 762 3079 amores,
811 3015 1075 3082 pracipne
1115 3029 1247 3082 quas
1287 3015 1450 3068 forma
1480 3018 1717 3083 corporis
1744 3016 2099 3084 perfunctorie

527 3105 759 3171 decore,
811 3105 1078 3160 horrendo
1128 3106 1395 3161 desiderio
1447 3110 1498 3161 in
1539 3108 1851 3163 miserorum
1892 3111 2099 3165 animos
2124 3143 2173 3201 ο

529 3195 667 3250 solet
698 3198 1032 3267 immergere.
1091 3197 1194 3253 Sed
1244 3212 1362 3251 eum
1411 3213 1469 3253 se
1496 3202 1737 3267 egregius
1766 3200 1915 3254 miles
1943 3200 2100 3255 tantis

528 3284 649 3337 tclis
678 3284 904 3351 undique.
925 3286 1094 3354 urgeri
1118 3287 1469 3354 eonSpiceret,
1499 3297 1553 3341 et
1578 3286 1891 3343 dimicantes
1919 3303 2098 3345 Sl‘CUlll

511 3376 702 3441 ,callidi
723 3377 887 3430 hostis
904 3379 1162 3432 versmias
1183 3394 1242 3434 se
1271 3392 1453 3434 contra
1479 3382 1680 3451 erigere
1708 3383 2095 3451 conspexisset,

526 3477 584 3522 et
632 3484 726 3537 per
780 3479 928 3522 actus
978 3462 1272 3537 fragilitatis
1316 3472 1570 3545 humanm
1620 3474 1727 3527 cito
1769 3473 1835 3527 ad
1867 3475 2097 3542 procliva

528 3576 686 3626 posse
733 3560 955 3613 labeudo
984 3563 1239 3630 demergi,
1300 3572 1355 3615 ut
1397 3562 1572 3616 Livius
1612 3564 1702 3628 ait,
1753 3565 1951 3618 nullum
1981 3579 2099 3620 esse

530 3663 637 3706 tam
667 3662 907 3706 sanetum
938 3652 991 3707 in
1022 3653 1294 3722 religione,-
1330 3667 1541 3725 tamque
1566 3658 1800 3712 custodia
1830 3659 2094 3725 clausum,

528 3758 687 3811 quem
720 3753 993 3811 penetrare
1023 3744 1185 3807 libido
1214 3751 1831 3820 ttequeat;evangelicum
1853 3752 2097 3821 clypeum

530 3836 655 3888 lteva
707 3845 923 3899 tenens,
981 3853 1268 3908 ensemque
1304 3841 1583 3909 ancipitem
1632 3842 1847 3896 dextera
1890 3842 2094 3908 ferens,

526 3936 711 3981 contra
770 3929 1105 3983 imminentes
1148 3946 1342 3985 cuneos
1396 3932 1622 3988 hostium
1654 3946 1976 4002 pugnaturus
2008 3952 2096 4005 pa-

525 4029 673 4071 ratur
720 4034 966 4087 pergere,
1010 4036 1074 4074 ne
1123 4022 1373 4075 frustrato
1414 4024 1590 4077 labore
1628 4024 1686 4078 Β.
1740 4024 2097 4081 Columhanus

526 4123 685 4178 quem
719 4110 996 4175 potissimo
1038 4111 1248 4177 ingenio
1272 4110 1622 4177 desudaverat
1653 4112 1703 4165 in
1730 4116 2092 4180 grammatica,

526 4200 813 4262 rhetorica,
870 4198 1209 4268 geometrica,
1251 4202 1329 4255 vel
1371 4202 1665 4257 divinarutn
1705 4206 2094 4273 Scripturarum

527 4290 689 4353 serie,
736 4291 788 4343 iu
811 4294 989 4343 swculi
1017 4293 1277 4348 illecebris
1303 4309 1615 4362 occuparet:
1644 4296 1899 4366 daturque
1925 4298 2097 4352 adhuc

526 4383 676 4436 locus
701 4381 929 4435 Stimnlis
957 4386 1221 4453 urgendis.

600 4470 653 4526 8.
685 4475 814 4528 Curti
844 4474 951 4542 jam
985 4475 1096 4527 haec
1126 4491 1283 4542 penes
1314 4492 1370 4530 se
1404 4479 1655 4544 volveret,
1702 4480 1846 4533 venit
1894 4481 1957 4533 ad
2006 4496 2093 4535 cu-

2203 4470 2369 4537 petiit,
2438 4471 2489 4522 iit
2550 4485 2655 4537 quo
2714 4469 2961 4520 \irtutum
3022 4468 3211 4535 pra‘sul
3269 4468 3509 4526 ubertate
3558 4471 3771 4524 cluebat

521 4567 732 4634 jusdam
780 4567 1037 4637 religiosa:
1089 4584 1150 4620 ac
1203 4568 1309 4623 Deo
1364 4571 1551 4625 dicata:
1582 4573 1787 4626 feminae
1815 4573 2087 4626 cellulam:

526 4673 687 4725 quam
718 4675 839 4711 cum
865 4660 1008 4725 prius
1033 4660 1214 4712 humili
1250 4675 1374 4713 voce
1401 4661 1702 4725 salutasset,
1730 4674 1908 4730 postea
1931 4666 2091 4718 casti-

525 4756 742 4820 gatione
764 4754 981 4822 juvenili
1007 4765 1061 4808 ut
1092 4766 1293 4823 poterat
1324 4756 1520 4808 hortari
1543 4771 1818 4824 aggressus
1848 4758 2093 4823 est.Qu:o

525 4848 714 4900 videns
744 4857 1071 4901 crescentem
1103 4850 1152 4901 in
1184 4849 1518 4902 adolescente
1551 4850 1810 4917 vigorem:
1841 4850 1965 4916 Ego,
1999 4850 2090 4910 ait,

530 4950 797 5006 utcunque
826 4940 995 5004 potui,
1045 4940 1109 4991 ad
1135 4939 1325 4991 bellum
1353 4955 1626 5006 progressa
1670 4938 1827 4991 exivi.
1861 4938 1934 4992 En
1959 4942 2090 4993 duo-

526 5032 700 5084 decim
728 5044 987 5083 annorum
1019 5038 1251 5097 tempora
1300 5032 1597 5094 volvuntur,
1626 5030 1816 5099 quibus
1858 5042 1911 5083 et
1937 5032 2095 5083 domo

436 5177 445 5182 _
528 5122 697 5184 carui,
722 5132 773 5173 et
801 5122 939 5174 hunc
970 5120 1409 5189 peregrinationis
1430 5122 1597 5179 locum
1622 5121 1941 5187 expetivi,et
1966 5138 2095 5173 nun-

528 5226 684 5282 quam
709 5212 959 5278 deinceps
985 5212 1191 5265 Cliristo
1214 5212 1435 5279 przesule
1466 5213 1656 5265 szrculo
1686 5202 1941 5273 militavi;
1980 5227 2096 5263 ara-

531 5316 672 5357 trum
699 5317 856 5355 manu
888 5313 1093 5365 tenens,
1128 5318 1266 5355 retro
1294 5318 1395 5353 non
1422 5304 1646 5368 respexi,
1688 5312 1741 5354 et
1770 5303 1866 5355 nisi
1900 5303 2094 5369 fragilis

530 5411 691 5450 sexus
715 5398 1001 5459 ohstasset,
1049 5397 1181 5448 mari
1212 5404 1494 5455 transacto,
1544 5396 1763 5461 potioris
1794 5396 2093 5464 peregrina-

533 5492 690 5543 tionis
721 5490 894 5541 locum
918 5488 1183 5555 petissem.
1212 5488 1289 5540 Tu
1323 5502 1445 5539 vero
1476 5488 1839 5538 atlolescmtia:
1871 5486 2095 5539 fiatnmis

533 5578 977 5643 testuansmatale
998 5578 1166 5631 solum
1199 5578 1411 5639 incolis;
1437 5576 1499 5629 ad
1529 5574 1740 5644 fragiles
1767 5592 1943 5638 voces,
1963 5578 2095 5645 velis

606 5698 631 5725 ⁸
662 5694 767 5746 Hoc
798 5670 1171 5745 monasterium
1204 5692 1250 5741 in
1281 5691 1488 5743 Ultnnia
1526 5690 1791 5742 Ilihernite
1823 5692 2091 5754 prus-luela

534 5762 715 5839 situm,
748 5781 776 5818 a
808 5765 1125 5826 Baucurcusi
1148 5760 1350 5817 Wallia-
1383 5762 1622 5825 cwuobio
1663 5762 2091 5829 distinguendum

1682 341 1874 400 ,10Νῶ
1915 341 2207 399 ABBATIS
2246 342 2663 406 ELNONENSIS

549 464 602 518 in
662 461 843 514 matris
897 459 1259 513 universorum
1327 457 1573 513 Ecclesia:
1638 459 1888 513 membris
1946 458 2111 513 instar
2140 459 2372 525 Anolis,
2423 463 2707 534 fragilitate
2734 467 3051 536 attrahente,
3085 483 3264 525 aurem
3310 475 3679 541 accommodas,
3701 494 3743 533 et

3634 359 3742 420 illi.

2220 552 2387 606 vitare
2414 564 2463 609 te
2510 556 2791 612 femineum
2822 574 3005 614 sexum
3047 560 3211 615 libere
3237 564 3443 615 credis?
3484 563 3591 617 Non
3618 574 3743 621 remi-

2216 644 2436 698 nisceris
2461 660 2675 701 suasum
2706 648 2851 713 Evze,
2875 650 3003 704 Atla:
3034 650 3260 720 lapsum,
3303 652 3527 706 Samson
3556 671 3581 706 a
3610 656 3743 712 Dalila

2215 735 2505 798 seductum,
2538 736 2700 791 David
2731 752 2759 791 a
2778 740 2993 807 pristina
3013 741 3217 810 justitia
3245 743 3625 809 pulchritudine
3648 750 3743 803 liet-

2214 826 2373 877 sabee
2428 837 2761 895 corruptum,
2797 830 3251 897 sapientissimum
3281 833 3613 889 Salomonem
3654 855 3743 890 ani-

2217 913 2403 967 lierum
2457 932 2637 971 amore
2684 919 2998 988 deceptum?
3027 922 3213 990 Perge,
3246 925 3436 990 inquit,
3478 939 3511 977 ο
3550 924 3743 991 join-nis,

2215 1017 2402 1073 perge,
2452 1008 2615 1060 evade
2659 1010 2862 1062 ruinam
2916 1027 3009 1079 per
3054 1028 3209 1081 quam
3268 1015 3468 1068 multos
3521 1023 3746 1083 comperis

2212 1095 2500 1149 corruisse.
2550 1097 2763 1153 Declina
2804 1101 2940 1155 viam
2969 1118 3087 1171 qua:
3118 1104 3267 1158 inferi
3316 1104 3464 1158 ducit
3490 1106 3552 1158 ad
3580 1110 3743 1161 valvas.
3836 1114 3837 1171 ξ

2213 1184 2379 1254 liuius
2396 1202 2519 1255 ergo
2530 1188 2683 1243 dictis
2705 1190 3009 1258 pavefactus
3032 1195 3365 1259 adolescens,
3384 1207 3438 1249 et
3460 1196 3591 1250 ultra
3616 1213 3743 1265 quam
3836 1192 3837 1241 ὲ

2211 1277 2603 1333 ad-lescentem
2639 1283 2823 1335 teri-eri
2853 1285 3117 1351 crederes,
3166 1296 3347 1351 grates
3391 1287 3563 1340 taliter
3609 1288 3750 1342 incre-

2212 1370 2358 1438 panti
2411 1374 2593 1437 refert,
2642 1373 3017 1440 sodalilmsque
3069 1377 3368 1431 valediccus
3412 1377 3508 1430 iter
3533 1379 3745 1444 arripuit:
3836 1360 3837 1373 χ

2212 1474 2482 1530 materque
2511 1464 2625 1531 ejus
2662 1464 2845 1518 dolore
2898 1469 3166 1521 stimulata
3215 1479 3459 1537 precatur
3488 1480 3538 1521 ut
3572 1485 3664 1521 non
3703 1488 3750 1523 se

2214 1556 2491 1623 relinquat.
2524 1560 2590 1610 At
2620 1557 2734 1610 ille:
2789 1557 2989 1622 Nonne,
3024 1559 3212 1627 inquit,
3243 1562 3462 1625 audisti,
3498 1561 3593 1624 Qui
3636 1574 3749 1613 autat

2211 1634 2404 1713 patreni
2447 1656 2533 1698 ant
2574 1658 2781 1700 matrem
2805 1651 3069 1717 plusquam
3099 1667 3196 1717 me,
3246 1669 3349 1703 non
3394 1662 3465 1703 est
3496 1667 3573 1701 me
3600 1652 3752 1719 dignus
3836 1654 3837 1667 ‘

2214 1736 2423 1803 (Matt/1.
2458 1738 2550 1802 x)?
2577 1738 2811 1792 Obstanti
2846 1742 3001 1793 matri
3041 1752 3094 1795 et
3124 1740 3289 1794 limini
3336 1741 3459 1794 ostii
3501 1740 3750 1793 inluerenti
3836 1768 3837 1771 η

2214 1827 2439 1894 postulat
2485 1836 2540 1879 ut
2581 1844 2638 1880 se
2687 1828 2762 1881 ire
2808 1828 2965 1883 sinat.
3026 1830 3119 1901 Illa
3163 1831 3370 1899 ejulans
3398 1841 3451 1883 et
3482 1831 3754 1898 pavimento
3836 1854 3837 1877 ι

2210 1929 2470 1988 prostrata
2520 1920 2743 1988 denegat
2771 1936 2829 1975 se
2859 1923 3266 1987 permissuram;
3330 1922 3419 1975 ille
3462 1922 3617 1975 limen
3662 1937 3754 1973 nta-
3836 1910 3837 1977 ἧ

2208 2024 2447 2083 tremque
2497 2015 2822 2079 transiliens,
2874 2016 3113 2082 poposcit
3166 2026 3387 2068 matrem
3448 2029 3513 2068 ne
3555 2028 3757 2067 matrore
3836 2006 3837 2043 λ

2204 2107 2462 2169 Solvatur,
2486 2107 2671 2161 dicens
2700 2121 2759 2160 se
2789 2123 3054 2177 nunquam
3083 2107 3332 2175 deinceps
3363 2108 3414 2161 in
3446 2108 3542 2159 hac
3568 2109 3667 2158 vita
3695 2110 3758 2157 vi-
3836 2114 3837 2175 ξ

2203 2201 2454 2264 dendum,
2508 2200 2600 2254 sed
2645 2214 2960 2269 quocunque
3000 2201 3183 2256 salutis
3229 2201 3311 2253 via
3342 2200 3444 2253 iter
3472 2199 3679 2269 pandat,
3710 2214 3757 2251 se
3836 2224 3837 2241 ι

2203 2303 2623 2358 progressurum.

2272 2379 2325 2434 9.
2358 2381 2564 2435 llelicto
2606 2397 2733 2451 ergo
2762 2384 2921 2436 natali
2952 2382 3087 2449 solo,
3117 2396 3273 2451 quem
3304 2380 3632 2448 Lagenorum
3663 2389 3757 2432 ter-

2202 2486 2313 2529 ram
2343 2471 2529 2525 incola:
2555 2474 2958 2541 nu_ncupant,ad
2984 2474 3151 2527 virum
3176 2471 3531 2527 venerabilem
3561 2473 3761 2523 tnnnine
3836 2480 3837 2513 1

2199 2562 2432 2617 Silenem
2468 2564 2720 2630 perrexit,
2765 2564 2855 2631 qui
2886 2578 2951 2618 eo
2984 2574 3220 2631 tempore
3244 2562 3498 2632 singulari
3524 2563 3762 2632 religione

2199 2664 2254 2711 et
2282 2654 2676 2723 Scripturarum
2717 2670 2987 2712 sacrarum
3020 2657 3255 2710 scientia:
3287 2655 3416 2709 flore
3465 2654 3604 2707 inter
3648 2668 3763 2706 suos
3836 2640 3837 2659 ¹

2203 2745 2449 2813 pollebat.
2483 2742 2650 2818 Quem
2679 2760 2801 2799 eum
2831 2746 2908 2799 vir
2936 2735 3151 2799 sanctus
3193 2744 3384 2813 ingenii
3428 2743 3637 2812 sagacis
3658 2756 3764 2795 esse
3836 2760 3837 2821 ξ

2202 2837 2427 2901 videret,
2449 2836 2690 2892 omnium
2713 2837 3007 2892 divinarum
3033 2836 3422 2903 Scripturarum
3448 2833 3638 2887 studiis
3654 2850 3764 2884 enin

2200 2930 2413 2987 imbuit:
2470 2933 2538 2984 ita
2570 2942 2769 2997 tamen,
2823 2942 2880 2987 ιιι
2911 2931 3025 2986 fleri
3054 2931 3274 2997 assolet,
3320 2929 3642 2983 collutlendo
3667 2943 3766 2980 ma.

2201 3022 2363 3087 gister
2391 3020 2681 3091 discipulos
2703 3021 2964 3076 sciscitari
2996 3029 3236 3083 conatur,
3270 3031 3323 3072 ut
3352 3021 3418 3072 de
3444 3033 3543 3072 suo
3563 3019 3765 3086 ingenio

2202 3120 2551 3178 cognosceret
2579 3114 2661 3165 vel
2703 3112 3009 3181 flagrantem
3040 3111 3332 3166 ubertatem
3359 3125 3639 3174 sensuum,
3692 3111 3767 3163 vel
3836 3112 3837 3183 1

2205 3200 2539 3270 negligentia:
2570 3201 2763 3262 somno
2781 3212 3083 3271 torporem;
3114 3200 3377 3271 capitque
3402 3201 3469 3253 ab
3489 3216 3556 3255 eo
3584 3217 3649 3256 ex
3677 3202 3771 3253 dit-
3836 3224 3837 3233 ι

2202 3291 2414 3346 flcilium
2447 3290 2802 3357 quaestionum
2826 3292 3046 3347 materia
3073 3301 3263 3346 senSus
3289 3306 3547 3359 querere.
3578 3300 3647 3345 At
3686 3292 3772 3345 ille

2200 3383 2414 3450 pavido,
2447 3398 2747 3453 quanquam
2784 3392 2959 3437 tamen
2987 3384 3167 3452 sagaci
3210 3396 3272 3436 ex
3334 3392 3571 3449 pectore,
3598 3396 3665 3436 ne
3696 3384 3768 3434 iu-
3836 3392 3837 3419 ῖ

2197 3471 2454 3523 obedieus
2498 3470 2750 3539 magistro
2782 3479 3087 3538 appareret,
3113 3483 3218 3522 non
3244 3469 3575 3522 ctenodoxia:
3606 3476 3771 3521 tactus

2199 3559 2346 3622 vitio,
2393 3560 2485 3612 sed
2513 3562 2767 3629 magistro
2794 3560 3052 3628 parendo,
3109 3560 3220 3613 vice
3246 3574 3398 3613 versa
3425 3558 3638 3627 objecta
3678 3559 3771 3620 sibi
3836 3600 3837 3619 η

2197 3648 2559 3715 elucubrabat,
2621 3665 2825 3706 memor
2863 3650 3001 3723 illius
3042 3650 3435 3719 Psalmographi
3488 3651 3769 3719 praeconii:
3836 3650 3837 3717 Ῐ

2199 3744 2352 3811 Aperi
2398 3761 2452 3798 os
2501 3754 2666 3808 tuum,
2720 3754 2766 3798 et
2793 3760 2882 3817 ego
2912 3744 3201 3815 adimplebo
3230 3744 3361 3801 illud
3394 3739 3771 3813 (Probum).
3836 3758 3837 3815 ξ

2195 3835 2425 3890 Tantum
2457 3834 2574 3907 ejus
2606 3836 2657 3889 in
2700 3834 2911 3902 pectore
2940 3836 3236 3890 divinarum
3280 3836 3510 3888 thesauri
3540 3836 3775 3903 Scriptu-

2198 3940 2374 3983 rarum
2426 3925 2621 3978 conditi
2681 3928 3029 3989 tenebantur,
3089 3936 3145 3977 ut
3202 3926 3339 3983 intra
3400 3925 3773 3981 adolescentia:
3836 3925 3837 3989 ξ

2197 4026 2407 4070 aetatem
2448 4016 2718 4078 detentus,
2772 4015 3099 4075 Psalmorum
3159 4016 3348 4069 librum
3402 4017 3626 4074 elimato
3675 4033 3776 4069 ser-
3836 4016 3837 4091 ξ

2198 4122 2357 4160 mone
2378 4114 2698 4173 exponeret;
2732 4104 3005 4173 multaque
3035 4106 3159 4171 alia,
3202 4121 3318 4179 qua:
3349 4107 3429 4160 vel
3460 4106 3527 4159 ad
3553 4116 3772 4161 cantum

2196 4196 2374 4267 digna,
2415 4195 2494 4248 vel
2525 4194 2589 4248 ad
2620 4194 2916 4247 docendum
2948 4195 3113 4257 utilia,
3145 4196 3385 4249 condidit
3429 4196 3591 4249 dicta.
3630 4196 3775 4249 Dedit

2196 4286 2386 4340 deinde
2407 4300 2621 4360 operam
2651 4297 2704 4338 ut
2735 4286 3113 4340 monachorum
3163 4296 3469 4341 necteretur
3496 4287 3769 4349 societati,

2197 4388 2250 4433 et
2296 4378 2675 4438 monasterium
2730 4378 2881 4449 cujus
2937 4388 3018 4430 est
3075 4378 3386 4434 vocabulum
3444 4378 3469 4405 ⁸
3524 4377 3772 4436 Banchor

2198 4565 2257 4618 Β.
2296 4564 2705 4630 Commugellus,
2756 4562 3000 4631 egregius
3048 4562 3182 4614 inter
3230 4577 3358 4615 suos
3388 4563 3767 4617 monachorum

2195 4656 2371 4720 Pater,
2402 4655 2594 4722 quique
2624 4652 2889 4719 religionis
2908 4652 3079 4707 studio
3109 4664 3162 4707 et
3187 4655 3447 4722 regularis
3473 4655 3772 4721 disciplina:

2192 4753 2334 4805 cultu
2368 4749 2662 4819 praecipuus
2692 4749 3003 4809 habebatur,
3031 4747 3209 4814 illique
3237 4749 3570 4803 orationibus
3617 4762 3670 4801 et
3693 4767 3767 4816 je-

2188 4844 2349 4910 juniis
2381 4856 2566 4894 vacare
2593 4841 2778 4907 cmpit;
2804 4850 2859 4894 et
2886 4842 3065 4909 jugum
3097 4840 3315 4902 Christi,
3356 4841 3496 4908 quod
3523 4840 3767 4896 deferen-

2194 4933 2332 4986 tlbns
2356 4934 2469 4985 leve
2498 4942 2598 4994 εει,
2626 4946 2783 4999 super
2802 4947 2860 4984 se
2890 4932 3046 4994 ferre,
3071 4932 3520 5005 semetipsumque
3545 4933 3657 4988 sibi
3680 4936 3770 4987 ab-

2192 5024 2454 5090 negando,
2485 5038 2546 5074 ac
2577 5036 2784 5076 crucem
2815 5039 2961 5078 suam
2990 5021 3242 5085 tollendo,
3269 5020 3536 5078 Christum
3578 5027 3765 5094 sequi:

2193 5128 2248 5170 nt
2274 5119 2361 5187 qui
2390 5116 2609 5167 aliorum
2633 5115 2821 5167 doctor
2849 5115 3052 5167 futurus
3074 5125 3207 5176 erat,
3231 5114 3343 5183 ipse
3359 5115 3499 5184 quod
3525 5116 3771 5170 doctrina

2193 5208 2488 5268 didicerat,
2540 5206 2589 5257 in
2638 5206 2718 5257 sui
2766 5205 2999 5271 corporis
3045 5205 3451 5260 mortificatione
3501 5205 3727 5261 ferendo
3756 5249 3770 5270 ,

2195 5296 2405 5348 uberius
2434 5294 2679 5364 esemplu
2709 5302 3054 5359 monstraret;
3104 5305 3157 5349 et
3210 5296 3298 5363 qui
3342 5296 3461 5349 aliis
3500 5296 3773 5364 implenda

2197 5388 2306 5440 fore
2353 5387 2603 5439 docturus
2658 5395 2805 5451 erat,
2863 5388 2975 5455 ipse
3025 5389 3169 5454 prius
3224 5384 3487 5453 impleret.
3529 5387 3776 5442 Peractis

2196 5484 2369 5552 itaque
2412 5498 2670 5535 annorum
2724 5482 3005 5534 multorum
3055 5480 3105 5532 in
3149 5483 3471 5536 monasterio
3506 5482 3771 5543 circulis,

2194 5576 2353 5641 cmpit
2396 5570 2867 5641 peregrinationem
2896 5569 3214 5636 desiderare,
3249 5586 3457 5625 memor
3488 5571 3637 5625 illius
3672 5571 3771 5624 Da-

2194 5708 2331 5753 esse,
2362 5691 2554 5743 5:I'Culu
2580 5703 2616 5754 ι,
2651 5686 2714 5740 ad
2749 5686 2877 5749 Vita:
2904 5684 2959 5739 5.
2993 5684 3268 5752 Augustini
3291 5700 3410 5754 cap.
3440 5683 3530 5750 54,
3566 5686 3765 5751 proba-

2197 5776 2303 5825 tum
2338 5773 2439 5817 εει.
