3820 6324
161 380 294 436 ill"

1381 368 1462 431 's.
1503 355 1903 456 comitatui
1933 378 2110 436 νιτΑ.

3206 392 3340 449 “iis

157 493 328 545 miuici
377 486 582 557 imperil
608 487 670 541 ad
714 487 1008 541 Abraham:
1060 487 1161 541 Exi
1185 489 1248 540 de
1281 497 1413 541 terra
1442 499 1547 554 tua,
1569 489 1705 541 etde
1730 493 1779 549 Α
1806 505 1943 559 pene
1969 495 2161 546 abolita
2193 494 2505 561 habebatur,
2535 499 2771 553 tendunt.
2806 499 2958 556 Fides
2992 511 3190 561 tantum
3232 523 3342 561 ma-

156 584 447 649 cagnatione
466 591 570 640 tua,
601 589 646 633 st
673 580 735 632 de
757 579 908 631 domo
937 582 1093 645 patris
1114 579 1207 641 tsi,
1235 586 1281 631 et
1309 580 1434 632 vade
1449 580 1500 631 in
1519 589 1704 634 terram

154 689 302 739 quia
329 671 416 724 tibi
439 679 772 722 monstravere
795 667 948 735 (Gen.
975 671 1087 732 sn).
1125 668 1407 722 Confessus
1434 669 1591 734 igitur
1616 683 1706 723 ve-

157 763 374 816 nerabili
398 763 532 828 patri
555 759 909 827 Commogello
931 759 1106 813 cordis
1125 759 1387 820 ardorem,
1410 770 1462 811 et
1486 761 1704 827 ignitum

157 859 274 925 igne
306 859 510 910 Domini
541 855 876 917 desiderium,
922 854 988 908 de
1027 867 1133 922 quo
1183 853 1301 920 igne
1340 854 1588 906 Dominus
1629 854 1707 905 lo-

157 952 358 1016 quitur:
413 948 587 1016 Ignem
637 947 747 1001 veni
787 947 976 999 mittere
1013 945 1064 996 in
1103 954 1307 1006 terram,
1335 959 1479 1010 quem
1508 944 1619 997 solo
1646 952 1702 995 ut

156 1041 329 1092 ardeat
391 1039 552 1102 (Lac.
623 1038 765 1102 xu),
823 1036 1095 1090 ardentem
1162 1035 1304 1089 Patri
1369 1035 1709 1102 patelaciebat

155 1129 418 1187 allectum.
450 1129 542 1181 sed
573 1141 673 1179 non
701 1128 768 1179 ita
810 1127 860 1178 in
887 1129 1039 1178 l’atre
1065 1124 1357 1192 reperiebat
1397 1138 1707 1192 responsum

157 1228 214 1272 ut
237 1232 330 1270 sua
361 1218 546 1286 petitio
571 1217 869 1269 anhelabat.
921 1215 1047 1268 Erat
1071 1214 1209 1267 enim
1239 1213 1521 1266 venerabili
1547 1214 1706 1266 Com-

157 1309 384 1376 magello
412 1307 600 1360 durum
627 1306 753 1360 tanti
777 1304 1048 1358 salaminis
1077 1305 1180 1374 pati
1203 1303 1709 1369 dispendiutn.'l‘au-

155 1399 272 1450 dem
301 1407 478 1450 tamen
515 1397 748 1463 aspirare
801 1395 960 1458 capit
997 1403 1052 1448 et
1090 1393 1234 1447 cordi
1283 1404 1621 1458 anteponere,
1656 1402 1710 1446 ut

156 1504 257 1541 non
290 1488 408 1552 plus
435 1501 544 1540 sure
563 1485 862 1540 necessitati
887 1484 1118 1538 studeret
1138 1498 1291 1551 quam
1316 1483 1535 1536 aliorum
1569 1484 1710 1536 utili-

158 1576 246 1629 tati
269 1589 562 1644 opportuna
588 1584 864 1642 quareret.
889 1573 992 1627 Nec
1019 1574 1134 1626 sine
1158 1572 1540 1638 Ouinipoteutis
1565 1573 1708 1625 arbi-

154 1667 258 1718 trio
277 1665 556 1729 tlebat,qui
580 1661 803 1716 tironem
822 1676 970 1714 suum
993 1661 1056 1713 ad
1077 1661 1212 1715 bella
1232 1662 1401 1712 l’otut-a
1423 1663 1708 1727 erudierat,

156 1765 210 1807 ιιι
263 1753 332 1808 de
378 1753 495 1821 ejus
545 1754 756 1807 victoria
804 1753 1060 1821 gloriosos
1105 1755 1323 1806 referret
1367 1751 1658 1817 triumphos
1690 1793 1706 1816 ,

154 1848 406 1912 lectas-que
454 1842 698 1896 victorias
735 1841 801 1896 de
840 1856 1094 1895 caisorum
1147 1841 1371 1894 hostium
1420 1852 1709 1907 reportaret

154 1934 452 2001 phalangis.
497 1933 852 1998 Vocatumque
897 1947 1016 1986 eum
1077 1931 1269 1995 abbas,
1321 1933 1522 1984 tristem
1589 1931 1708 1985 licet

149 2024 276 2084 sibi,
323 2033 494 2074 tamen
535 2023 652 2076 aliis
682 2022 859 2074 utilem
889 2023 1147 2087 depromit
1187 2024 1522 2084 sententiam,
1553 2036 1611 2075 se
1656 2032 1710 2075 et

153 2116 294 2185 pacis
325 2115 589 2168 vinculum
608 2157 622 2177 ,
650 2125 704 2169 et
719 2116 986 2169 solamiuis
1006 2116 1420 2183 supplementum
1457 2118 1705 2169 comites-

151 2223 256 2276 que
282 2207 504 2271 itineris,
532 2221 664 2276 quos
692 2207 873 2276 religio
891 2207 1064 2262 claros
1084 2207 1354 2272 red-Jebat,
1372 2208 1702 2275 largiturum.

226 2319 314 2374 10.
345 2318 582 2374 Collecto
619 2333 747 2375 sane
776 2319 993 2373 fratrum
1031 2330 1203 2381 coetu,
1239 2320 1468 2370 omnium
1512 2319 1709 2369 oratio-

159 2425 284 2463 num
333 2409 639 2478 suﬂtagium
697 2408 956 2477 postulat,
989 2419 1046 2462 ut
1091 2419 1311 2462 venturo
1369 2410 1536 2461 itineri
1572 2411 1709 2462 sola-

155 2516 274 2553 men
305 2499 582 2569 largiatur,
608 2499 918 2566 pietatisque
949 2498 1140 2552 tribuat
1161 2497 1423 2550 amictum.
1453 2508 1475 2534 ἰ
1507 2497 1708 2552 Vicesi-

156 2605 299 2643 utum
333 2604 463 2656 ergo
490 2589 661 2642 aetatis
691 2602 886 2640 annum
914 2601 1109 2656 agens,
1139 2596 1348 2654 arrepto
1374 2589 1557 2641 itinere
1588 2602 1706 2640 cum

153 2679 432 2735 duodecim
480 2678 792 2743 comitibus,
833 2675 1042 2732 Christo
1082 2679 1217 2732 duce
1266 2679 1330 2732 ad
1376 2680 1519 2732 littus
1549 2681 1709 2734 maris

154 2771 433 2826 accedunt.
489 2769 562 2824 lbi
600 2770 988 2839 Omnipotemis
1032 2771 1445 2825 misericordiam
1492 2780 1708 2841 praesto-

156 2862 369 2925 lantr,
417 2870 477 2914 ut
521 2859 566 2912 si
611 2875 722 2914 sua:
770 2859 1021 2913 voluntati
1069 2861 1350 2915 inhaereret
1396 2873 1707 2932 conceptum

154 2952 455 3013 consilium,
490 2950 706 3005 enectus
734 2950 852 3020 ejus
878 2960 1003 3004 nutu
1028 2951 1324 3016 perﬁciatur
1351 2969 1366 3005 :
1395 2966 1709 3021 agnoscunt—

153 3059 256 3111 que
303 3057 485 3098 secum
535 3042 810 3096 clementis
863 3041 1062 3097 indicis
1116 3042 1435 3096 voluntatem
1493 3045 1707 3108 adesse,

153 3133 497 3202 earinamque
538 3132 757 3201 ingressi
807 3131 998 3186 dubias
1040 3147 1132 3198 per
1172 3135 1302 3186 freta
1351 3134 1710 3200 ingrediuntur
1738 3149 1782 3208 ρ

154 3226 294 3287 vias,
325 3225 558 3289 tniteque
587 3224 756 3278 salum
787 3225 1215 3292 prosperantibus
1233 3225 1586 3292 zephyrortuu
1620 3227 1712 3278 ﬂa-

156 3317 266 3372 bris
314 3326 592 3377 secantes,
639 3315 833 3383 pernici
875 3329 1032 3369 cursu
1076 3319 1139 3369 ad
1196 3317 1521 3369 Britannicus
1566 3317 1712 3369 sinus

156 3409 492 3476 perveniunt.
526 3406 798 3473 PauliSper
835 3406 1028 3459 ibidem
1065 3419 1362 3468 morantes,
1394 3409 1533 3458 vires
1565 3419 1710 3458 resu-

158 3511 311 3556 munt
341 3498 558 3565 ancipiti
588 3498 767 3551 animo
787 3537 803 3559 ,
843 3496 1103 3565 ausisque
1130 3498 1306 3550 cordis
1346 3498 1563 3551 censilia
1597 3509 1709 3550 tru-

154 3595 411 3646 tinantur.
451 3590 628 3644 l'lacet
660 3589 870 3642 tandem
902 3603 1025 3641 arva
1055 3589 1252 3643 Gallica
1297 3589 1468 3654 planta
1510 3599 1709 3651 terere,

152 3696 204 3740 et
254 3695 436 3738 mores
485 3680 758 3734 hominum
807 3681 1027 3734 ferventi
1081 3690 1197 3734 astu
1244 3679 1531 3744 sciscitari,
1576 3690 1631 3733 ut
1666 3681 1709 3733 si

153 3778 300 3832 salus
331 3774 399 3829 ibi
429 3774 653 3828 serenda
691 3773 796 3835 sit,
825 3773 1130 3839 quantisper
1165 3772 1509 3833 commorari;
1541 3772 1584 3823 si
1617 3772 1711 3821 oh-

153 3870 375 3923 duratas
397 3866 619 3937 caligine
645 3865 960 3933 arrogantia:
988 3871 1192 3917 mentes
1229 3861 1610 3930 reperiant,‘ad
1635 3860 1711 3912 vi-

150 3963 301 4016 cinas
324 3959 565 4014 nationes
595 3960 935 4023 rertransire.

226 4054 316 4104 ll.
349 4056 389 4104 Α
422 4049 739 4102 Britannicis
759 4061 884 4114 ergo
911 4047 1102 4100 ﬁnibus
1141 4043 1437 4113 progressi,
1479 4045 1543 4096 ad
1588 4041 1710 4096 Gal-

151 4141 273 4206 lias,
309 4140 396 4193 ubi
430 4148 554 4190 tunc
575 4138 659 4190 vel
691 4138 761 4189 ob
797 4136 1144 4203 frequentiam
1189 4137 1415 4188 hostium
1465 4144 1711 4188 externo-

150 4247 294 4293 rum,
324 4229 406 4284 vel
434 4230 502 4284 ob
530 4228 896 4296 negligentiam
924 4228 1222 4294 praesidum,
1249 4227 1514 4296 religionis
1547 4229 1712 4280 virtus

222 4347 250 4372 ³
283 4341 340 4393 In
369 4355 468 4392 ms.
494 4338 628 4392 Cod.
652 4338 1128 4392 San-Germanensi
1154 4338 1360 4403 legitur,
1382 4339 1708 4401 tricesimum,

149 4411 228 4464 nti
258 4413 421 4464 etiam
452 4410 502 4462 in
533 4409 662 4461 Vita:
689 4411 745 4462 S.
769 4408 1078 4462 Colmubaui
1108 4412 1338 4475 epitotue
1367 4410 1502 4474 apud
1528 4407 1711 4459 Fertli-

1806 581 1961 633 nebat
1984 581 2307 648 Christiana,
2339 601 2458 639 nam
2489 585 2810 654 pmaitentim
2847 593 3223 650 medicamenta
3243 639 3256 660 ,
3284 609 3343 651 et

1809 672 2222 726 mortiﬁcationis
2251 690 2398 728 amor
2413 677 2508 729 ..νίς
2541 679 2623 732 vel
2655 681 2832 746 paucis
2879 683 2929 735 in
2977 683 3080 738 illis
3111 687 3340 751 reperie-

1807 759 1995 813 bantur
2031 762 2176 817 locis.
2203 765 2404 834 Agebat
2434 769 2759 822 venerandus
2787 771 2864 822 vir
2889 782 2942 824 ut
2973 786 3068 840 per
3087 788 3338 841 quacun-

1806 861 1910 916 que
1936 849 2046 904 loca
2071 855 2497 920 progrederetur,
2527 858 2737 912 verbum
2764 863 3118 929 evangelicum
3143 877 3343 918 annun-

1808 939 1981 993 tiaret.
2015 941 2137 996 Erat
2165 945 2304 998 enim
2331 959 2536 1013 gratttm
2562 951 2859 1005 hominibus
2879 994 2893 1017 ,
2919 963 2972 1007 ut
3007 955 3142 1022 quod
3167 955 3344 1010 facun-

1807 1029 1905 1082 (ιω
1963 1033 2133 1088 cultus
2194 1037 2523 1102 adornabat,
2581 1041 2900 1096 elucubrata
2966 1047 3347 1112 praedicationis

1807 1122 2076 1188 doctrina,
2108 1126 2262 1181 simul
2303 1139 2355 1181 et
2393 1131 2630 1198 exempla
2662 1134 2908 1187 virtutum
2946 1136 3343 1190 conﬁrmabant.

1810 1213 1974 1267 Tanta
2005 1227 2120 1268 erat
2149 1215 2458 1272 humilitatis
2489 1221 2702 1275 ubertas
2724 1262 2740 1287 ,
2773 1232 2827 1275 ut
2855 1238 3002 1277 versa
3037 1225 3180 1288 vice,
3214 1226 3348 1279 sicut

1807 1302 1873 1356 de
1901 1304 2186 1360 honoribus
2217 1309 2456 1364 homines
2485 1314 2665 1367 saeculi
2705 1324 2960 1368 conantur
2996 1331 3237 1385 qumrero
3276 1320 3345 1371 di-

1807 1397 2062 1460 gnitates.
2099 1399 2166 1467 ita
2195 1399 2294 1453 iste
2319 1416 2435 1454 cum
2483 1405 2748 1458 sodalibus
2789 1407 2898 1460 suis
2935 1409 3003 1461 de
3041 1408 3350 1461 humilitatis

1807 1486 1950 1537 cultu
1995 1487 2130 1540 alter
2169 1488 2390 1542 alterum
2433 1493 2696 1547 nitebatur
2740 1499 3058 1562 praevenire,
3090 1513 3350 1551 memores

1812 1576 2055 1640 praecepti
2085 1577 2258 1630 illius:
2290 1575 2392 1640 Qui
2419 1596 2472 1633 se
2500 1581 2761 1648 humilior,
2791 1585 3096 1638 excitabitur
3133 1587 3346 1655 (Matth.

1808 1664 1979 1727 ιιιιι).
2005 1665 2067 1718 Ει
2098 1666 2221 1720 illud
2254 1666 2433 1721 Isaias:
2462 1671 2538 1723 Ad
2565 1689 2706 1735 quem
2733 1675 3016 1740 respiciam,
3045 1676 3142 1727 nisi
3167 1680 3234 1728 ad
3257 1677 3350 1728 Im-

1808 1753 1998 1815 ntt'lerrt,
2029 1765 2073 1806 et
2099 1758 2338 1822 quietum,
2372 1769 2419 1810 rt
2448 1769 2739 1813 trementem
2768 1779 3020 1817 sermones
3052 1782 3184 1818 meos
3219 1766 3347 1834 (lsa.

1743 1818 1783 1876 Β
1812 1844 1992 1901 uri)?
2015 1845 2176 1900 Tanta
2211 1849 2409 1914 pietas,
2441 1862 2579 1904 tanta
2614 1856 2843 1908 charitas
2881 1857 3123 1910 omnibus
3154 1859 3349 1920 inerat,

1810 1946 1863 1986 ut
1894 1951 2050 1987 unum
2076 1938 2228 2001 velle,
2255 1955 2410 1992 unum
2435 1950 2576 1995 esset
2600 1943 2738 1998 nolle
2763 1964 2776 2007 ;
2807 1945 3062 2000 modestia
3090 1958 3244 2016 atque
3267 1963 3352 2002 so-

1811 2024 2024 2084 brietas.
2055 2028 2398 2080 mansuetudo
2425 2038 2476 2080 et
2505 2028 2692 2084 leuitas
2714 2032 2764 2083 in
2790 2034 3032 2087 omnibus
3059 2035 3347 2092 redolebat.

1813 2114 2234 2169 lissecrabantur
2259 2117 2473 2172 desidiae
2494 2129 2649 2189 atque
2673 2122 2949 2177 discordia:
2972 2125 3174 2189 vitium,
3205 2143 3351 2180 arro-

1807 2203 1997 2270 gantiae
2025 2216 2182 2274 atque
2208 2209 2449 2263 elationis
2474 2213 2805 2278 supercilium
2832 2213 2977 2268 duris
3001 2217 3353 2286 castigationi-

1810 2295 1906 2350 bus
1937 2306 2128 2350 ictuum
2158 2296 2448 2363 l’eriebant,
2487 2304 2576 2357 ira:
2617 2320 2677 2358 ac
2725 2307 2905 2362 livoris
2944 2323 3130 2363 nosam
3177 2313 3350 2380 sagaci

1810 2389 2102 2444 intentione
2133 2391 2415 2458 pellebant.
2446 2392 2487 2444 Τ
2491 2405 2610 2447 auta
2649 2398 2916 2462 patientia:
2946 2401 3112 2454 virtus
3136 2442 3151 2464 ,
3173 2402 3351 2455 chari-

1811 2481 1934 2534 talis
1973 2481 2226 2544 allectus,
2273 2483 2500 2538 lenitatis
2528 2487 2699 2540 cultus
2729 2488 2941 2555 aderat,
2975 2499 3030 2544 ut
3071 2493 3248 2546 mitem
3299 2496 3348 2547 in

1811 2571 1985 2625 medio
2011 2588 2193 2626 eorum
2224 2573 2385 2627 Deum
2417 2579 2590 2644 patule
2631 2592 2733 2630 non
2771 2579 3061 2647 ambigeres
3091 2581 3345 2639 habitare.

1809 2660 1863 2715 Si
1885 2663 2181 2730 quempiam
2207 2680 2271 2716 ex
2299 2664 2382 2717 his
2403 2665 2504 2720 labi
2532 2667 2584 2719 in
2607 2667 2789 2722 vitium
2825 2669 3140 2739 reperisstent
3158 2715 3172 2738 ,
3194 2672 3351 2725 simul

1809 2765 1991 2806 omnes
2019 2768 2169 2820 atquo
2191 2753 2310 2820 jure
2335 2756 2682 2824 negligentem
2706 2761 3124 2828 correptionibus
3146 2762 3352 2816 caedere

1812 2841 2117 2896 studebant.
2185 2843 2498 2898 Communia
2547 2847 2790 2901 omnibus
2845 2855 3017 2903 omnia
3066 2860 3264 2906 erant:
3304 2856 3351 2907 si

1811 2935 2069 3000 quispiam
2111 2937 2380 3004 proprium
2427 2952 2681 3005 usurpare
2731 2939 2922 3005 aliquid
2981 2949 3273 3006 tentasset,
3319 2959 3348 2995 a

1812 3035 2124 3078 ceterorum
2154 3030 2420 3080 consortio
2447 3040 2751 3097 segregatus
2787 3031 3103 3097 prenitentia:
3151 3033 3352 3088 ultioiie

1817 3114 2197 3167 vindicabatur.
2229 3115 2410 3169 Nullus
2441 3121 2676 3185 proximo
2701 3120 3121 3189 contrarietatem
3162 3138 3351 3189 repen-

1819 3136 2197 3167 vmutcaltalur.
2229 3136 2410 3169 “unus
2441 3136 2676 3185 proxuuo
2701 3136 2763 3172 co
2807 3136 3121 3175 uarietatem
3162 3138 3349 3189 repen-

1814 3201 1939 3256 dere
1961 3243 1974 3265 ,
2011 3204 2186 3257 nullus
2230 3219 2474 3272 asperum
2503 3136 2800 3262 sertnonetz
2830 3210 3062 3277 proferre
3091 3211 3349 3274 audebat,

1813 3293 1882 3345 ita
1905 3302 1962 3345 ut
1989 3296 2038 3347 iu
2069 3297 2466 3352 conversatione
2493 3300 2778 3366 angelicam
2801 3301 2881 3368 agi
2908 3303 3064 3354 vitam
3087 3304 3347 3358 crederes.

1813 3381 1976 3434 Tanta
2002 3384 2052 3435 ιιι
2085 3383 2293 3437 beatum
2319 3385 2483 3438 virum
2509 3389 2671 3454 gratia
2701 3388 3043 3453 redundabat,
3062 3403 3117 3442 ut
3143 3392 3194 3442 in
3218 3406 3349 3459 quo-

1812 3487 2140 3542 rumcunqne
2167 3474 2413 3529 domibus
2440 3477 2742 3544 quantisper
2769 3488 3205 3545 commoraretur,
3235 3496 3346 3535 om~

1813 3563 1956 3617 nium
1987 3565 2192 3619 animos
2218 3566 2281 3619 ad
2313 3566 2578 3636 religionis
2605 3569 2798 3621 cultum
2827 3568 3100 3640 deligeret.

1885 3675 1966 3726 l2.
1996 3675 2238 3730 Pervenit
2263 3693 2388 3744 ergo
2411 3676 2541 3731 fama
2566 3679 2868 3732 Columbani
2891 3679 2916 3717 δ
2940 3681 3185 3747 Sigiberzi
3215 3684 3350 3750 regis

1811 3770 1875 3822 ad
1908 3772 2114 3834 aulam,
2145 3773 2232 3838 qui
2265 3787 2330 3825 eo
2363 3783 2596 3840 tempore
2624 3775 2827 3828 duobus
2854 3776 3028 3844 regnis
3055 3779 3348 3830 Austrasio-

1812 3878 1924 3915 rum
1961 3862 2490 3931 Burgundiouutnque
2539 3866 2761 3933 inclytus
2809 3866 3057 3932 regnabat
3103 3865 3345 3933 Francis;

1812 3968 2035 4017 quorum
2067 3953 2316 4004 eximium
2351 3969 2538 4006 nomen
2582 3970 2688 4023 prae
2721 3957 2927 4011 caeteris
2963 3957 3205 4026 gentibus
3233 3975 3348 4028 qua:

1811 4040 2012 4096 Gallias
2036 4043 2265 4095 incolunt
2288 4043 2595 4097 habebatur.
2615 4045 2693 4099 Ad
2719 4061 2871 4114 quem
2891 4063 3009 4101 cum
3036 4048 3114 4102 vir
3135 4061 3348 4104 sanctus

1810 4146 1929 4183 cum
1959 4132 2069 4184 suis
2097 4134 2436 4197 accessisset,
2466 4144 2644 4201 gratus
2675 4136 2779 4203 regi
2807 4145 2858 4188 et
2897 4137 3080 4190 aulicis
3109 4139 3178 4191 ob
3199 4153 3343 4207 egre-

1810 4223 1906 4290 gia:
1937 4221 2190 4277 doetrinte
2217 4225 2421 4292 copiam
2458 4224 2690 4279 redditus
2717 4235 2816 4279 est.
2849 4226 3017 4296 Carpit
3048 4230 3255 4284 tandem
3284 4230 3352 4284 ab

1812 4340 1946 4391 ctins
1973 4339 2254 4392 Ortlericus
2286 4338 2485 4403 Vitalis,
2514 4340 2614 4392 sub
2653 4339 2806 4394 linem
2847 4341 2935 4395 lib.
2967 4359 3082 4406 vui,
3117 4345 3167 4397 id
3215 4346 3352 4398 acci«

1813 4409 1958 4462 disse
1986 4425 2106 4474 rege
2127 4409 2467 4463 Cltildebcrto
2495 4409 2741 4479 Sigiberti
2787 4411 2892 4466 tilio
2922 4412 3103 4468 refert.
3133 4415 3350 4466 Colum-

151 4482 390 4534 nandutu
419 4477 697 4544 Ughellunt
737 4479 898 4531 relata
930 4489 1072 4530 tumo
1102 4493 1148 4529 tv
1179 4476 1289 4529 ltal.
1327 4478 1496 4535 Sacra.
1528 4478 1611 4528 ubi
1644 4480 1710 4530 de
1744 4483 1790 4541 D
1818 4480 1982 4530 bauus
2032 4480 2184 4539 paulo
2233 4489 2356 4532 ante
2403 4476 2594 4532 annum
2647 4480 2841 4533 Christi
2894 4483 2996 4536 5:10
3040 4485 3089 4535 in
3129 4483 3351 4536 Galliam

149 4552 325 4618 cpisn
353 4558 407 4602 et
433 4549 553 4618 abl).
590 4549 832 4602 liobicus.
856 4549 1164 4618 tricenuetn
1219 4548 1400 4618 fuisse
1437 4545 1715 4618 Columba-

153 4616 283 4672 num
313 4633 433 4671 cum
465 4617 763 4670 llibcrniam
795 4617 1002 4685 reliquit
1028 4657 1043 4680 ,
1076 4619 1239 4683 magis
1269 4616 1438 4669 simile
1469 4617 1575 4668 veri
1605 4629 1707 4667 est.

150 4689 286 4742 Nam
321 4707 343 4738 v
380 4688 603 4754 peractis
631 4688 860 4738 infantia:
887 4687 1038 4739 annis
1069 4705 1086 4736 ι
1123 4687 1367 4739 liberales
1405 4686 1712 4752 disciplinas

151 4759 366 4821 didicit,
390 4774 495 4826 quo
521 4760 568 4808 in
599 4756 772 4809 studio
801 4774 819 4806 ι
855 4773 1013 4810 omne
1037 4758 1270 4826 pueritiae
1299 4759 1374 4807 Vel
1406 4756 1712 4808 adolescen-

154 4833 242 4883 tia
296 4825 502 4892 tempus
552 4841 847 4885 exercens,
882 4841 1048 4889 usque
1086 4825 1149 4877 ad
1193 4826 1395 4878 virilem
1440 4834 1644 4877 :t-tatem
1687 4846 1705 4876 ι

156 4899 541 4966 perseveravit.
566 4897 698 4949 Tum
721 4911 778 4948 se
803 4895 1175 4966 tentationibus
1202 4897 1376 4949 carnis
1400 4899 1572 4962 appeti
1601 4913 1712 4947 svu-

156 4965 320 5027 tiens.
335 4978 548 5020 auctore
569 4968 651 5034 pia
678 4966 866 5018 femina
890 4965 1056 5032 primo
1073 4965 1267 5018 Silenis
1283 4968 1502 5024 abbatis,
1532 4975 1710 5031 postea

154 5037 505 5103 Commageni
550 5036 872 5104 magisterio,
907 5035 958 5086 iu
987 5034 1226 5087 Bancltor
1262 5050 1320 5088 se
1347 5035 1598 5096 subdidit,
1629 5037 1714 5088 dc-

157 5109 325 5175 uique
359 5121 378 5155 ι
419 5109 642 5175 peractis
687 5120 944 5157 annorum
975 5105 1344 5175 multorumiu
1393 5109 1715 5158 tnottasterio

153 5173 392 5235 circulis,
420 5174 580 5242 carpit
614 5175 1082 5242 peregrinationem
1132 5173 1452 5227 desiderare.
1493 5195 1510 5225 ι
1550 5176 1617 5226 Ita
1661 5186 1716 5228 ut

155 5249 246 5300 vix
276 5253 406 5298 ante
424 5260 618 5298 annum
642 5246 811 5296 aetatis
839 5245 1145 5298 vicesiruum
1175 5249 1554 5299 monasterium
1583 5247 1714 5296 Bau-

155 5320 425 5371 chorense
457 5316 664 5383 petierit
687 5313 796 5381 jam
819 5314 923 5378 vir,
951 5315 1000 5366 iu
1030 5329 1134 5379 quo
1157 5315 1328 5365 minus
1359 5317 1539 5368 decem
1563 5319 1714 5369 anuis

158 5385 452 5454 persistere
479 5400 581 5437 non
609 5385 818 5447 debuit,
852 5385 896 5437 si
931 5399 1190 5438 annorum
1222 5385 1504 5438 multorum
1542 5399 1711 5438 cum.

158 5453 281 5515 bula
317 5453 438 5504 inibi
473 5457 688 5522 peregit,
787 5505 792 5509 _

231 5525 262 5565 ἱ
296 5521 612 5589 Anouytuus
636 5540 685 5575 tn
714 5522 824 5574 Vita
847 5522 907 5576 S.
935 5521 1282 5586 Colutubani,
1314 5532 1366 5575 ct
1393 5525 1478 5590 qui
1514 5524 1567 5577 S.
1599 5522 1716 5575 Sal-

158 5595 412 5659 daberga:
441 5601 552 5645 acta
583 5596 813 5659 scripsit,
845 5595 1017 5662 gravis
1040 5609 1100 5644 ac
1124 5610 1255 5659 pene
1274 5610 1482 5646 cod-vus
1513 5604 1716 5659 auctor,

158 5665 550 5718 Culmubantnn
599 5664 649 5714 in
694 5663 911 5716 Galliam
955 5664 1234 5716 advenisse
1270 5665 1534 5716 allit'tuaut
1572 5665 1717 5716 Chil-

159 5736 388 5797 dcherto
415 5733 695 5792 Austrastis
721 5744 770 5787 et
797 5733 1255 5804 Burgundionibus
1278 5735 1572 5802 imperante
1597 5751 1606 5785 :
1637 5749 1717 5789 rc-

1811 4548 2058 4613 appulsus
2079 4558 2180 4610 est,
2213 4549 2286 4599 titi
2322 4546 2455 4603 infra
2485 4551 2548 4600 ad
2581 4566 2724 4604 num.
2753 4550 2821 4604 58
2852 4553 3216 4615 probabimus:
3250 4570 3355 4618 quo

1812 4627 2049 4683 tempore
2070 4618 2436 4670 Cltildebertus
2470 4622 2691 4672 Austrize
2711 4661 2724 4679 ,
2761 4619 3110 4673 Guntramuus
3140 4632 3352 4688 patruus

1814 4687 2124 4755 Burgundio:
2148 4688 2492 4753 principatum
2523 4689 2791 4755 gerebant.
2824 4687 3177 4744 Guntramuus
3211 4693 3351 4756 Chil-

1812 4759 2030 4809 deberto
2061 4756 2234 4825 nepoti
2268 4756 2580 4823 Burgundue
2623 4773 2835 4825 regnum
2874 4773 3011 4811 anno
3050 4761 3152 4814 595
3183 4771 3352 4816 morte

1812 4827 2115 4892 resigtttu‘ii.
2146 4824 2293 4880 Unde
2325 4827 2422 4880 levi
2447 4842 2625 4880 errore
2650 4824 2889 4879 auctores
2915 4829 3145 4896 praedicti
3173 4844 3350 4882 acces-

1811 4911 1924 4947 sum
1954 4896 2260 4947 Colutubani
2293 4897 2570 4962 contigisse
2606 4897 2752 4948 aiunt
2785 4898 3117 4952 Cbildeberto
3137 4900 3342 4952 Austra-

1811 4969 1917 5018 sios
1947 4976 1998 5017 ct
2029 4966 2419 5032 Burgundiones
2445 4977 2671 5033 regente,
2691 4980 2807 5017 cum
2838 4978 3110 5031 utrumque
3137 4983 3352 5035 regnum

1814 5036 1966 5101 paulo
1992 5046 2106 5102 post
2131 5035 2438 5088 Columbani
2467 5038 2741 5087 adventum
2775 5037 2836 5089 ad
2868 5039 3030 5104 ipsum
3052 5037 3355 5090 Childebcr.

1815 5115 1919 5156 ttttu
1944 5105 2092 5157 luerit
2121 5106 2440 5157 devolutum.
2477 5106 2633 5157 l’orro
2659 5106 2817 5158 Jonas
2848 5109 3030 5160 iterum
3068 5107 3354 5160 hallucina-

1815 5186 1896 5226 tus
1925 5187 2022 5238 eat,
2057 5177 2179 5227 dum
2215 5194 2231 5224 r
2273 5179 2444 5242 regnis
2469 5176 2870 5240 Au-trasiortuu,
2904 5176 3352 5240 Burgundionum-

1817 5259 1918 5307 qne
1968 5260 2212 5312 regnasse
2248 5264 2268 5294 ι
2314 5246 2502 5308 putavit
2551 5243 2901 5311 Sigibcrtutn,
2957 5247 3040 5312 qui
3091 5261 3350 5310 nunquam

1816 5314 2110 5380 Burguodia
2145 5316 2336 5380 potitus
2361 5325 2458 5368 est.
2493 5316 2707 5367 Errandi
2733 5320 2937 5367 occasio
2969 5317 3085 5367 irule
3115 5328 3229 5367 nata
3251 5325 3352 5378 est,

1816 5384 1952 5448 quod
1989 5385 2294 5450 Burgundio-
2325 5385 2638 5451 principatus
2683 5399 2771 5451 per
2808 5385 3116 5450 Sigibertutn
3157 5397 3221 5437 ex
3267 5398 3355 5448 pa-

1822 5464 1963 5504 terna
2014 5457 2315 5507 lucri-ditate
2360 5456 2409 5505 in
2447 5452 2761 5506 Childeberti
2811 5464 3112 5522 potestatem
3152 5455 3356 5506 venisse

1820 5523 1952 5574 falso
1973 5529 2337 5576 aututnavcrit.
2360 5523 2460 5574 Nec
2491 5525 2762 5590 quisquam
2794 5525 2931 5574 dicat
2960 5525 3101 5573 Jouaz
3125 5523 3357 5588 scriptio-

1820 5609 1936 5643 nctu
1966 5609 1993 5643 a
2029 5595 2254 5644 libiariis
2276 5593 2526 5648 vitiatum.
2550 5609 2608 5644 ac
2640 5609 2730 5659 pro
2749 5593 3082 5644 Cltildeberto
3107 5593 3356 5657 scriptum

1821 5663 2156 5727 Sigibettum.
2208 5666 2348 5714 “aut:
2388 5663 2525 5714 cuitu
2579 5677 2879 5725 genuanam
2933 5674 3048 5713 esse
3096 5659 3241 5715 Jona:
3295 5664 3360 5715 dc

1822 5735 2083 5800 Sigtbet'to
2113 5734 2422 5788 sententiain
2453 5742 2656 5788 constat
2677 5748 2738 5786 cx
2769 5747 2909 5788 nutu.
2935 5729 2993 5786 5|
3028 5733 3178 5786 intra.
