3880 6236
525 376 660 432 1019

1674 372 1864 429 «ΙΟΝᾸΞ
1904 370 2193 455 ADBATIS
2229 371 2645 430 ELNONENSIS

3600 378 3742 436 ΝΞΟ

517 507 587 550 eo
616 508 705 548 rex
732 502 933 562 petere,
964 500 1020 546 ut
1046 492 1183 547 intra
1211 490 1465 546 terminos
1486 489 1769 547 Galliarum
1794 488 2069 553 resideret,
2106 490 2152 549 Α
2180 502 2279 557 qua
2310 490 2435 543 liora
2468 491 2545 543 vir
2577 489 2665 544 Dei
2700 503 2793 557 pro
2823 504 2885 544 ea
2929 489 3207 545 Dominum
3236 490 3551 561 deprecatus
3575 509 3741 553 esset.

518 601 617 640 nec
641 584 704 638 ad
729 584 858 638 alias
888 593 1074 653 gentes
1102 584 1365 637 transiens
1407 595 1467 637 se
1509 582 1831 649 relinqueret
1863 621 1876 643 ,
1903 579 2082 633 omnia

514 689 636 742 quae
664 674 779 743 ejus
808 674 1052 728 voluntas
1091 658 1430 742 poposcisset.
1462 687 1521 727 se
1562 684 1883 741 paraturum.
1930 672 2080 725 Tunc

516 764 608 817 ille
635 765 745 833 regi
776 765 850 817 ait
872 804 888 825 ,
924 778 1026 817 non
1054 777 1114 817 se
1146 763 1368 816 aliarum
1400 762 1739 829 possessione
1778 776 1935 829 Opum
1970 760 2082 815 fore

516 854 789 907 ditandum
809 894 826 918 ,
846 852 939 908 sed
964 853 1255 921 evangelici
1306 853 1551 920 prreconii
1578 892 1595 917 ,
1617 861 1871 920 quantum
1905 853 2081 906 carnis

513 945 773 1012 fragilitas
802 959 905 996 non
937 944 1216 1007 obstabat,
1248 953 1568 997 sectaturum
1604 942 1905 1011 exemplum
1933 959 1945 993 :
1975 943 2075 1005 Qui

512 1036 637 1097 vult,
671 1036 857 1101 inquit,
891 1045 1003 1102 post
1030 1051 1108 1088 me
1134 1036 1327 1097 venire,
1358 1036 1565 1104 abneget
1592 1038 1911 1103 semetipsum
1946 1034 2077 1099 sibi,

509 1130 657 1181 tollat
682 1144 879 1180 crucem
905 1144 1073 1193 suam,
1102 1136 1147 1180 et
1172 1138 1409 1196 sequatur
1432 1142 1511 1180 me
1534 1125 1681 1196 (Luc.
1715 1127 1809 1195 ix).
1828 1124 1923 1179 Cui
1955 1127 2076 1178 talia

472 1248 479 1255 ι
507 1220 784 1287 objicienti
837 1235 927 1273 rex
979 1220 1176 1287 praebet
1223 1234 1474 1287 responsa
1502 1237 1513 1272 :
1544 1219 1599 1273 Si
1638 1218 1832 1273 Christi
1864 1234 2075 1273 crucem

510 1307 697 1361 tollere
736 1318 789 1362 et
819 1308 989 1376 ipsum
1017 1309 1167 1377 sequi
1202 1307 1476 1363 desideras
1500 1349 1515 1374 ,
1550 1308 1765 1377 potioris
1793 1309 1957 1362 eremi
1989 1324 2077 1362 se-

506 1410 653 1454 ctare
676 1401 908 1469 quietem
939 1419 951 1454 :
983 1411 1187 1455 tantum
1218 1415 1284 1454 ne
1316 1412 1511 1455 nostrae
1550 1401 1763 1454 ditionis
1799 1403 1914 1455 solo
1958 1403 2077 1454 reli-

504 1502 615 1555 cto,
648 1492 711 1545 ad
735 1493 935 1546 vicinas
964 1501 1300 1561 pertranseas
1324 1495 1583 1554 nationes,
1609 1504 1663 1547 ot
1691 1505 1745 1548 et
1775 1496 1846 1546 tui
1877 1495 2075 1562 ιπεειιιίἰ

504 1590 869 1653 augmentum,
903 1591 955 1635 et
993 1594 1192 1637 nostrae
1224 1584 1381 1637 saluti
1432 1585 1709 1650 provideas
1754 1596 2073 1652 opportuna.

505 1672 633 1726 Data
666 1674 842 1741 itaque
872 1675 1089 1743 optione
1118 1676 1510 1742 obtemperavit
1541 1678 1678 1743 regis
1708 1658 2075 1741 persuasioni-

505 1763 625 1823 bus,
660 1778 1008 1831 ereiiiumque
1039 1766 1241 1829 petivit.
1275 1764 1401 1816 Erat
1428 1766 1567 1818 enim
1602 1775 1725 1819 tunc
1766 1775 1906 1818 vasta
1948 1780 2068 1820 ere-

2258 581 2346 634 14.
2375 579 2666 633 Transacto
2690 580 2868 649 itaque
2897 581 3152 649 deinceps
3180 597 3344 651 parvo
3386 588 3625 654 temporis
3648 588 3742 643 in-

2187 672 2430 735 tervallo,
2461 688 2566 741 quo
2596 674 2679 742 pia
2712 673 2874 741 capiti
2903 671 3115 727 Christo
3154 674 3483 742 placamenta
3525 692 3580 731 ac
3622 681 3740 745 pia-

2185 761 2324 814 mina
2378 762 2567 816 mentis
2621 779 2713 829 per
2765 764 3136 818 contritionem
3188 765 3369 819 carnis
3421 764 3739 838 injuriasqiie

2185 852 2335 905 famis
2363 854 2672 908 mortiﬁcata
2707 854 2813 907 Deo
2839 853 3073 906 membra
3104 852 3391 921 offerrent,
3422 870 3480 908 ac
3518 856 3739 910 inviola-

2185 954 2292 997 tum
2319 945 2590 1015 religionis
2610 953 2805 997 Statum
2835 960 3049 998 servare
3077 945 3387 1008 studerent;
3421 946 3561 999 duris
3582 962 3735 1001 acer-

2184 1037 2435 1090 bitatibus
2490 1038 2664 1093 omnis
2723 1038 3061 1105 frangebatur
3117 1038 3293 1091 carnis
3349 1038 3616 1106 voluptas,
3680 1050 3740 1091 ut

2185 1129 2427 1183 videlicet
2478 1130 2653 1197 praedo
2705 1130 2957 1182 virtutum
3022 1131 3256 1183 omnium
3312 1140 3364 1184 et
3415 1132 3739 1197 exspoliator

2182 1220 2401 1287 fugeret.
2421 1220 2616 1273 Novem
2644 1221 2748 1288 jam
2777 1221 3093 1275 transierant
3114 1220 3247 1287 dies,
3269 1236 3371 1289 quo
3400 1222 3478 1273 vir
3504 1221 3587 1274 Dei
3610 1238 3735 1275 cum

2180 1310 2288 1363 suis
2317 1326 2420 1363 non
2454 1311 2582 1363 alias
2610 1311 2772 1379 dapes
2795 1322 3026 1377 caperet,
3052 1326 3207 1379 quam
3236 1311 3488 1365 arborum
3516 1312 3738 1365 cortices

2182 1398 2478 1464 herbasque
2525 1399 2690 1453 saltus
2719 1416 2729 1448 :
2757 1402 2846 1453 sed
2882 1400 3190 1467 temperavit
3220 1415 3360 1454 esca:
3400 1403 3734 1455 acerbitatem

2181 1489 2344 1556 pietas
2374 1490 2579 1542 virtutis
2601 1492 2812 1543 divinae.
2844 1492 3147 1560 Monuitque
3178 1506 3270 1559 per
3296 1493 3463 1545 visum
3494 1492 3733 1547 abbatem

2178 1580 2458 1646 quemdam
2493 1582 2707 1635 nomine
2735 1583 3125 1641 Caranitocum,
3159 1585 3245 1650 qui
3280 1584 3615 1648 monasterio,
3643 1584 3735 1637 cui

2180 1668 2202 1704 δ
2234 1671 2419 1724 Salicis
2448 1687 2637 1724 nomen
2669 1682 2768 1736 est,
2802 1680 3057 1739 praeerat,
3090 1682 3143 1723 ut
3173 1669 3371 1724 famulo
3397 1686 3493 1725 suo
3521 1673 3733 1726 Colum-

2179 1763 2314 1816 bano
2363 1764 2496 1815 intra
2548 1766 2708 1817 eremi
2743 1764 3039 1816 va~titatem
3079 1764 3390 1816 consistenti
3440 1765 3731 1817 necessaria

503 1872 623 1912 mus
654 1868 675 1893 ι
708 1858 942 1925 Vosagus
969 1860 1203 1923 nomine,
1232 1858 1280 1910 in
1312 1873 1412 1925 qua
1444 1870 1674 1911 castrum
1699 1868 1811 1912 erat
1832 1859 2064 1911 dirutum
2101 1833 2145 1892 Β
2173 1853 2421 1906 deferret.
2454 1851 2859 1921 Expergefuctus
2892 1852 3043 1918 igitur
3072 1853 3413 1904 Caramtocus
3442 1896 3454 1916 ,
3497 1838 3731 1905 celleraé

497 1951 649 2014 olim,
679 1950 819 2018 quod
847 1952 1185 2018 antiquorum
1218 1948 1435 2003 traditio
1468 1953 1762 2019 Anagrates
1795 1964 2067 2016 nuncupa-

496 2043 643 2095 bant.
672 2042 751 2095 Ad
777 2057 932 2110 quem
957 2040 1035 2095 vir
1056 2052 1270 2095 sanctus
1295 2055 1413 2094 cum
1445 2043 1699 2107 venisSct,
1735 2040 1857 2092 licet
1878 2052 1953 2105 as;
1974 2053 2067 2093 era

498 2134 745 2187 vastitate
794 2133 1097 2188 solitudinis
1153 2142 1208 2187 et
1261 2133 1602 2201 scopulorum
1666 2129 2067 2200 interpositione

496 2222 611 2276 loca
637 2236 823 2290 aspera
872 2229 1091 2286 essent,
1125 2220 1197 2275 ibi
1224 2236 1341 2274 cum
1373 2220 1484 2274 suis
1514 2219 1715 2274 resedit
1765 2235 1927 2287 parvo
1966 2222 2067 2273 ali-

495 2324 797 2368 mentorum
838 2314 1099 2367 solamine
1126 2321 1431 2376 contentus,
1458 2326 1664 2367 memor
1697 2313 1842 2366 illius
1880 2313 2060 2378 verbi,

493 2404 608 2459 Non
641 2404 696 2457 iu
728 2404 844 2458 solo
885 2418 1019 2472 pane
1067 2403 1337 2459 hominem
1371 2403 1549 2458 vivere
1580 2402 1761 2475 (Deut.
1795 2405 1903 2469 vni)
1924 2445 1939 2465 ,
1969 2405 2061 2457 sed

493 2498 659 2552 verbo
691 2498 815 2551 vita:
847 2497 1067 2558 satiari,
1100 2504 1155 2548 et
1183 2495 1421 2550 affluenti
1448 2496 1585 2563 dape
1619 2494 1891 2548 abundare
1914 2535 1928 2558 ,
1961 2510 2059 2563 qua

490 2589 730 2659 quisquis
752 2600 959 2657 sumpta
991 2589 1222 2643 esuriem
1256 2586 1458 2642 nesciat
1489 2588 1539 2641 in
1573 2603 1765 2640 atrum.

562 2682 649 2737 15.
680 2684 754 2737 Eo
788 2696 915 2735 vero
945 2682 997 2733 in
1030 2662 1147 2734 loco
1175 2679 1288 2732 viro
1322 2679 1412 2732 Dei
1437 2693 1555 2732 cum
1584 2679 1693 2730 suis
1724 2691 2064 2731 commoran-

491 2784 570 2841 ιε,
600 2774 778 2828 subito
804 2787 939 2826 unus
968 2786 999 2826 e
1025 2771 1297 2837 fratribus,
1332 2770 1413 2823 vel
1444 2770 1513 2823 ob
1542 2770 1941 2838 probationem,
1976 2769 2059 2821 vel

488 2864 779 2931 quamlibet
807 2864 1015 2930 culpam
1045 2862 1400 2915 attrahentem
1433 2860 1482 2914 vi
1516 2862 1739 2914 febrium
1770 2862 1933 2928 coepit
1963 2858 2057 2912 lla-

488 2954 695 3023 gellari.
728 2954 831 3009 Sed
860 2969 979 3007 cum
1005 2955 1145 3007 nulla
1186 2954 1557 3007 alimentorum
1600 2949 1857 3003 solamina
1901 2950 2055 3002 ades-

488 3058 640 3112 sent,
672 3047 775 3102 nisi
808 3047 1067 3100 corticum
1098 3053 1154 3098 et
1185 3044 1470 3097 herbarum
1512 3042 1705 3111 pabula
1762 3042 2061 3110 praeberen-

488 3147 605 3205 tur;
631 3136 997 3192 tantummodo
1025 3136 1191 3202 cmpit
1220 3135 1456 3188 omnium
1481 3134 1686 3185 animus
1715 3133 1971 3201 aSpirare,
2004 3140 2060 3184 ut

488 3245 585 3298 pro
612 3226 739 3297 ωεινί
767 3224 949 3278 fratris
997 3227 1253 3293 sospitate
1291 3225 1494 3293 jejunio
1537 3239 1722 3277 omnes
1750 3233 1802 3278 et
1830 3225 2055 3277 orationi

488 3326 759 3371 vat-arent.
793 3315 970 3370 Tertia
1019 3315 1129 3385 jam
1180 3315 1269 3371 die
1318 3326 1531 3385 peracto
1574 3315 1777 3384 jejunio
1804 3314 1932 3367 nihil
1968 3315 2048 3367 ba-

486 3410 670 3465 bentes
696 3409 834 3463 unde
867 3409 1001 3463 fessa
1034 3423 1260 3477 corpora
1297 3409 1667 3471 reficerentur,
1703 3407 1879 3461 subito
1926 3422 2055 3461 con-

484 3502 718 3571 spiciunt
746 3503 915 3555 virum
956 3500 1239 3569 quemdam
1278 3514 1399 3553 cum
1449 3516 1640 3568 panum
1684 3502 2054 3567 supplemento

483 3594 565 3647 vel
596 3594 990 3663 pulmentorum
1029 3592 1181 3659 equis
1224 3591 1459 3644 oneratis
1501 3602 1623 3645 ante
1656 3590 1797 3644 fores
1837 3601 2051 3655 astare,

484 3685 661 3754 quise
702 3682 967 3738 referebat
1008 3683 1183 3737 subita
1228 3682 1407 3735 cordis
1444 3681 1802 3735 admonitione
1840 3690 2047 3745 actum,

486 3786 543 3828 nt
568 3776 647 3829 eis
675 3789 742 3829 ex
764 3788 858 3827 sua
889 3771 1183 3828 substantia
1207 3772 1541 3837 subveniret,
1570 3772 1655 3840 qui
1680 3774 1885 3837 tantam
1926 3786 2052 3839 cge-

485 3878 679 3925 statem
733 3882 828 3935 pro
873 3867 1086 3921 Christo
1131 3869 1181 3920 in
1227 3881 1409 3921 eremo
1454 3868 1800 3921 sustinerent.
1851 3866 2052 3921 Oblatis

484 3962 662 4025 itaque
694 3960 810 4013 viro
843 3960 932 4014 Dei
979 3974 1096 4027 qua:
1147 3959 1445 4017 detulerat.
1497 3958 1659 4025 cmpit
1705 3974 1824 4026 eum
1875 3958 2051 4010 cordis

484 4052 781 4107 humilitate
810 4048 1105 4118 deposcere
1133 4059 1190 4103 ut
1218 4048 1297 4103 vir
1318 4059 1533 4103 sanctus
1572 4064 1667 4116 pro
1704 4049 1927 4117 conjuge
1957 4064 2049 4102 sua

484 4147 761 4204 Dominum
812 4147 1210 4215 deprecaretur,
1267 4159 1424 4213 quam
1477 4158 1569 4211 per
1615 4144 1735 4195 anni
1794 4143 2048 4196 circulum

483 4249 658 4294 tantus
690 4238 825 4305 ignis
853 4236 1080 4291 febrium
1110 4236 1297 4289 urebat
1317 4276 1333 4300 ,
1363 4245 1419 4287 ut
1455 4234 1565 4302 jant
1588 4250 1699 4312 non
1743 4235 2051 4287 crederetur

481 4330 689 4399 superis
717 4330 889 4382 reddi.
923 4328 1115 4381 llnmili
1158 4343 1285 4395 ergo
1316 4338 1369 4383 et
1408 4327 1567 4379 anxio
1604 4328 1769 4381 corde
1814 4329 2048 4395 poscenti

482 4422 650 4478 noluit
678 4423 758 4475 vir
787 4421 877 4474 Dei
908 4419 1171 4487 denegare
1202 4422 1463 4485 solamen,
1496 4418 1857 4483 adhibitisque
1887 4418 2046 4472 simul

2170 1946 2304 1997 rium
2346 1959 2497 1996 suum
2530 1945 2840 1998 Marcullum
2872 1944 3085 1999 nomine
3125 1954 3306 2007 vocat,
3338 1944 3519 2013 reique
3546 1944 3732 1997 admo-

2169 2036 2293 2089 nitas
2320 2050 2530 2089 causam
2557 2044 2754 2088 narrat.
2784 2038 2846 2088 At
2870 2034 2992 2088 ille:
3027 2034 3149 2098 Fac,
3186 2035 3392 2100 inquit,
3424 2044 3477 2086 ut
3504 2035 3729 2102 impera-

2168 2135 2273 2178 tum
2305 2136 2386 2178 est
2418 2126 2531 2179 tibi.
2562 2124 2716 2180 Jubet
2745 2140 2871 2194 ergo
2896 2124 3243 2179 Caramtocus
3272 2125 3573 2177 Marcult‘um
3604 2124 3682 2179 ire
3705 2165 3723 2189 ,

2165 2228 2219 2271 et
2262 2219 2436 2271 omnia
2482 2233 2597 2286 qua:
2646 2217 2811 2284 pOSsit
2861 2230 3075 2283 parare,
3107 2215 3365 2281 beateque
3395 2215 3721 2268 Columbano

2164 2310 2392 2363 deferre.
2430 2310 2673 2362 Oneratis
2703 2324 2827 2376 ergo
2858 2309 3139 2362 Marcullus
3168 2309 3425 2361 vehiculis
3462 2310 3557 2361 iter
3589 2310 3725 2361 arri-

2168 2400 2300 2464 puit,
2333 2399 2423 2452 sed
2459 2415 2575 2452 cum
2619 2400 2919 2455 solitudinis
2952 2414 3041 2453 ora
3068 2398 3271 2465 attigit,
3306 2403 3439 2451 viam
3472 2401 3565 2452 sibi
3595 2416 3724 2466 pan-

2161 2488 2321 2542 dendi
2347 2488 2549 2543 itineris
2577 2506 2908 2560 nequaquam
2942 2491 3157 2557 reperit.
3189 2490 3309 2543 Fuit
3337 2490 3545 2544 tandem
3584 2504 3721 2543 con-

2161 2579 2334 2631 silium
2383 2592 2437 2633 ut
2478 2582 2522 2635 si
2571 2582 2658 2636 Dei
2694 2594 2837 2636 ess‘et
2880 2582 3190 2649 imperium,
3237 2585 3527 2652 prmmissis
3576 2586 3729 2652 cquis

2164 2670 2473 2737 imperantis
2497 2674 2732 2741 potentia
2761 2674 2896 2727 viam
2927 2674 3180 2739 aperiret.
3200 2675 3325 2728 Mira
3354 2677 3542 2728 virtus!
3573 2684 3727 2727 aute-

2159 2766 2406 2818 cedentes
2454 2766 2572 2833 equi
2624 2766 2856 2832 ignotum
2887 2766 2986 2818 iter
3018 2766 3205 2833 ungula
3240 2778 3413 2819 terunt
3434 2806 3447 2827 ,
3475 2778 3725 2835 rectoque

2160 2854 2346 2907 itinere
2377 2863 2499 2909 ante
2529 2855 2669 2908 fores
2699 2855 2758 2908 Β.
2782 2856 3095 2909 Columbani
3127 2858 3189 2909 ad
3224 2858 3511 2926 Anagrates
3540 2872 3725 2924 perve-

2161 2947 2326 3000 niunt.
2362 2948 2555 3001 Mirans
2588 2948 2900 3012 Marcullus,
2932 2962 3187 3017 equorum
3228 2950 3446 3016 vestigia
3472 2950 3725 3002 subsecu-

2161 3048 2242 3090 tus
2271 3038 2333 3089 ad
2365 3038 2530 3089 virum
2559 3037 2647 3090 Dei
2680 3039 2937 3104 pervenit,
2974 3050 3027 3091 et
3054 3054 3170 3105 qua:
3202 3040 3463 3092 detulerat
3496 3053 3724 3107 pricsen-

2164 3127 2309 3179 tavit.
2345 3128 2434 3182 llle
2469 3138 2645 3196 grates
2685 3128 2958 3181 Conditori
3012 3129 3286 3197 rependit,
3329 3131 3447 3197 quia
3496 3129 3570 3184 sic
3608 3130 3722 3183 suis

2162 3226 2367 3279 famulis
2408 3225 2458 3278 in
2488 3226 2699 3279 deserto
2730 3241 2914 3293 parare
2954 3242 3191 3281 inetisatn
3244 3242 3346 3279 non
3376 3227 3594 3279 distulit.
3619 3228 3723 3280 Ac-

2157 3334 2305 3387 cepta
2358 3338 2486 3391 ergo
2531 3322 2595 3374 ab
2622 3336 2686 3375 eo
2716 3323 3101 3387 benedictione,
3143 3323 3422 3376 lilarculfns
3457 3324 3587 3377 calle
3614 3340 3721 3390 quo

2158 3420 2373 3465 venerat
2399 3411 2689 3478 repedavit,
2723 3411 3066 3479 Omnibusque
3090 3414 3162 3464 rei
3195 3424 3355 3480 gestae
3384 3426 3591 3464 cansam
3619 3430 3721 3479 pav

2160 3501 2355 3554 tefecit.
2389 3502 2560 3565 Ctepit
2589 3501 2781 3554 exinde
2821 3502 3112 3568 frequentia
3151 3502 3324 3566 populi
3361 3511 3412 3553 et
3453 3502 3717 3553 infirman-

2159 3593 2286 3643 tium
2312 3591 2562 3643 cohortes
2586 3592 2653 3643 ob
2683 3593 2960 3643 sanitatem
2994 3591 3453 3659 redintegrandum
3491 3594 3548 3643 ad
3594 3608 3717 3645 cum

2156 3682 2505 3750 frequentare,
2531 3692 2582 3734 et
2604 3682 2836 3734 omnium
2863 3682 3226 3735 infirinitatunt
3251 3683 3549 3749 suffragium
3571 3699 3717 3751 qua:-

2157 3788 2300 3835 rcre;
2352 3788 2573 3842 quorum
2622 3782 2738 3825 vota
2786 3786 2904 3826 cum
2964 3787 3212 3826 revocare
3267 3790 3294 3826 a
3346 3790 3403 3826 se
3444 3776 3714 3839 nequiret,

2155 3865 2388 3918 emnium
2422 3864 2759 3930 petitionibus
2787 3880 2997 3931 parcns,
3030 3864 3327 3917 orationum
3369 3865 3715 3919 medicamine

2154 3965 2462 4008 cunctorum
2510 3953 2572 4006 ad
2619 3970 2677 4007 se
2726 3954 3047 4006 venientium
3098 3954 3487 4007 infirmitatibus
3533 3956 3715 4009 divino

2154 4046 2313 4121 fultus
2337 4044 2535 4097 auxilio
2565 4043 2796 4121 curando
2822 4042 3188 4096 subveniebat.

2154 4116 2161 4123 ’
2224 4137 2309 4190 l3.
2347 4136 2438 4189 llis
2466 4136 2691 4203 denique
2724 4134 2774 4188 in
2804 4136 2931 4189 locis
2960 4138 3137 4189 evenit
3162 4148 3214 4188 ut
3244 4150 3336 4203 per
3356 4152 3515 4205 opaca
3543 4140 3711 4193 saltus

2153 4228 2414 4282 interdum
2447 4227 2615 4281 isdem
2648 4230 2725 4279 vir
2754 4237 2968 4281 sanctus
2998 4226 3392 4290 deatnbularct,
3434 4238 3487 4279 et
3524 4230 3710 4282 Lbrum

2155 4323 2376 4375 humero
2400 4322 2575 4374 ferens
2595 4320 2661 4373 de
2681 4320 2969 4386 Scripturis
2993 4320 3159 4371 sacris
3185 4333 3367 4371 secum
3391 4318 3711 4385 disputaret;

2152 4410 2433 4476 subitoque
2486 4408 2735 4477 cogitatio
2785 4410 2837 4460 in
2888 4418 3119 4460 mentem
3170 4408 3275 4459 ruit
3322 4407 3447 4473 quid
3496 4410 3713 4477 eligeret

482 4515 732 4568 fratribus
762 4529 854 4581 pro
883 4526 945 4565 ea
976 4510 1395 4564 misericordiam
1448 4509 1656 4563 Domini
1707 4512 2042 4577 deprecatur.
2075 4522 2128 4584 ι)
2155 4505 2340 4557 melius
2382 4504 2434 4556 in
2482 4502 2752 4555 hominum
2797 4500 3015 4568 injurias
3061 4501 3326 4563 incidere,
3378 4516 3443 4554 an
3483 4502 3708 4556 ferarum

481 4610 719 4677 Cumque
752 4608 838 4661 ille
868 4622 987 4660 cum
1016 4606 1127 4659 suis
1156 4606 1449 4659 orationem
1486 4606 1841 4674 complesset,
1866 4607 2046 4660 statim

481 4717 541 4754 ea
570 4715 687 4769 qua:
707 4699 996 4767 periculum
1032 4696 1216 4752 mortis
1245 4700 1295 4750 in
1330 4700 1607 4767 propatulo
1638 4697 1881 4759 habebat,
1908 4698 2049 4752 sani-

484 4791 573 4842 tati
600 4789 925 4844 estreddita.
944 4794 1008 4841 At
1030 4803 1288 4842 verocmn
1315 4788 1390 4841 vir
1416 4788 1533 4854 ejus
1551 4789 1730 4855 largita
1760 4788 1857 4841 sibi
1888 4801 1917 4837 a
1936 4787 2048 4840 viro

484 4883 573 4935 Ι)ιεί
592 4880 960 4934 benedictione
980 4881 1193 4933 damum
1217 4888 1527 4941 remeasset,
1554 4880 1751 4931 invenit
1766 4878 2045 4947 conjugetn

480 4986 630 5025 suam
671 4972 814 5023 domi
855 4969 1126 5022 sedentem
1154 4986 1165 5020 :
1196 4969 1603 5033 sciscitatusque
1633 4983 1733 5037 qua
1766 4968 1899 5021 hora
1927 4983 2044 5021 eam

482 5065 707 5117 febrium
722 5064 801 5115 vis
817 5061 1135 5127 reliquisset,
1165 5061 1363 5128 reperit
1383 5075 1442 5114 ea
1474 5060 1601 5113 hora
1634 5058 2046 5114 sanatamfuisse

550 5176 576 5203 ⁸
626 5174 861 5253 Vosagus
900 5175 993 5253 (les
1032 5171 1265 5253 Yosges),
1315 5174 1365 5226 in
1407 5174 1726 5253 [iurgni-idie
1760 5175 2039 5253 comitatu,

484 5247 833 5313 linrgumliam
878 5260 905 5296 a
940 5245 1275 5314 l.otliaringia
1324 5254 1377 5298 et
1410 5246 1636 5297 Alcsztlia
1676 5245 1897 5307 dirimit,
1930 5245 2043 5297 illo-

482 5334 553 5368 ste
581 5316 916 5383 Mosellazque
946 5328 998 5369 et
1038 5318 1215 5369 Araris
1244 5316 1494 5369 nobilium
1528 5315 1805 5367 fluviorum
1840 5316 2044 5383 origine

486 5388 726 5454 insignis.
748 5386 800 5438 In
832 5390 945 5439 ioco
975 5395 1257 5445 Anagratcs
1286 5388 1447 5447 dicto,
1480 5388 1756 5438 vernacule
1787 5386 2039 5455 Anegrug,

482 5460 750 5510 Conditum
766 5468 846 5509 est
864 5462 1220 5525 Anagratense
1244 5457 1640 5519 inonastcrimn,
1657 5459 1793 5523 quod
1810 5459 2038 5523 amplius

486 5545 589 5580 non
637 5538 830 5584 exstat.
875 5527 1207 5580 Fontanense
1240 5530 1507 5579 redactum
1538 5539 1616 5579 est
1662 5528 1709 5578 itt
1756 5530 2040 5593 prioratnm

485 5601 883 5653 conventualein
910 5598 1142 5653 Luxovio
1163 5598 1475 5663 subjectum.
1498 5598 1609 5649 lluc
1632 5598 1901 5650 referenda
1926 5614 2043 5665 quae

488 5667 539 5721 in
571 5668 682 5721 Vita
712 5671 765 5722 ὃ.
794 5671 973 5721 Νἱριιιίι
1008 5668 1435 5723 νιεδιιιιιὶυιιειιείε
1480 5668 1714 5731 ευὶςροιιὶ
1753 5666 1803 5719 in
1842 5667 2044 5721 Veson-

487 5740 627 5790 tione
656 5738 871 5792 Joannis
901 5740 1146 5792 Chillletii
1183 5747 1326 5803 parte
1360 5754 1389 5790 ll
1411 5782 1423 5800 ,
1456 5738 1607 5805 §‘:2‘2,
1658 5741 1916 5804 leguntur,
1954 5741 2040 5791 ubi

488 5809 715 5866 Nicetius
747 5815 1038 5880 Anagrates
1062 5819 1115 5866 et
1146 5811 1433 5865 Lusuvzum
1459 5820 1508 5865 et
1534 5810 1799 5865 Fontanus
1818 5812 2037 5874 adiisse,

2151 4596 2407 4650 smvitiain
2458 4595 2735 4648 sustinere.
2787 4593 3022 4660 Cumque
3071 4603 3283 4661 urgeret
3332 4595 3709 4662 cogitationum

2152 4688 2293 4742 illata
2322 4687 2610 4748 severitas,
2635 4686 2824 4739 crebro
2857 4686 3085 4740 frontem
3116 4686 3267 4755 signo
3296 4688 3469 4740 crucis
3497 4702 3708 4742 armatis

2150 4792 2308 4849 atque
2348 4795 2506 4833 orans
2538 4777 2673 4831 intra
2702 4792 2759 4831 se
2788 4778 2960 4831 aiebat
2990 4779 3179 4833 melius
3225 4792 3343 4832 esse
3385 4777 3707 4835 ferocitatem

2153 4874 2436 4927 bestiarum
2484 4871 2682 4939 absque
2728 4870 2902 4924 alieno
2942 4877 3191 4939 peccato,
3242 4884 3398 4939 quam
3442 4870 3709 4925 hominum

2150 4970 2351 5023 rabiem
2400 4965 2659 5019 sustinere
2702 4979 2819 5017 cum
2870 4964 3063 5017 damno
3108 4963 3425 5015 animarum.
3475 4962 3711 5033 Dumque

2150 5062 2264 5115 haec
2308 5062 2483 5113 animo
2512 5058 2779 5122 volveret,
2811 5057 3070 5125 conSpicit
3117 5054 3396 5109 duodecim
3428 5055 3579 5125 lupos
3608 5058 3708 5111 ad-

2150 5189 2204 5233 et
2250 5176 2592 5231 ecclesiarum
2639 5175 2819 5226 altaria
2854 5182 3034 5240 rogatu
3074 5170 3386 5224 Columbani
3436 5171 3708 5227 dedicasse

2149 5251 2361 5302 dicitur.
2393 5252 2517 5310 Quae
2547 5248 2587 5297 si
2622 5259 2742 5298 vera
2763 5256 2905 5305 sunt,
2938 5246 3311 5307 Anagrato-nsis
3343 5242 3572 5295 ccenobii
3603 5244 3705 5306 pri-

2152 5320 2349 5373 mordii
2383 5317 2617 5369 revocari
2652 5332 2753 5367 non
2798 5324 3015 5381 possunt
3046 5314 3109 5366 ad
3141 5328 3332 5365 annmn
3375 5312 3457 5377 (ιιι
3498 5313 3707 5381 quibus-

2148 5393 2269 5443 dam
2304 5390 2495 5453 placet)
2517 5386 2621 5439 570
2648 5426 2661 5449 ,
2694 5401 2811 5437 cum
2840 5396 2954 5451 post
2993 5400 3188 5437 annum
3221 5384 3323 5437 530
3352 5382 3591 5438 Nicetius
3628 5399 3707 5438 se-

2148 5463 2265 5515 dem
2304 5459 2770 5513 Vesontionensem
2800 5456 3105 5508 obtinuerit.

2223 5531 2245 5567 δ
2288 5530 2495 5583 Nullum
2536 5532 2641 5582 hoc
2671 5528 2881 5579 nowine
2910 5524 3282 5579 monasterium
3324 5523 3561 5591 amplius
3609 5523 3706 5578 illis

2149 5604 2199 5655 in
2251 5601 2487 5669 partibus
2531 5608 2808 5667 superest,
2840 5597 2937 5651 nisi
2982 5597 3114 5649 [orte
3159 5594 3350 5669 Salicis
3396 5594 3705 5649 vocabulum

2150 5667 2347 5726 tribuas
2376 5682 2549 5724 castro
2574 5668 2861 5728 Salinensi,
2896 5671 2944 5718 in
2976 5680 3080 5734 quo
3111 5674 3191 5722 est
3221 5667 3491 5736 prioratus
3524 5680 3704 5721 tnonao

2148 5745 2307 5798 sterio
2340 5741 2671 5798 Cluniacensi
2698 5739 2985 5807 subjectus.
