3880 6236
170 357 274 413 lilii

1371 358 1432 414 S.
1475 358 1644 414 COLU
1654 359 1856 413 MDANI
1901 361 2078 416 VITA.

3161 365 3295 420 lilii

164 466 335 530 venire.
362 475 415 520 et
439 465 621 520 dextra
649 467 878 535 laevaque
904 483 960 520 se
990 468 1212 522 medium
1254 478 1424 522 astare
1444 509 1459 531 ,
1489 485 1660 523 mane-
1687 469 1734 526 Î”
1763 471 1839 523 vir
1856 473 2029 524 statim
2060 471 2274 541 genibus
2321 473 2621 541 provolutus
2651 474 2972 529 orationibus
3012 475 3286 532 Dominum

162 560 324 626 batque
350 549 629 610 immobilis
651 567 809 625 atque
837 557 1049 612 dicens:
1077 558 1232 621 Deus,
1271 561 1321 612 in
1351 559 1665 627 adjutorium

161 665 308 705 meum
333 648 573 713 intende;
605 649 840 714 Domine,
864 651 927 703 ad
962 649 1304 719 adjuvandutn
1337 667 1420 704 me
1455 651 1662 704 festina.

160 738 354 806 PrOpius
395 736 466 789 illi
496 738 788 800 accedunt,
814 747 868 791 et
911 752 1003 792 ora
1030 739 1356 792 vestimentis
1402 739 1516 806 ejus
1551 740 1669 807 jun-

161 836 271 898 gunt
307 840 571 896 :cumque
596 826 684 882 ille
721 841 966 881 constans
995 838 1219 892 astaret,
1253 830 1548 883 interritum
1577 845 1664 884 re-

161 921 374 988 linquunt
414 918 710 986 saltumque
753 929 1117 987 pervagantur.
1149 920 1255 974 llac
1298 921 1583 974 tentatiOue
1615 921 1665 974 in

159 1009 464 1062 securitatem
497 1006 717 1075 trajecta
740 1047 756 1070 ,
793 1007 891 1060 iter
921 1022 1012 1075 per
1046 1009 1234 1062 saltum
1284 1009 1470 1077 carpit.
1512 1009 1668 1062 Cum-

157 1111 246 1167 que
282 1095 412 1150 haud
457 1096 636 1162 procul
686 1096 937 1161 abiisset,
977 1096 1120 1150 audit
1162 1111 1340 1151 vocem
1375 1100 1666 1152 Snevorum

160 1187 408 1241 multorum
436 1200 528 1252 per
553 1185 665 1236 avia
697 1185 1079 1249 oberrantium,
1108 1188 1193 1254 qui
1239 1201 1304 1240 eo
1336 1187 1386 1240 iu
1433 1196 1667 1253 tempore

161 1276 318 1330 iisdem
345 1275 393 1328 in
421 1275 553 1328 locis
579 1274 846 1329 latrocinia
876 1277 1223 1341 exercebant;
1247 1277 1423 1345 sicque
1453 1277 1664 1330 demum

162 1367 346 1434 trajecta
376 1380 464 1429 per
501 1369 850 1420 constantiam
898 1370 1182 1422 tentatione
1221 1369 1408 1435 repulit
1437 1369 1665 1422 adversi-

163 1467 318 1531 tatem.
339 1455 438 1511 Sed
462 1456 562 1509 hoc
591 1466 765 1509 utrum
797 1457 986 1510 diaboli
1017 1456 1218 1510 fallacia
1245 1458 1472 1520 tinxerit,
1504 1473 1567 1511 an
1591 1458 1666 1512 rei

163 1547 352 1601 veritate.
372 1556 574 1614 gestum
600 1546 704 1610 sit,
739 1547 910 1614 patule
951 1561 1052 1600 non
1075 1547 1303 1616 agnovit.
1327 1548 1667 1616 Rursumque

165 1635 350 1691 recessit
373 1648 402 1687 a
427 1633 636 1700 cellula,
667 1633 990 1703 longiorique
1018 1635 1099 1689 via
1140 1644 1283 1689 vasta
1314 1636 1480 1690 eremi
1509 1651 1668 1704 pene-

167 1741 316 1790 trans,
364 1727 555 1795 reperit
605 1741 790 1780 saxum
838 1726 1067 1780 immane
1112 1736 1479 1795 praeruptaque
1525 1727 1669 1793 rupis

167 1803 321 1880 laiera,
353 1832 534 1886 aspera
555 1818 785 1887 scopulis
813 1828 952 1886 tetga
983 1818 1095 1872 avia
1140 1818 1435 1871 hominibus
1454 1857 1468 1879 ,
1498 1816 1670 1883 ibique

165 1911 387 1979 conspicit
423 1923 715 1963 concavum
753 1909 804 1962 in
851 1919 1005 1980 caute
1038 1909 1230 1963 sinum.
1276 1910 1670 1977 Aggressusque

165 2002 310 2054 elidita
334 1998 679 2066 perscrutari,
712 1997 908 2065 reperit
935 1997 988 2052 in
1027 1999 1274 2056 interiore
1301 2001 1414 2053 sinu
1445 1999 1550 2052 ursi
1583 1998 1672 2050 ha-

165 2091 435 2156 bitaculum,
459 2088 735 2156 ipsumque
756 2089 972 2141 interius
995 2088 1327 2142 residentem.
1351 2088 1523 2142 Mitem
1546 2101 1672 2154 ergo

164 2181 299 2234 feram
327 2179 466 2232 abire
489 2176 661 2246 jubet,
694 2191 790 2232 nec
818 2178 1066 2245 deinceps
1094 2176 1208 2241 hos,
1236 2175 1428 2242 inquit,
1457 2186 1672 2243 repetas

162 2273 313 2326 callis.
337 2271 473 2325 Abiit
498 2268 605 2324 fera
637 2269 808 2336 mitis,
843 2285 939 2324 nec
964 2283 1177 2338 prorsus
1202 2278 1283 2322 est
1307 2283 1431 2322 ausa
1464 2269 1671 2331 redire;

165 2363 456 2433 distabatque
485 2361 553 2416 ob
578 2363 839 2432 Anagrate
861 2360 1006 2416 locus
1036 2361 1152 2430 plus
1181 2362 1416 2414 minusve
1447 2361 1674 2415 millibus

164 2464 356 2523 Septem.

223 2545 296 2600 16.
324 2544 430 2610 Quo
457 2542 506 2596 in
537 2552 772 2610 tempore
799 2555 917 2595 cum
965 2541 1016 2593 in
1061 2539 1244 2594 eadem
1291 2552 1518 2593 concava
1549 2551 1670 2591 sco-

166 2635 252 2704 puli
288 2635 560 2688 solitariam
606 2635 765 2687 vitam
794 2634 1009 2688 duceret
1029 2673 1043 2696 ,
1089 2633 1224 2686 sicut
1252 2641 1368 2686 erat
1397 2631 1512 2699 ejus
1539 2645 1672 2685 con-

166 2725 445 2792 suetudinis,
475 2737 531 2780 ut
558 2741 676 2779 cuin
710 2725 990 2779 Dominicis
1019 2724 1166 2779 festis
1208 2723 1676 2792 velquoruntlihet

167 2819 431 2874 sanctorum
458 2823 680 2871 sacratte
715 2814 1063 2869 solemnitatis
1103 2813 1544 2882 appropinquaret
1578 2812 1676 2866 ad-

168 2917 356 2972 ventus,
385 2905 449 2960 ab
489 2906 708 2959 aliorum
739 2903 992 2958 societate
1033 2913 1369 2973 segregatus,
1405 2914 1456 2957 et
1487 2903 1676 2957 abditis

168 3001 276 3056 locis
301 3009 558 3068 receptus,
587 2997 673 3052 vel
705 2995 931 3065 longiori
958 2996 1124 3064 spatio
1163 2996 1325 3050 eremi
1363 3004 1563 3049 secreta
1591 3009 1678 3048 se-

1766 559 2106 632 deprecatur,
2156 570 2213 615 ut
2256 577 2364 617 sua:
2411 565 2704 618 necessitati
2745 565 2938 618 tribuat
2980 577 3290 634 opportuna.

1767 637 1995 704 Tandem
2026 653 2140 719 ejus
2171 667 2358 718 parens
2388 654 2650 720 precibus,
2682 653 2763 720 pie
2791 654 2984 721 petenti
3016 655 3152 722 larga
3175 658 3301 710 sub-

1766 741 1907 794 venit
1945 751 2208 807 potestas:
2238 758 2460 811 moxque
2499 745 2634 800 latex
2668 745 2952 813 productus
2999 745 3116 799 fons
3139 749 3300 814 capit

1765 845 1976 884 manare
2006 833 2247 898 perennis
2273 873 2286 892 .
2317 835 2404 902 qui
2451 848 2615 901 usque
2659 835 2710 886 in
2751 834 3056 888 hodiernum
3101 845 3299 887 manat.

1764 919 1869 973 Nec.
1913 921 2173 975 immerito
2218 924 2515 978 misericors
2541 923 2793 978 Dominus
2838 924 2947 976 suis
2986 925 3178 977 sanctis
3208 926 3302 977 tri-

1767 1010 1873 1063 buit
1896 1012 2172 1078 postulata,
2197 1014 2282 1078 qui
2311 1012 2380 1066 ob
2417 1023 2802 1079 praeceptorum
2838 1028 3050 1067 suorum
3081 1013 3299 1080 imperia

1767 1105 2001 1166 proprias
2030 1102 2406 1155 crucilixerunt
2438 1102 2734 1156 voluntates
2753 1141 2770 1168 ,
2794 1113 2933 1156 tanta
2963 1105 3065 1156 title
3102 1105 3302 1170 pollen-

1768 1198 1868 1251 tes,
1899 1198 1952 1240 ut
1979 1203 2096 1256 qua:
2126 1191 2192 1242 ab
2219 1192 2334 1258 ejus
2373 1191 2728 1246 misericordia
2762 1194 3171 1257 postulaverint,
3201 1193 3301 1247 im-

1767 1286 1973 1343 petrare
2001 1293 2103 1330 non
2133 1279 2398 1344 dubitent;
2435 1281 2555 1349 quia
2587 1282 2696 1348 ipse
2723 1281 2961 1348 promisit
2987 1281 3167 1335 dicens
3193 1298 3208 1334 :
3240 1279 3300 1335 Si

1764 1367 2034 1422 habueritis
2066 1371 2216 1436 ï¬dem
2255 1373 2384 1424 sicut
2430 1389 2641 1441 granum
2688 1374 2879 1442 sinapis
2908 1412 2924 1438 ,
2969 1373 3139 1426 dicetis
3191 1372 3306 1424 huic

1765 1461 1936 1519 momi,
1963 1457 2161 1519 Transi.
2187 1470 2236 1514 et
2265 1462 2493 1523 transiet,
2518 1459 2566 1516 et
2593 1463 2720 1515 nihil
2745 1463 3051 1530 impossibile
3083 1465 3177 1516 erit
3221 1480 3309 1515 oo-

1767 1547 1837 1610 bis
1868 1547 2073 1616 (Matth.
2106 1552 2247 1615 xvn).
2281 1550 2345 1604 Et
2373 1551 2496 1605 alibi
2529 1568 2541 1603 :
2568 1551 2752 1604 Omnia
2781 1568 3082 1620 quamcunque
3107 1563 3304 1605 orantes

1771 1639 1956 1704 petitis,
1981 1639 2166 1692 credite
2185 1641 2302 1709 quia
2323 1642 2573 1710 accipietis
2591 1682 2607 1706 ,
2635 1651 2683 1694 et
2714 1643 2797 1707 ï¬et
2827 1621 2960 1694 vobis
2983 1641 3172 1712 (Marc.
3205 1640 3302 1708 st).

1843 1727 1930 1780 l7.
1953 1726 2186 1797 Cumque
2209 1730 2318 1798 jam
2349 1731 2628 1784 multorum
2656 1732 3028 1784 monachorum
3056 1731 3307 1783 societate

1769 1812 2098 1878 dcnsaretur,
2127 1819 2285 1881 cmpit
2309 1818 2536 1888 cogitare
2557 1828 2612 1873 ut
2639 1821 2891 1887 potiorem
2932 1819 3101 1872 locum
3139 1819 3190 1871 in
3219 1833 3310 1872 ea-

1769 1905 1884 1955 dem
1916 1921 2096 1957 eremo
2118 1917 2397 1973 quaereret,
2421 1924 2525 1976 quo
2551 1910 2921 1964 monasterium
2959 1919 3310 1964 construeret.

1769 1993 2068 2064 lnvenitque
2096 2007 2322 2050 castrum
2351 1999 2647 2052 lirtnissitno
2681 2000 2967 2053 munimine
2997 2000 3120 2052 olim
3150 1999 3310 2054 fuisse

1769 2083 1964 2136 cultum
1988 2127 2003 2148 ,
2031 2100 2059 2138 a
2091 2086 2389 2153 supradicto
2424 2088 2540 2142 loco
2577 2087 2776 2144 distans
2811 2091 2924 2156 plus
2970 2091 3144 2142 minus
3190 2099 3308 2143 octo

1769 2171 2016 2237 millibus,
2045 2191 2196 2242 quem
2226 2178 2392 2244 prisca
2416 2188 2647 2247 tempora
2669 2187 2693 2213 Î¹
2727 2177 3013 2232 Luxovium
3037 2193 3304 2247 nuncupa-

1770 2263 1892 2318 bant
1918 2280 1930 2314 :
1959 2261 2130 2331 ibique
2159 2277 2306 2332 aqua:
2355 2265 2536 2320 calidtn
2579 2267 2720 2321 cultu
2761 2267 2954 2322 eximio
2995 2277 3310 2325 constructae

1773 2351 2117 2406 habebantur.
2139 2353 2210 2406 lbi
2241 2355 2522 2424 imaginum
2547 2356 2862 2425 lapidearutn
2893 2359 3124 2412 densitas
3143 2357 3310 2409 vicina

1769 2445 1933 2499 saltus
1959 2445 2228 2512 densabat,
2246 2462 2376 2514 quas
2400 2447 2538 2502 cultu
2565 2447 2844 2502 miserabili
2869 2448 3074 2516 rituque
3094 2450 3313 2517 prolano

1774 2544 1979 2592 vetusta
2009 2552 2327 2606 paganorum
2351 2548 2581 2608 tempora
2604 2539 2948 2593 honorabant.
2973 2538 3043 2591 lbi
3075 2541 3312 2593 residens

1773 2626 1852 2680 vir
1879 2627 2116 2695 egregius
2139 2630 2512 2684 monasterium
2539 2637 2847 2684 construere
2865 2629 3042 2696 cmpit,
3071 2629 3134 2681 ad
3156 2629 3308 2696 cujus

1774 2714 1960 2768 famam
1992 2715 2140 2784 plebs
2166 2717 2392 2785 undique
2413 2732 2729 2773 concurrere
2768 2729 2820 2773 et
2839 2733 2898 2773 se
2917 2718 3078 2773 cultui
3103 2718 3311 2786 religio.

1772 2804 1854 2858 nis
1897 2804 2073 2859 dicare
2113 2805 2398 2871 curabant;
2445 2807 2515 2860 ita
2567 2815 2623 2860 nt
2667 2810 2888 2877 plurima
2936 2809 3309 2864 monachorum

1773 2895 2054 2951 multitudo
2084 2897 2310 2952 adâ€˜unata
2337 2895 2420 2952 vix
2449 2900 2604 2952 unius
2635 2899 2857 2953 comobii
2894 2901 3111 2967 collegio
3137 2902 3308 2953 consi-

1775 2999 1915 3044 stere
1939 2992 2163 3045 valeret.
2190 2990 2261 3044 lbi
2287 2990 2537 3045 nobilium
2569 2989 2715 3044 liberi
2745 2989 2969 3057 undique
2999 3003 3312 3043 concurrere

169 3091 391 3154 stabatur,
422 3100 474 3144 ut
502 3089 669 3144 solida
693 3095 868 3142 mente
892 3095 945 3141 et
971 3087 1165 3156 absque
1190 3102 1430 3141 curarum
1461 3087 1673 3156 inquie-
1701 3122 1745 3184 c
1777 3082 2094 3146 nitebantur,
2118 3090 2171 3134 nt
2193 3089 2246 3135 et
2264 3089 2438 3151 spreta
2461 3079 2848 3150 phaleramenta
2870 3077 3067 3144 saeculi,
3092 3089 3141 3132 et
3173 3091 3309 3145 prae-

170 3182 319 3234 tudine
343 3179 477 3233 solus
499 3179 722 3233 orationi
770 3188 1008 3240 vacaret,
1039 3186 1092 3232 et
1132 3178 1367 3248 religioni
1409 3177 1553 3232 omni
1584 3192 1675 3231 co-

170 3281 270 3324 natu
290 3269 719 3334 intenderet,erat
742 3268 859 3321 cibo
883 3267 954 3320 ita
982 3276 1294 3331 attenuatus,
1320 3278 1375 3321 ut
1396 3269 1480 3322 vix
1496 3270 1670 3322 vivere

170 3361 476 3414 crederetur:
528 3373 626 3412 nec
678 3357 893 3411 al.nnde
942 3359 1144 3423 penitus
1188 3373 1342 3423 quam
1391 3357 1672 3426 agrestium

172 3450 414 3503 herbarum
455 3449 640 3517 exigua
682 3461 946 3510 mensura,
992 3445 1073 3498 vel
1122 3446 1452 3511 parvulorum
1490 3461 1674 3514 pomo-

173 3550 296 3603 roth,
320 3554 424 3609 qua:
464 3552 672 3592 eremus
714 3535 798 3589 illa
843 3533 1077 3597 ferebat,
1117 3550 1232 3604 qua:
1255 3538 1412 3589 etiam
1443 3536 1674 3591 bollucas

172 3627 308 3700 [At.,
357 3629 614 3690 bullucas,
673 3624 950 3696 belgulas]
1016 3625 1174 3696 vulgo
1237 3627 1530 3695 appellant,
1587 3641 1676 3679 ve-

171 3724 399 3774 scebatur.
455 3719 617 3774 Potus
686 3733 821 3786 aqua
871 3729 1029 3784 erat,
1089 3728 1142 3771 nt
1200 3718 1285 3784 qui
1353 3731 1559 3782 semper
1623 3716 1673 3769 in

172 3809 363 3861 aliorum
416 3806 553 3862 curis
618 3814 944 3875 occupatus,
1001 3806 1112 3859 [nec
1173 3819 1323 3872 teque
1370 3819 1524 3872 agere
1583 3818 1677 3857 ne-

172 3901 334 3966 quiret,
370 3899 544 3954 saltem
595 3915 687 3967 per
733 3896 998 3951 intervalla
1045 3907 1335 3964 temporum
1389 3910 1480 3962 pro
1526 3903 1674 3960 [arte

172 3992 338 4045 utentis
375 4002 479 4044 vota
527 3998 820 4060 perageret.
865 3990 1094 4058 Eratque
1134 3986 1246 4057 t'jtts
1293 3987 1345 4040 in
1385 3985 1674 4040 ministerio

174 4081 386 4146 puerulus
409 4081 612 4148 quidam
642 4081 855 4133 nomine
885 4078 1148 4132 Domoalis
1167 4119 1186 4152 ,
1229 4077 1313 4147 qui
1357 4092 1474 4130 cum
1519 4089 1677 4130 certa!

172 4172 545 4239 Opportunitates
596 4167 916 4222 tnonastetio
964 4169 1301 4230 evenissent,
1347 4167 1492 4220 solus
1537 4165 1675 4219 Patri

174 4261 475 4323 renuntiaret,
496 4277 555 4314 ac
585 4261 836 4314 fratribus
855 4258 1178 4312 observanda
1205 4258 1440 4310 relerret.
1476 4255 1677 4309 Positus

173 4365 280 4420 ergo
307 4354 354 4404 in
394 4353 600 4420 praefato
649 4355 766 4404 sinu
815 4348 1094 4403 eminentis
1139 4345 1290 4409 saxi,
1338 4347 1424 4412 qui
1465 4344 1678 4399 aliunde

1772 3173 2002 3226 sentium
2036 3186 2276 3240 pompam
2326 3169 2645 3224 facultatum.
2678 3178 3092 3232 contemnentes,
3119 3175 3311 3220 aeterna

1774 3263 1985 3330 praemia
2013 3269 2276 3328 caperent.
2303 3260 2450 3326 Quod
2472 3259 2530 3317 Î’.
2561 3257 2913 3312 Columbanus
2941 3274 3196 3324 cernens,
3219 3273 3308 3308 un-

1773 3353 1930 3420 dique
1949 3352 2012 3404 ad
2036 3353 2354 3420 paenitentim
2376 3351 2751 3405 medicamenta
2777 3351 2955 3417 plebes
2972 3365 3306 3413 Concurrere,

1772 3452 1826 3497 et
1856 3443 2006 3496 unius
2034 3441 2261 3512 ccenobii
2290 3450 2436 3511 septa
2459 3449 2653 3494 tantam
2679 3438 3096 3517 conversantium
3126 3438 3312 3492 Cohor-

1775 3543 1878 3588 tem
1909 3534 2102 3602 absque
2128 3531 2435 3586 difï¬cultate
2476 3545 2578 3586 non
2611 3540 2791 3585 tenere
2813 3570 2828 3595 ,
2859 3531 3095 3598 quamvis
3138 3540 3312 3581 mente

1779 3637 1879 3676 una
1908 3633 1960 3677 et
1990 3624 2152 3678 corde
2179 3637 2302 3688 uno,
2334 3632 2507 3675 tamen
2536 3621 2917 3675 conversationi
2956 3629 3112 3676 tanta;
3138 3619 3312 3672 multi-

1778 3711 1974 3765 tudinis
2001 3712 2365 3779 incongruum,
2395 3711 2554 3764 alium
2582 3711 2941 3778 experimento
2968 3710 3133 3763 locum
3163 3725 3309 3778 qna:-

1775 3802 1873 3866 rit;
1913 3817 2070 3870 quem
2115 3816 2367 3869 aquarum
2415 3801 2674 3868 irriguitas
2715 3799 3030 3863 adornabat;
3063 3799 3309 3866 aliudque

1775 3891 2155 3945 monasterium
2185 3890 2461 3954 construit,
2484 3891 2565 3944 cui
2597 3889 2859 3944 Fontanas
2885 3905 3072 3943 nomen
3103 3889 3309 3950 indidit,

1774 3983 2024 4051 deditque
2047 3982 2428 4050 gubernatores
2458 3983 2796 4052 praepositos,
2828 3981 2894 4034 de
2930 3995 3150 4048 quorum
3193 3981 3312 4033 reli-

1775 4075 1929 4143 gione
1955 4074 2081 4127 nihil
2117 4073 2472 4128 dubitabatur.
2500 4073 2591 4126 llis
2627 4087 2751 4139 ergo
2781 4073 2831 4124 in
2869 4072 2993 4125 locis
3022 4073 3315 4124 monacho-

1775 4179 1890 4218 rum
1933 4165 2168 4233 plebibus
2193 4165 2491 4218 constitutis
2542 4165 2653 4229 ipse
2693 4162 2917 4214 vicissim
2955 4161 3196 4215 omnibus
3235 4161 3312 4213 in-

1777 4266 2002 4321 tererat;
2046 4256 2380 4324 regulamque
2422 4269 2580 4322 quam
2625 4263 2863 4307 tenerent
2891 4253 3084 4321 Spiritu
3133 4261 3315 4306 sancto

1777 4351 2003 4420 repletus
2023 4349 2280 4413 condidit,
2308 4349 2360 4402 in
2389 4362 2486 4417 qua
2516 4346 2684 4416 qualis
2713 4357 2766 4413 et
2792 4358 3004 4418 quanta;
3031 4347 3315 4414 disciplinae

183 4439 362 4506 penitus
391 4441 576 4494 aditum
608 4439 918 4508 denegabat,
948 4438 1228 4501 multisque
1252 4433 1359 4503 jam
1391 4433 1574 4486 diebus
1598 4432 1672 4484 in-

1777 4445 1854 4496 vir
1870 4451 2086 4498 sanctus
2108 4439 2280 4505 fuerit,
2310 4438 2537 4507 prudens
2561 4438 2724 4492 lector
2744 4438 2823 4490 vel
2847 4438 3050 4490 auditor
3061 4436 3312 4503 agnoscit.

177 4528 236 4581 ibi
260 4531 538 4595 resedisset,
559 4532 720 4598 cmpit
741 4529 1070 4598 supradictus
1092 4527 1338 4596 puerulus
1360 4526 1456 4577 sub
1481 4523 1675 4578 silentii

176 4634 287 4674 Voce
312 4621 567 4691 conqueri,
597 4635 693 4675 cur
723 4621 774 4672 in
804 4629 1047 4689 promptu
1076 4633 1261 4686 aquam
1293 4632 1395 4670 non
1427 4615 1674 4680 haberet,

176 4710 253 4762 sed
281 4725 388 4765 eum
415 4710 594 4779 grandi
619 4712 796 4765 labore
826 4725 917 4779 per
943 4705 1136 4762 montis
1156 4709 1314 4761 ardua
1339 4707 1486 4761 fessis
1511 4705 1675 4772 popli-

181 4798 296 4852 tibus
320 4800 549 4856 deferret.
578 4799 672 4854 Cui
701 4798 1079 4861 Columbanns,
1113 4796 1229 4859 Fili,
1263 4797 1447 4865 inquit,
1480 4794 1677 4862 paulis-

181 4908 259 4959 per
281 4893 387 4947 saxi
412 4905 542 4962 terga
570 4903 747 4960 satage
767 4901 984 4953 cavare;
1013 4901 1274 4943 memento
1299 4889 1489 4958 populo
1519 4886 1675 4941 Israel

183 4983 424 5037 Dominum
448 4986 508 5038 de
531 4997 684 5040 caute
723 4984 902 5038 latices
945 4982 1274 5049 produxisse.
1309 4985 1376 5036 At
1413 4980 1502 5035 ille
1541 4979 1677 5036 Patri

183 5075 398 5130 obediens
423 5092 593 5144 rupem
618 5091 806 5130 cavare
831 5088 1109 5144 aggressus
1136 5083 1236 5127 est.
1259 5073 1484 5128 Sanctus
1509 5073 1680 5140 itaque

243 5216 264 5243 â¸
293 5207 590 5264 Lnsoviense
620 5211 1018 5272 monasterium,
1052 5210 1202 5277 vulgo
1227 5209 1423 5273 Luxeu,
1454 5220 1573 5262 ante
1606 5212 1679 5260 vi-

185 5278 403 5330 cesimum
431 5294 613 5333 annum
645 5296 797 5348 quam
829 5283 948 5334 inde
990 5282 1272 5348 pelleretur
1301 5281 1673 5338 Colutnbanus,

186 5358 498 5417 constructum
524 5360 642 5414 est,
693 5358 748 5402 ut
790 5361 929 5416 patet
974 5367 1034 5403 ex
1068 5367 1211 5402 ltttttt.
1241 5350 1323 5403 58.
1378 5352 1507 5404 Cu."
1553 5365 1679 5417 ergo

186 5412 495 5489 Columbauus
521 5412 654 5473 anno
681 5412 1050 5489 blU'exsulare
1093 5420 1269 5489 jussus
1297 5421 1366 5472 sit
1388 5460 1404 5483 ,
1457 5423 1586 5473 sicut
1616 5412 1681 5472 á¼‘Î¿

189 5485 268 5554 loci
311 5489 663 5554 probabimus,
709 5505 844 5543 anno
879 5487 980 5542 590
1020 5485 1324 5543 collocanda
1371 5503 1490 5542 sunt
1536 5490 1678 5542 initia

191 5551 488 5610 Lusotieusis
510 5551 751 5622 cteuobit,
779 5576 840 5613 ex
875 5576 975 5622 quo
1002 5570 1247 5625 tanquam
1275 5575 1339 5612 ex
1368 5575 1518 5613 sacro
1550 5560 1677 5610 ro-li-

189 5625 330 5686 giouis
355 5634 638 5682 monasticae
669 5630 948 5683 seminario
982 5630 1285 5694 prodierunt
1317 5633 1411 5680 viri
1443 5630 1678 5693 complu-

192 5704 259 5748 res
283 5705 531 5754 sanctitate
565 5708 618 5751 et
652 5700 1020 5758 eccle=iasticis
1049 5697 1388 5768 dignitatibus
1421 5701 1674 5753 illustres.

1849 4529 1934 4585 18.
1976 4532 2048 4584 Eo
2075 4531 2244 4598 itaque
2271 4539 2503 4594 tempore
2529 4527 2735 4596 quidam
2766 4527 2924 4580 frater
2953 4525 3162 4578 nomine
3200 4526 3309 4576 Au'.

1779 4623 1976 4676 tiernus
2007 4621 2216 4687 pulsare
2241 4620 2401 4687 coepit
2439 4629 2494 4672 ut
2523 4615 2886 4686 peregrinandi
2932 4614 2985 4667 iu
3017 4613 3315 4668 Hiberniam

1779 4725 1937 4765 causa
1972 4710 2286 4778 perveniret.
2316 4709 2410 4764 Cui
2437 4708 2789 4762 Colombanus
2815 4707 2922 4759 ait:
2955 4705 3238 4773 Pergentes
3263 4707 3315 4759 in

1779 4819 2035 4868 eremum,
2065 4803 2386 4859 voluntatem
2437 4799 2528 4854 Dei
2575 4799 2878 4868 probemus,
2909 4809 3083 4852 utrum
3109 4796 3315 4850 deside-

1779 4906 1945 4950 ratum
1976 4896 2074 4948 iter
2101 4893 2355 4960 arripias,
2399 4906 2464 4944 an
2497 4891 2547 4944 in
2577 4900 2713 4951 cmtu
2745 4889 2960 4942 fratrum
2991 4900 3312 4954 permaneas.

1781 4987 2069 5054 Pergentes
2101 4998 2226 5052 ergo
2255 4981 2433 5045 simul,
2461 4981 2663 5036 tertium
2693 4978 3076 5033 adolescentem
3107 4977 3316 5030 nomine

1777 5079 2066 5134 Somariutn
2089 5116 2104 5141 ,
2142 5075 2227 5144 qui
2254 5075 2426 5129 adhuc
2455 5072 2480 5111 Î´
2508 5072 2710 5141 superis
2735 5071 2949 5141 junctus
2977 5078 3057 5126 est
3082 5108 3096 5134 ,
3144 5071 3196 5122 in
3221 5083 3318 5122 co-

1781 5214 1891 5266 lllic
1936 5211 2023 5262 ditt
2069 5210 2228 5275 viguit
2274 5210 2386 5262 laus
2430 5209 2599 5260 divina
2629 5247 2644 5270 ,
2693 5223 2848 5275 quam
2895 5221 3177 5273 perennem
3221 5217 3318 5258 seu

1782 5294 2076 5349 perpetuam
2111 5290 2314 5341 vocant,
2345 5280 2595 5349 nimirum
2609 5281 2679 5349 ab
2705 5279 2816 5344 ipso
2844 5279 3054 5349 conditu
3087 5277 3150 5328 ad
3183 5276 3314 5324 Vau-

1779 5347 2018 5405 tlalorutn
2050 5359 2276 5414 stragem
2320 5350 2507 5400 abbate
2539 5347 2708 5399 Mileto
2751 5363 2840 5400 seu
2885 5347 3095 5399 Mellino
3125 5357 3315 5409 perpe-

1782 5431 1988 5475 tratatn.
2034 5419 2210 5473 Floret
2239 5429 2391 5472 etzatn
2425 5431 2557 5468 nunc
2586 5419 2775 5482 regulae
2806 5417 3309 5482 ltenedicunmpro-5

1780 5495 1931 5556 cipuo
1976 5493 2116 5542 cultu
2143 5530 2158 5551 ,
2213 5503 2364 5556 quem
2414 5487 2520 5537 Illi.
2564 5480 2665 5537 lâ€™lâ€™:
2705 5494 3003 5555 congregat.
3048 5485 3102 5535 á½ƒ.
3147 5480 3315 5533 Vitottt

1783 5564 1998 5617 feliciter
2029 5562 2217 5612 ibidem
2252 5557 2605 5610 restituerunt.

1852 5635 1878 5672 Î¹Î¿
1909 5630 1959 5683 ld
1989 5639 2091 5696 est,
2123 5639 2366 5696 superest.
2409 5624 2535 5678 Vide
2563 5626 2718 5680 Nntas
2749 5625 2810 5677 ad
2841 5622 3040 5692 PrOIOg.
3072 5620 3222 5675 Vitae.
