3880 6236
576 360 706 413 1θέΣὸ

573 475 753 524 initatu
782 477 1033 534 sumunt,
1081 476 1133 520 et
1172 468 1236 520 ad
1278 467 1592 520 destinatum
1633 472 1685 520 in
1716 482 1895 520 eremo
1940 467 2108 519 locum
2143 464 2191 520 Α

575 568 960 625 pervenerunt,
1026 557 1179 611 unius
1234 565 1431 608 tantum
1485 557 1632 621 panis
1680 555 1800 608 cibo
1856 555 2113 608 contenti.

571 651 804 717 Cumque
835 651 941 717 jam
970 648 1313 702 duodecimus
1344 648 1617 701 transisset
1644 648 1754 700 dies
1775 687 1788 707 ,
1836 660 1933 698 nec
1963 648 2115 713 quid-

572 756 726 807 quam
754 739 818 792 de
844 740 992 807 panis
1021 738 1316 805 fragmento
1347 738 1686 789 remansisset
1712 778 1724 798 ,
1772 737 1999 803 horaque
2030 751 2116 789 re-

573 830 813 883 lectionis
838 828 1313 895 appropinquaret,
1357 828 1678 891 impe:antnr
1707 841 1734 877 a
1764 826 1914 878 Patre
1945 834 2000 877 ut
2029 839 2120 891 per

575 934 834 991 prierupta
866 922 1004 974 ruris
1035 931 1176 985 eant,
1209 930 1363 987 atque
1386 920 1451 971 ad
1484 919 1583 970 ima
1613 920 1760 970 vallis
1787 919 2116 984 perveniant,

571 1025 622 1066 et
654 1012 902 1081 quidquid
934 1011 997 1063 ad
1026 1010 1196 1062 cibum
1228 1020 1521 1077 opportune
1546 1007 1828 1075 reperiant,
1856 1006 2116 1059 deferant.

571 1112 803 1163 Ovantes
831 1106 900 1159 illi
940 1120 1030 1172 per
1060 1118 1289 1158 concava
1318 1103 1465 1155 vallis
1497 1101 1863 1154 Mosellatenus
1893 1099 2118 1154 advene-

575 1207 715 1260 runt,
744 1201 1122 1261 capturamqoe
1154 1192 1374 1259 piscium
1405 1190 1533 1265 olim
1559 1204 1587 1241 a
1618 1189 1966 1257 piscatoribus
1995 1203 2121 1241 con-

570 1295 765 1339 sertam
796 1294 847 1338 et
878 1284 1030 1336 undis
1060 1282 1352 1349 oppositam
1383 1289 1620 1333 cernunt.
1668 1280 2118 1347 Accedentesque,

573 1379 803 1442 quinque
834 1387 1049 1440 magnos
1076 1373 1340 1440 reperiunt
1368 1373 1555 1438 pisces,
1590 1380 1962 1438 sumentesqne
1990 1380 2117 1434 tres,

569 1468 688 1534 quia
721 1465 988 1529 viverent,
1036 1464 1172 1517 Patri
1206 1462 1602 1531 prmsentandos
1633 1462 1849 1514 vehunt.
1903 1460 1968 1512 At
2009 1460 2117 1522 ille,

570 1556 693 1619 Cur,
727 1555 923 1624 inquit,
972 1569 1073 1607 non
1116 1554 1345 1622 quinque
1378 1552 1684 1607 detulistis?
1742 1551 2118 1620 llespondent,

571 1656 807 1699 tuortuos
840 1645 1101 1711 reperisse
1129 1644 1279 1707 duos,
1325 1644 1545 1708 proinde
1578 1643 1877 1709 reliquisse.
1932 1642 1994 1695 Et
2037 1642 2123 1697 ille

570 1738 678 1790 ait:
729 1736 1068 1805 Nequaquam
1098 1750 1163 1789 ex
1197 1734 1278 1788 his
1304 1735 1592 1788 comedetis
1614 1773 1629 1797 ,
1680 1735 1777 1788 nisi
1811 1748 1940 1801 quos
1969 1734 2123 1787 dimi-

571 1828 715 1881 sistis
745 1827 1007 1880 venerint.
1062 1829 1127 1878 At
1169 1826 1241 1878 illi
1274 1826 1526 1879 miraculo
1557 1826 1782 1893 perculsi
1831 1825 1895 1879 de
1944 1824 2119 1893 provi-

570 1919 747 1973 tientia
777 1917 965 1971 divina:
992 1920 1197 1986 gratiae,
1233 1918 1429 1985 pernici
1460 1932 1617 1971 cursu
1649 1924 1922 1985 repetunt,
1954 1917 2123 1969 incre-

572 2020 863 2077 patiturque
914 2024 1009 2061 cur
1056 2016 1317 2075 repertam
1360 1992 1601 2060 inannam
1643 2007 2016 2075 reliquissent,
2071 2016 2124 2060 et

571 2104 648 2155 sic
673 2102 844 2156 cibum
872 2116 1056 2169 parare
1102 2101 1367 2168 iubentur.
1401 2100 1599 2165 Nempe
1622 2101 1811 2168 Spiritu
1837 2110 2016 2152 sancto
2040 2093 2121 2153 re-

567 2196 760 2264 pletus,
785 2202 1001 2247 noverat
1041 2192 1139 2245 sibi
1174 2206 1202 2243 a
1230 2191 1453 2245 Domino
1480 2190 1670 2258 passim
1703 2192 1864 2258 dapes
1895 2198 2118 2258 paratas.

640 2286 722 2338 l9.
768 2284 879 2337 Alia
923 2298 1128 2351 quoque
1177 2285 1288 2341 vice
1335 2296 1453 2336 cum
1506 2283 1556 2336 in
1604 2281 1790 2336 eadem
1842 2282 2123 2336 solitudine

565 2386 879 2441 moraretur,
906 2392 1008 2428 non
1034 2366 1205 2429 tamen
1230 2389 1294 2429 eo
1316 2376 1453 2440 loco,
1474 2377 1580 2443 jam
1606 2374 1983 2444 quinquaginta
2012 2375 2123 2429 dies

568 2468 901 2533 transierant,
928 2481 1168 2534 unusque
1196 2478 1394 2521 tantum
1426 2481 1455 2519 e
1487 2466 1735 2520 fratribus
1765 2480 1884 2518 cum
1914 2480 1978 2520 eo
2006 2476 2124 2519 erat

568 2559 748 2617 Gallus
777 2561 1020 2622 nomine;
1071 2559 1155 2612 cui
1206 2559 1291 2612 ille
1338 2559 1561 2625 imperat
1592 2567 1645 2610 ut
1674 2557 1736 2610 ad
1771 2558 2015 2610 Ernscam
2047 2557 2121 2627 (la

565 2649 741 2700 ririére
768 2650 828 2700 de
860 2647 1079 2713 Brusch)
1118 2658 1202 2702 eat
1224 2689 1238 2712 ,
1289 2650 1557 2717 piscesque
1587 2649 1776 2716 capiat.
1832 2649 1923 2703 llle
1952 2649 2117 2713 abiit,

563 2747 837 2805 ratemque
864 2736 1052 2799 duxit,
1099 2748 1153 2789 ut
1184 2738 1247 2790 ad
1278 2737 1565 2806 Lignonem
1596 2738 1879 2807 (l‘Uiguon)
1909 2753 2116 2792 amnem

566 2837 827 2897 pergeret.
880 2831 992 2893 Quo
1019 2845 1135 2882 cum
1168 2832 1532 2899 pervenisset,
1584 2841 1801 2901 reteque
1832 2834 1880 2884 in
1910 2832 2117 2885 alveum

562 2924 829 2990 jactasset,
860 2924 1067 2989 aSpexit
1098 2934 1293 2977 tantam
1326 2925 1713 2979 multitudinem
1742 2925 1993 2979 advenire
2025 2936 2121 2978 nec

566 3029 781 3080 pl‘OlStlS
817 3026 928 3069 rete
961 3016 1160 3079 teneri,
1207 3017 1298 3068 sed
1329 3016 1469 3068 velut
1500 3014 1549 3067 in
1584 3014 1831 3082 parietem
1866 3014 2122 3083 impinge-

564 3114 699 3169 rent,
724 3113 868 3160 retro
896 3105 1105 3159 reverti.
1140 3104 1418 3158 Laboravit
1447 3107 1621 3173 itaque
1651 3122 1740 3169 per
1766 3115 1925 3158 lotam
1953 3104 2114 3171 diem,

563 3211 734 3263 neque
765 3203 922 3248 unum
955 3211 1144 3261 capere
1171 3197 1357 3266 quivit,
1382 3211 1731 3265 reversusque
1757 3197 1895 3250 Patri
1924 3212 2119 3250 renun-

567 3286 661 3338 tiat
688 3286 753 3339 de
787 3284 1036 3340 frustrato
1069 3286 1266 3342 labore.
1316 3287 1407 3341 llle
1434 3286 1818 3341 inohedientcm
1848 3287 2119 3357 increpat,

566 3392 663 3429 cur
692 3390 793 3429 non
823 3378 886 3429 ad
916 3378 1279 3431 denuntiatum
1312 3380 1481 3430 locum
1526 3386 1881 3446 properasset.
1928 3378 2121 3445 Aitque

564 3468 774 3521 denuo:
813 3468 952 3522 Vade
998 3471 1139 3535 cito,
1187 3469 1251 3522 ad
1299 3468 1667 3523 denuntiatum
1717 3470 1887 3522 locum
1939 3484 2117 3538 perge.

568 3559 811 3611 Pervenit
841 3559 1013 3626 itaque
1040 3601 1053 3623 ,
1102 3569 1156 3611 et
1198 3568 1308 3612 rete
1355 3558 1509 3612 undis
1538 3559 1819 3625 Opposuit,
1872 3568 2118 3627 tantaque

570 3652 790 3717 piscium
821 3652 969 3718 copia
1004 3660 1112 3705 rete
1143 3661 1223 3705 est
1251 3652 1542 3720 impletum,
1578 3662 1633 3706 ut
1664 3652 1747 3705 vix
1793 3667 1899 3721 pra:
1939 3652 2118 3707 multi-

569 3740 748 3793 tudine
777 3740 909 3793 trahi
939 3741 1215 3807 potuisset.

638 3831 725 3884 ‘30.
762 3831 1061 3886 Morabatur
1084 3834 1183 3887 alia
1209 3835 1320 3889 vice
1350 3836 1399 3888 in
1429 3836 1728 3903 supradicto
1752 3836 1953 3906 scopuli
1981 3838 2117 3899 sinu,

568 3942 593 3975 a
621 3939 721 3989 quo
747 3940 923 3977 ursum
953 3927 1247 3991 expulerat,
1267 3926 1460 3995 diuque
1491 3927 1557 3981 ibi
1583 3928 1821 3982 oratione
1846 3940 1897 3982 et
1920 3930 2121 3998 jejunio

566 4031 755 4080 corpus
785 4017 1060 4069 alllixerat.
1111 4018 1365 4085 Cognovit
1394 4029 1568 4071 autem
1610 4034 1704 4088 per
1739 4022 2118 4075 revelationem

568 4108 777 4170 l‘ratres,
809 4106 894 4174 qui
930 4121 1088 4174 penes
1120 4106 1407 4160 Luxovium
1439 4118 1607 4174 erant,
1641 4110 1862 4164 diversis
1905 4113 2116 4167 morbo-

567 4213 680 4251 rum
710 4200 990 4267 generibus
1015 4202 1214 4267 vexari,
1241 4218 1335 4257 nec
1367 4204 1587 4272 amplius
1621 4208 1934 4261 remansisse
1960 4223 2115 4277 quam

570 4290 659 4356 qui
693 4291 902 4357 a-grotis
934 4292 1317 4347 ministrabant.
1371 4295 1627 4364 Egressus
1664 4298 1838 4364 itaque
1865 4298 1929 4351 de
1960 4312 2118 4365 specu

565 4378 629 4429 ad
662 4376 945 4431 Luxovinm
982 4383 1157 4444 venit;
1205 4398 1424 4449 cumque
1457 4402 1639 4439 omnes
1672 4385 1897 4440 alliictos
1925 4402 2119 4441 cerne-

1690 356 1877 411 ,ιΟΝΑῆ
1919 357 1953 409 Α
1966 353 2204 408 ltBA'l'lS
2244 348 2660 415 ELNONENSIS

3620 360 3739 418 1025

2285 467 2372 519 9.1.
2414 467 2615 522 interea
2671 478 2871 536 tempus
2922 478 3167 523 evenerat
3222 478 3281 523 ut
3331 470 3479 537 copia
3528 485 3739 543 Segetum

2220 560 2421 614 horreis
2446 562 2819 627 conderentur,
2844 576 2939 616 nec
2962 575 3179 630 prorsus
3202 561 3279 615 vis
3303 572 3575 616 ventorum
3595 567 3742 622 nubes

2217 653 2501 719 compilare
2549 654 2804 707 cessabat.
2861 651 3088 721 Urgebat
3136 668 3263 706 sane
3314 655 3633 717 necessitas,
3676 675 3737 710 ne

2218 756 2432 797 maturae
2470 746 2659 797 messis
2704 744 2861 809 spicre
2912 744 2960 795 in
3010 744 3255 811 stipulam
3305 743 3543 811 germine
3568 747 3740 798 emisso

2219 833 2466 901 perirent.
2501 835 2731 901 Eratque
2760 832 2834 885 vir
2861 832 2955 885 Dei
2986 834 3118 899 apud
3150 833 3418 887 Fontanas
3441 835 3739 899 cmnobium,

2221 925 2303 976 ubi
2344 934 2395 977 et
2438 924 2685 977 messium
2716 924 2916 989 copiam
2957 938 3124 975 novus
3166 939 3291 991 ager
3323 924 3627 991 locupletem
3658 927 3741 978 de-

2210 1014 2385 1068 ‘derat.
2440 1012 2710 1067 lrruebant
2739 1026 3010 1067 ventorum
3065 1013 3223 1068 flabra
3272 1029 3391 1069 cum
3440 1016 3743 1069 vehementia

2222 1104 2489 1167 imbrium,
2513 1117 2607 1157 nec
2629 1104 2843 1157 omnino
2870 1103 3045 1155 nubila
3067 1104 3186 1157 caeli
3210 1105 3333 1157 dare
3360 1107 3513 1159 terris
3537 1106 3741 1173 pluviam

2219 1194 2576 1260 quiescebant.
2607 1193 2740 1259 Quid
2764 1194 2828 1247 ad
2858 1196 2969 1247 hare
2992 1194 3072 1246 vir
3099 1192 3188 1246 Dei
3217 1204 3395 1261 ageret
3424 1196 3576 1247 anxio
3601 1197 3745 1250 corde

2220 1284 2509 1350 pensabat:
2550 1284 2772 1337 armavit
2804 1293 3031 1338 mentem
3066 1283 3225 1345 ﬁdes,
3270 1283 3451 1337 docuit
3490 1284 3745 1353 impetrare

2220 1382 2527 1442 opxortuna,
2558 1376 2941 1443 accersivitque
2970 1390 3176 1438 omnes,
3206 1390 3267 1428 ac
3297 1380 3526 1445 segetem
3559 1378 3744 1443 ρηεείἀί

2217 1462 2381 1530 jubet.
2435 1464 2688 1516 Mirantur
2736 1465 2806 1517 illi
2860 1464 3029 1518 Patris
3077 1467 3398 1532 imperium;
3455 1481 3546 1521 nec
3590 1475 3744 1522 tamen

2221 1554 2495 1622 quisquam
2520 1554 2658 1607 Patri
2683 1555 2966 1623 cogitatum
2992 1558 3270 1623 depmmit.
3301 1556 3563 1612 Venerunt
3580 1574 3746 1613 omnes

2224 1642 2541 1711 ialcibusqne
2590 1645 2723 1697 inter
2755 1645 3089 1701 diliusionem
3137 1648 3382 1703 imbrium
3413 1660 3586 1702 secant
3613 1664 3747 1721 sege-

2225 1743 2349 1799 tem,
2383 1734 2695 1802 Patremque
2730 1734 2854 1804 qnid
2885 1748 3004 1807 agat
3032 1739 3382 1806 conspiciunt.
3433 1739 3518 1793 Ille
3544 1753 3747 1808 quatuor

2226 1825 2407 1891 plenos
2456 1825 2711 1892 religione
2756 1828 2896 1880 viros
2944 1842 3039 1894 per
3085 1837 3307 1895 quatuor
3335 1830 3550 1897 angulos
3580 1832 3747 1885 messis

2223 1916 2482 1983 prmponit
2507 1956 2521 1979 ,
2574 1912 2907 1968 Comininum
2951 1924 3005 1969 et
3044 1915 3313 1970 Eunocum
3345 1931 3407 1972 ac
3435 1916 3745 1985 Equanacum

2223 2021 2287 2059 ex
2319 2005 2620 2059 Scottorum
2648 2020 2861 2075 genere,
2882 2015 3229 2073 quartumque
3252 2006 3549 2076 Garganum
3572 2023 3747 2076 genere

2223 2097 2510 2150 Britonem.
2563 2094 2655 2149 llis
2698 2096 2953 2150 ordinatis
2996 2100 3107 2165 ipse
3145 2112 3263 2150 cum
3302 2098 3514 2165 reliquis
3542 2111 3743 2151 messem

2221 2190 2426 2244 medius
2467 2189 2805 2257 praecidebat.
2858 2189 2986 2242 Mira
3016 2188 3220 2242 virtus!
3254 2187 3487 2257 fugiebat
3529 2188 3683 2240 imber
3721 2207 3745 2237 a

2220 2292 2436 2351 segete,
2487 2291 2539 2333 et
2588 2282 2817 2349 undique
2868 2281 3037 2347 pluvia
3089 2279 3513 2343 diliundebatur;
3566 2282 3746 2334 medios

2221 2382 2419 2426 tantum
2445 2386 2704 2426 messores
2725 2370 2851 2425 solis
2871 2371 3027 2424 ardor
3053 2372 3301 2436 torrebat,
3326 2382 3583 2438 estusque
3605 2373 3746 2425 velte-

2221 2478 2367 2517 mens
2397 2478 2668 2532 quousque
2698 2477 2921 2516 messem
2950 2462 3239 2517 conderent
3265 2462 3480 2522 afﬂavit.
3526 2462 3607 2517 Sic
3633 2460 3747 2515 ﬁdes

2220 2563 2272 2607 et
2299 2554 2467 2608 oratio
2497 2554 2690 2609 meruit
2722 2563 2777 2607 ut
2808 2554 2953 2622 pulsa
2988 2553 3157 2622 pluvia
3188 2563 3373 2607 mstum
3406 2554 3540 2607 inter
3569 2552 3745 2607 imbres

2222 2647 2459 2702 haberet.

2290 2736 2379 2790 2:2.
2425 2738 2547 2792 Erat
2576 2750 2640 2790 eo
2671 2745 2905 2805 tempore
2934 2735 3033 2788 dux
3067 2734 3276 2802 quidam
3307 2735 3519 2789 nomine
3547 2731 3745 2787 Walde-

2220 2832 2371 2887 lenus
2398 2832 2484 2897 qui
2515 2839 2698 2898 gentes
2727 2844 2841 2897 qua:
2891 2830 3023 2881 intra
3056 2828 3264 2894 Alpium
3308 2838 3455 2896 septa
3501 2838 3550 2880 et
3578 2824 3743 2880 Jurani

2222 2925 2387 2979 saltus
2438 2938 2560 2975 arva
2612 2921 2847 2976 incolunt
2901 2922 3130 2989 regebat.
3189 2920 3317 2974 Huic
3363 2921 3569 2973 soboles
3618 2918 3741 2973 nulla

2222 3028 2354 3083 erat,
2387 3026 2441 3073 ut
2466 3017 2728 3072 Juvencus
2753 3015 2818 3068 de
2843 3014 3091 3067 Zacharia
3118 3020 3169 3068 et
3198 3013 3463 3067 Elisabetli
3493 3012 3593 3065 ait:

2370 3208 2559 3262 Gratius
2581 3214 2634 3257 ut
2657 3208 2830 3257 donum
2850 3207 2946 3269 jam
2980 3204 3351 3267 desperantibus
3373 3212 3522 3254 esset.

2223 3378 2314 3433 llic
2345 3392 2463 3432 cum
2496 3376 2719 3445 conjuge
2748 3388 2842 3428 sua
2872 3372 3051 3427 Flavia
3096 3368 3341 3434 nomine,
3381 3378 3434 3423 et
3480 3382 3664 3438 genere
3698 3378 3745 3422 et

2221 3467 2496 3537 prudentia
2529 3467 2720 3530 nobili,
2765 3465 2829 3518 ad
2872 3464 2931 3518 Β.
2964 3462 3342 3518 Columbanum
3388 3474 3451 3514 ex
3486 3458 3740 3513 Vesontio-

2221 3556 2371 3611 nensi
2400 3556 2593 3624 oppido
2627 3556 2826 3624 pergit,
2860 3563 3136 3623 precantes
3164 3551 3317 3605 simul
3349 3558 3406 3604 ut
3435 3564 3526 3619 pro
3550 3550 3627 3604 eis
3653 3548 3739 3601 Do-

2220 3648 2418 3700 minum
2452 3644 2844 3712 deprecaretur.
2903 3643 3088 3698 Dicunt
3117 3657 3175 3696 se
3203 3642 3380 3695 multis
3418 3640 3599 3709 opibus
3639 3652 3741 3693 esse

2219 3740 2444 3799 ditatos,
2497 3736 2588 3790 sed
2622 3735 2703 3788 cui
2738 3732 3095 3787 inereditatem
3129 3742 3243 3802 pOSt
3270 3732 3470 3786 obitum
3498 3730 3741 3799 relinque-

2220 3840 2335 3885 rent
2367 3829 2627 3882 ltmrcdem
2658 3842 2757 3880 non
2792 3826 3067 3880 haberent.
3099 3824 3298 3890 Quibus
3327 3825 3401 3877 vir
3426 3833 3667 3877 sanctus:
3695 3822 3741 3873 Si

2220 3922 2345 3986 voti,
2381 3921 2565 3988 inquit,
2597 3918 2753 3972 vestri
2787 3926 2865 3968 est
2896 3926 2950 3968 ut
2978 3916 3231 3983 Largitori
3261 3915 3455 3967 donum
3484 3926 3738 3967 consecre-

2220 4013 2318 4077 tis,
2360 4011 2592 4078 mihique
2623 4023 2682 4060 ex
2717 4008 2924 4059 lavacro
2950 4005 3343 4072 suscipiendum
3378 4004 3619 4067 tradetis,
3660 4017 3739 4071 pro

2220 4105 2366 4157 vobis
2412 4117 2508 4171 ego
2562 4100 2765 4153 Domini
2814 4097 3143 4153 clementiam
3193 4096 3531 4165 implorabo,
3561 4106 3615 4149 ut
3654 4111 3740 4148 non

2219 4194 2387 4249 solum
2418 4208 2572 4261 quem
2607 4191 2823 4243 Domino
2856 4191 3086 4243 voveatis
3117 4188 3372 4255 habeatis,
3401 4202 3575 4242 verum
3604 4187 3738 4253 etiam

2219 4298 2411 4354 quanta
2458 4283 2730 4336 volueritis
2785 4290 2901 4348 post
2950 4280 3165 4348 pignora
3214 4278 3529 4344 suscipiatis.
3582 4281 3645 4329 At
3678 4275 3738 4330 illi

2221 4375 2531 4442 promittunt
2579 4387 2635 4427 se
2684 4373 2793 4439 ejus
2844 4369 3076 4436 imperiis
3108 4369 3226 4421 laeto
3254 4366 3433 4421 animo
3464 4367 3737 4435 perituros,

569 4480 689 4533 ret,
742 4470 961 4536 impetat
995 4480 1049 4523 ut
1080 4487 1262 4524 ninnes
1292 4486 1543 4542 surgam,
1596 4487 1751 4542 atque
1798 4491 2019 4529 ιημεεριη
2065 4479 2113 4530 in
2148 4484 2197 4545 υ
2223 4475 2420 4519 tantum
2455 4481 2544 4531 pro
2580 4468 2704 4531 ipsis
2748 4462 2949 4514 Domini
2984 4458 3398 4513 misericordiam
3431 4474 3532 4510 non
3560 4456 3741 4511 desinat

567 4575 687 4612 arca
724 4560 861 4627 virga
896 4561 1117 4614 etedant.
1172 4562 1525 4617 Surrexcrnnt
1569 4580 1696 4634 ergo
1739 4582 1958 4634 quorum
1989 4584 2115 4621 con-

566 4651 837 4703 scientiam
868 4652 1181 4707 olnedientiaz
1213 4655 1345 4722 ignis
1378 4656 1589 4719 urebat;
1623 4657 1685 4710 ad
1716 4673 1998 4727 areamque
2028 4676 2115 4712 vc-

569 4742 794 4805 nientcs,
829 4744 969 4811 virga
1005 4760 1225 4800 messem
1258 4748 1463 4799 cardere
1504 4762 1621 4800 cum
1668 4749 1784 4804 lidei
1827 4752 1990 4817 gratia
2023 4767 2113 4817 ag-

564 4834 730 4897 gressi
780 4843 918 4885 sunt.
976 4834 1169 4889 Videtis
1220 4853 1345 4905 ergo
1399 4837 1553 4891 Pater
1596 4839 1747 4893 iidem
1801 4841 1848 4893 in
1902 4840 2018 4893 ﬁliis
2067 4852 2119 4895 et

566 4925 879 4978 obedientirc
910 4929 1128 4992 gratiam
1162 4930 1466 4981 abundare:
1511 4928 1709 4993 Sinite,
1742 4932 1936 4999 inquit,
1983 4932 2115 4985 fessa

568 5018 875 5079 :rgritudine
909 5019 1142 5073 membra
1175 5036 1200 5073 a
1231 5022 1408 5075 labore
1440 5024 1598 5075 reﬁci.
1634 5025 1882 5078 Mirantur
1910 5027 1972 5079 de
2002 5041 2114 5079 sos-

568 5114 729 5178 pitale
762 5114 1082 5178 obedientes,
1116 5116 1256 5169 nullo
1286 5116 1480 5169 doloris
1513 5117 1725 5187 \‘CS'igio
1759 5120 1806 5171 in
1840 5122 1915 5172 eis
1949 5135 2117 5172 rema-

566 5214 763 5269 nente,
814 5220 1127 5273 mensasque
1173 5222 1355 5271 parere
1400 5208 1586 5277 jubet,
1636 5219 1690 5261 ut
1737 5211 1879 5263 uberi
1929 5214 2118 5279 gaudio

564 5307 749 5346 omnes
767 5294 1124 5349 refici-rentur.
1159 5296 1495 5365 increpantur
1518 5298 1706 5352 deinde
1732 5300 2113 5366 intabedientcs,

564 5386 767 5451 ignavia
797 5383 915 5439 ﬁdei
945 5391 1198 5454 arguitur,
1251 5391 1519 5457 longitudo
1551 5392 1876 5456 (egritudinis
1910 5396 2115 5447 denun-

565 5480 738 5532 tiatur.
759 5479 879 5532 Mira
907 5480 1034 5532 ultio
1060 5484 1070 5533 !
1100 5498 1215 5534 nam
1247 5499 1485 5549 suprema
1505 5484 1611 5551 jam
1635 5485 1755 5536 anni
1784 5495 1929 5551 parte
1954 5496 2117 5537 trans-

564 5579 673 5620 acta
722 5570 1080 5625 inobedientes
1127 5576 1446 5640 egritudinis
1486 5590 1636 5642 pinna
1685 5576 1749 5628 ita
1782 5578 2116 5629 vehementer

563 5662 812 5724 excussit,
839 5671 893 5714 ut
922 5662 999 5715 vix
1032 5673 1249 5716 mortem
1270 5666 1570 5717 maderent.
1606 5666 2109 5729 ltnplevcrnntmcn-

566 5772 737 5809 auiam
767 5759 1080 5823 paenitentia;
1107 5758 1168 5811 de
1186 5769 1428 5825 suscepto
1457 5757 1824 5813 inobeJicutia:
1858 5769 2109 5829 tempore.

2219 4561 2517 4627 implorare.
2569 4556 2803 4623 Spondet
2830 4555 2907 4607 vir
2938 4554 3030 4608 Dei
3063 4555 3370 4609 muneribus
3415 4555 3596 4623 plenus
3624 4567 3675 4608 se
3699 4552 3737 4603 in

2220 4660 2460 4718 promptu
2514 4648 2725 4708 habere,
2777 4656 2976 4700 tantum
3010 4658 3074 4699 ne
3120 4646 3257 4714 pacti
3308 4646 3478 4701 lmdus
3524 4643 3739 4697 studeant

2220 4742 2435 4795 violare.
2490 4737 2674 4790 Mirum
2704 4735 2890 4789 dictu!
2940 4735 3023 4787 vi\~
3055 4737 3265 4787 domum
3309 4744 3580 4793 remeant,
3624 4730 3737 4782 dono

2216 4832 2479 4887 Creatoris
2508 4830 2628 4882 alvo
2659 4829 2873 4897 gravida
2906 4841 3071 4881 mater
3103 4827 3272 4880 futura
3302 4834 3592 4889 exspectat.
3641 4822 3736 4876 Edi-

2220 4935 2327 4975 tum
2360 4934 2476 4973 mox
2509 4918 2570 4971 ad
2603 4928 2839 4971 sanctum
2874 4915 3262 4979 virunrdefert,
3295 4924 3347 4965 et
3380 4913 3487 4966 suis
3516 4911 3737 4966 orationi-

2220 5016 2314 5067 bus
2358 5011 2597 5079 largitum
2645 5024 2834 5061 munus
2880 5009 3242 5062 demonstrat:
3293 5016 3469 5074 grates
3498 5000 3735 5058 Conditori

2219 5109 2343 5173 agit,
2373 5106 2457 5171 qui
2481 5102 2555 5154 sic
2583 5101 2643 5153 ad
2676 5101 2948 5167 petitiones
2974 5096 3282 5149 lamulorum
3312 5110 3523 5149 suorum
3549 5093 3735 5159 quaesita

2218 5198 2355 5247 dona
2390 5194 2623 5261 largitur.
2675 5191 2837 5257 Quem
2870 5190 2948 5241 vir
2978 5195 3191 5240 sanctus
3228 5186 3469 5241 manibus
3497 5194 3733 5253 receptum

2218 5286 2472 5347 sacravit,
2521 5296 2779 5349 sacroque
2809 5280 3017 5333 lavacro
3046 5277 3277 5330 ablutum
3329 5276 3441 5343 ipse
3492 5274 3733 5342 suscepit.

2220 5380 2511 5445 Donatique
2560 5389 2748 5427 nomen
2777 5371 3018 5437 imponit,
3050 5370 3309 5437 matrique
3338 5367 3401 5419 ad
3434 5366 3735 5421 nutriendum

2218 5470 2410 5524 reddit.
2463 5465 2561 5532 Qui
2609 5472 2726 5533 post
2764 5462 2921 5514 alitus
2974 5461 3024 5513 in
3058 5459 3240 5513 eodem
3273 5459 3621 5520 monasterio,
3662 5469 3733 5506 sa—

2220 5562 2411 5628 pientia
2442 5558 2697 5620 imbutus,
2729 5552 3066 5607 Vesontionis
3096 5548 3329 5617 pontifex
3363 5548 3595 5612 elIectus,
3624 5556 3735 5600 nunc

2222 5669 2383 5723 usque
2416 5657 2653 5717 SllpClC:l
2681 5644 2919 5696 t'atttdcut
2949 5639 3251 5695 cathedram
3282 5652 3492 5705 regens.
3524 5638 3612 5701 Ulli
3642 5642 3734 5699 ιιοδι

2219 5762 2315 5815 pro
2355 5760 2530 5802 amore
2567 5743 2619 5795 Β.
2654 5735 2963 5794 Columbam
3004 5749 3069 5789 ex
3101 5731 3264 5802 ipsius
3297 5732 3473 5799 tegula
3506 5735 3729 5784 monaste
