3880 6236
130 391 242 448 1025

1332 385 1415 442 'S.
1457 381 1848 440 COLUMBANI
1889 384 2064 441 VITA.

3170 379 3306 445 tuac

126 518 239 559 num
259 503 477 552 virorum
509 499 824 562 construxit,
850 496 988 568 quod
1013 505 1035 532 ⁸
1058 495 1311 550 Palatium
1339 503 1644 559 nuncupant
1676 497 1722 554 Λ
1818 495 1906 549 25.
1952 498 2061 550 Alia
2093 511 2300 568 quoque
2329 499 2442 552 vice
2490 511 2607 551 cum
2656 500 2718 550 ad
2769 500 2946 556 cibum
2991 501 3302 571 capiendum

126 594 183 645 oh
203 600 415 642 veterum
445 575 774 640 monimenta
804 600 1094 638 murorum.
1138 586 1349 639 Addidit
1380 592 1496 652 post
1523 598 1642 636 eum

128 681 340 734 bonitatis
363 676 601 744 Largitur
627 675 806 728 famuli
832 675 911 728 sui
938 674 1278 743 promissum,
1301 674 1456 728 alium
1483 672 1648 725 filium

128 770 435 826 flamelenum
469 767 706 828 nomine,
740 767 828 834 qui
858 767 1129 821 nobilitate
1158 777 1210 821 et
1240 765 1490 835 sapientia
1537 762 1650 832 pol-

129 864 244 922 lens,
272 867 379 925 post
406 859 569 925 patris
595 858 795 909 obitum
825 856 873 908 in
903 858 1016 921 ejus
1046 856 1246 910 honore
1270 865 1351 909 est
1376 853 1647 915 suffectus,

127 950 334 1015 quamvis
356 951 403 999 in
425 949 664 1000 surculari
691 945 896 1009 habitu,
916 958 1087 999 tamen
1112 947 1162 998 in
1186 946 1449 1000 Creatoris
1471 959 1650 997 amore

129 1041 342 1110 pervigil.
392 1039 517 1092 Nam
564 1049 618 1092 et
663 1040 775 1106 ipse
809 1041 857 1090 in
889 1052 1071 1091 amore
1105 1039 1243 1090 beati
1275 1037 1369 1091 viri
1419 1038 1468 1090 in
1515 1037 1648 1089 saltu

127 1137 328 1189 lurense
355 1147 508 1198 super
537 1131 854 1184 Novisanam
886 1130 1150 1183 ﬂuviolnm
1183 1129 1556 1182 monasterium
1585 1144 1648 1182 ex

125 1226 224 1292 ejus
263 1225 425 1290 regula
454 1222 786 1282 construxit,
843 1221 892 1271 in
946 1236 1048 1287 quo
1096 1219 1355 1289 Siagrium
1406 1220 1648 1272 abbatem

129 1313 358 1383 praefecit.
425 1312 746 1380 Addiditqne
805 1312 1054 1364 Dominus
1103 1313 1231 1364 duas
1283 1310 1415 1363 filias
1476 1310 1649 1363 adhuc

130 1405 324 1471 pristino
354 1402 554 1454 muneri
585 1441 598 1464 ,
655 1411 708 1454 et
736 1402 786 1453 in
817 1402 1007 1454 sarculo
1041 1403 1262 1463 nobiles,
1296 1410 1348 1453 et
1377 1400 1426 1456 in
1456 1401 1648 1454 Christi

130 1495 294 1546 timore
332 1491 607 1560 perfectas.
663 1491 786 1545 Post
827 1491 921 1543 ista
962 1507 1176 1545 munera
1218 1502 1385 1544 mater
1416 1493 1647 1557 ipsorum

132 1585 280 1637 Flavia
329 1593 444 1650 post
492 1582 667 1635 mariti
729 1582 929 1635 obitum
994 1581 1018 1618 δ
1067 1585 1443 1636 monaSterium
1502 1582 1648 1650 puel-

132 1676 273 1725 larum
323 1675 372 1725 in
426 1673 722 1739 supradicta
776 1673 903 1725 urbe
951 1671 1265 1726 Vesontione
1313 1675 1677 1736 construxit,-

136 1763 355 1828 ontnique
384 1763 670 1813 munimine
701 1761 958 1814 roborans
978 1804 992 1826 ,
1037 1753 1314 1814 multarum
1361 1763 1646 1828 puellarum

132 1853 407 1904 concioiiem
438 1850 705 1901 adunavit.
757 1848 980 1901 Tantum
1025 1850 1073 1902 in
1105 1851 1180 1902 eis
1212 1848 1307 1918 viii
1355 1851 1443 1902 Dei
1485 1849 1651 1917 gratia
1688 1837 1730 1895 Β

135 1939 382 2006 flagravit,
431 1946 484 1990 ιιι
538 1938 713 1989 omnia
769 1938 1162 2004 phaleramenta
1218 1942 1490 2004 pra-sentis
1536 1941 1654 1990 vita:

133 2031 498 2082 Contemnenles
514 2029 575 2080 ad
596 2029 977 2098 omnipotentis
995 2029 1082 2082 Dei
1109 2030 1305 2082 etillum
1321 2029 1651 2081 anhelarent.

187 2119 263 2171 25.
301 2117 355 2170 Si
401 2131 522 2170 vero
567 2117 742 2184 aliqua
792 2119 1024 2170 inserere
1072 2118 1290 2170 nitimur
1335 2134 1448 2184 qua:
1498 2132 1656 2184 parva

136 2209 401 2262 hominibus
434 2212 724 2272 videantur,
778 2211 880 2263 erit
928 2209 1345 2262 obtrectatorum
1385 2209 1656 2261 latratibus

135 2313 289 2368 pateas
310 2289 605 2355 Conditoris
635 2303 864 2371 largitio,
889 2301 976 2369 qni
1001 2317 1146 2370 mque
1174 2303 1224 2354 in
1258 2301 1489 2354 minimis
1520 2314 1573 2352 ut
1604 2303 1653 2353 in

136 2398 310 2464 magnis
334 2392 745 2449 misericorditer
769 2394 969 2462 aspirat
996 2411 1007 2445 :
1041 2409 1137 2446 nec
1159 2395 1333 2447 differt
1357 2395 1407 2445 in
1437 2392 1654 2445 modicis

133 2501 284 2540 aurem
313 2487 514 2554 pietatis
539 2485 963 2545 accommodare,
990 2485 1124 2536 sicut
1153 2486 1202 2536 in
1232 2484 1471 2536 maximis
1495 2499 1647 2534 exauo

133 2579 198 2631 dit
222 2588 332 2629 vota
365 2576 609 2644 petentis.
665 2574 899 2639 Quadam
944 2574 1138 2624 etenim
1183 2571 1268 2626 die
1298 2585 1416 2622 cum
1447 2572 1526 2622 vir
1562 2571 1653 2623 Dei

135 2669 342 2736 egregius
390 2667 453 2719 ad
506 2665 895 2733 praecidendum
951 2677 1193 2716 messem.
1230 2677 1350 2715 cum
1404 2662 1651 2715 fratribus

139 2773 272 2824 penes
296 2757 524 2811 Calmem
550 2770 707 2825 quam
743 2755 1083 2808 Baniaritiam
1112 2765 1327 2817 Vucant,
1361 2755 1651 2816 venissent,

137 2852 365 2917 llauteque
394 2857 573 2907 austro
605 2848 742 2900 falce
786 2855 1019 2914 segetem
1049 2853 1294 2898 secarcnt
1316 2883 1330 2906 ,
1378 2843 1554 2896 evenit
1596 2850 1654 2895 ut

140 2959 250 2997 unus
269 2957 440 2998 eorum
462 2940 865 3009 Theudegisilus
891 2937 1100 2990 nomine
1122 2938 1337 3005 digitum
1365 2937 1494 2989 falce
1520 2949 1655 3004 pra:-

138 3035 337 3096 cideret,
386 3046 483 3086 nec
527 3045 744 3100 prorsus
792 3029 1018 3082 bmreret
1065 3041 1250 3096 praeter
1295 3025 1445 3094 pellis
1494 3038 1653 3092 parvo

140 3124 446 3177 retentaculo.
501 3123 681 3190 Itaque
711 3121 793 3173 vir
825 3120 912 3174 Dei
941 3116 1370 3185 Tlicudrgisilum
1420 3131 1448 3168 a
1499 3117 1651 3184 longe

139 3228 328 3266 cernens
354 3221 574 3266 stantem
593 3252 606 3274 ,
639 3216 862 3278 imperat
896 3218 950 3262 ut
975 3223 1093 3262 cum
1123 3208 1390 3261 sodalibus
1419 3217 1648 3274 emptum
1679 3180 1726 3246 (ἶ

139 3319 248 3373 opus
285 3305 528 3373 perficiat.
587 3305 656 3356 At
704 3302 790 3354 ille
838 3302 911 3355 rei
959 3305 1121 3369 gestae
1153 3312 1364 3352 causam
1418 3299 1646 3366 promit:

139 3399 256 3450 celer
282 3396 360 3449 ille
384 3396 448 3448 ad
476 3398 646 3463 ipsum
679 3401 959 3460 properat,
1003 3392 1328 3458 digitumque
1356 3388 1543 3440 illitum
1571 3404 1653 3439 sa-

143 3486 228 3539 liva
251 3479 470 3556 pristina
495 3483 710 3537 sanitati
737 3482 915 3534 statim
944 3479 1134 3532 reddit.
1170 3477 1394 3543 Imperat
1425 3487 1476 3528 ιιι
1503 3489 1655 3528 acce-

142 3581 250 3631 leret
273 3586 488 3643 emptum
517 3589 672 3643 cpus,
705 3572 844 3626 vires
870 3580 1076 3639 augeat.
1117 3568 1290 3637 Cmpit
1315 3583 1432 3622 cum
1463 3567 1653 3635 gaudio

139 3669 373 3734 geminare
399 3667 632 3720 iaborem
657 3705 671 3729 ,
715 3674 769 3718 et
813 3677 919 3731 pra:
947 3662 1139 3715 celeris
1167 3662 1233 3713 ad
1270 3658 1650 3727 praecidendum

141 3758 349 3824 stipulam
394 3755 601 3809 uberius
654 3770 888 3824 urgere,
938 3755 1025 3820 qui
1078 3752 1272 3804 dudum
1319 3752 1384 3804 de
1435 3751 1653 3816 prmciso

143 3851 347 3901 membro
375 3849 598 3900 animum
631 3844 846 3898 maerori
878 3842 1153 3894 subdebat.
1208 3840 1329 3892 "er
1361 3841 1512 3891 nobis
1543 3842 1652 3906 ipse

142 3938 503 4007 Theudegisilus
531 3935 784 3998 narravit,
810 3935 1131 4000 digitumque
1160 3934 1496 3993 monstravit,
1523 3943 1573 3982 et
1602 3933 1650 3981 in

142 4031 407 4097 supradicto
425 4030 745 4082 monasterio
765 4025 1002 4079 Luxovio
1027 4023 1126 4076 tale
1147 4022 1394 4090 quiddam
1419 4020 1532 4073 vice
1552 4020 1651 4071 alia

141 4121 288 4172 simile
311 4119 479 4190 gessit.

197 4207 276 4262 il.
313 4209 435 4262 Nam
462 4209 673 4277 quidam
708 4206 982 4275 presbyter
1010 4221 1072 4259 ex
1109 4201 1462 4272 paroclifanis,
1503 4209 1651 4269 pater

145 4302 360 4355 Baboleni
379 4341 394 4366 ,
424 4303 508 4369 qui
539 4313 678 4354 nunc
708 4297 954 4350 Bobieusi
981 4296 1225 4349 ccettobio
1255 4301 1470 4360 prmest,
1502 4291 1654 4343 Win-

146 4408 284 4447 nocus
311 4393 510 4447 nomine
535 4432 549 4456 ,
601 4391 668 4444 ad
721 4390 777 4441 Β.
809 4389 1185 4441 Columbanum
1229 4385 1405 4436 venit:
1437 4394 1653 4450 eratque

146 4482 217 4534 ille
254 4483 300 4534 in
343 4483 625 4535 saltucum
656 4479 908 4532 fratribus
941 4479 1009 4530 ob
1039 4476 1296 4542 lignorum
1329 4472 1653 4538 opportuni-

146 4583 258 4625 tates
287 4572 554 4639 parandas.
599 4571 836 4637 Cumque
875 4566 1209 4636 supradictus
1241 4560 1525 4615 Winnocus
1557 4573 1648 4610 ve-

147 4669 302 4730 nisset,
329 4668 614 4732 mirarisque
640 4664 902 4729 a-piceret
928 4668 1121 4728 quanta
1148 4656 1196 4708 vi
1224 4663 1463 4706 truncum
1494 4664 1647 4716 quer-

147 4771 225 4808 cus
265 4756 432 4809 cuneis
474 4754 737 4820 arieteqne
781 4751 1074 4818 partirent,
1125 4746 1334 4812 elapsus
1383 4756 1414 4794 e
1463 4749 1650 4792 trunco

147 4863 318 4902 cuneus
345 4848 564 4903 mediam
590 4845 815 4900 frontem
847 4840 1043 4896 secavit
1065 4880 1083 4907 ,
1133 4854 1196 4892 ac
1245 4850 1494 4914 venarum
1523 4849 1650 4903 pro-

150 4936 259 4988 fluas
290 4938 544 5006 sanguinis
588 4934 760 4989 undas
803 4929 1066 5000 produxit.
1120 4914 1420 4994 Videasque
1451 4927 1528 4978 vir
1559 4924 1651 4976 Dei

149 5025 464 5080 Columbanus
482 5028 686 5080 detecto
703 5038 824 5079 osse
853 5021 1156 5088 sanguinem
1177 5017 1426 5071 fluentem
1441 5057 1455 5077 ,
1471 5017 1651 5068 statim

151 5116 194 5167 in
219 5127 391 5170 terram
420 5131 572 5170 orans
591 5117 1050 5184 ruit,surgensque
1073 5108 1233 5161 saliva
1254 5108 1440 5160 illitum
1462 5105 1532 5156 ita
1561 5119 1651 5157 sa-

152 5223 254 5262 num
281 5207 511 5274 reddidit,
533 5217 590 5261 ut
623 5211 706 5260 vix
736 5205 992 5262 cicatricis
1014 5204 1289 5269 vesngium
1333 5203 1649 5250 remaneret.

210 5344 232 5372 ⁸
256 5340 488 5395 Palatium
511 5382 526 5404 ,
575 5353 712 5393 nunc
746 5337 1126 5408 monasterium
1168 5336 1225 5388 S.
1255 5333 1410 5408 Pauli.
1435 5328 1649 5408 ord..S.

155 5406 322 5490 Defieri.
337 5429 364 5464 a
383 5401 630 5485 montibus
648 5411 871 5464 civitatis
887 5407 1265 5474 Vesuntionunt
1285 5401 1412 5456 Dubi
1437 5401 1650 5452 flumine

155 5478 757 5621 ὼῐὲαίἶῗῗιῖέ-Ρετώθηοηίς
777 5543 1063 5621 Ϋὶνϐίηίιπη
1086 5557 1147 5596 ³ο
1169 5540 1428 5621 cresim
1455 5537 1650 5591 [quia

158 5619 289 5676 matri
321 5617 622 5689 S._Donatus
658 5618 884 5689 regulam
914 5631 943 5679 a_
961 5627 1033 5689 se
1059 5617 1480 5689 consarcjiiatam
1510 5622 1647 5660 nun-

159 5689 353 5758 cupavit.
383 5687 609 5766 Puellare
634 5679 931 5765 cmiiobium
961 5683 1096 5763 istud
1127 5695 1156 5733 a
1187 5680 1244 5732 Β.
1274 5679 1429 5758 uaria
1455 5690 1650 5734 nomen

163 5759 312 5821 liabet,
332 5771 389 5812 ac
412 5769 586 5811 victine
611 5769 770 5824 porta:
794 5763 1018 5812 civitatis
1047 5764 1238 5808 nomen
1264 5749 1424 5805 dedit.
1458 5745 1650 5816 Appel-

1750 589 1950 642 veniret
1984 590 2039 642 Β.
2072 589 2431 643 Columbanus
2475 591 2524 642 in
2567 590 2819 658 szepefato
2856 593 3105 646 cmnobio
3135 593 3300 646 Luxo—

1751 679 1854 744 vin,
1890 690 2185 747 tegumenta
2224 695 2473 732 manuum
2495 719 2508 741 ,
2543 695 2655 746 qua:
2687 678 2818 732 Ca'li
2853 689 3057 735 wantos
3085 691 3304 744 vocant,

1749 784 1885 840 quos
1918 771 1980 822 ad
2011 772 2186 838 operis
2219 770 2450 824 laborem
2479 771 2668 823 solitus
2708 778 2822 822 erat
2863 769 3057 826 habere
3081 811 3098 834 ,
3147 785 3305 838 supra

1752 859 1976 928 lapidem
2025 863 2112 928 qui
2156 872 2276 915 ante
2321 860 2460 915 fores
2506 861 2771 915 refectorii
2820 870 2970 924 erat,
3019 861 3306 930 deposuit;

1751 967 1978 1014 moxque
2010 953 2189 1022 quiete
2220 953 2421 1005 reddita
2453 967 2644 1004 Corvus
2673 952 2785 1004 ales
2817 966 2979 1020 rapax
3011 952 3305 1013 advolavit,

1753 1056 2024 1108 unumque
2053 1055 2116 1092 ex
2150 1043 2228 1094 eis
2261 1049 2432 1093 rostro
2463 1039 2637 1094 ferens
2684 1042 2920 1096 abstulit.
2975 1041 3188 1094 Peracta
3220 1054 3308 1094 re-

1755 1131 1994 1184 fectionis
2028 1131 2152 1182 liora
2177 1174 2189 1194 ,
2238 1134 2375 1183 foras
2405 1132 2483 1182 vir
2514 1131 2602 1184 Dei
2631 1132 2909 1199 egrediens
2935 1171 2951 1196 ,
3002 1137 3308 1198 tegumenta

1753 1237 1998 1275 manuum
2033 1221 2251 1289 requirit
2281 1238 2292 1271 :
2325 1235 2547 1287 cumque
2575 1235 2756 1272 omnes
2786 1221 2920 1273 inter
2945 1234 3003 1272 se
3029 1220 3308 1289 conquire-

1755 1326 1874 1368 rent
1905 1315 2024 1380 quis
2053 1315 2387 1374 al-stnlisset,
2422 1313 2500 1364 vir
2529 1324 2740 1365 sanctus
2767 1315 2875 1364 ait:
2909 1312 3116 1364 Nullum
3147 1312 3309 1367 alium

1753 1413 1871 1458 ees‘e
1921 1406 2010 1472 qui
2061 1406 2173 1456 sine
2202 1414 2499 1457 commeatu
2530 1403 2721 1468 aliquid
2753 1404 3012 1470 attingere
3043 1418 3309 1467 praesum-

1754 1497 1972 1564 psisset,
2005 1497 2101 1547 nisi
2129 1496 2303 1547 alitem
2330 1494 2416 1562 qui
2443 1510 2469 1546 a
2495 1493 2602 1546 Noe
2629 1493 2875 1546 dimissus
2905 1492 2968 1544 ad
2999 1506 3172 1546 arcam
3207 1507 3310 1544 non

1763 1595 2076 1638 remeasset.
2134 1583 2446 1651 Addiditqne
2495 1599 2552 1635 se
2599 1584 2742 1635 nullo
2786 1582 2942 1634 modo
2979 1597 3104 1636 suos
3145 1583 3310 1649 pullos

1754 1667 2000 1725 alitnrnin
2024 1711 2037 1734 ,
2081 1671 2122 1724 si
2157 1672 2348 1724 furtum
2380 1673 2538 1725 celeri
2570 1671 2747 1723 volatu
2776 1687 2878 1726 non
2911 1670 3152 1725 referret.
3209 1669 3309 1723 Ex-

1758 1764 2118 1832 spectantibus
2152 1763 2400 1816 fratribus
2439 1763 2489 1814 in
2521 1762 2696 1816 medio
2725 1762 2957 1815 omnium
2988 1776 3179 1814 corvus
3223 1762 3310 1813 ad-

1761 1857 1921 1916 volat,
1957 1856 2091 1906 male
2119 1853 2383 1906 sublatum
2415 1852 2607 1905 furtum
2640 1865 2810 1907 rostro
2837 1860 3102 1919 reportat,
3136 1866 3231 1904 nec
3257 1866 3311 1905 se

1763 1946 2046 2015 pennigcra
2080 1957 2301 1998 conatur
2329 1948 2535 2011 eripere
2564 1943 2712 2011 fuga,
2758 1945 2849 1997 sed
2882 1945 3024 1998 mitis
3051 1955 3172 1998 ante
3202 1959 3312 1997 om-

1761 2038 1906 2090 nium
1939 2045 2315 2102 COIISpCClllm,
2361 2037 2553 2088 oblitus
2587 2036 2907 2100 ferocitatis,
2942 2038 3192 2093 ultionem
3218 2024 3314 2088 ex.

1759 2137 1966 2194 spectat
1993 2163 2006 2186 ,
2050 2140 2204 2188 quem
2247 2127 2325 2177 vir
2361 2134 2573 2178 sanctus
2609 2125 2756 2192 abire
2796 2129 3037 2193 imperat.
3101 2127 3145 2180 0
3187 2128 3314 2180 mira

1759 2217 1942 2270 mlerni
1970 2217 2170 2269 .lndicis
2194 2217 2358 2269 virtus
2383 2219 2396 2270 ι
2427 2218 2513 2283 qui
2545 2226 2683 2269 tanta
2708 2216 2818 2269 suis
2843 2217 3051 2270 famulis
3078 2227 3311 2284 pursuit,

1761 2318 1818 2362 ut
1850 2324 1950 2361 non
1983 2309 2152 2360 Sllillm
2187 2308 2456 2359 ln-minum
2491 2307 2799 2369 honoribus,
2830 2308 2922 2360 sed
2953 2309 3108 2364 etiam
3138 2307 3312 2361 avium

1759 2400 2058 2452 obedientia
2091 2399 2407 2452 clarescant.

1827 2489 1919 2544 26.
1965 2491 2230 2543 Patratum
2271 2499 2352 2542 est
2388 2489 2527 2543 aliud
2546 2488 2870 2544 miraculum
2896 2531 2908 2552 ,
2954 2491 3090 2558 quod
3130 2505 3224 2558 per
3252 2489 3312 2543 Β.

1756 2579 2138 2631 Columbanum
2169 2588 2222 2631 et
2246 2579 2360 2646 ejus
2381 2578 2707 2631 cellerarium
2736 2579 2926 2632 factum
2952 2578 3046 2632 fuit
3069 2580 3311 2633 referam.

1757 2671 1887 2722 Cum
1932 2670 2055 2721 hora
2101 2669 2407 2722 refectionis
2443 2669 2921 2737 appropinquaret,
2973 2679 3028 2724 et
3075 2670 3314 2724 minister

1759 2760 2030 2814 refectorii
2060 2758 2338 2811 cervisiam
2370 2759 2744 2812 administrare
2774 2770 3053 2812 conaretur
3083 2757 3224 2829 (qua:
3250 2774 3314 2812 ex

1757 2849 2006 2904 frumenti
2035 2850 2115 2902 vel
2150 2848 2332 2900 bordei
2366 2862 2524 2900 succo
2550 2848 2882 2914 excoquitur,
2914 2863 3175 2916 quamque
3206 2862 3315 2914 prae

1757 2944 1969 3000 czeteris
2001 2941 2051 2993 in
2086 2938 2215 2992 orbe
2246 2948 2502 2991 terrarum
2534 2939 2814 3005 gentibus,
2861 2949 3054 3006 praeter
3081 2937 3314 2992 Scuticas

1757 3044 1810 3088 ct
1839 3033 2092 3087 barbaras
2123 3038 2338 3108 gentes,
2389 3043 2505 3095 qua}
2546 3028 2813 3081 Oceanum
2847 3027 3082 3080 incolunt
3108 3027 3313 3080 usitan-

1761 3135 1867 3187 tur,
1903 3123 1952 3176 id
1983 3132 2066 3176 est
2094 3111 2297 3183 Callia,
2344 3118 2613 3172 Britannia
2638 3159 2652 3182 ,
2702 3119 2981 3182 Hibernia,
3029 3117 3312 3172 Germania

1753 3222 2064 3278 eriemque
2090 3225 2206 3276 quae
2237 3209 2303 3261 ab
2344 3225 2528 3261 eorum
2560 3207 2795 3261 moribus
2825 3224 2926 3260 non
2956 3207 3308 3276 desciscunt),

1755 3321 1848 3360 vas
1879 3305 2017 3372 quod
2046 3315 2067 3342 ο
2098 3305 2304 3372 tybrum
2339 3310 2661 3366 nuncupant,
2691 3299 2928 3351 minister
2951 3297 3016 3350 ad
3042 3298 3312 3352 cellarium

1754 3395 1997 3460 deportat
2023 3433 2038 3454 ,
2089 3402 2142 3444 et
2185 3400 2308 3442 ante
2338 3403 2427 3440 vas
2455 3404 2557 3454 quo
2585 3389 2803 3441 cervisia
2832 3386 3042 3439 condita
3072 3396 3187 3440 erat
3215 3400 3315 3455 ap-

1755 3483 1939 3552 pooit:
1993 3491 2266 3548 tractoque
2308 3481 2578 3533 serraculo
2610 3489 2836 3532 meatum
2871 3477 2920 3529 in
2953 3477 3160 3547 tybrnm
3191 3492 3315 3532 cur-

1757 3559 2042 3629 rere'siuit.
2095 3571 2261 3638 Quem
2311 3572 2487 3624 subito
2536 3567 2707 3622 Patris
2738 3568 2957 3635 imperio
2983 3569 3114 3622 alius
3148 3584 3180 3622 e
3210 3569 3314 3626 fra-

1757 3667 1921 3718 tribus
1943 3649 2170 3718 vocavit.
2201 3662 2268 3715 At
2291 3662 2380 3714 ille
2400 3661 2716 3715 obedientite
2740 3661 2857 3728 igne
2878 3661 3089 3724 ardens,
3114 3659 3310 3712 oblitus

1758 3768 1984 3808 meatum
2014 3755 2262 3807 obserare
2288 3793 2301 3815 ,
2351 3753 2548 3816 pernici
2596 3766 2751 3803 cursu
2797 3751 2860 3802 ad
2904 3752 3112 3802 beatum
3142 3751 3313 3818 pergit

1755 3847 1926 3896 virum
1956 3886 1970 3906 ,
2022 3842 2345 3894 scrraculnm
2393 3840 2530 3909 quod
2561 3839 2858 3891 ducicu'lum
2887 3848 3110 3899 vocant,
3156 3853 3313 3892 manu

1763 3932 2032 3985 deferens.
2066 3929 2346 3993 Postquam
2376 3928 2474 3981 sibi
2504 3928 2582 3978 vir
2614 3925 2704 3978 Dei
2734 3941 2850 3991 qua:
2879 3926 3114 3980 voluerat
3143 3925 3312 3993 impe-

1760 4033 1867 4074 rata
1900 4021 2227 4087 deprompsit
2255 4061 2267 4082 ,
2321 4017 2627 4071 recordatus
2658 4016 2986 4085 negligentiae
3011 4057 3025 4080 ,
3077 4016 3218 4070 celer
3245 4017 3313 4069 ad

1757 4114 2025 4166 cellarunn
2059 4109 2233 4172 rediit,
2260 4107 2546 4175 conjiciens
2580 4107 2704 4159 nihil
2737 4109 2784 4158 in
2818 4121 2940 4160 vase
2970 4107 3034 4159 de
3061 4121 3166 4173 quo
3195 4121 3313 4159 cer-

1760 4205 1890 4256 visia
1921 4200 2232 4254 decurrebat
2280 4201 2615 4252 remansisse.
2671 4195 2994 4262 lutuitusqne
3036 4209 3191 4261 supra
3224 4204 3310 4264 ty-

1760 4295 1909 4345 brum
1946 4289 2222 4344 ceivisiam
2258 4290 2486 4338 crevisse
2513 4328 2527 4349 ,
2579 4293 2635 4338 et
2677 4300 2771 4338 nec
2819 4282 3086 4337 minimatn
3119 4285 3311 4338 stillam

1773 4380 1899 4432 foris
1925 4377 2175 4432 cecidisse
2200 4416 2214 4438 ,
2259 4385 2314 4426 nt
2343 4378 2587 4427 crederes
2623 4375 2673 4426 in
2706 4373 3076 4442 longitudinem
3107 4373 3314 4442 tybrum

1769 4470 2091 4537 geminatum
2145 4481 2301 4526 esse,
2359 4475 2412 4516 ut
2463 4464 2632 4531 qualis
2681 4476 2734 4516 et
2780 4474 2971 4530 quanta
3022 4462 3314 4517 rotunditas

1768 4557 1898 4610 infra
1951 4556 2162 4624 tybrnm
2214 4554 2381 4606 inerat
2426 4569 2675 4617 coronae,
2729 4555 2844 4605 talis
2897 4554 2946 4604 in
2995 4554 3153 4603 altum
3194 4565 3312 4605 cre-

1758 4651 1925 4703 visset
1981 4663 2132 4700 urna.
2194 4647 2463 4712 Quantum
2519 4647 2616 4698 fuit
2668 4643 2970 4710 imperantis
3021 4639 3308 4695 meritum!

1755 4748 1950 4809 quanta
1997 4737 2292 4792 obedientia
2341 4733 2748 4800 subsequentis!
2807 4741 2862 4782 ιιι
2910 4731 2984 4783 sic
3039 4734 3311 4798 utriusque

1757 4832 2026 4884 tristitiam
2060 4827 2312 4880 Dominus
2334 4827 2590 4876 voluisset
2617 4831 2883 4884 avertere;
2913 4835 2979 4874 ne
3009 4823 3050 4873 si
3082 4819 3302 4874 fratrum

1754 4917 2098 4973 substantiam
2135 4926 2188 4969 et
2224 4913 2527 4980 imperantis
2557 4921 2610 4965 et
2642 4912 2937 4967 obedientis
2973 4913 3132 4965 ardor
3156 4912 3311 4965 dimi-

1756 5012 1996 5073 nttiSSet,
2061 5007 2216 5058 ambo
2267 5021 2324 5058 se
2367 5021 2394 5056 a
2442 5004 2599 5057 licitis
2649 5005 2910 5058 alimentis
2950 5003 3308 5056 abdicassent.

1756 5103 1946 5166 Sicque
2002 5113 2182 5163 mquns
2242 5096 2454 5150 Arbiter
2505 5097 2773 5158 occurrit,
2836 5102 2892 5145 ut
2953 5102 3299 5159 utrorumque

1753 5195 1933 5262 culpas
1970 5191 2228 5255 ablueret,
2272 5204 2403 5258 quas
2442 5188 2517 5240 illi
2553 5203 2610 5240 se
2648 5201 2775 5239 casu
2805 5185 3083 5238 eveniente
3121 5194 3174 5237 et
3217 5182 3311 5234 Do-

1754 5329 1846 5381 lari
1869 5340 2076 5393 quoque
2093 5325 2226 5378 solet
2241 5324 2519 5378 Jussanum
2545 5321 2944 5393 monasterium,
2961 5318 3100 5393 quid
3126 5321 3305 5393 postea

1755 5384 2120 5450 Balinens'ibus
2149 5409 2242 5447 seu
2270 5390 3003 5462 Cluniacensijtusmonachis
3035 5384 3303 5462 traditum,

1753 5467 1962 5518 tandem
1995 5480 2136 5517 anno
2161 5462 2351 5517 Christi
2383 5457 2515 5514 1607
2550 5459 2650 5512 PP.
2686 5459 2909 5510 Minimis
2936 5452 3119 5508 cessit.
3168 5452 3305 5519 Lege

1761 5533 2131 5588 Vesontionem
2161 5529 2434 5589 Cbifﬂetii,
2467 5540 2611 5594 parte
2637 5543 2696 5589 ιι,
2728 5528 2778 5580 in
2806 5525 3026 5594 Donato.

1823 5613 1846 5642 ⁸
1879 5604 2085 5665 Surius,
2118 5613 2338 5671 tgprum.
2371 5592 2884 5671 Anonymusscribit
2910 5592 3170 5671 git/onem,
3201 5605 3310 5660 quo

1754 5673 1968 5732 nomine
1997 5665 2226 5744 ampulla
2256 5671 2419 5724 vitrea
2444 5665 2539 5724 vcl’
2556 5667 2764 5736 ligulina
2790 5665 3133 5732 signiﬁcatur.
