3820 6334
579 426 709 480 10⁸27

1676 421 1867 477 ,ΙΟΝᾹΞ
1906 419 2190 477 ABBATIS
2229 414 2641 474 ELNONENSIS

3598 419 3700 474 1638

576 536 718 588 mino
749 531 1077 599 permittente
1108 523 1293 585 fuisset
1330 539 1612 600 patratum,
1637 533 1794 585 ambo
1819 534 1927 585 suis
1953 533 2108 584 noxis
2140 535 2185 592 Α
2212 543 2398 596 magno
2441 527 2620 581 labore
2656 524 2838 595 glebas
2879 524 3117 578 scindere
3141 566 3156 588 ,
3203 526 3317 578 ait:
3366 525 3444 578 Sit
3488 528 3649 590 vobis,
3677 549 3700 576 n

575 624 816 674 evenisse
850 621 1220 674 asseruissent.

645 710 736 763 Ἦ.
777 709 1071 776 Eodemque
1113 719 1353 773 tempore
1391 716 1563 759 actum
1605 713 1687 760 est
1725 713 1781 758 ut
1819 719 1912 772 per
1950 703 2110 756 densa

575 801 738 851 saltus
762 799 976 850 viburna
1019 798 1287 859 fruticum,
1314 795 1608 848 solitudinis
1640 804 1842 847 amator
1864 794 1888 821 "
1913 793 1989 845 vir
2016 792 2109 844 Dei

575 888 890 948 ambularet;
918 887 1212 952 reperitque
1240 884 1462 938 cadaver
1484 883 1646 945 cervi,
1670 897 1826 950 quem
1864 881 2104 948 luporum

577 977 753 1029 feritas
796 982 1133 1044 peremerat,
1198 989 1376 1027 ursum
1432 973 1686 1026 devorare
1741 972 1914 1033 velle,
1962 972 2109 1039 cujus

575 1067 876 1134 sanguinem
921 1067 1174 1127 lambens,
1201 1070 1476 1133 antequam
1501 1065 1739 1131 exiguam
1784 1062 1956 1116 carnis
1989 1078 2109 1130 par-

577 1163 678 1206 tem
723 1152 1026 1220 voravisset,
1061 1155 1126 1206 ad
1167 1168 1288 1206 eum
1327 1157 1406 1205 vir
1449 1153 1537 1205 Dei
1576 1154 1817 1215 accessit,
1847 1153 2110 1219 imperans

573 1257 639 1294 ne
663 1243 861 1294 corium
905 1242 1040 1309 quod
1081 1244 1144 1294 ad
1185 1256 1310 1294 usus
1353 1242 1827 1294 calceamentorum
1870 1255 2110 1293 necessa-
2146 1254 2149 1255 '

574 1332 706 1384 rium
746 1342 859 1384 erat
901 1331 1132 1384 lazderet.
1179 1330 1332 1384 Tunc
1379 1332 1540 1385 bestia
1583 1330 1743 1382 oblita
1786 1329 2104 1391 ferocitatis,

571 1423 711 1474 mitis
753 1436 866 1475 esse
906 1424 1103 1488 coepit;
1148 1431 1199 1474 et
1238 1432 1414 1474 contra
1460 1429 1690 1472 naturam
1729 1420 1923 1487 absque
1965 1434 2109 1472 mur-

574 1522 720 1560 mure
767 1509 1074 1572 blandiens,
1120 1519 1274 1574 atque
1321 1509 1454 1561 colla
1501 1510 1830 1570 submittens,
1884 1509 2106 1562 Cadaver

571 1597 798 1663 reliquit.
840 1597 987 1660 Quod
1025 1599 1100 1649 vir
1134 1597 1222 1650 Dei
1267 1597 1330 1649 ad
1374 1597 1561 1650 fratres
1603 1597 1807 1650 rediens
1837 1598 2102 1663 iudicavit,

565 1685 752 1750 jubens
791 1697 844 1736 ut
884 1687 1036 1749 irent,
1078 1694 1132 1738 et
1170 1701 1232 1739 ex
1274 1689 1410 1738 cervi
1448 1688 1700 1739 cadavere
1734 1688 1932 1739 corium
1963 1687 2108 1738 avel-

570 1776 752 1825 lerent.
802 1775 1064 1827 Abeuntes
1104 1789 1232 1842 ergo
1274 1774 1463 1826 fratres
1506 1784 1812 1840 repererunt
1855 1776 2102 1838 cadaver,

2211 622 2415 684 fratres,
2457 633 2487 671 a
2528 618 2750 671 Domino
2789 616 2974 669 collata
2998 617 3238 670 refectio.
3285 615 3398 680 Quo
3425 617 3704 680 audito,mi-

2211 711 2376 764 nister
2401 709 2509 763 ait:
2555 709 2728 771 Pater,
2769 707 2927 760 crede
2966 706 3113 769 mihi,
3155 722 3263 760 non
3303 717 3426 760 sunt
3468 710 3600 762 nobis
3623 728 3702 766 aut

2209 801 2347 865 plius
2387 813 2542 868 quam
2584 797 2688 851 duo
2728 812 2888 864 panes
2924 806 2978 850 et
3014 797 3286 865 paululum
3330 799 3579 852 cervisiz.
3624 802 3702 862 Ille,

2211 886 2396 950 Vade,
2448 887 2657 952 inquit.
2716 896 2771 939 et
2815 885 2963 938 defer
3009 884 3134 938 hnc.
3196 885 3418 938 Concito
3461 885 3542 940 ille
3579 892 3704 956 gradi.

2211 975 2461 1041 perrexit,
2488 976 2722 1038 duosque
2761 986 2920 1037 panes
2964 983 3017 1026 et
3061 988 3247 1040 parum
3279 971 3516 1028 cervisia
3538 977 3704 1030 detulit.

2210 1063 2420 1118 Intueis
2463 1063 2512 1114 in
2556 1062 2717 1115 caelos
2755 1060 3114 1115 Columbanus
3158 1063 3269 1114 ait:
3325 1062 3533 1117 Christe
3579 1064 3704 1126 Jesu,

2211 1156 2358 1207 unica
2398 1169 2518 1219 spes
2555 1154 2734 1214 orbis,
2802 1164 2853 1206 tu
2914 1155 3008 1206 hos
3066 1168 3228 1222 panes
3283 1164 3340 1208 et
3387 1154 3520 1207 hunc
3571 1168 3704 1218 potum

2212 1244 2520 1310 multiplica,
2564 1246 2647 1311 qni
2691 1244 2755 1297 dc
2796 1240 3024 1311 quinque
3063 1245 3287 1311 panibus
3331 1245 3555 1309 quinque
3581 1246 3706 1295 millia

2210 1333 2476 1386 hominum
2524 1329 2726 1387 satiain
2787 1335 2836 1384 in
2883 1348 3080 1387 eremo.
3148 1335 3277 1386 Mira
3345 1336 3520 1387 fides!
3575 1339 3706 1388 satiati

2208 1431 2329 1472 sunt
2355 1435 2559 1484 amnes,
2611 1434 2836 1488 potaque
2876 1423 3059 1473 hausto
3102 1431 3258 1486 prout
3299 1423 3536 1475 voluntas
3559 1426 3707 1492 cuique

2211 1510 2345 1572 fuit,
2407 1509 2558 1576 dupla
2620 1511 2860 1562 minister
2908 1510 3220 1576 fragminutn
3283 1513 3449 1576 spolia
3510 1516 3706 1573 ret-exit,

2212 1613 2465 1668 polusque
2520 1601 2803 1661 duplicavit
2858 1614 3198 1661 mensuram;
3263 1603 3445 1665 sicque
3504 1601 3709 1653 intellexit

2211 1691 2326 1752 plus
2357 1689 2542 1740 mereri
2566 1690 2718 1739 fidem
2752 1687 2904 1755 iligna
2939 1687 3098 1740 divini
3139 1689 3374 1739 muneris
3397 1689 3551 1750 lucra,
3588 1702 3710 1756 qm

2207 1777 2648 1844 deSperationem,
2681 1791 2797 1844 qua:
2818 1776 3266 1830 solet-diminuere
3291 1787 3449 1830 etiam
3478 1778 3655 1830 collata.

570 1862 916 1928 videruntque
956 1865 1217 1928 rapacium
1269 1864 1446 1914 alitum
1492 1863 1667 1928 procul
1713 1861 2097 1916 multitudinem
2137 1849 2181 1907 Β
2282 1869 2370 1920 ‘29.
2399 1867 2531 1921 Cum
2559 1868 2783 1934 quodam
2815 1877 3049 1934 tempore
3080 1868 3132 1919 in
3171 1869 3357 1920 eodem
3389 1867 3612 1921 caenobio
3637 1867 3710 1921 Lu-

571 1948 798 2012 adesse,
847 1962 943 2001 nec
989 1949 1210 2001 cadaver
1257 1965 1414 2016 supra
1461 1950 1553 2000 viri
1612 1949 1703 2002 Dei
1763 1950 2099 2004 interdictum

572 2036 873 2104 contingere
911 2037 1126 2092 audere.
1185 2039 1386 2106 Diuque
1430 2047 1794 2106 exspectantes
1837 2055 1864 2092 a
1909 2042 2061 2109 longe
2087 2081 2103 2105 ,

571 2127 615 2176 si
657 2126 735 2177 vel
779 2126 884 2178 fera
924 2128 1000 2178 vel
1040 2127 1149 2179 avis
1187 2130 1368 2180 audaci
1415 2140 1600 2182 conatu
1661 2130 1932 2197 prohibita:
1973 2145 2107 2184 esca:

575 2225 846 2280 urgeretur
888 2215 1113 2281 pra-dam
1158 2231 1372 2285 capeie,
1419 2219 1746 2286 conspiciunt
1786 2219 1851 2272 ad
1891 2219 2104 2273 odorem

571 2308 835 2360 cadaveris
857 2307 1157 2373 adventare,
1181 2319 1231 2362 et
1256 2312 1428 2376 procul
1453 2319 1681 2363 astantes
1717 2325 1778 2363 ac
1805 2311 1849 2364 si
1875 2310 2108 2365 mortife-

535 2468 539 2472 η
573 2410 688 2447 rum
713 2395 902 2462 aliquid
924 2411 984 2448 ac
1009 2397 1198 2450 lethale
1218 2399 1424 2452 deviare
1448 2410 1500 2452 et
1521 2401 1678 2452 celeri
1708 2401 1823 2467 fuga
1845 2401 2106 2453 omittere.

639 2483 730 2537 28.
769 2486 1080 2554 Moransqne
1117 2489 1212 2539 alia
1251 2491 1363 2540 vice
1401 2490 1877 2556 penesLuxox-ium
1899 2490 2108 2543 Coloru-

575 2573 779 2638 banns,
818 2573 1110 2629 Winnocus
1152 2578 1444 2645 presbyter,
1486 2578 1636 2645 cujus
1678 2576 1917 2644 superius
1956 2593 2106 2630 men-

576 2665 769 2716 tionem
831 2666 1088 2728 fecimus,
1150 2668 1289 2718 venit
1349 2667 1412 2718 ad
1472 2682 1632 2732 eum,
1690 2669 2108 2736 sequebaturque

574 2749 862 2803 Winnocus
886 2751 1190 2811 Columhani
1219 2755 1431 2822 vestigia
1458 2770 1763 2823 quocunque
1793 2758 1910 2810 iret.
1941 2756 2106 2811 Vene.

573 2849 794 2905 rimtque
848 2841 909 2892 ad
968 2841 1212 2894 horreum
1263 2859 1365 2908 quo
1419 2847 1676 2897 frumenta
1722 2847 2103 2901 condebantur.

571 2931 836 2997 Aspiciens
863 2929 1146 2988 Winnucus
1186 2945 1238 2987 et
1283 2934 1662 3004 pan-vipetidens
1701 2939 1863 3004 copiae
1906 2940 2106 3007 exigui-

573 3029 728 3071 tatem
757 3060 768 3077 ,
829 3018 1098 3072 aiehat'se
1141 3037 1244 3073 non
1289 3023 1479 3076 habere
1533 3025 1678 3090 panis
1731 3027 2100 3080 abundantiam

575 3109 715 3160 unde
754 3119 892 3160 tanta
930 3111 1204 3161 multitudo
1236 3115 1484 3176 aleretur,
1511 3127 1705 3181 curque
1740 3116 1957 3182 segnitia
1995 3125 2101 3169 tor-

576 3211 692 3264 pent
732 3201 998 3267 quitretttli
1042 3201 1298 3255 frumenta
1340 3205 1586 3271 increpat.
1652 3204 1747 3257 Cui
1790 3205 1851 3258 Β.
1889 3207 2104 3260 Colum-

576 3295 738 3341 hanus
781 3291 1085 3357 respondit:
1126 3290 1180 3345 Si
1223 3296 1322 3346 rite
1355 3293 1624 3348 Conditori
1670 3309 1767 3347 suo
1807 3295 2110 3351 deserviant

573 3381 782 3446 plebes,
830 3396 1090 3449 nunquam
1135 3387 1359 3437 esuriem
1404 3385 1667 3449 sentient,
1710 3387 1786 3440 sic
1826 3389 1964 3442 enim
2010 3404 2107 3442 vox

574 3471 918 3534 pitecunantis
975 3473 1363 3542 Psalmograplii
1418 3477 1796 3530 concelebrat:
1846 3477 1966 3532 Non
2007 3481 2110 3532 uidi

575 3561 760 3618 iustum
790 3560 1078 3611 direh'ctum
1105 3599 1120 3622 ,
1171 3578 1256 3615 nec
1302 3579 1465 3615 tamen
1509 3568 1619 3630 ejus
1657 3582 1883 3630 querens
1926 3585 2106 3635 panem

574 3645 742 3714 (υκαι.
779 3651 983 3715 xxxvi).
1029 3648 1282 3704 Perfacile
1321 3651 1460 3705 farre
1499 3654 1744 3708 horreum
1786 3657 1978 3722 replet,
2021 3658 2107 3724 qui

575 3737 643 3786 de
682 3734 908 3804 quinque
935 3738 1150 3802 panibus
1189 3738 1457 3793 hominum
1498 3744 1724 3809 quinque
1749 3743 1907 3796 millia
1948 3746 2110 3797 satia-

579 3833 672 3874 vit.
719 3825 956 3878 Manente
995 3826 1219 3895 denique
1258 3837 1410 3883 nocte
1448 3829 1534 3883 illa
1579 3829 1646 3883 ibi
1679 3831 1968 3896 Winnoco,
2014 3833 2112 3886 viri

580 3911 672 3965 Dei
716 3913 815 3965 lide
837 3923 890 3967 et
911 3916 1148 3969 oratione
1175 3919 1416 3970 horreum
1456 3921 1710 3986 repletum
1733 3931 1832 3974 est.
1861 3922 2111 3990 Maneque

578 4014 897 4066 consurgens
923 3998 1231 4068 Winnocus,
1277 4013 1330 4056 et
1365 4004 1511 4071 juxta
1541 4005 1784 4058 horreum
1828 4011 2110 4072 transiens,

579 4087 848 4154 inopinate
890 4089 1133 4142 horreum
1177 4104 1411 4156 apertum
1453 4096 1648 4156 cernit,
1689 4095 2113 4164 clavigerutnqne

579 4178 734 4230 simul
785 4186 907 4230 ante
959 4178 1152 4231 ostium
1207 4190 1463 4233 astantem
1514 4183 1810 4235 sciscitatur
1853 4184 1967 4250 quis
2013 4185 2113 4238 hoc

579 4266 867 4331 direxerit,
897 4277 986 4319 aut
1025 4283 1139 4334 qua:
1184 4270 1525 4335 plaustrorum
1567 4286 1837 4340 congeries
1865 4273 1973 4327 ha-c
1999 4272 2132 4326 fru-'

582 4363 756 4406 menta
804 4353 1086 4408 devexerit.
1148 4358 1241 4410 Cui
1279 4358 1450 4412 horrei
1490 4374 1666 4413 custos
1721 4362 1830 4413 ait:
1883 4363 1992 4414 Non
2043 4364 2110 4414 ita

2212 1959 2366 2010 xovio
2390 1958 2468 2009 vir
2502 1957 2590 2009 Dei
2620 1967 3056 2019 commoraretur,
3105 1956 3296 2008 accidit
3324 1970 3378 2009 ut
3409 1972 3539 2008 unus
3582 1973 3610 2010 e
3633 1957 3711 2009 fra-

2217 2046 2386 2099 tribus
2413 2047 2709 2099 nomineet
2747 2046 2858 2114 ipse
2881 2043 3237 2099 Colutnbanus
3290 2044 3436 2098 febre
3460 2058 3709 2113 correptus,

2208 2146 2363 2203 atque
2393 2137 2442 2186 in
2473 2138 2723 2188 extremis
2755 2138 2974 2202 positus,
3005 2135 3206 2188 felicem
3242 2148 3434 2201 prazsm
3453 2136 3708 2187 abaturexo

2209 2227 2362 2279 itum.
2409 2224 2640 2291 Cumque
2661 2211 2768 2294 jam
2801 2226 2986 2278 ultimo
3012 2225 3173 2278 halitu
3201 2239 3386 2279 carere
3417 2227 3584 2286 vellet,
3610 2226 3708 2274 fidus

2208 2316 2275 2369 de
2303 2318 2504 2370 caelesti
2562 2330 2776 2368 munere
2803 2315 2941 2382 quod
2978 2315 3132 2382 longo
3172 2316 3424 2367 famulatu
3452 2328 3710 2383 quaem,

2208 2404 2338 2456 vidit
2367 2402 2430 2454 ad
2453 2417 2511 2455 se
2540 2406 2706 2454 virum
2733 2403 2867 2453 fulva
2900 2403 3012 2454 luce
3046 2403 3296 2453 amictum
3321 2406 3587 2460 accedere,
3609 2404 3702 2454 sib.-

2210 2507 2310 2560 que
2339 2491 2517 2546 dicere
2548 2510 2557 2543 :
2591 2492 2700 2544 Non
2727 2500 2775 2544 te
2807 2491 2962 2544 modo
2989 2505 3016 2542 a
3046 2506 3266 2558 corpore
3290 2492 3485 2544 ducere
3526 2505 3711 2555 pessum,

2208 2581 2328 2648 quia
2358 2581 2681 2633 orationibus
2722 2591 2774 2632 et
2803 2579 3051 2646 lacrymis
3104 2580 3274 2631 Patris
3326 2582 3398 2631 tui
3453 2579 3712 2631 C-lumbam

2209 2671 2520 2738 praapedinr.
2544 2669 2776 2736 Curnque
2800 2670 2907 2722 hinc
2933 2666 2974 2720 C
2997 2669 3288 2720 dumbanns
3315 2669 3560 2728 audisset,
3605 2679 3714 2716 mte-

2208 2775 2331 2814 rens
2384 2777 2443 2816 ac
2494 2764 2536 2814 si
2585 2777 2614 2813 e
2663 2776 2848 2812 somno
2899 2759 3215 2826 evigilasset,
3263 2774 3414 2809 suum
3463 2756 3712 2808 ministrant

2208 2850 2641 2919 Theudegesilum
2687 2850 2835 2915 cujus
2878 2850 3118 2913 superius
3169 2848 3489 2899 mentionem
3535 2844 3713 2896 fecimus

2211 2942 2309 3010 (Ν.
2336 2942 2450 3008 22),
2480 2941 2709 2994 clamare
2744 2939 2938 3005 carpit:
2968 2937 3199 3000 Festine,
3229 2936 3418 3002 inquit,
3455 2952 3495 2999 p-
3517 2949 3615 3000 τερ,
3639 2934 3710 2982 l‘a-

2209 3038 2342 3081 trem
2398 3043 2729 3080 communem
2757 3026 3135 3078 Columbanum
3184 3026 3246 3076 ad
3298 3041 3382 3074 me
3415 3024 3580 3074 venire
3605 3037 3714 3073 ciun-

2217 3116 2370 3182 pelle.
2401 3115 2622 3169 Concito
2652 3117 2736 3168 ille
2789 3116 2951 3183 gradu
2983 3118 3142 3176 venit,
3175 3128 3237 3164 ac
3286 3115 3344 3164 Β.
3375 3113 3712 3165 ευιωυιωυω

2213 3209 2262 3260 in
2292 3207 2514 3261 ecclesia
2558 3207 2781 3274 positmn
2821 3205 3030 3258 flentem
3068 3203 3280 3271 reperit,
3331 3203 3552 3270 postulat
3594 3212 3634 3253 ut
3665 3201 3712 3252 ad

2210 3308 2459 3364 a‘grotum
2491 3296 2707 3350 festinus
2733 3295 2988 3362 \accedat.
3021 3294 3168 3345 Venit
3197 3307 3323 3361 ergo
3375 3293 3651 3360 perniciter,
3671 3301 3712 3339 et

2207 3389 2329 3456 quid
2369 3387 2526 3441 vellet
2557 3385 2914 3453 interrogavit.
2944 3389 3006 3436 At
3047 3384 3133 3435 ille
3162 3398 3372 3435 causam
3417 3383 3584 3447 objicit
3607 3379 3715 3431 :Cer

2211 3493 2314 3541 nte,
2342 3478 2527 3545 inquit,
2546 3475 2647 3528 tuis
2671 3475 2996 3527 orationibus
3023 3473 3072 3525 in
3094 3471 3189 3524 hac
3213 3485 3506 3521 :erumnnsa
3533 3468 3622 3519 vita
3646 3471 3715 3518 de-

2212 3567 2346 3619 tines
2370 3566 2391 3618 ?
2425 3581 2543 3618 nam
2566 3566 2756 3617 adsunt
2783 3566 2868 3631 qui
2905 3580 2987 3614 me
3011 3562 3202 3614 ducere
3229 3560 3433 3620 volunt,
3466 3558 3507 3610 si
3535 3560 3622 3608 tuis
3646 3555 3714 3606 fle.

2211 3656 2348 3708 tibus
2391 3667 2440 3707 et
2472 3656 2710 3719 precibus
2755 3670 2857 3706 non
2895 3647 3708 3719 pmpedirentur.Be:entatinnis.

2211 3759 2410 3813 quaeso,
2437 3745 2581 3797 solve
2601 3743 2886 3805 obstacula,
2913 3754 2966 3794 ut
2993 3743 3116 3795 mihi
3142 3743 3250 3807 jam
3287 3751 3499 3807 pateant
3521 3740 3710 3794 talesne

2212 3849 2390 3902 regna.
2408 3834 2539 3887 Tum
2569 3841 2711 3887 metu
2740 3833 3092 3887 Columbanus
3123 3847 3421 3901 percussus,
3448 3833 3591 3896 signo
3607 3838 3713 3880 laeto

2212 3939 2396 3977 omnes
2450 3926 2637 3977 adesse
2678 3925 2969 3990 imperavit,
3001 3923 3162 3974 sancti
3193 3921 3392 3972 sodalis
3421 3919 3712 3970 amissione:

2214 4013 2399 4080 gaudio
2425 4014 2760 4079 temperarit;
2781 4026 2970 4078 corpus
2996 4011 3189 4062 Christi
3219 4009 3433 4062 abeunti
3450 4008 3514 4061 de
3536 4007 3620 4060 hae
3639 4005 3714 4056 vita

2213 4100 2458 4155 viaticum
2484 4102 2722 4167 pratbuil,
2749 4108 2800 4152 et
2832 4108 2948 4165 post
2965 4109 3198 4153 extrema
3222 4098 3401 4150 oscula
3414 4095 3714 4152 defunct'm'n

2213 4205 2396 4246 cantus
2437 4192 2669 4258 implevit
2698 4189 2722 4226 ι’
2742 4229 2757 4244 .
2789 4191 2912 4244 Erat
2936 4191 3073 4244 enim
3111 4204 3176 4243 ex
3229 4190 3416 4242 eodem
3444 4195 3713 4256 generauit

2213 4292 2263 4334 et
2293 4283 2350 4334 Β.
2373 4281 2744 4344 Columbanus,
2769 4294 2975 4348 unoque
2996 4278 3244 4332 comitatu
3274 4287 3326 4331 et
3351 4279 3620 4331 nominee:
3647 4273 3714 4325 lft-

2217 4371 2392 4423 hernia
2438 4383 2816 4436 processerant.

583 4454 664 4495 est
707 4453 759 4494 ut
799 4452 949 4510 putas
975 4484 988 4507 ,
1050 4461 1168 4497 nam
1211 4462 1367 4499 cerne
1411 4451 1452 4500 si
1492 4451 1706 4515 vestigia
1758 4453 2107 4519 plaustrorum
2141 4481 2192 4539 ο
2285 4463 2366 4516 30.
2407 4463 2510 4515 Nec
2563 4462 2771 4514 mireris
2798 4475 2893 4512 cur
2925 4461 3001 4510 sic
3056 4457 3236 4509 bestia
3280 4470 3342 4507 ac
3372 4456 3605 4507 voluere!
3642 4447 3712 4502 viri

585 4532 666 4583 vel
707 4530 1064 4598 jumentmum
1107 4535 1274 4587 telluri
1319 4537 1569 4602 impressa
1614 4541 1865 4604 pareant?
1913 4556 2108 4606 nequa-

588 4634 742 4686 quam
783 4625 919 4674 enim
961 4623 1133 4676 claves
1183 4637 1214 4674 a
1261 4639 1343 4676 me
1383 4625 1478 4677 hac
1523 4635 1675 4677 nocte
1718 4628 2112 4694 discesserunt;

592 4713 681 4765 sed
707 4712 949 4766 obserato
970 4713 1145 4768 horrei
1172 4718 1328 4779 ostio,
1370 4717 1544 4766 divino
1582 4716 1834 4769 solamine
1858 4718 2116 4773 frumento

591 4797 852 4868 repletum
885 4811 965 4853 est
1005 4803 1268 4856 horreum.
1308 4808 1474 4872 Coepit
1518 4804 1582 4856 de
1623 4805 1872 4857 industria
1915 4807 1998 4860 ille
2041 4810 2118 4859 iti-

591 4892 747 4943 tentis
794 4891 961 4942 oculis
1003 4892 1051 4942 in
1095 4905 1279 4944 terram
1327 4893 1621 4960 respicere,
1681 4904 1734 4946 et
1773 4892 2116 4948 deferentium

594 4986 801 5051 vestigia
832 4984 1061 5052 diligenti
1090 4987 1470 5038 examinatione
1506 5000 1842 5054 cognoscere.
1884 4988 2121 5056 Cumque

595 5075 720 5125 nihil
763 5076 944 5128 horum
970 5077 1139 5128 simile
1174 5077 1295 5142 quid
1337 5077 1633 5141 reperisset,
1675 5078 1781 5130 ait:
1825 5077 2013 5130 Potens
2041 5089 2123 5132 est

599 5160 847 5213 Dominus
899 5164 1064 5214 servis
1111 5165 1218 5216 suis
1267 5176 1448 5229 parare
1502 5178 1731 5216 mensam
1787 5164 1836 5216 in
1890 5167 2120 5220 deserto.

595 5250 836 5313 Trajecio
873 5247 991 5299 exin
1036 5251 1285 5314 temporis
1329 5251 1597 5301 intervallo
1641 5252 1782 5303 venit
1820 5252 1982 5304 isdem
2016 5255 2118 5305 Co-

599 5338 871 5390 lumbanus
899 5337 960 5386 ad
992 5335 1248 5389 Fontanus
1275 5338 1589 5400 coenobium,
1616 5341 1910 5406 reperitque
1938 5341 2123 5395 fratres

598 5426 861 5494 sexaginta
896 5426 1101 5478 sarculo
1143 5436 1328 5480 terram
1372 5429 1633 5494 excolere,
1659 5437 1711 5481 et
1737 5433 1923 5483 semini
1953 5432 2124 5487 futuro

597 5518 843 5569 confectis
884 5515 1048 5583 glebis
1087 5530 1207 5567 arva
1251 5532 1450 5584 parare.
1495 5515 1729 5586 Cumque
1776 5521 1986 5575 vidisset
2032 5539 2124 5578 eos

670 5625 695 5652 ⁸
723 5628 861 5700 Apud
890 5624 1094 5700 S_urium
1121 5627 1276 5700 verba
1309 5626 1766 5700 haec_inseruntur,
1792 5642 2126 5700 quekpropfer

603 5691 1046 5757 Frcdemunqiacas
1074 5696 1264 5747 culmen
1295 5711 1381 5748 seu
1405 5695 1609 5750 Culmen
1630 5691 1760 5761 «at,
1785 5691 1854 5750 uir
1886 5691 1996 5764 Dei,
2018 5691 2122 5755 etc.

2219 4553 2308 4606 Dei
2359 4562 2598 4617 parerent
2641 4549 2882 4616 imperio.
2930 4546 3057 4600 Nam
3089 4545 3453 4599 Chamnualdo
3503 4541 3712 4613 Lugd-to
3783 4549 3785 4604 ς

2217 4640 2437 4692 Clavnto
2470 4638 2730 4705 pontifice,
2774 4635 2858 4702 qui
2888 4634 3003 4701 ejus
3030 4643 3082 4687 et
3114 4634 3354 4688 tniniSter
3381 4645 3438 4689 et
3479 4631 3712 4701 disciplll
3779 4651 3785 4692 ε

2220 4731 2334 4795 fuit,
2363 4731 2700 4797 cognovimus
2758 4726 3042 4790 referente,
3071 4728 3158 4794 qui
3212 4739 3269 4780 se
3302 4727 3582 4778 testabatu'
3607 4731 3712 4785 ειν

2220 4822 2428 4879 vidisse,
2461 4833 2578 4870 cum
2607 4818 2656 4868 in
2679 4830 2857 4868 eremo
2884 4817 2961 4868 vel
2985 4816 3182 4881 jejunio
3210 4815 3288 4866 vel
3316 4814 3540 4867 orationi
3566 4817 3712 4863 vult

2218 4909 2594 4970 deambularet,
2610 4921 2746 4974 smpe
2764 4908 2975 4959 solitum
2997 4906 3153 4966 feras,
3173 4904 3441 4957 bestiasae
3461 4908 3714 4954 areale!!!"
3783 4891 3785 4894 ’

2221 5004 2346 5062 sire,
2368 5014 2482 5067 qua:
2505 4999 2566 5051 ad
2581 4998 2856 5066 imperium
2872 4997 2985 5063 ejus
3001 4998 3173 5050 statim
3189 4993 3487 5056 veniebant,
3505 4999 3710 5058 φησει·

2221 5106 2288 5141 nu
2309 5089 2582 5141 blandiens
2599 5088 2908 5140 attrectabat
2939 5105 2949 5136 :
2985 5087 3052 5136 ita
3078 5083 3203 5135 fere
3228 5095 3457 5149 avesque
3475 5077 3714 5149 gaudentes
3777 5081 3785 5146 1'

2198 5192 2282 5257 \ac
2310 5177 2542 5230 ludentes
2570 5177 2742 5228 laetitia
2772 5173 2914 5225 uberi
2936 5211 2950 5232 ,
2979 5172 3122 5224 velut
3144 5170 3302 5222 catuli
3339 5169 3512 5223 solent
3532 5164 3712 5220 docili!
3783 5167 3785 5180 '

2221 5253 2508 5324 exsultare,
2538 5262 2884 5315 exsultabant.
2918 5258 3276 5323 Fcrusculatn,
3306 5274 3460 5326 quam
3482 5253 3712 5323 vulgabo-

2221 5355 2388 5406 mines
2427 5353 2676 5418 squirium
2728 5349 3039 5416 (l‘écureuil)
3089 5359 3297 5410 vocant,
3329 5362 3468 5414 sape
3489 5345 3556 5399 de
3573 5342 3714 5398 Illi!

2223 5446 2466 5497 arborum
2530 5441 2840 5493 culminibus
2894 5445 3235 5501 accersitam,
3271 5452 3528 5506 manuque
3567 5445 3710 5505 pet!-
3783 5481 3785 5488 .

2225 5541 2382 5598 ptam,
2416 5543 2511 5583 suo
2541 5530 2676 5582 collo
2721 5531 3012 5598 impositam
3061 5533 3338 5596 sinumque
3385 5527 3712 5597 ingredi!!!
3783 5601 3785 5606 Ι

2293 5636 2320 5708 ιτ
2347 5636 2447 5708 Iste
2461 5635 2813 5708 Columbanus
2826 5635 3114 5689 monachus
3141 5635 3191 5690 iu
3218 5637 3484 5708 Hartyrol.
3512 5629 3712 5691 Βοόιὲ

2227 5706 2338 5759 Kal.
2373 5706 2615 5758 Deceml).
2648 5717 2986 5757 memoratur.
