3820 6330
575 11 814 22 *μ-

26 133 34 222 'i

105 435 215 488 illi!)
1317 437 1371 490 S.
1414 433 1585 488 CULU
1597 431 1800 486 MBAN
1843 435 1874 485 γ
1888 434 2010 489 ΙΤΑ.
3139 435 3270 493 1050

100 564 148 598 ac
162 553 415 598 exeuntem
451 557 593 610 sa-pe
627 543 816 596 vidisse
839 545 1168 607 supradictus
1197 546 1278 597 vir
1305 545 1609 597 testabatur.
1643 544 1694 602 Α
1720 552 1861 596 trare
1900 542 2053 595 velle.
2099 538 2246 594 Tunc
2274 539 2630 595 Theodericus
2677 544 2745 596 ait
2773 559 2786 595 ε
2821 541 2999 598 Melius
3036 559 3154 598 csse
3188 551 3267 598 vi-

151 632 486 687 3|.(2rercrat
506 632 615 698 jam
649 633 841 699 passim
875 634 1006 685 fama
1052 637 1218 688 sancti
1266 637 1361 688 viri
1393 635 1444 687 in
1495 637 1613 688 uni-

102 738 247 776 versas
295 721 474 777 Galliae
525 725 607 776 vel
665 724 960 777 Germanis
1021 727 1337 791 provincias,
1395 738 1614 794 eratque

98 815 296 868 Omnium
323 816 461 866 cultu
486 815 826 876 venerabilis.
859 832 1070 870 rumore
1100 819 1406 881 laudabilis,
1442 821 1612 873 iman-

101 917 185 957 tum
207 893 627 957 utTheodericus
661 920 751 957 rex
780 907 864 970 qui
895 922 958 957 eo
989 907 1039 957 in
1073 916 1308 974 tempore
1337 909 1607 974 regnabat,

100 995 147 1044 ad
180 1009 288 1045 cuin
320 1007 457 1060 saepe
483 993 708 1055 veniret,
757 1003 808 1046 et
836 996 1134 1048 orationum
1163 999 1277 1060 ejus
1307 997 1607 1063 Suffraginm

95 1083 213 1132 muni
240 1095 347 1132 cum
380 1081 672 1134 humilitate
695 1081 1028 1146 deposceret.
1059 1084 1360 1151 Sigebertns
1389 1084 1606 1149 etenim,

92 1169 221 1235 cujus
237 1169 466 1235 superius
489 1172 810 1223 mentionem
837 1171 1074 1234 fecimus,
1101 1175 1234 1239 apud
1261 1175 1606 1230 \‘ictoriacum

94 1259 262 1328 (νέην)
297 1261 466 1312 villam
499 1261 780 1328 publicam,
811 1278 927 1328 quae
957 1266 1007 1314 in
1051 1265 1353 1316 suburbano
1386 1268 1609 1319 Atreba-

95 1352 230 1402 tensis
251 1350 384 1408 urbis
419 1353 520 1402 sita
541 1362 640 1414 est,
678 1352 921 1418 lltlperici
951 1353 1184 1418 germani
1239 1356 1484 1418 stridulo,
1520 1360 1605 1421 qui

91 1441 206 1505 apud
234 1440 516 1492 Tertiacum
549 1442 802 1507 oppidum
827 1453 949 1496 tunc
993 1457 1130 1504 erat,
1166 1462 1320 1512 quem
1364 1449 1608 1514 Sigelier-

95 1540 162 1582 tus
185 1546 330 1598 usque
353 1532 414 1583 ad
440 1545 660 1585 mortem
690 1537 1121 1602 pers~.-quehatur,
1156 1536 1462 1591 interfectus
1502 1550 1604 1592 est.

97 1619 332 1690 Perempto
370 1621 541 1684 itaque
589 1622 885 1688 Sigi-bertn,
938 1625 1270 1678 Hildebertus
1328 1630 1464 1679 illius
1493 1631 1606 1695 ejus

91 1709 213 1774 regni
239 1720 434 1774 sceptra
460 1715 708 1773 susrcpit,
738 1725 998 1764 annuente
1037 1729 1200 1766 matre
1235 1716 1600 1770 Bruncchilile.

93 1802 268 1849 Μυτιυο
287 1799 468 1851 deinde
516 1799 817 1855 llildebcrto
841 1803 973 1854 intra
1018 1806 1383 1859 adulescentia:
1412 1824 1598 1873 annos,

1718 643 1833 679 ruin
1894 629 1983 681 Dei
2013 630 2317 695 opportunis
2347 629 2597 683 subsidiis
2629 630 2911 697 honorare,
2961 649 3116 701 quam
3157 633 3263 688 Do.

1714 718 1913 771 niiuum
1967 733 2030 771 ex
2079 733 2351 772 servorum
2401 719 2518 785 ejus
2567 717 2766 772 oﬂ'ensa
2821 720 2886 772 ad
2945 723 3264 776 iracundiam

1713 822 2017 874 provocare.
2047 809 2204 863 .lnbet
2233 824 2359 878 ergo
2388 812 2529 877 regio
2556 811 2697 864 cultu
2726 819 3018 878 opportuna
3049 827 3258 879 parare.

1712 896 1908 965 Deique
1935 898 2126 948 famulo
2155 899 2330 966 dirigi.
2373 898 2551 966 Itaque
2583 908 2862 962 venerunt,
2890 910 2946 953 et
2993 899 3139 967 juxta
3169 903 3266 954 im-

1713 985 1914 1050 pcrinm
1948 987 2082 1052 regis
2108 987 2284 1038 oblata
2336 985 2583 1040 offerunt.
2639 990 2878 1052 Quicum
2935 990 3146 1044 vidisset
3174 993 3267 1044 ila-

1717 1087 1811 1136 pes
1839 1080 1892 1123 et
1919 1073 2098 1134 poeula
2129 1075 2270 1126 cultu
2307 1076 2451 1144 regio
2486 1076 2870 1142 administrata,
2901 1079 3112 1146 inquirit
3139 1083 3263 1148 quid

1709 1160 1810 1212 sibi
1853 1162 1951 1213 ista
1982 1163 2195 1216 vellent.
2253 1165 2418 1217 Aiunt
2445 1165 2518 1218 illi
2547 1183 2559 1217 :
2585 1167 2701 1220 Tibi
2732 1169 2870 1223 scias
2893 1186 2922 1223 a
2981 1187 3104 1239 rege
3154 1173 3267 1227 fore

1711 1247 1867 1318 [esse]
1924 1252 2142 1302 directa.
2176 1252 2521 1306 Ahominatus
2550 1268 2633 1315 ea,
2673 1255 2748 1308 ait
2777 1273 2788 1306 :
2839 1256 3103 1326 Scriptum
3134 1269 3215 1315 est
3248 1278 3261 1312 :

1711 1339 1761 1389 Μ
1773 1356 1924 1390 unum
1953 1342 2218 1407 impiorum
2249 1343 2477 1409 reprobat
2509 1343 2794 1397 Altissimus
2821 1344 3010 1414 (Ere-li.
3044 1350 3257 1416 sxxtv);

1714 1446 1815 1480 non
1847 1448 1986 1481 cuitu
2023 1433 2237 1498 dignum
2283 1444 2361 1484 est
2412 1443 2466 1484 ut
2499 1435 2807 1486 famulorum
2861 1435 2954 1489 Dei
3009 1453 3100 1490 ora
3128 1441 3259 1493 cibis

1709 1529 1826 1583 eius
1875 1521 2281 1587 pnlliianturqui
2341 1536 2445 1574 non
2476 1522 2648 1574 solum
2691 1526 2824 1589 suis,
2871 1540 3052 1576 verum
3102 1528 3264 1579 etiam

1709 1611 1928 1659 altorum
1987 1610 2296 1661 habitaculis
2357 1611 2566 1663 famulis
2609 1611 2703 1665 Dei
2762 1614 2960 1667 aditum
3017 1615 3259 1682 denegat.

1709 1699 1800 1752 llis
1853 1702 2004 1750 dictis
2040 1702 2244 1752 \‘zlscula
2277 1699 2452 1752 omnia
2485 1701 2534 1753 in
2567 1701 2728 1755 frusta
2759 1704 2964 1771 dirupta
2993 1716 3136 1768 sunt,
3188 1708 3263 1759 vi-

1711 1806 1879 1856 naque
1922 1809 1981 1841 ac
2012 1793 2180 1843 sit-eia
2211 1793 2324 1844 solo
2386 1792 2594 1857 itillusa,
2625 1801 2920 1860 ceteraque
2978 1797 3260 1862 separatim

88 1900 404 1956 regnaverunt
431 1890 1610 1951 l'iliillildebertiduoTheodebeitnset'l‘heo-
1639 1865 1686 1927 Β
1713 1880 1968 1942 disseran-
2024 1879 2284 1934 Ριινθῖευιῖ
2328 1882 2550 1934 "ﬁliiﬁlii
2593 1883 2668 1936 rei
2719 1894 2878 1951 Βθειίυ
2916 1898 3129 1938 causam
3155 1889 3263 1957 tesi

85 1981 404 2033 dericusemn
427 1981 539 2033 avia
572 1984 934 2038 Drunectulde.
977 1987 1152 2055 ltcguo
1186 1990 1605 2057 Burgundionum

82 2070 408 2124 Theodericus
478 2075 672 2137 potitus
767 2085 892 2138 est,
968 2090 1020 2128 et
1090 2093 1306 2144 regnum
1389 2084 1610 2133 Austra-

83 2162 259 2213 siorum
290 2161 678 2215 Theodebertus
709 2167 936 2230 suscepit
971 2171 1274 2232 regendum.
1311 2171 1605 2222 Theoderi-

84 2267 159 2300 cus
185 2264 303 2316 ergo
324 2267 440 2317 quia
473 2253 519 2302 in
563 2252 789 2305 termino
842 2258 982 2319 regni
1016 2259 1092 2306 sui
1135 2257 1191 2307 Β.
1222 2259 1602 2311 Columbanum

85 2341 291 2396 haberet.
325 2345 695 2406 gratulabatur.
725 2345 798 2394 Ad
843 2362 991 2408 queui
1039 2363 1155 2397 cum
1206 2350 1493 2413 saepissime
1520 2366 1606 2403 ve—

87 2440 220 2493 ειξΐθι,
247 2435 399 2498 ραιρὶι
432 2436 507 2486 vir
560 2435 648 2486 Dei
686 2451 803 2486 eum
851 2441 1119 2500 ineieparc
1148 2456 1239 2489 cur
1277 2440 1605 2493 concubina--

84 2536 178 2571 tum
194 2523 452 2575 adniteriis
472 2525 797 2587 misceretur,
822 2535 873 2578 cl.
896 2544 994 2578 nun
1023 2535 1194 2593 potius
1215 2531 1459 2596 legitima:
1478 2548 1603 2584 cou-

82 2611 196 2676 jugis
219 2613 469 2665 solamine
502 2613 791 2676 frueretur,
832 2626 887 2668 ut
917 2618 1102 2686 regalis
1133 2622 1307 2684 proles
1337 2637 1396 2672 ex
1432 2621 1602 2674 botto-

85 2702 211 2753 iabili
271 2703 444 2770 regina
501 2713 526 2738 ι
594 2706 844 2772 prodiret,
889 2717 940 2760 et
1005 2723 1106 2760 non
1164 2715 1336 2777 potius
1403 2728 1466 2764 ex
1522 2714 1603 2764 lu-

83 2794 334 2857 lunaribus
397 2793 663 2849 videretur
715 2798 935 2865 emergi.
968 2797 1202 2867 Cumque
1229 2799 1340 2868 jam
1381 2805 1444 2854 ad
1503 2804 1598 2856 viri

85 2880 160 2933 Dei
216 2882 477 2948 imperium
523 2886 662 2953 regis
715 2901 888 2939 sermo
950 2888 1373 2956 obtemperaret,
1437 2902 1488 2944 et
1541 2909 1599 2946 se

83 2971 135 3020 ab
160 2973 381 3026 euntibus
432 2974 626 3026 illicitis
653 2989 926 3043 segregare
956 2978 1314 3044 responderet,
1369 2994 1595 3034 tuentem

83 3060 404 3116 lirunecbildis
440 3066 590 3133 πίω,
634 3068 875 3119 secundae
908 3079 962 3119 ut
999 3079 1113 3121 erat
1137 3069 1416 3133 Jezabelis,
1452 3085 1595 3124 ann-

767 2085 846 2126 υδι
881 2119 892 2138 ,

82 3163 194 3213 quas
220 3154 394 3218 anguis
420 3153 564 3216 adiit,
588 3169 808 3222 namque
837 3168 1017 3210 contra
1041 3160 1207 3212 virum
1244 3159 1332 3213 Dei
1365 3164 1595 3215 stimula-
1620 3193 1667 3254 α

82 3247 168 3290 tam
190 3243 436 3307 superbia
479 3246 665 3297 aculeo
691 3248 902 3311 excitat,
941 3251 1059 3316 quia
1089 3265 1327 3305 cerneret
1366 3256 1474 3303 viro
1506 3255 1593 3306 Dei

81 3325 429 3385 Theodericum
452 3333 687 3388 obedire.
716 3333 1004 3389 Verebatur
1030 3341 1169 3391 enim
1203 3356 1268 3391 ne
1289 3341 1596 3409 εἰιιιίηοειιε

81 3419 374 3487 concubinis,
391 3429 622 3491 reginam
645 3425 781 3478 aula:
797 3429 1130 3494 pradecisset,
1154 3430 1422 3499 dignitatis
1437 3444 1594 3499 atque

79 3516 263 3566 honoris
281 3518 354 3566 sui
385 3516 596 3570 modum
627 3530 967 3583 amputasset.

134 3599 213 3653 32.
240 3604 422 3656 Evenit
443 3619 568 3672 ergo
615 3616 671 3657 ut
697 3610 918 3674 quadam
950 3608 1035 3661 die
1067 3609 1124 3663 Β.
1156 3609 1510 3664 Columbauus
1531 3615 1594 3665 ad

77 3692 452 3747 Brunechildem
481 3701 714 3750 eveniret.
748 3699 871 3751 Erat
898 3700 1038 3752 enim
1067 3711 1188 3755 tunc
1216 3707 1350 3769 apud
1403 3706 1596 3757 ιιι-..ρει-

76 3783 248 3833 riacam
281 3785 476 3837 villam.
526 3786 764 3854 Cumque
808 3787 894 3841 illa
925 3807 1045 3843 eum
1077 3793 1126 3842 in
1157 3797 1328 3844 aulam
1389 3799 1596 3847 vetiiSse

77 3885 292 3926 cerneret
318 3912 334 3936 ,
362 3865 493 3928 filios
519 3875 858 3938 Theoderici,
886 3894 1018 3944 quos
1046 3881 1112 3932 ile
1138 3881 1445 3934 adulterinis
1479 3898 1596 3949 pcr-

77 3963 380 4018 niistionibus
430 3965 678 4030 habebat,
725 3969 788 4019 ad
835 3968 1004 4020 virum
1042 3969 1130 4022 Dei
1177 3971 1427 4023 adducit:
1462 3989 1595 4040 quos

74 4064 176 4100 cum
205 4052 434 4118 vidisset,
458 4055 758 4108 sciscitatur
783 4058 904 4124 quid
943 4059 1040 4111 Sllii
1072 4058 1283 4114 vellent.
1341 4062 1436 4114 Cui
1466 4064 1598 4116 Βω-

72 4139 306 4193 nechildis
332 4145 401 4195 ait
434 4161 448 4194 :
482 4145 640 4212 Itegis
666 4158 790 4197 sunt
819 4147 934 4212 ﬁlii,
995 4153 1091 4202 hos
1122 4161 1173 4202 tu
1233 4150 1598 4207 benedictione

71 4230 261 4283 robora.
314 4234 377 4284 At
419 4234 543 4286 ille:
575 4235 930 4303 Nequaquam,
991 4242 1178 4307 inquit,
1233 4242 1361 4295 istos
1405 4243 1595 4311 regalia

72 4331 260 4384 sci-pira
305 4331 642 4389 suscepturus
691 4328 847 4384 scias,
878 4328 1001 4391 quia
1037 4329 1102 4380 de
1153 4329 1484 4395 lupanaribus
1535 4350 1594 4385 e-

73 4422 361 4464 merserunt.
397 4411 485 4463 Illa
522 4411 698 4465 furens
748 4416 992 4477 parvulos
1032 4418 1178 4468 abire
1198 4417 1369 4482 jubet.
1424 4421 1597 4487 Egre-

1707 1972 1968 2020 nuntiant.
2035 1971 2123 2022 Ille
2175 1985 2372 2036 pavore
2407 1973 2679 2039 llCl‘CUlsllS
2724 1987 2843 2025 cum
2891 1974 3003 2025 avia
3034 1975 3265 2029 diluculo

1707 2057 1769 2110 ad
1794 2059 1956 2111 virum
1994 2059 2082 2111 Dei
2134 2071 2404 2125 proterat,
2436 2072 2714 2127 precantur
2743 2063 2808 2116 de
2848 2067 3130 2120 commisso
3176 2083 3267 2119 vc-

1648 2179 1655 2186 ο
1710 2150 1871 2209 niam,
1906 2163 1962 2199 se
1995 2147 2328 2212 postmodum
2359 2151 2637 2200 emendare
2669 2152 2999 2214 pollicentur.
3034 2153 3122 2204 llis
3156 2154 3261 2218 pla-

1705 2247 1854 2286 catus
1881 2235 2171 2299 pruni-sis,
2202 2237 2262 2288 :ill
2298 2240 2672 2291 monasterium
2704 2242 2873 2291 rediit.
2898 2241 2999 2294 Sed
3044 2245 3259 2309 polliiiti

1705 2327 1987 2377 vadiinunii
2034 2327 2351 2393 iuramenta,
2389 2345 2492 2382 non
2553 2329 2640 2382 diu
2688 2341 2913 2394 serrata,
2976 2333 3257 2386 violantur.

1706 2418 2026 2470 Exercentur
2058 2419 2385 2472 miseriarum
2420 2422 2739 2474 incrementa
2770 2460 2785 2484 ,
2818 2424 3075 2492 solitaque
3117 2441 3144 2476 a
3178 2443 3259 2477 re-

1705 2522 1767 2571 ge
1798 2506 2054 2559 adulteria
2085 2517 2376 2573 patrantur.
2401 2509 2515 2573 Quo
2533 2509 2711 2562 audito
2740 2511 3096 2566 Coiutnbanus
3127 2515 3261 2567 litte-

1708 2612 1790 2646 ras
1811 2598 1872 2647 ad
1887 2613 2001 2650 eum
2031 2599 2333 2651 verberibus
2359 2584 2538 2664 pletias
2560 2581 2772 2668 direxit,
2807 2601 3261 2671 comtninaturqne

1703 2689 2316 2752 cxcoiumuniczrtionem,
2333 2691 2375 2743 si
2388 2691 2669 2744 emendare
2681 2690 2947 2744 dilatando
2961 2707 3063 2745 non
3083 2695 3259 2746 vellet.

1771 2778 1857 2833 53.
1893 2781 1970 2832 Ad
2020 2779 2130 2832 haec
2165 2795 2368 2832 rursum
2399 2792 2631 2848 permota
2684 2781 3064 2846 Brunechildis,
3121 2784 3259 2850 regis

1702 2872 1934 2922 aninnim
1981 2872 2231 2922 adversus
2286 2870 2663 2923 Columbanum
2721 2872 2914 2924 excitat
2947 2915 2961 2937 ,
3010 2874 3257 2940 omnique

1701 2972 1888 3015 Conatu
1937 2961 2160 3013 intendit
2215 2963 2539 3027 perturbare,
2595 2960 2938 3029 ltortaturque
2987 2977 3250 3028 proceres,

1701 3056 1920 3114 aulicos,
1948 3061 2002 3106 et
2027 3054 2307 3119 optimates
2337 3067 2540 3114 omnes,
2594 3059 2648 3103 ut
2679 3053 2814 3120 regis
2866 3052 3098 3106 animum
3128 3069 3255 3107 con-

1706 3153 1778 3195 tra
1811 3147 1976 3196 virum
2014 3144 2099 3196 Dei
2135 3144 2518 3210 perturbarent,
2556 3143 2937 3212 episcoposque
2966 3145 3248 3199 sollicitare

1702 3247 1946 3302 aggressa
1981 3242 2080 3296 -st,
2113 3243 2168 3284 ut
2197 3247 2309 3296 eius
2339 3233 2644 3300 religionem
2675 3235 3022 3300 detrahendo,
3056 3244 3109 3287 et
3145 3245 3251 3286 sta-

1705 3335 1807 3373 tum
1833 3329 2195 3391 ri-gulzrqucm
2217 3323 2326 3373 suis
2341 3323 2736 3374 custodiendmn
2761 3325 3028 3374 monachis
3046 3320 3252 3376 indide—

1702 3422 1803 3473 rat,
1833 3415 2181 3464 macularent.
2207 3412 2642 3477 Obteuiperantes
2672 3412 2829 3478 igitur
2852 3413 3008 3465 auliei
3037 3428 3252 3482 persua-

1700 3501 1934 3552 sionibus
1969 3501 2176 3552 miserae
2206 3502 2418 3566 reginae,
2458 3499 2594 3568 regis
2620 3502 2852 3552 animum
2880 3512 3059 3554 contra
3083 3503 3253 3556 viruui

1704 3591 1791 3642 Dei
1822 3591 2146 3657 perturbant,
2165 3599 2412 3657 cogentes
2443 3599 2610 3644 utaut
2637 3594 2869 3657 cederet,
2918 3602 3008 3646 aut
3047 3593 3254 3661 religio-

1700 3698 1818 3734 nem
1851 3684 2113 3750 probaret.
2148 3683 2372 3736 (Zuactus
2397 3685 2568 3749 itaque
2598 3699 2691 3736 rex
2720 3684 2784 3736 ad
2820 3686 2984 3737 virum
3033 3685 3122 3738 Dei
3148 3685 3248 3738 Lit-

1701 3772 1908 3825 xovium
1940 3753 2551 3837 venit;conquestusque
2577 3777 2658 3824 est
2679 3786 2795 3822 cum
2834 3785 2920 3834 eo,
2936 3787 3029 3825 cur
3049 3787 3076 3823 a
3107 3787 3254 3826 corn-

1701 3863 2100 3928 prnvincialium
2167 3863 2399 3914 moribus
2429 3862 2774 3923 descisceret,
2821 3870 2875 3915 et
2921 3863 3054 3915 intra
3101 3872 3253 3930 septa

1697 3955 1977 4006 Secretiora
2036 3955 2279 4006 clunibus
2305 3951 2614 4006 Christianis
2653 3954 2826 4006 aditus
2870 3969 2974 4007 non
3026 3963 3253 4021 pateret.

1699 4044 1888 4098 Beatus
1917 4049 2089 4114 itaque
2119 4047 2492 4111 Colurnbanus,
2525 4056 2580 4099 ut
2606 4053 2720 4097 erat
2747 4043 2915 4097 audax
2948 4057 3107 4113 atque
3131 4047 3250 4097 ani-

1699 4155 1785 4196 nio
1812 4139 2010 4208 vigens,
2031 4142 2153 4192 talia
2180 4139 2445 4207 objicieuti
2465 4137 2574 4209 regi
2594 4136 2863 4205 respondit
2888 4150 2945 4189 se
2967 4145 3247 4188 consuetu-

1697 4232 1871 4283 dinem
1894 4247 1994 4283 non
2020 4230 2211 4281 habere
2237 4228 2646 4281 utsiecularibus
2669 4225 2967 4277 hominibus
2991 4234 3043 4275 et
3065 4239 3091 4273 a
3124 4225 3244 4276 reli-

1695 4324 1846 4389 gioni-
1865 4319 2048 4371 alienis
2066 4318 2374 4368 famulorum
2403 4317 2491 4369 Dei
2509 4314 2844 4368 habitationis
2869 4312 3057 4380 pandat
3079 4313 3250 4366 intru‘

1697 4412 1845 4471 itum,
1865 4411 1956 4462 sed
1971 4416 2261 4476 Opportuna
2275 4415 2499 4472 aptaque
2515 4405 2627 4457 loca
2643 4404 2706 4456 ad
2726 4405 2824 4457 hoc
2839 4402 3030 4457 habere
3044 4413 3244 4471 parata,

71 4501 201 4549 dicos
215 4513 336 4566 ergo
360 4502 438 4554 vir
463 4501 553 4554 Dei
585 4505 778 4570 regiam
806 4505 998 4566 aulam;
1029 4505 1150 4557 ιΙιηιι
1178 4508 1393 4560 limitem
1423 4519 1592 4564 trans-
1621 4525 1672 4583 ι)
1698 4503 2044 4571 quuomnium
2076 4500 2336 4566 hospitum
2359 4497 2613 4550 adventus
2637 4497 2975 4562 suscipiatur.
3030 4496 3109 4549 Ad
3137 4495 3249 4548 lia-c

71 4587 207 4648 iliret,
239 4589 409 4658 fragor
436 4603 663 4645 exortus
703 4604 862 4646 tutam
905 4596 1115 4647 domum
1154 4599 1396 4663 quatiens
1424 4602 1592 4652 omni-

70 4681 153 4729 bus
181 4685 426 4732 terrorem
462 4680 704 4743 incussit,
759 4697 856 4736 nec
899 4694 1075 4736 tamen
1124 4687 1328 4739 miserm
1385 4688 1594 4742 {emtum

73 4771 278 4822 iurarem
295 4771 644 4836 compescuit.
675 4771 933 4839 Paralque
962 4773 1152 4829 deinde
1185 4777 1397 4831 insidias
1420 4780 1590 4832 moliri

73 4859 234 4914 ricinis
278 4860 632 4924 monasteriis,
664 4869 716 4912 et
755 4876 846 4926 per
873 4866 1080 4915 nuntius
1112 4868 1334 4932 imperat
1382 4878 1435 4920 ttt
1463 4869 1594 4923 nnlli

71 4964 232 5003 eorum
259 4960 407 5003 extra
435 4949 740 5002 moaasterii
781 4953 1032 5002 terminos
1059 4954 1158 5006 iter
1186 4941 1467 5022 paudatur,
1500 4975 1595 5012 ne-

71 5055 158 5102 que
177 5043 501 5108 receptacula
532 5039 806 5094 mauacbis
836 5043 948 5104 ejus
980 5043 1057 5092 vel
1089 5046 1331 5109 qua-libet
1365 5049 1594 5100 subsidia

72 5128 363 5182 tribuantur.
391 5129 630 5184 Cernetis
683 5131 738 5182 Β.
768 5129 1122 5183 Columbanus
1175 5136 1348 5201 regios
1393 5137 1596 5189 animos

70 5219 327 5274 aduersum
357 5229 789 5286 sepermutatos,
832 5221 895 5273 ad
943 5236 1036 5273 cos
1085 5234 1328 5287 properat
1381 5235 1437 5277 ut
1487 5231 1596 5278 suis

71 5309 268 5362 monitis
313 5311 521 5369 misera
549 5310 848 5375 pertinaciae
899 5311 1157 5363 intentum
1205 5310 1433 5379 frangat.
1470 5315 1597 5370 Erat

69 5401 194 5449 enim
223 5406 340 5453 tunc
369 5399 622 5465 temporis
640 5399 784 5463 apud
824 5399 1075 5463 Spissiam
1103 5403 1276 5454 villam
1303 5404 1592 5472 publicam:

72 5504 162 5552 quo
187 5501 302 5540 cum
349 5490 462 5542 sole
486 5488 596 5556 jam
628 5485 974 5540 occumbente
1021 5498 1269 5556 ven-sset,
1303 5494 1410 5565 regi
1464 5508 1596 5547 nun-

71 5580 188 5632 tiant
213 5577 376 5632 ritum
407 5579 497 5633 Dei
531 5578 657 5633 inibi
686 5589 826 5642 esse,
860 5592 960 5632 nec
981 5579 1032 5630 in
1066 5579 1224 5648 regiis
1248 5582 1490 5638 domibus
1519 5585 1598 5636 in-

133 5695 159 5722 ⁸
185 5689 236 5742 Si
265 5685 577 5756 Fredegario
623 5687 674 5742 in
703 5704 821 5751 cap.
851 5676 927 5744 '50.
948 5691 1076 5742 fnles
1115 5701 1218 5752 est,
1241 5693 1617 5750 Theodericus

71 5770 195 5809 anno
217 5759 357 5824 regni
401 5758 482 5810 sui
518 5757 576 5808 I2
609 5759 986 5828 Einengardatn
1037 5760 1279 5816 Benefici
1330 5764 1595 5834 Hispania:

1701 4609 1788 4646 rex
1817 4593 1928 4654 :Si,
1950 4593 2137 4658 inquit,
2169 4590 2418 4658 largitatis
2439 4598 2632 4642 nostra:
2657 4603 2870 4641 munera
2902 4595 2956 4640 ct
2977 4587 3250 4640 salaminis

1695 4689 2112 4753 supplementum
2133 4698 2324 4749 capere
2339 4682 2506 4748 cupis,
2526 4681 2766 4733 omnibus
2791 4681 2840 4731 in
2860 4679 2990 4732 locis
3011 4682 3244 4734 omnium

1695 4781 1890 4846 patebit
1913 4774 2270 4828 intr0itns.Vir
2288 4773 2374 4826 Dei
2391 4769 2658 4840 respondit
2675 4785 2688 4821 :
2708 4771 2760 4822 Si
2774 4771 2911 4822 sicut
2931 4784 3066 4823 nunc
3081 4783 3254 4834 usque

1694 4872 1790 4924 sub
1805 4868 2056 4937 regularis
2075 4866 2358 4930 disciplina:
2385 4863 2598 4914 habenis
2615 4864 2950 4916 constrictum
2981 4864 3091 4923 fuit,
3123 4860 3249 4913 vio-

1696 4963 1804 5015 lare
1830 4957 2035 5012 conaris
2058 4996 2073 5017 ,
2108 4970 2201 5005 nec
2232 4953 2329 5005 luis
2363 4951 2667 5005 muneribus
2690 4995 2704 5015 ,
2731 4966 2825 5004 nec
2852 4953 3247 5017 quibuscunque

1695 5049 1942 5104 subsidiis
1973 5060 2054 5097 me
2083 5045 2215 5095 forte
2253 5060 2280 5094 ει
2325 5054 2374 5096 te
2396 5043 2530 5096 scias
2570 5041 2988 5094 sustentandum.
3019 5038 3080 5092 Et
3105 5041 3147 5092 si
3174 5041 3248 5094 ob

1696 5121 1830 5194 lianc
1857 5150 2064 5192 causam
2098 5139 2194 5186 hoc
2219 5138 2269 5188 in
2300 5135 2416 5187 loco
2437 5134 2621 5186 venisti
2641 5144 2694 5184 ut
2713 5146 2984 5186 servorum
3007 5130 3098 5184 Dei
3128 5146 3240 5184 rm.

1697 5230 1849 5282 nobia
1866 5228 2123 5283 dcstruas,
2143 5234 2196 5276 et
2215 5227 2500 5291 regularem
2523 5223 2846 5287 disciplinam
2867 5224 3117 5287 macules,
3133 5227 3246 5278 cito

1697 5319 1904 5374 noveris
1953 5326 2098 5368 tuum
2143 5298 2356 5382 regnum
2411 5313 2639 5366 funditus
2684 5317 2966 5382 ruiturum,
3023 5329 3074 5369 et
3118 5320 3242 5369 cum

1695 5408 1836 5462 omni
1867 5408 2147 5475 prapagine
2197 5403 2334 5472 regia
2372 5402 2798 5469 demergendum.
2857 5405 3006 5471 Quod
3057 5412 3241 5469 postea

1695 5499 1770 5553 rei
1793 5496 2030 5567 probavit
2047 5505 2284 5550 eventus.
2306 5494 2420 5548 Jatn
2447 5492 2586 5545 enim
2615 5497 2892 5548 temerario
2919 5505 3101 5546 Conatu
3147 5508 3243 5548 res

1695 5585 2028 5642 refectoriurn
2052 5588 2317 5655 ingressus
2342 5583 2529 5636 fuerat.
2561 5582 2652 5638 His
2669 5597 2795 5654 ergo
2817 5582 3027 5638 territus
3055 5583 3243 5648 dictis,

1696 5693 1834 5762 regis
1862 5694 2017 5748 tiliam
2042 5707 2254 5747 uxorein
2270 5689 2446 5762 duxit.
2471 5701 2526 5746 et
2555 5701 2670 5756 post
2695 5706 2886 5762 annum
2915 5704 3070 5744 sua-u
3102 5691 3235 5749 Bra-

1699 5760 1952 5819 neetiildis
1973 5764 2188 5831 turpiter
2217 5760 2282 5813 ad
2306 5771 2504 5826 patrem
2533 5761 2752 5816 remisit.
