3880 6236
501 354 520 405 l
533 354 625 413 031

1590 343 1778 400 1οΝᾸί
1820 330 2102 396 ΛΒΒᾹΤΙΞ
2145 335 2556 393 ELNONENSIS

3543 327 3671 381 1053

466 482 469 485 ·
498 462 639 515 foras
658 458 932 515 celerrime
962 455 1189 524 repedat.
1221 455 1371 507 Duris
1411 466 1523 520 post
1555 454 1666 505 lnec
1690 452 1783 504 viri
1814 450 1903 505 Dei
1946 450 2027 503 in-
2059 465 2104 519 Α
2133 448 2325 502 dobant
2348 447 2487 501 enim
2510 458 2692 496 omnes
2718 443 2766 492 in
2791 455 2854 493 eo
2878 441 2966 494 Dei
2992 440 3229 493 virtutem
3261 440 3506 505 ﬂagrare,
3534 440 3672 493 ideo-

506 548 891 619 crepationibus
914 561 998 599 rex
1030 543 1327 612 urgebatur.
1379 543 1567 593 Contra
1608 556 1723 608 quae
1749 540 2036 593 Theoderi-

505 654 597 693 cus
617 642 688 689 ait
714 653 728 687 :
756 630 983 702 Martyrii
1012 646 1257 685 coronam
1292 644 1373 681 me
1405 629 1494 679 tibi
1521 628 1784 680 illaturum
1814 640 1995 693 speras
2022 643 2035 678 :

506 742 606 779 non
622 739 735 778 esse
756 737 838 774 me
861 729 1015 774 tanta
1028 719 1301 772 dementize
1318 717 1452 770 scias
1468 754 1483 778 ,
1514 715 1682 769 uthoc
1707 723 1904 768 tantum
1926 728 2041 781 per-

508 824 700 880 petrem
714 811 905 873 seelns,
924 806 1243 872 sedpotiuris
1263 796 1462 858 consilii
1480 804 1567 857 tibi
1587 804 1721 858 scias
1737 803 1877 855 utilia
1896 815 2043 867 para-

510 918 697 965 turum,
726 911 781 954 ut
804 900 891 969 qui
915 901 980 951 ab
1004 898 1232 949 omnium
1253 896 1572 966 saecularium
1608 908 1749 945 more
1772 891 2037 952 desciscis,

508 1008 606 1059 qua
622 1004 857 1051 veneras,
876 1002 934 1039 ea
946 987 1029 1039 via
1046 984 1293 1053 repedare
1309 983 1537 1037 studeas.
1554 984 1848 1036 AtliiCttt’tllfl
1876 977 2040 1034 simul

509 1095 737 1133 consona
768 1093 894 1130 voce
924 1086 1041 1128 vota
1072 1085 1429 1143 prorumpunt,
1458 1089 1512 1127 se
1544 1074 1733 1127 habere
1756 1088 1859 1125 non
1909 1073 2041 1125 velle

510 1170 591 1222 his
620 1169 670 1221 in
695 1168 840 1228 locis,
866 1167 951 1233 qui
980 1161 1219 1218 omnibus
1249 1178 1349 1216 non
1394 1164 1639 1216 societur.
1670 1163 1746 1214 Ad
1798 1162 1911 1215 hrcc
1950 1161 2045 1213 Co-

513 1258 785 1310 lumbanus
836 1270 894 1308 se
918 1254 1047 1306 dicit
1072 1248 1303 1306 creuobii
1348 1264 1491 1318 septa
1548 1267 1648 1304 non
1709 1265 2043 1320 egressurum

516 1346 613 1400 nisi
637 1345 887 1397 violenter
914 1341 1260 1394 abstrahatur.

584 1434 672 1490 34.
704 1434 951 1488 Discessit
978 1446 1100 1497 ergo
1124 1445 1213 1481 rex
1242 1429 1537 1494 relinquens
1560 1428 1726 1480 virum
1756 1428 2042 1495 quemdam

516 1536 786 1593 procerem
832 1520 1041 1572 nomine
1088 1516 1412 1568 Baudulfutn.
1452 1514 1498 1568 ls
1523 1515 1660 1568 enim
1690 1530 1807 1568 cum
1838 1531 2047 1568 reman-

514 1618 702 1676 sisset,
748 1614 911 1665 virum
953 1609 1043 1663 Dei
1082 1622 1111 1661 a
1156 1606 1472 1660 monasterio
1519 1607 1742 1673 pellere,
1791 1614 1842 1658 et
1889 1620 2047 1671 penes

518 1704 933 1759 Vesontionense
981 1698 1227 1768 oppidum
1274 1699 1336 1750 ad
1385 1696 1722 1751 exsulandum
1769 1697 2043 1766 perducit,

2141 554 2243 606 que
2271 552 2453 589 omnes
2493 534 2561 586 ab
2600 534 2714 599 ejus
2754 532 2954 599 injuriis
2993 530 3422 598 segregabantur,
3458 545 3523 584 ne
3551 532 3675 585 socii

2137 626 2406 693 culparum
2449 623 2694 688 forent),
2724 621 2960 674 ascendit
2992 620 3257 672 Doniinieu
3299 620 3387 671 die
3430 620 3482 671 in
3519 623 3675 673 verti-

2136 728 2252 770 cem
2284 715 2501 767 arduuut
2532 713 2595 765 ad
2627 725 2876 765 cacumen
2907 714 3096 765 montis
3126 712 3264 763 illius
3305 710 3411 778 (ita
3443 711 3582 763 enirn
3609 713 3675 764 sio

2140 815 2224 856 tus
2252 803 2397 856 urbis
2425 803 2666 863 habetur,
2698 816 2813 854 cum
2844 801 3115 854 domorum
3146 801 3380 855 densitas
3411 801 3460 853 in
3494 798 3677 853 diffuso

2140 892 2305 945 latere
2338 890 2552 957 proclivi
2585 891 2779 943 mentis
2808 890 2905 943 sita
2938 891 3040 956 sit,
3073 900 3415 956 prorumpunt
3443 889 3603 941 ardua
3633 890 3679 941 in

2139 981 2455 1036 sublimibus
2481 983 2770 1043 cacumina,
2801 994 2918 1047 qua:
2954 976 3183 1047 undique
3210 980 3426 1033 abscissi
3456 979 3682 1033 fluminis

2144 1072 2301 1125 Οουςυ
2332 1073 2399 1137 (1e
2420 1063 2613 1139 Doubs}
2636 1070 2784 1123 alveo
2811 1070 3035 1123 vallante
3065 1071 3363 1123 nullatenus
3390 1083 3681 1121 commean-

2144 1164 2281 1213 tibus
2312 1165 2445 1212 viatn
2480 1162 2714 1227 pandit),
2742 1160 2917 1227 ibique
2961 1174 3125 1227 usque
3169 1160 3234 1211 ad
3277 1158 3507 1212 medium
3552 1158 3684 1210 diem

2143 1257 2411 1319 exspectat
2436 1290 2452 1315 ,
2480 1252 2522 1303 si
2554 1251 2744 1318 aliquis
2772 1251 2873 1304 iter
2897 1250 2959 1303 ad
2993 1249 3363 1303 monasterium
3394 1246 3685 1301 revertendi

2148 1339 2446 1405 prohibeat.
2481 1340 2543 1393 Et
2572 1354 2689 1390 cum
2723 1339 2900 1391 nullus
2927 1342 3220 1391 contrarius
3247 1337 3529 1398 existeret,
3577 1336 3685 1403 ipse

2144 1442 2238 1495 per
2266 1430 2486 1481 mediam
2516 1428 2695 1480 urbem
2723 1440 2843 1482 cum
2874 1427 2983 1480 suis
3011 1427 3074 1479 ad
3108 1428 3479 1480 monasterium
3514 1431 3689 1497 regre-

2144 1516 2300 1568 ditur.
2328 1517 2440 1581 Quo
2468 1517 2647 1568 audito
2674 1512 3033 1568 Bruttecbildis
3055 1529 3118 1568 ac
3140 1509 3526 1579 Theodericus,
3556 1518 3689 1583 quod

2143 1606 2342 1661 scilicet
2370 1606 2438 1659 ab
2463 1608 2651 1659 exsilio
2681 1606 3021 1669 revertisset,
3052 1606 3346 1659 acrioribus
3378 1607 3469 1659 ira:
3498 1608 3691 1660 aculeis

2146 1698 2498 1760 stimulantur,
2520 1694 2809 1763 iubentque
2836 1697 3056 1749 militum
3082 1700 3383 1762 cohortem,
3410 1708 3464 1750 ut
3487 1713 3687 1751 rursum

520 1794 857 1861 quoadusque
913 1791 1101 1859 regalis
1130 1791 1380 1842 sententia
1410 1788 1545 1854 quod
1569 1787 1816 1840 voluisset
1857 1788 2046 1861 decer-
2080 1784 2125 1841 Β
2152 1786 2317 1837 virum
2338 1784 2423 1838 Dei
2441 1784 2967 1846 viabstrahant,etad
2986 1786 3259 1854 pristinum
3276 1797 3525 1841 revocent
3552 1802 3691 1855 pror-

521 1892 689 1937 neret.
720 1882 1062 1935 Commorans
1091 1893 1217 1945 ergo
1247 1876 1367 1929 inibi
1397 1876 1588 1927 audivit
1620 1891 1880 1929 carcerem
1909 1891 1972 1930 eo
2001 1879 2051 1931 in

524 1975 640 2026 loco
669 1972 877 2039 plenum
909 1982 1024 2023 esse
1052 1968 1409 2020 damnatorum
1441 1965 1703 2016 hominum
1737 1966 1919 2018 mortis
1949 1981 2054 2032 pm-

524 2078 639 2115 nam
671 2059 1105 2128 exspectantium.
1140 2057 1215 2110 Ad
1246 2072 1397 2123 quem
1426 2060 1504 2109 vir
1536 2055 1623 2109 Dei
1656 2066 1938 2125 properat:
1975 2057 2052 2109 in-

525 2167 838 2223 gressusque
888 2152 1121 2216 ostium,
1176 2149 1319 2201 nullo
1368 2150 1641 2208 obstante,
1692 2149 1910 2200 verbum
1966 2147 2055 2201 Dei

523 2243 782 2295 damnatis
812 2240 1125 2306 .dcpromit:
1171 2238 1527 2305 spondentque
1573 2236 1642 2288 illi
1688 2251 1745 2289 se
1785 2238 1825 2289 si
1871 2238 2052 2290 libera-

525 2342 706 2382 rentur
734 2328 1127 2391 emendaturus,
1158 2340 1209 2379 et
1234 2328 1299 2378 de
1327 2327 1603 2378 commissa
1638 2342 1771 2377 noxa
1804 2329 2058 2392 paeniten-

526 2424 647 2475 tiam
678 2432 905 2473 acturos.
941 2418 1128 2473 Beatus
1172 2419 1343 2483 itaque
1387 2417 1745 2470 Colutubatms
1791 2424 1907 2481 post
1949 2417 2060 2470 ha-e

526 2512 765 2564 ministro
793 2508 1012 2569 domus,
1041 2506 1191 2574 cujus
1217 2506 1458 2571 superius
1487 2504 1702 2557 fet-imus
1744 2505 2057 2559 mentionem

529 2599 605 2666 (Ν
650 2598 757 2669 16).
778 2596 995 2669 impera,
1027 2606 1076 2649 ω
1108 2610 1259 2649 um",
1287 2592 1481 2651 rem",
1507 2608 1609 2665 quo
1636 2595 1909 2665 compedes
1934 2593 2059 2652 irre-

526 2695 601 2747 titi
633 2703 781 2745 erant
809 2704 961 2757 atque
988 2690 1190 2743 innexi.
1219 2688 1571 2757 apprehendat
1596 2705 1655 2741 ac
1689 2690 1875 2743 trahat.
1909 2691 2058 2756 Quod

528 2799 644 2836 cum
676 2782 762 2834 ille
788 2780 1167 2847 apprehenSnm
1201 2779 1429 2832 trahi-ret
1451 2818 1465 2842 ,
1495 2779 1651 2831 veluti
1683 2778 1849 2833 frutex
1886 2791 2062 2848 putre-

528 2874 659 2925 facta
691 2886 781 2936 per
810 2880 979 2938 partes
1003 2871 1402 2933 comminuitur;
1429 2871 1603 2937 egredi
1630 2884 1891 2923 carcerem
1919 2872 2061 2923 dam-

530 2971 680 3013 natos
701 2961 880 3012 solutis
901 2960 1235 3023 compedibus
1252 2959 1416 3025 jubet,
1442 2969 1753 3025 paractoque
1773 2961 2059 3028 evangelici

534 3055 702 3103 cultus
731 3050 903 3101 officio
929 3050 1083 3113 pedes
1115 3048 1235 3099 lavit
1263 3049 1525 3113 linteoque
1551 3049 1817 3101 abstersit.
1840 3050 2063 3116 imperat

2154 1890 2248 1928 sus
2272 1876 2531 1928 exsilium.
2553 1874 2836 1928 Venientes
2854 1888 2982 1943 ergo
3006 1876 3197 1929 milites
3221 1891 3337 1929 cum
3357 1877 3565 1930 tribuno
3584 1894 3691 1946 per-

2154 1974 2401 2028 agrantur
2442 1974 2587 2030 septa
2641 1965 2983 2030 monasterii,
3031 1964 3199 2017 virum
3244 1966 3331 2018 Del
3375 1970 3691 2035 perquirunt.

2159 2048 2437 2103 Residebat
2464 2052 2603 2103 enim
2636 2052 2722 2106 ille
2754 2051 2804 2104 in
2834 2053 2967 2105 atrio
2994 2053 3268 2117 ecclesia,
3301 2054 3599 2123 librumque
3625 2061 3692 2110 le-

2153 2126 2335 2206 gebat:
2367 2140 2452 2193 ubi
2481 2154 2599 2194 eum
2627 2156 2764 2210 szepe
2787 2144 3162 2218 venissentrot
3196 2160 3356 2213 prope
3381 2162 3501 2201 eum
3534 2157 3673 2199 trans

2156 2232 2325 2295 irent,
2366 2229 2435 2282 ita
2464 2240 2521 2282 ut
2552 2233 2784 2286 nonnulli
2829 2235 2880 2286 in
2922 2250 3039 2287 eum
3084 2236 3305 2303 pedibus
3334 2240 3443 2289 suis
3471 2238 3696 2290 offende-

2166 2328 2313 2383 rent,
2344 2329 2398 2371 et
2427 2320 2753 2372 vestimentis
2782 2323 2890 2375 suis
2920 2321 3034 2389 ejus
3062 2326 3369 2377 vestimenta
3402 2336 3696 2390 tangerent,

2164 2408 2443 2460 obcmcatis
2499 2408 2782 2463 luminibus
2836 2412 3005 2479 ipsum
3057 2428 3384 2484 nequaqutnt
3438 2422 3697 2471 Videbunt.

2164 2496 2393 2565 Eratque
2422 2501 2777 2566 spectaculum
2810 2503 3216 2570 pulcherrimum
3244 2527 3255 2561 :
3292 2512 3375 2562 ille
3400 2524 3566 2563 erans
3591 2526 3701 2562 cer-

2163 2588 2349 2655 nebat,
2381 2592 2733 2660 qumebatur,
2767 2608 2860 2652 nec
2887 2596 3101 2652 cumino
3132 2601 3492 2653 inveniebatur
3518 2617 3533 2665 ;
3568 2601 3702 2651 illmn

2172 2683 2226 2738 in
2251 2677 2429 2737 medio
2452 2698 2633 2738 eorum
2672 2692 2895 2752 positum
2923 2700 3039 2741 cum
3070 2690 3274 2743 videret
3312 2704 3414 2743 non
3443 2690 3699 2742 videbant.

2165 2772 2425 2843 Venitqne
2456 2776 2714 2840 tribunus,
2750 2778 3064 2846 iutuitusque
3116 2793 3203 2846 per
3231 2778 3513 2833 fenestram
3534 2818 3549 2841 ,
3582 2782 3703 2832 vidit

2167 2866 2335 2919 virum
2364 2865 2455 2919 Dei
2493 2867 2626 2919 inter
2657 2867 2798 2933 ipsos
2826 2868 2997 2921 laetum
3025 2870 3254 2923 residere
3279 2878 3333 2923 et
3360 2870 3553 2939 legere.
3578 2873 3700 2923 Cer-

2168 2970 2401 3023 nensque
2443 2957 2685 3009 virtutem
2718 2956 2838 3017 Dei,
2882 2959 2991 3011 ait:
3032 2958 3167 3023 Quid
3213 2969 3409 3011 tantum
3456 2961 3704 3013 intrantes

2172 3046 2304 3099 atria
2332 3046 2567 3098 ecclesia:
2602 3048 2907 3114 peragratis,
2943 3063 3037 3100 nec
3065 3050 3278 3101 omnino
3310 3049 3593 3117 reperitis?
3619 3068 3703 3103 ne-

537 3139 727 3193 deinde
755 3148 811 3191 ut
836 3138 1108 3191 ecclesiam
1138 3146 1315 3203 petant
1340 3148 1389 3188 et
1418 3136 1681 3189 commissi
1710 3137 1924 3191 sceleris
1955 3153 2061 3204 σιω·
2092 3124 2138 3181 (ἶ
2169 3150 2423 3202 quaquam
2454 3137 2673 3202 amplius
2706 3136 2923 3190 insanire
2951 3153 3131 3192 errore
3162 3154 3253 3192 cor
3293 3151 3524 3194 vestrum
3567 3140 3703 3193 deci-

539 3226 807 3280 riitetttiam
838 3234 1023 3294 agant,
1054 3240 1114 3277 ac
1147 3224 1350 3278 ﬂetibus
1382 3225 1639 3277 abluendo
1667 3226 1846 3290 culpas
1875 3227 2064 3278 lavent.

541 3317 886 3382 l’roperames
914 3329 1039 3381 ergo
1069 3313 1142 3366 illi
1171 3313 1406 3366 ecclesia:
1436 3311 1575 3365 fores
1617 3313 1883 3366 obseratas
1925 3327 2070 3380 repe-

542 3408 699 3456 riunt.
742 3404 1006 3455 Tribunus
1044 3415 1169 3468 ergo
1196 3402 1414 3453 militum
1461 3416 1578 3453 cum
1627 3401 1841 3455 vidisset
1881 3402 2070 3456 virtute

549 3494 635 3545 Dei
663 3507 754 3557 per
784 3492 844 3544 li.
871 3492 1251 3544 Columbanum
1277 3490 1638 3543 damnatorum
1664 3494 1942 3558 compedes
1968 3493 2073 3545 fra-

545 3591 660 3633 ctas
681 3618 694 3642 ,
724 3589 776 3631 et
801 3595 1017 3631 vacuum
1049 3580 1145 3630 sibi
1187 3579 1547 3630 tantummodo
1584 3579 1802 3645 relinqui
1842 3589 2077 3645 ergastu-

548 3672 685 3744 lum,
732 3669 931 3735 insequi
972 3668 1142 3719 calces
1189 3667 1547 3719 damnatorum
1588 3680 1650 3719 ac
1691 3669 1736 3720 si
1781 3681 1846 3719 ex
1893 3680 2077 3720 somno

547 3758 802 3809 excitatus
830 3769 946 3807 eum
978 3754 1226 3808 militibus
1254 3756 1433 3820 carpit.
1466 3754 1541 3808 illi
1572 3769 1693 3807 vero
1730 3764 1846 3821 post
1875 3765 2076 3823 tergum

554 3848 969 3913 appropinquare
1009 3846 1259 3899 satellites
1294 3844 1559 3908 videntes,
1588 3855 1640 3899 et
1670 3848 1805 3900 fores
1844 3847 2079 3901 ecclesia:

555 3936 1147 3994 obserataspcernentes‘,
1177 3936 1380 4002 gemina
1413 3938 1581 3987 vallati
1613 3939 1841 4004 angustia
1865 3978 1880 3999 ,
1911 3939 2079 3990 virum

560 4022 654 4076 Dei
680 4024 992 4087 compellant
1020 4034 1075 4075 ut
1100 4032 1367 4075 eruantur.
1400 4024 1566 4075 Anxio
1596 4026 1680 4077 ille
1707 4027 1934 4078 anhelitu
1966 4041 2082 4079 sur-

559 4128 671 4165 sum
718 4122 881 4177 Caput.
916 4113 1139 4175 attollit,
1185 4100 1525 4179 precaturque
1572 4111 1842 4165 Dominum
1888 4124 1944 4168 ut
1989 4130 2079 4168 sua

560 4203 749 4253 virtute
778 4207 987 4266 ereptos
1016 4213 1046 4251 e
1074 4196 1235 4263 ferro,
1269 4215 1369 4251 non
1402 4201 1540 4253 sinat
1567 4202 1739 4253 denuo
1770 4201 1900 4253 tradi
1930 4203 2086 4254 satel-

563 4284 705 4339 litum
735 4284 912 4339 nexul.
944 4284 1045 4340 Nec
1073 4298 1269 4340 morata
1303 4287 1543 4342 Auctoris
1572 4290 1772 4342 bonitas
1813 4286 1949 4342 fores
1989 4290 2087 4341 lir-

566 4376 664 4427 mis
692 4374 961 4451 obseratas
986 4377 1222 4429 claustris
1254 4389 1482 4441 reserat,
1528 4380 1577 4431 in
1625 4379 1857 4447 angustia
1905 4378 2087 4447 positis

2174 3225 2380 3291 piatur:
2415 3242 2516 3276 ttou
2546 3224 2685 3278 enim
2718 3228 2954 3292 poteritis
2983 3244 3073 3281 vos
3105 3228 3337 3284 invenire
3364 3244 3519 3297 quem
3546 3230 3705 3284 virtus

2174 3311 2297 3383 tegit
2325 3314 2516 3365 divina.
2547 3313 2793 3367 Recedite
2820 3317 2884 3367 ab
2912 3315 3007 3367 hac
3038 3315 3343 3382 intentione,
3371 3329 3425 3371 et
3456 3320 3563 3386 regi
3598 3334 3705 3386 pro-

2172 3420 2413 3474 peremus
2442 3409 2679 3457 nuntiare
2706 3408 2827 3472 quia
2868 3421 2987 3458 eum
3032 3407 3246 3460 tuiniute
3284 3409 3572 3474 reperistis.
3611 3409 3703 3461 Da-

2175 3505 2361 3561 turque
2411 3493 2683 3546 manifeste
2741 3494 2964 3562 intelligi
3020 3496 3281 3548 tribunum
3336 3478 3571 3550 tttitttum'
3610 3512 3703 3548 non

2174 3592 2360 3647 sponte
2390 3582 2453 3633 ad
2486 3582 2774 3635 faciendam
2806 3584 2918 3636 viro
2965 3583 3056 3636 Dei
3097 3584 3338 3651 iniuriam
3385 3585 3619 3648 venis-e,
3656 3595 3705 3640 et

2176 3670 2294 3723 ideo
2322 3671 2386 3723 ad
2413 3671 2839 3723 euttt‘vitlendunt
2872 3672 3043 3725 lumen
3077 3674 3267 3728 habere
3298 3678 3553 3729 meruisse

2247 3760 2333 3812 56.
2378 3760 2809 3812 lteunntiantibus
2842 3760 2945 3813 illis
2974 3763 3184 3815 auribus
3215 3766 3404 3833 regiis,
3437 3767 3528 3818 ille
3563 3777 3708 3817 sueto

2180 3850 2350 3901 furore
2400 3851 2604 3902 mi~er=n
2651 3852 2995 3914 intentionis,
3040 3852 3328 3905 Bertariutn
3369 3855 3613 3906 comitem
3650 3856 3709 3905 sd

2180 3954 2298 3992 eum
2330 3944 2578 3993 attentius
2609 3942 3010 4007 perquirendum
3039 3943 3271 3998 virorum
3303 3959 3420 3997 cum
3454 3946 3705 4010 prasitlio,

2179 4027 2441 4092 simulque
2470 4036 2523 4080 et
2554 4027 2863 4082 Baudnlfum
2894 4044 3047 4097 quem
3076 4032 3317 4100 superius
3343 4033 3604 4088 direxerat
3628 4035 3709 4088 de-

2180 4116 2407 4167 stinavit.
2440 4116 2533 4178 Qui
2564 4130 2679 4168 cum
2722 4118 3015 4183 venissent,
3048 4119 3105 4173 Β.
3137 4120 3518 4176 Columbanum
3550 4125 3599 4176 in
3626 4140 3709 4177 ec-

2182 4204 2339 4256 clesia
2366 4206 2586 4271 positum
2614 4220 2732 4258 cum
2756 4205 3084 4273 psallentium
3110 4208 3293 4273 choro,
3318 4220 3473 4279 atque
3497 4213 3711 4267 orationi

2185 4293 2415 4352 deditum
2441 4308 2559 4347 cum
2588 4298 2730 4348 omni
2758 4298 3159 4367 congregatione
3190 4301 3407 4352 fratrum
3435 4305 3711 4369 reperiunt.

2193 4382 2372 4450 sicque
2410 4386 2573 4437 virum
2621 4386 2709 4439 Dei
2748 4388 3117 4456 alloquuntur:
3153 4386 3243 4439 Vir
3283 4384 3416 4453 Dei,
3455 4405 3715 4456 precamur

568 4468 760 4519 aditum
792 4441 1001 4532 pandit,
1034 4467 1330 4534 perun-ique
1357 4439 1509 4520 cursu
1541 4439 2089 4538 ingrediuntur-eccle-
2115 4439 2165 4496 Β
2194 4482 2247 4523 ut
2278 4439 2381 4525 tam
2408 4474 2566 4539 regiis
2589 4489 2743 4540 quam
2773 4439 2930 4527 etia'm
2960 4475 3151 4528 nostris
3175 4439 3710 4547 obedias'preceptls:

566 4559 694 4608 siam
714 4552 894 4619 ,fores
921 4569 1045 4608 vero
1075 4564 1189 4619 post
1214 4548 1570 4623 damnatorum
1600 4558 1864 4610 introitum
1893 4560 1943 4611 in
1968 4573 2093 4611 oeu-

572 4645 635 4697 lis
666 4645 883 4696 militttm
915 4644 1111 4712 absque
1142 4644 1362 4696 humana
1394 4644 1547 4696 manu
1577 4646 1903 4711 obserantur,
1947 4664 2008 4703 ac
2048 4650 2091 4702 si

574 4742 748 4785 custos
775 4743 869 4783 usu
901 4732 1161 4800 clavigero
1193 4733 1469 4801 perniciter
1496 4740 1553 4785 et
1589 4745 1875 4786 reserasset
1912 4742 1965 4787 et
1999 4736 2094 4789 ob-

573 4830 818 4873 serasset.
863 4820 1170 4872 Perveniens
1210 4834 1333 4889 ergo
1360 4821 1711 4873 Columbanus
1740 4835 1854 4873 cum
1885 4822 1992 4876 suis
2021 4823 2093 4875 si-

574 4908 782 4974 mulque
809 4918 856 4960 et
876 4908 1124 4961 tribunus
1161 4917 1279 4960 eum
1326 4910 1607 4975 militibus,
1650 4909 1788 4962 fores
1829 4910 2099 4964 obseratas

576 4998 876 5061 reperiunt,
929 4997 1304 5063 Aspasiumque
1366 5000 1572 5050 nomine
1623 4998 1891 5051 custodem
1950 5012 2094 5065 qua-

580 5094 733 5147 runt,
765 5096 822 5139 ttt
860 5086 1033 5139 claves
1069 5085 1333 5154 largiatur.
1375 5086 1488 5151 Quo
1527 5102 1644 5140 cum
1685 5087 1913 5141 venisset
1940 5088 2100 5140 clavi-

578 5190 690 5239 ger,
719 5174 836 5226 ostii
868 5171 1002 5228 fores
1029 5189 1266 5228 reserare
1297 5172 1507 5237 valens,
1538 5178 1610 5226 sit
1643 5191 1702 5229 se
1730 5190 1994 5243 nunquam
2020 5175 2100 5231 dl-

576 5264 819 5331 ligentius
844 5261 1082 5315 obserata
1110 5264 1334 5316 claustra
1364 5264 1639 5315 invenisse.
1681 5264 1786 5319 Nec
1824 5266 2093 5335 quisquam

582 5361 696 5417 post
731 5364 890 5405 ausus
925 5361 1005 5405 est
1041 5350 1299 5406 damnatis
1326 5353 1570 5421 lnjuriam
1599 5352 1791 5408 inferre
1816 5396 1831 5420 ,
1859 5371 1993 5426 quos
2021 5356 2100 5409 dl-

579 5441 693 5492 vina
723 5442 883 5493 virtus
908 5431 1162 5493 eruisset.
1663 5462 1671 5470 -

647 5525 732 5579 35.
767 5527 889 5580 Post
915 5526 1027 5579 ire
1054 5524 1134 5577 vir
1155 5524 1246 5579 Del
1271 5540 1491 5582 cernens
1517 5526 1654 5597 quad
1682 5528 1834 5582 nullis
1855 5531 2104 5584 custodiis

579 5622 871 5679 angeretur,
899 5626 931 5668 ι
971 5612 1216 5681 nulloque
1258 5614 1497 5669 uiolastis
1540 5616 1638 5669 sibi
1681 5615 1957 5670 inferretur
1984 5620 2005 5688 (
2030 5619 2120 5673 νισι

2194 4576 2538 4631 egressusque
2580 4578 2762 4631 pergas
2801 4577 2865 4617 eo
2904 4563 3089 4618 itinere
3126 4581 3229 4633 quo
3265 4569 3493 4635 primum
3533 4570 3612 4624 bis
3635 4570 3717 4623 stl-

2196 4650 2418 4702 venlasti
2458 4650 2509 4700 in
2550 4651 2697 4701 locis.
2740 4649 2805 4703 At
2842 4651 2965 4704 ille:
3004 4650 3116 4705 Non
3161 4655 3330 4718 enim,
3374 4657 3570 4723 inquit,
3608 4670 3715 4711 reor

2196 4736 2403 4801 placere
2444 4735 2745 4799 Conditori,
2788 4738 2948 4791 semel
2989 4739 3147 4793 natali
3187 4742 3301 4795 solo
3339 4742 3410 4796 ob
3434 4739 3623 4796 Christi
3659 4743 3715 4795 tl-

2198 4838 2397 4876 morem
2430 4822 2638 4887 relicto,
2666 4824 2836 4879 denuo
2863 4838 3122 4892 repetere.
3164 4828 3403 4896 Cumque
3436 4830 3714 4886 nullatenus

2202 4920 2482 4964 cernerent
2521 4911 2618 4964 sibi
2650 4912 2815 4967 virum
2842 4908 2933 4969 Dei
2979 4915 3259 4979 obaudire,
3290 4918 3489 4971 relictis
3524 4923 3718 4987 quibus-

2210 4998 2328 5050 dam
2374 5000 2560 5066 quibus
2591 5003 2830 5054 feror-itas
2872 5003 3034 5057 animi
3072 5002 3273 5069 inerat,
3320 5005 3581 5063 Bertarius
3614 5011 3715 5063 alts-

2203 5091 2379 5141 cessit.
2426 5089 2485 5142 lli
2527 5105 2650 5143 vero
2691 5091 2779 5155 qui
2822 5102 3213 5158 remanserant,
3262 5098 3431 5150 virum
3476 5099 3564 5152 Dei
3607 5098 3715 5150 hor-

2205 5183 2380 5229 tantur
2404 5189 2457 5230 ut
2484 5178 2587 5230 illis
2612 5178 2923 5231 misereatur
2946 5174 3034 5247 qui
3055 5179 3123 5234 sd
3149 5182 3249 5237 tale
3271 5196 3405 5251 opus
3431 5184 3716 5250 patrandum

2205 5267 2491 5324 infideliter
2520 5268 2727 5322 fuerant
2754 5270 2956 5335 relicti,
2980 5286 3265 5343 eorumque
3292 5277 3528 5343 periculo
3544 5289 3721 5331 come

2202 5355 2368 5408 leret:
2396 5355 2484 5422 qui
2510 5355 2553 5407 si
2575 5370 2693 5409 eum
2716 5359 2969 5415 violenter
2996 5378 3100 5418 non
3127 5365 3493 5420 abstraheres!
3510 5406 3525 5430 ,
3556 5362 3719 5419 Inoﬂil

2208 5434 2497 5512 periculum
2529 5442 2872 5502 incurrerent.
2905 5452 2971 5503 At
2999 5448 3120 5514 ille,
3150 5459 3207 5503 ut
3230 5450 3335 5519 jam
3365 5456 3557 5519 sapius
3583 5459 3721 5507 ιωιο

2209 5541 2293 5585 tus
2330 5540 2447 5593 est,
2488 5532 2586 5585 nisi
2628 5536 2679 5588 vi
2722 5535 3116 5591 abstraheretur
3152 5552 3210 5592 se
3250 5553 3352 5593 non
3390 5542 3724 5595 disces-srmo

2206 5619 2299 5674 ait.
2351 5619 2431 5674 Illi
2479 5624 2689 5691 gemino
2736 5626 2912 5679 vallati
2962 5626 3198 5694 periculo
3269 5630 3495 5698 undique
3533 5633 3725 5687 HW
