3820 6328
120 434 234 490 1033

1301 435 1358 489 S.
1398 433 1777 490 COLUMDANI
1821 434 1994 488 VITA.

3151 441 3278 495 ιοδι

114 552 390 615 formidine,
423 551 638 618 pallium
668 564 775 620 quo
817 550 1029 604 indutus
1055 559 1167 604 erat
1208 553 1503 618 attingunt,
1537 548 1625 600 alii
1659 554 1702 605 Α
1732 561 1927 612 ceaque
1967 547 2133 600 virum
2181 543 2270 603 Dei
2319 546 2558 615 trajicere
2601 550 2796 615 voluit,
2844 553 2934 605 sed
2981 554 3276 609 malivolatn

111 641 301 708 genibus
329 641 587 707 provoluti
615 655 735 694 cum
781 638 1029 708 lacrymis
1069 649 1372 707 precamur,
1404 647 1458 690 ut
1501 639 1631 690 tanti

110 727 300 782 sceleris
323 727 474 794 culpa
505 728 610 782 illis
651 729 1034 796 ignosceretur,
1066 727 1154 794 qui
1198 741 1300 779 non
1341 733 1449 780 suis
1491 725 1632 780 desi-

109 818 250 872 deriis
269 857 282 881 ,
309 818 397 872 sed
427 818 586 886 regiis
615 817 1042 885 obtemperarent
1071 816 1367 886 praceptis.

167 909 244 962 57.
277 908 462 963 Videns
487 924 615 976 ergo
642 908 720 961 vir
749 907 842 961 Dei
874 907 1162 975 periculum
1192 906 1414 960 aliorum
1445 903 1558 958 fore
1587 903 1632 957 si

109 1000 152 1052 in
177 1013 258 1052 sua
282 998 536 1053 sententia
565 997 910 1064 perduraret,
940 1009 1061 1050 cum
1082 995 1227 1048 omni
1253 995 1447 1062 ejulatu
1475 1001 1634 1061 atque

109 1102 310 1142 mterore
334 1069 622 1158 egreditur,
653 1087 917 1153 deputatitt
944 1086 1250 1139 custodibus
1278 1084 1366 1151 qui
1390 1126 1405 1150 ,
1439 1097 1635 1152 quous-

106 1196 194 1245 que
215 1179 420 1232 ditionis
447 1193 609 1246 regno
635 1179 938 1246 pelleretur,
969 1192 1072 1229 non
1098 1193 1218 1232 eum
1247 1177 1630 1245 relinquerent.

109 1269 226 1320 Inter
251 1281 378 1334 quos
401 1266 776 1334 Ragamundus
803 1275 920 1320 erat
949 1267 1177 1333 primus,
1205 1268 1291 1334 qui
1321 1281 1440 1320 eum
1473 1265 1632 1318 Nam~

108 1359 224 1410 netis
250 1371 408 1424 usque
441 1357 714 1424 perduxit,
743 1357 1003 1410 universis
1031 1356 1278 1410 lratribus
1307 1357 1446 1410 velut
1476 1356 1632 1410 l'nnus

104 1449 554 1517 subsequentibus,
595 1462 716 1504 nam
758 1463 954 1503 mceror
992 1451 1227 1502 omnium
1269 1447 1430 1502 corda
1463 1449 1632 1516 reple-

105 1547 254 1590 verat.
284 1536 483 1592 Anxius
525 1536 681 1592 Pater
709 1547 973 1591 tantorum
1014 1540 1368 1591 membrorum
1413 1537 1630 1602 dispen-

105 1627 209 1680 dios
234 1626 390 1680 ctelos
423 1627 638 1695 respicit
685 1647 697 1680 :
741 1627 983 1693 Eterne,
1030 1630 1229 1698 inquit,
1272 1629 1512 1682 conditor
1553 1644 1631 1682 re-

107 1730 238 1781 rum,
264 1723 313 1767 tu
341 1716 490 1768 nobis
519 1731 756 1784 praepara
787 1718 961 1771 cibum
991 1727 1346 1786 Opportunum
1368 1759 1384 1782 ,
1409 1734 1513 1785 quo
1545 1719 1631 1771 tibi

105 1811 190 1855 tua:
211 1803 520 1858 famulentur
543 1807 593 1859 in
626 1805 859 1860 Ecclesia
881 1808 1082 1874 plebes.
1105 1808 1420 1861 Consolatur
1440 1808 1632 1863 deinde

1734 635 1962 687 animam
2005 637 2132 689 ultio
2171 651 2289 690 mox
2330 636 2506 690 divina
2557 641 2827 705 praevenit.
2879 639 3010 694 Nam
3057 641 3281 697 dextera

1733 738 1888 790 quam
1931 726 2209 779 adversum
2245 727 2410 778 virum
2449 726 2539 779 Dei
2569 728 2830 781 levaverat
2859 741 3142 785 corruente
3173 734 3284 786 latt-

1731 827 1880 867 centn
1923 823 2045 868 ante
2093 829 2218 867 suos
2264 804 2425 882 pedes
2472 816 2614 869 bttmi
2663 818 2871 882 delisit,
2903 818 3013 886 ipse
3042 819 3285 877 daemone

1733 913 2011 970 correptus
2042 911 2165 955 ante
2195 906 2412 973 vestigia
2447 907 2541 958 viri
2577 906 2669 960 Dei
2702 906 2824 959 ruit.
2854 909 3019 972 Quem
3059 925 3285 965 cernens

1733 993 1821 1047 ille
1848 1009 1906 1049 se
1930 1010 2106 1048 coram
2139 996 2335 1048 ultione
2379 1010 2722 1062 percussum,
2763 999 2850 1051 die
2893 1000 2980 1051 illa
3024 1010 3283 1068 nocteque
3327 1041 3340 1050 .

1736 1098 1896 1150 penes
1925 1097 1983 1137 se
2014 1083 2199 1138 tenuit.
2234 1083 2470 1152 Cumque
2501 1083 2729 1153 sequens
2764 1102 2970 1139 rursum
3011 1087 3122 1142 dies
3162 1091 3282 1142 illu-

1734 1170 1807 1222 xit
1826 1210 1840 1234 ,
1867 1170 1929 1222 ad
1958 1184 2016 1223 se
2042 1172 2350 1235 accersivit,
2380 1173 2590 1241 Deoquc
2620 1173 2832 1228 favente
2853 1183 3067 1231 curatus
3086 1191 3112 1227 a
3137 1186 3286 1246 peste

1734 1259 1798 1311 ad
1830 1260 2038 1326 propria
2073 1262 2347 1314 remeavit.

1804 1348 1892 1401 39.
1935 1348 2134 1403 Deinde
2174 1350 2240 1404 ad
2278 1360 2299 1387 ο
2333 1351 2558 1405 Cboram
2601 1351 2813 1407 llttviutn
2859 1369 3176 1422 praperans,
3219 1359 3283 1412 ad

1733 1439 1948 1490 domum
1966 1439 2235 1506 cujusdam
2261 1441 2448 1496 nobilis
2469 1451 2521 1495 et
2543 1443 2796 1511 religiosae
2819 1442 3028 1500 femina:
3049 1447 3291 1502 Theode-

1733 1524 1937 1578 maudae
1960 1527 2230 1593 pervenit:
2253 1544 2358 1596 quo
2379 1543 2498 1583 cum
2523 1541 2680 1594 esset,
2704 1531 2980 1587 duodecim
3002 1545 3289 1588 occurrunt

1736 1613 1834 1665 viri
1866 1613 2004 1680 pleni
2034 1598 2217 1668 rabido
2244 1616 2514 1680 daamoue,
2549 1619 2781 1673 {urentes
2807 1630 2965 1688 atque
2994 1631 3207 1675 ruentes
3234 1622 3287 1676 in

1744 1715 1936 1757 terram
1959 1744 1972 1767 ,
2005 1719 2136 1773 quos
2167 1707 2244 1759 vir
2280 1706 2370 1762 Dei
2402 1709 2639 1775 protinus
2667 1709 2905 1764 oratione
2933 1715 3158 1768 curavit.
3189 1713 3290 1767 Ea-

1735 1793 1960 1862 demque
1981 1795 2065 1849 tlie
2085 1797 2149 1849 ad
2173 1797 2344 1850 vicum
2368 1813 2520 1866 quem
2543 1799 2768 1854 Choratn
2794 1811 2987 1856 vocant
3009 1816 3286 1866 venerunt,

100 1894 377 1948 universam
407 1897 716 1960 cohortem,
750 1895 900 1950 simul
946 1903 1001 1950 ut
1040 1911 1190 1965 spem
1233 1899 1283 1950 in
1334 1898 1494 1952 Deum
1539 1911 1629 1966 po~

1742 1884 1910 1951 ibique
1933 1886 2162 1953 quinque
2193 1889 2433 1953 pltrenesi
2461 1892 2631 1943 vexati
2657 1891 2866 1945 obviam
2895 1902 3168 1957 venerunt,
3200 1896 3290 1954 ubi

101 1991 243 2047 nant,
273 1993 324 2038 et
349 1986 693 2055 omnipotenti
746 1987 850 2041 Deo
895 1989 1180 2042 immensas
1224 1989 1406 2042 laudes
1447 2004 1637 2056 repen-

101 2071 252 2124 dant:
285 2089 342 2127 se
374 2075 471 2127 hoc
497 2091 600 2128 non
633 2077 701 2128 ob
737 2077 1071 2144 dispendium
1112 2095 1264 2132 suum
1299 2081 1380 2133 vel
1421 2095 1635 2134 suorum

105 2162 314 2226 habere,
345 2165 435 2217 sed
470 2167 537 2217 ob
565 2166 994 2232 multiplicandas
1031 2169 1408 2223 monachorum
1458 2172 1636 2238 pelles

105 2247 224 2301 hanc
249 2265 368 2306 esse
391 2253 565 2306 datam
594 2255 955 2309 occasionem.
979 2254 1292 2324 Quicunque
1317 2258 1458 2310 enim
1486 2258 1633 2325 sequi

103 2342 280 2394 vellent
324 2345 718 2411 promptissimo
755 2346 933 2400 animo
973 2345 1038 2400 ad
1080 2348 1416 2401 sustinendae
1458 2361 1635 2400 secum

105 2430 333 2497 injurias,
365 2435 646 2500 venirent;
677 2435 765 2506 qui
795 2452 921 2491 vero
962 2438 1014 2492 in
1051 2439 1355 2505 supradicto
1396 2439 1639 2493 cteuobio

104 2535 359 2578 remanere
387 2525 684 2592 voluerint,
713 2528 892 2582 securi
923 2528 972 2582 in
1004 2530 1102 2583 hoc
1135 2529 1253 2584 loco
1281 2539 1636 2594 remanerent,

104 2613 316 2667 scientes
343 2614 448 2667 cito
481 2615 762 2670 Dominum
793 2618 860 2672 de
887 2632 1066 2673 eorum
1110 2634 1339 2673 mmrttre
1383 2620 1638 2674 ultionem

102 2701 349 2755 daturum.
380 2703 484 2758 Sed
511 2719 633 2758 cum
662 2720 815 2772 teque
843 2707 1020 2760 animo
1048 2707 1115 2761 de
1143 2707 1380 2760 custodia
1415 2709 1641 2774 paStmis

102 2791 347 2859 segregari
393 2808 496 2846 non
532 2793 767 2858 vellent,
800 2797 1044 2850 custodes
1090 2796 1220 2868 regii
1263 2797 1501 2867 inquiunt
1541 2814 1639 2852 ne-

101 2895 342 2948 quaquam
387 2882 525 2938 bunc
566 2884 719 2953 sequi
760 2886 894 2941 alios
940 2887 1324 2954 permi=suros,
1369 2889 1466 2942 nisi
1507 2903 1641 2957 quos

100 2969 172 3022 sui
200 2982 342 3025 ortus
383 2983 518 3027 terra
560 2974 812 3039 dederat,
854 2976 931 3030 vel
973 2979 1060 3045 qui
1102 2992 1133 3032 e
1171 2976 1474 3031 Britannico
1512 2991 1640 3030 arvo

102 3059 255 3126 ipsum
287 3063 450 3117 secuti
485 3063 732 3128 fuerant;
761 3075 1014 3133 cmteros,
1048 3068 1134 3136 qui
1176 3068 1281 3122 alio
1322 3079 1496 3124 essent
1536 3069 1640 3124 orti

99 3155 221 3213 solo,
251 3155 527 3222 praeceptis
560 3155 719 3222 regiis
750 3156 819 3210 ibi
847 3171 967 3212 esse
995 3173 1348 3213 remansuros.
1381 3159 1488 3213 lloc
1516 3175 1635 3214 cum

1738 1982 1790 2026 et
1823 1989 1940 2025 tnos
1974 1977 2144 2029 sanati
2174 1987 2318 2030 sunt.
2353 1976 2480 2031 Exin
2510 1982 2928 2036 Autissiodorum
2962 1986 3288 2054 properavit,

1739 2063 1912 2130 ibique
1937 2062 2336 2132 Ragamundum
2365 2070 2625 2123 allocutus
2650 2080 2752 2134 est,
2779 2074 2900 2141 quia
2929 2072 3039 2139 ipse
3063 2088 3183 2128 cum
3212 2075 3293 2126 via

1741 2166 1842 2218 qua
1871 2151 1981 2204 ibat
2011 2154 2264 2206 duceret:
2301 2153 2578 2220 Memento,
2614 2157 2815 2224 inquit,
2848 2175 2878 2211 ο
2920 2160 3291 2228 ltagamunde,

1738 2243 2103 2297 L’hlotltarium
2134 2285 2148 2308 ,
2180 2260 2336 2313 quem
2368 2261 2504 2300 nunc
2533 2249 2809 2315 spernitis,
2844 2251 2979 2305 intra
3010 2254 3292 2307 triennium

1738 2332 2008 2387 dominum
2040 2335 2325 2390 habebitis.
2360 2342 2426 2390 At
2455 2337 2543 2392 ille
2571 2357 2581 2390 :
2611 2338 2747 2404 Cur,
2776 2342 2977 2410 inquit,
3010 2343 3128 2396 talia
3150 2381 3163 2404 ,
3194 2344 3294 2394 do-

1727 2425 1886 2475 -m':ne
1924 2424 2016 2487 mi,
2051 2424 2171 2477 ais?
2211 2425 2444 2492 lllequc:
2480 2427 2733 2483 Videbitis
2764 2445 2977 2500 prorsus
3003 2447 3118 2500 quae
3144 2432 3248 2485 disi
3276 2480 3289 2501 ,

1739 2514 1782 2566 si
1813 2524 1937 2567 tunc
1967 2515 2126 2567 vitam
2159 2527 2278 2568 cum
2309 2517 2514 2582 superis
2547 2518 2706 2572 feras.

1809 2606 1900 2661 40.
1941 2605 2261 2675 Progressus
2305 2607 2427 2660 exin
2474 2607 2540 2660 ab
2590 2609 2991 2678 Autissiodoro,
3032 2616 3234 2683 conspit
3255 2618 3294 2669 it

1736 2695 1984 2764 juvenem
2025 2714 2053 2750 a
2093 2700 2334 2754 daemone
2369 2709 2667 2768 correptum
2709 2703 2902 2768 pernici
2953 2719 3018 2758 ex
3067 2707 3294 2762 adverso

1739 2803 1953 2844 currere
1981 2805 2158 2857 cursu,
2191 2794 2370 2861 viginti
2399 2793 2538 2848 enim
2568 2797 2795 2851 millibus
2824 2799 2944 2868 totis
2971 2801 3170 2862 vitibus
3197 2818 3293 2858 cu-

1740 2886 1996 2932 currerat.
2027 2881 2142 2944 Quo
2175 2882 2287 2935 viso
2314 2883 2578 2950 substitit,
2611 2901 2881 2957 quousque
2905 2891 3112 2944 saucius
3137 2892 3294 2946 horno

1741 2967 1996 3024 daemonis
2043 2979 2158 3024 arte
2199 2972 2439 3038 veniret,
2470 2976 2793 3044 veniensque
2840 2992 2962 3034 ante
3004 2983 3160 3050 pedes
3195 2986 3293 3040 νίιί

1742 3058 1834 3113 Dei
1865 3062 2002 3127 ruit,
2050 3077 2208 3131 quem
2252 3064 2429 3117 statim
2477 3067 2809 3121 orationibus
2848 3081 3076 3135 curam,
3111 3085 3294 3142 paten-

1744 3160 1930 3220 terque
1959 3154 2214 3221 sospitem
2247 3153 2491 3208 reddidit.
2526 3155 2724 3210 Deinde
2755 3156 2817 3209 ad
2848 3155 3086 3214 Nivernis
3132 3164 3286 3230 oppi-

100 3243 328 3310 egregius
362 3245 515 3298 Pater
545 3255 790 3300 cerneret
821 3247 875 3300 vi
903 3261 933 3300 a
963 3261 1021 3302 se
1049 3263 1142 3303 sua
1173 3248 1408 3303 membra
1435 3251 1640 3306 discer-
1667 3235 1713 3298 Ο
1744 3241 1867 3296 dum
1898 3243 2062 3307 venit,
2093 3243 2404 3297 custodibus
2428 3245 2862 3300 antecedentibus
2888 3257 2940 3300 et
2965 3249 3289 3320 subsequen-

99 3332 173 3397 pi,
206 3337 306 3386 tam
336 3347 462 3389 suus
487 3348 646 3402 quam
673 3337 831 3390 etiam
860 3337 1216 3394 membrorum
1246 3353 1460 3393 suorum
1489 3341 1642 3396 dolor

98 3422 493 3490 multiplicatur:
527 3440 624 3492 pro
667 3426 794 3480 tanti
825 3426 1042 3483 sceleris
1085 3429 1318 3496 pondere
1360 3427 1638 3483 Dominum

93 3513 465 3567 consolatorem
491 3514 730 3570 omnium
757 3515 1091 3582 deprecatur,
1119 3525 1174 3570 ut
1198 3533 1329 3585 quos
1355 3533 1382 3570 a
1411 3533 1470 3572 se
1500 3523 1639 3589 regia

97 3601 365 3666 pertinacia
391 3603 724 3672 segregabat,
752 3603 866 3670 ipse
891 3618 984 3658 sua
1013 3605 1249 3660 custodia
1279 3617 1533 3664 tueretur.
1559 3609 1641 3664 lu-

95 3699 165 3742 ter
189 3705 319 3758 quos
345 3690 666 3746 venerabilis
690 3691 791 3757 vir,
818 3694 906 3762 qui
935 3706 1051 3763 post
1080 3696 1130 3750 in
1156 3698 1343 3752 eodem
1370 3712 1638 3756 monaste-

94 3781 165 3831 rio
195 3782 344 3834 Pater
383 3781 585 3835 exstitit
627 3781 935 3851 Eustasius,
977 3785 1264 3854 discipulus
1303 3799 1357 3845 et
1399 3791 1641 3846 minister

91 3871 250 3924 sancti
301 3871 434 3937 viri,
483 3873 746 3929 violenter
791 3877 1072 3941 avellitur;
1128 3881 1432 3934 intendi-nte
1478 3897 1640 3948 super

92 3979 202 4016 eum
232 3963 411 4020 Mietio
438 3966 702 4020 avunculo
731 3965 846 4036 ejus
867 4008 884 4036 ,
914 3967 1004 4037 qui
1045 3967 1346 4038 Lingonicus
1388 3969 1636 4025 Ecclesiae

94 4044 318 4120 pontifex
346 4066 481 4110 crat.

152 4141 234 4195 38.
267 4143 526 4212 Egressus
550 4158 678 4214 ergo
702 4147 783 4200 vir
807 4155 1022 4202 sanctus
1049 4161 1168 4201 cum
1198 4147 1307 4203 σεε
1334 4157 1356 4223 ξ·
1389 4148 1636 4202 vicesimo

89 4244 220 4285 anno
248 4243 371 4300 post
403 4234 698 4288 incolatum
731 4239 896 4290 eremi
928 4238 1066 4292 illius
1100 4253 1191 4306 per
1222 4239 1403 4291 urbem
1441 4238 1635 4292 VeSon-

89 4326 278 4379 tinuum
305 4328 693 4397 Augustoduno
721 4343 887 4397 usque
911 4330 976 4382 ad
1008 4327 1034 4365 δ
1060 4330 1373 4384 Cavalonetn
1401 4343 1632 4386 castrum

88 4418 338 4480 pervenit.
372 4419 478 4474 Sed
507 4421 811 4488 priusquam
840 4419 904 4472 ad
932 4400 1256 4476 Cavalonem
1286 4425 1629 4490 pervenisset,

85 4504 132 4558 in
169 4510 306 4563 viam
346 4521 527 4565 custos
569 4525 826 4579 equorum
853 4511 1170 4567 Theoderici
1209 4515 1472 4580 occurrit,
1518 4516 1629 4568 lan-

149 4664 171 4693 I
211 4656 309 4723 Qui
352 4657 668 4714 Columbaui
710 4661 996 4717 adventum
1037 4663 1090 4718 in
1132 4663 1354 4719 Galliam
1389 4676 1508 4722 ante
1534 4684 1630 4722 an-

84 4739 201 4779 num
228 4726 330 4781 570
357 4730 624 4783 collocant
651 4741 895 4808 auctores
926 4735 1280 4808 recentiores,
1316 4741 1410 4791 ltos
1442 4738 1624 4808 viginti

82 4810 628 4870 annoscomputant,
682 4815 784 4854 non
828 4803 896 4854 ab
942 4805 1178 4870 ingressu
1222 4803 1532 4862 Columbam
1575 4812 1625 4863 itt

89 4863 270 4936 \‘osagi
308 4863 687 4944 solitudinem,
727 4873 777 4926 in
813 4887 913 4940 qua
940 4863 1134 4944 diutius
1173 4892 1292 4930 eum
1339 4880 1629 4944 perstitisse

83 4948 355 5008 asserunt,
399 4938 494 4992 sed
533 4953 562 4991 a
613 4942 788 5008 primo
832 4938 1048 4996 conditu
1101 4938 1408 4999 monasterii
1456 4949 1629 5002 Lttxo-

84 5004 302 5085 viens‘is,
335 5021 493 5076 quem
522 5004 662 5085 anno
687 5008 885 5066 Christi
916 5010 1019 5066 590
1049 5015 1250 5082 illigant
1272 5055 1286 5075 ,
1316 5031 1436 5068 cutn
1483 5024 1627 5085 prius

82 5075 440 5145 Anagratense
463 5087 516 5131 et
547 5078 884 5136 Fontanense
911 5075 1151 5137 cmnobia
1183 5075 1501 5140 zediﬁcassci
1534 5094 1629 5141 (Jo-

87 5144 384 5221 ΙιιιιξιιιιιιιδΓ
415 5147 606 5221 verum
631 5148 1016 5221 Jonasdiserte
1046 5156 1274 5221 loquitur
1305 5157 1402 5207 boc
1433 5161 1483 5210 in
1517 5159 1630 5212 loco

84 5215 145 5268 de
167 5213 480 5294 columbam
513 5233 655 5274 mora
683 5219 736 5273 in
767 5220 956 5294 Vosagi
983 5213 1186 5290 eremo,
1215 5226 1280 5279 ad
1309 5241 1462 5294 quam
1491 5228 1627 5281 Ana-

86 5291 254 5362 grates
279 5294 336 5362 et
381 5285 632 5362 Fontanae
671 5304 824 5357 aeque
851 5285 1231 5362 ac'Luxoviu'm
1273 5285 1624 5362 pertinebant.

88 5357 494 5433 necessity-go
536 5358 894 5433 Columbauus
940 5363 991 5414 itt
1034 5357 1456 5433 Galliam'paulo
1503 5379 1628 5421 ante

86 5438 274 5502 animus
305 5426 429 5502 ξιθβ,
461 5434 518 5502 et
545 5429 676 5502 locis
700 5429 965 5499 nonnullis
996 5434 1140 5486 brevi
1187 5426 1518 5502 perlustrans
1546 5457 1631 5490 se-

87 5499 201 5548 dem
232 5497 344 5549 linit
383 5499 436 5550 in
468 5494 654 5560 Vosagi
695 5496 1010 5566 solitudine,
1043 5504 1128 5556 ubi
1161 5494 1258 5557 tria
1293 5510 1404 5561 haec
1443 5523 1628 5560 C(Btm-

86 5565 166 5616 bia
191 5565 512 5642 construxit.
538 5567 736 5642 Deinde
764 5585 793 5622 e
824 5565 1122 5640 Burgundio
1151 5575 1354 5641 ejectus
1379 5586 1464 5642 est
1491 5594 1630 5630 anno

87 5643 200 5704 post
233 5635 405 5688 eremi
439 5637 580 5694 illius
615 5639 906 5692 incolatum
931 5635 1228 5706 'vicesitno,
1272 5637 1466 5700 Christi
1503 5648 1626 5701 590.

83 5705 206 5785 Eam
229 5717 469 5785 exutum.
497 5721 694 5785 seqLHet
724 5724 866 5785 nunt.
896 5711 964 5763 45
989 5705 1228 5776 constat,
1261 5717 1487 5770 triennio
1518 5729 1634 5785 post

83 5775 447 5830 'l‘bcudebcrto
490 5785 546 5829 et
592 5777 926 5833 Theoderico
975 5786 1168 5840 occisis
1200 5775 1222 5845 .7
1272 5775 1630 5844 mouarcliiam

398 5896 664 5957 Ps'rnOL.
713 5899 815 5958 LX
831 5897 1082 5960 XXVII.

1746 3329 1918 3396 tibus,
1952 3344 2005 3385 ut
2033 3333 2233 3402 Ligeris
2261 3336 2454 3404 scapha
2499 3337 2840 3406 reciperetur,
2887 3338 3290 3412 Britannicoque

1742 3421 1880 3474 δίιιυί
1914 3423 2242 3478 redderetur.
2280 3425 2375 3480 Ubi
2406 3427 2563 3479 etiam
2593 3441 2711 3480 cum
2741 3431 3044 3497 venissent,
3075 3442 3125 3487 et
3152 3433 3294 3486 lento

1740 3512 2016 3564 conamine
2063 3513 2314 3579 scapham
2343 3514 2624 3574 insilirent.
2679 3530 2812 3569 unus
2855 3517 2923 3570 de
2967 3520 3292 3586 custodibus,

1739 3608 1953 3668 arrepto
1983 3616 2152 3668 remo,
2183 3617 2341 3656 unum
2369 3619 2573 3668 eorum,
2593 3604 2678 3673 qui
2709 3605 2816 3658 Lua
2846 3605 3139 3674 dicebatur,
3173 3626 3292 3677 per-

1739 3693 1903 3746 cussit
1942 3694 2108 3747 virum
2149 3684 2539 3748 sanctissimum
2578 3703 2631 3748 et
2669 3695 2811 3748 omni
2858 3696 3098 3766 religioni
3129 3700 3291 3753 dedi-

1742 3794 1871 3838 tutn.
1903 3786 2052 3850 Quod
2089 3787 2170 3839 vir
2201 3785 2293 3840 Dei
2326 3786 2565 3850 intuens,
2596 3800 2691 3839 sua
2735 3800 2913 3840 coram
2959 3803 3018 3840 se
3059 3791 3291 3843 membra

1737 3877 1868 3930 caedi
1895 3895 1906 3928 :
1940 3879 2067 3942 Cur,
2103 3879 2308 3945 inquit,
2340 3878 2601 3942 crudelis,
2632 3876 2780 3929 addis
2812 3877 2934 3929 mibi
2968 3881 3292 3932 mwrorent?

1736 3979 1800 4018 an
1837 3981 1939 4018 non
1979 3967 2176 4020 sullicn
2211 3965 2276 4018 ad
2318 3977 2546 4018 vestram
2586 3969 2788 4018 ruinam
2838 3967 3023 4033 patrati
3069 3968 3287 4021 sceleris

1736 4058 1966 4111 malum?
1987 4071 2081 4111 cur
2105 4066 2284 4111 contra
2313 4058 2493 4111 mitem
2519 4057 2731 4110 immitis
2757 4059 3011 4124 appares?
3033 4073 3126 4111 cur
3146 4058 3284 4113 fessa

1733 4149 1929 4203 Christi
1960 4150 2192 4204 membra
2223 4149 2424 4202 cadis?
2468 4164 2564 4202 cur
2610 4148 2860 4201 stevitiam
2907 4149 2957 4200 in
3001 4151 3286 4203 mansuetis

1737 4238 2064 4303 pnnteudisl
2097 4239 2359 4291 Memento
2389 4246 2438 4290 te
2462 4251 2488 4289 a
2523 4238 2798 4290 Diviuitate
2828 4238 3074 4290 ultionem
3105 4238 3155 4290 in
3187 4239 3288 4292 hoc

1733 4329 1850 4382 loco
1879 4343 2208 4396 recepmrum
2229 4367 2243 4390 ,
2269 4330 2318 4380 in
2347 4343 2448 4395 quo
2474 4328 2667 4380 Christi
2697 4328 2934 4380 membra
2960 4327 3138 4380 furens
3163 4345 3284 4395 pcr-

1733 4420 1966 4475 cussisti.
2002 4420 2246 4473 Probavit
2277 4419 2432 4472 illata:
2459 4419 2735 4472 sententia:
2766 4432 2973 4484 ptenam
3006 4418 3133 4472 ultio
3164 4433 3282 4472 mox

1734 4513 2053 4568 subsecuta:
2106 4526 2224 4564 nam
2277 4519 2332 4563 ut
2384 4510 2722 4578 subsequcuti
2773 4511 2884 4564 vice
2931 4512 3173 4576 rediens,
3219 4513 3287 4568 ad

1738 4673 1961 4728 cessisse
1995 4670 2333 4734 Chlotlturio,
2375 4669 2512 4739 quod
2553 4684 2691 4723 anno
2731 4667 2833 4722 6l5
2869 4668 3076 4722 accidit.
3123 4669 3282 4722 Certe

1739 4746 1925 4800 eodem
1970 4742 2078 4794 fere
2117 4749 2355 4808 tempore
2383 4755 2484 4808 quo
2514 4741 2563 4793 in
2596 4741 2911 4792 Britanniam
2957 4739 3280 4808 Augustinus

1737 4830 1765 4866 a
1810 4815 1864 4865 lt.
1895 4811 2150 4880 Gregorio
2191 4807 2380 4863 missus
2419 4807 3276 4880 est,VColum_liauuminAGalltam

1737 4877 2059 4946 accessisse,
2088 4880 2349 4948 colligitur
2375 4893 2442 4931 ex
2471 4877 2689 4948 epistola
2722 4877 2988 4948 Laurentii
3023 4878 3281 4930 liorober-

1737 4953 1916 5026 ncusis
1941 4958 2103 5026 episc.
2134 4960 2185 5003 et
2210 4946 2818 5026 aliorum‘apu-lbedatn
2848 4946 2902 5026 i_tt_
2931 4947 3022 4998 lib.
3057 4961 3099 5026 ll.
3124 4949 3283 5026 ιιιξιε,

1734 5039 1850 5090 cap.
1882 5022 1928 5088 -ι,
1959 5015 2009 5074 iit
2036 5022 2147 5074 inec
2174 5015 2792 5090 verba_:_tColumban_utn
2823 5015 3065 5090 abbatem
3089 5017 3138 5066 in
3164 5015 3286 5065 Gal-

1685 5111 1689 5119 '
1737 5083 1820 5147 liis
1844 5083 2141 5145 venientem
2168 5088 2290 5141 nihil
2321 5086 2625 5156 discrepare
2645 5102 2673 5139 a
2699 5087 2996 5140 Britonibus
3025 5083 3076 5136 in
3099 5097 3286 5138 eorum

1738 5163 2141 5218 conversatione
2166 5159 2464 5211 didicimus.
2495 5178 2514 5209 ι

1809 5235 1833 5269 ι’
1863 5240 2170 5304 Anottymus
2195 5230 2377 5304 scribit
2395 5267 2410 5290 ,
2437 5228 2726 5304 Aealioncm
2744 5268 2757 5292 ,
2787 5229 3032 5304 quodest
3057 5223 3288 5304 Durguno

1736 5304 1837 5357 dite
1863 5295 2273 5372 oppidunrintcr
2303 5301 2804 5372 Augustotluttumet
2833 5295 3282 5372 alttissiodorum.

1809 5383 1832 5411 ο
1878 5363 2061 5425 Petrus
2095 5368 2284 5422 Franc.
2323 5363 2614 5422 Cliillletins
2654 5370 2702 5416 in
2743 5365 2954 5417 Probat.
2997 5363 3126 5415 Ilist.
3156 5363 3288 5415 Tre-

1738 5441 2058 5501 norciensis,
2091 5455 2207 5506 pag.
2241 5438 2374 5502 165,
2406 5439 2530 5500 legit
2569 5436 2813 5487 [catmum
2847 5434 3155 5506 Burgundio!
3186 5433 3284 5483 llu-

1738 5529 1907 5574 vtum,
1946 5503 2103 5576 vulgo
2136 5503 2380 5571 l‘Yonnc;
2427 5508 2651 5584 (Iliorum
2696 5521 2824 5584 vero
2862 5503 3140 5584 vicumnde
3180 5516 3286 5584 quo

1738 5571 1901 5652 paulo
1953 5571 2067 5647 post
2099 5619 2112 5639 .
2158 5581 2534 5652 interpretatur
2583 5577 2918 5652 Crepantium
2948 5611 2962 5632 ,
3029 5571 3240 5652 Gratiani
3269 5609 3283 5628 .

1736 5639 1872 5718 quod
1922 5639 2000 5702 est
2047 5639 2317 5718 oppidum-
2349 5650 2410 5700 ad
2465 5646 2728 5718 Icaunattt.
2786 5646 2850 5696 Et
2898 5655 3071 5692 tamen
3122 5639 3286 5717 Jonas

1735 5717 1943 5787 scripsit
1989 5718 2214 5770 Clltil'alll
2263 5717 2514 5785 ﬂuvium,
2563 5717 2757 5772 rectius
2806 5727 3048 5771 amnem,
3098 5724 3184 5778 qui
3232 5725 3284 5763 tu

1738 5796 1975 5848 lenonum
2022 5789 2208 5842 inllttit.

2699 5895 2774 5952 33
