3820 6358
522 376 656 433 {4‘55

522 483 766 537 currulem

522 586 613 624 sus
642 572 694 621 in
725 567 908 622 eodem
942 565 1055 615 loco
1084 570 1165 614 est
1191 558 1483 610 demersus.
1528 552 1662 617 Quid
1709 552 1871 621 enim
1899 550 2069 603 fuerat

523 668 577 709 ut
618 659 786 721 justus
835 652 1041 704 Arbiter
1084 646 1323 701 eamdem
1356 643 1605 695 ultionem
1654 642 1705 692 in
1737 637 2069 707 postmodum

523 746 790 794 dila'asset
810 779 824 803 ,
858 738 955 791 nisi
988 746 1041 789 ut
1071 744 1194 786 tunc
1224 732 1389 785 sancti
1420 730 1635 783 obtutus
1664 728 1729 783 de
1758 729 1872 796 ejus
1903 726 2071 780 vindi-

524 840 605 883 cta
637 844 740 881 non
773 820 1208 879 macularentur?

599 917 690 970 fil.
736 914 964 980 indeque
992 913 1054 961 ad
1088 909 1514 961 Aurelianensem
1562 905 1746 959 urbem
1778 914 2068 958 venerunt:

526 1020 627 1073 quo
658 1017 778 1054 eum
810 1016 905 1052 nec
936 999 1132 1050 aditum
1163 995 1506 1049 eet-lesiarum
1540 995 1640 1047 sibi
1670 1008 1733 1047 ex
1765 994 1905 1060 regis
1938 1006 2076 1057 pra:-

528 1094 694 1160 ceptis
746 1089 899 1157 pandi
951 1088 1181 1152 videret,
1232 1098 1348 1136 cum
1402 1083 1587 1151 grandi
1644 1096 1870 1135 mmrore
1919 1094 2076 1145 super

497 1244 503 1250 ,
532 1188 697 1250 ripam
731 1181 927 1249 Ligeris
959 1177 1194 1231 tentoriis
1224 1185 1506 1228 contentus
1538 1174 1799 1241 paulisper
1828 1170 2089 1239 quiescit.

529 1274 763 1337 Cumque
788 1270 894 1336 jam
925 1274 1227 1332 sumptuum
1262 1261 1915 1329 neccs~ariaindigerent,
1947 1260 2080 1311 duos

532 1358 581 1410 in
627 1358 804 1409 urbem
836 1354 1023 1408 direxit
1056 1363 1111 1404 ut
1153 1351 1449 1406 necrssaria
1492 1356 1821 1416 qutererent,
1857 1362 2078 1417 quorum

533 1464 663 1501 unus
690 1455 807 1502 erat
832 1446 1143 1499 Potentinus
1173 1446 1384 1496 nomine
1411 1441 1497 1508 qui
1530 1442 1704 1494 adhuc
1728 1446 2003 1507 superest,
2028 1448 2082 1492 et

533 1539 877 1592 ArmOricana
923 1536 974 1589 iu
1023 1536 1135 1587 loca
1181 1535 1231 1586 in
1274 1533 1521 1586 suburbio
1562 1531 1885 1585 Constantiae
1935 1529 2081 1582 urbis

537 1628 912 1681 monachorum
942 1629 1214 1678 cohortem
1244 1625 1511 1676 adunavit.
1539 1621 1773 1689 Cumque
1801 1621 2084 1673 lustrantes

534 1720 717 1772 urbcm
750 1717 875 1771 nihil
909 1717 1225 1783 reperissent
1255 1715 1399 1785 (quia
1432 1714 1578 1781 regio
1620 1714 1807 1764 timore
1832 1720 1919 1763 aut
1952 1724 2082 1763 ven-

1630 351 1820 407 JONIE
1862 344 2146 404 ABBATIS
2186 342 2597 398 ELNONENSIS
2628 338 2703 371 λκ-

800 486 1002 545 portum
1037 469 1349 523 transiturus
1378 472 1550 525 venit,
1582 463 1833 515 divinitus
1865 471 2069 526 percus-
2102 458 2143 513 Α
2171 455 2420 521 scapham
2453 462 2643 507 teneat.
2674 452 2822 517 Quod
2852 451 3038 504 videns
3072 450 3129 501 Β.
3158 447 3552 505 Columbanns.
3584 464 3691 500 mre-

2172 553 2283 593 5tos
2331 541 2502 593 vultus
2548 540 2613 592 ad
2655 540 2846 594 caelum
2889 538 3080 605 erigit,
3110 536 3436 603 compellans
3463 550 3520 589 se
3560 545 3691 588 tanta

2175 630 2441 684 maestitia:
2470 628 2656 691 subdi,
2688 639 2744 680 ut
2787 642 2882 680 nec
2924 637 3229 680 sanctorum
3273 625 3511 693 sepulcra
3550 629 3694 679 visere

2174 718 2589 786 permitteretur.
2645 714 2964 784 Urgentibus
3014 731 3143 785 ergo
3190 714 3458 777 omnibus,
3503 728 3615 767 mox
3652 726 3696 768 ut

2174 816 2358 861 centra
2391 816 2598 873 portum
2630 816 2844 857 ventum
2876 815 2955 858 est
2976 844 2991 867 ,
3023 805 3169 860 velut
3197 801 3510 871 quibusdam
3536 802 3696 854 ancho-

2177 896 2249 949 ris
2276 895 2447 949 deﬁxa
2478 893 2674 962 scapha
2703 903 2845 947 stare
2874 895 3068 962 carpit,
3112 902 3169 948 et
3212 894 3279 946 ad
3325 900 3529 961 portum
3572 902 3697 957 capia

2177 985 2424 1052 dirigere.
2458 983 2608 1049 Quod
2636 998 2753 1037 cum
2785 985 3034 1038 custodes
3064 986 3282 1038 obstare
3322 999 3426 1036 non
3466 984 3697 1048 valerem,

2181 1074 2331 1127 inviti
2379 1075 2625 1142 scapham
2667 1089 2771 1140 quo
2820 1076 2943 1129 velit
2987 1075 3066 1130 ire
3094 1074 3299 1128 sinunt.
3330 1073 3517 1127 llirutn
3544 1075 3589 1126 in
3612 1088 3701 1125 rno-

2179 1165 2303 1217 dum
2336 1164 2508 1218 medio
2538 1179 2567 1218 e
2599 1164 2817 1218 ﬂuviolo
2843 1164 2908 1219 ad
2945 1154 3153 1233 pnitum
3187 1164 3479 1232 pennigero
3505 1179 3593 1217 ceti
3623 1179 3697 1215 vo-

2184 1253 2290 1305 latu
2323 1252 2597 1321 pervenit,
2628 1262 2889 1321 portuque
2920 1264 3137 1321 recepto
3165 1255 3283 1306 viro
3314 1252 3401 1307 Dei
3435 1254 3565 1305 viam
3603 1268 3703 1318 pr..-

2162 1341 2276 1409 dit.
2312 1342 2403 1396 Ille
2433 1356 2555 1395 vero
2584 1342 2779 1408 gratias
2806 1342 2933 1410 Regi
2964 1342 3122 1396 offert
3148 1353 3374 1406 interno,
3401 1342 3491 1410 qui
3529 1344 3625 1394 Suis
3644 1342 3702 1394 sic

2185 1432 2556 1498 obtemperare
2587 1447 2689 1484 non
2725 1430 3039 1501 dedignatur
3080 1434 3272 1486 servis.
3322 1433 3573 1501 Egressus
3606 1445 3705 1485 sane

2185 1522 2251 1575 ad
2280 1521 2583 1590 sepulcrum
2617 1522 2673 1576 Β.
2705 1521 2914 1576 Martini
2940 1523 3177 1587 accedit,
3202 1530 3257 1576 et
3282 1532 3391 1575 tota
3417 1521 3487 1575 ibi
3512 1531 3646 1577 nocte
3664 1522 3703 1577 ia

2188 1615 2429 1668 oratione
2460 1616 2710 1670 excubat.
2745 1616 3093 1671 lllucescente
3120 1630 3251 1670 vero
3291 1616 3380 1670 die
3418 1628 3448 1668 a
3493 1615 3705 1684 beopario
3774 1615 3782 1684 i

2190 1704 2331 1757 illius
2359 1704 2502 1758 urbis
2534 1708 2783 1773 episcopo
2815 1708 3063 1760 invitatur
3094 1706 3161 1760 ad
3191 1721 3342 1760 esum
3372 1724 3386 1759 :
3420 1707 3495 1761 ire
3521 1721 3613 1761 non
3635 1706 3707 1761 ιδ-

533 1809 657 1861 dere
686 1818 773 1859 aut
802 1808 929 1859 dare
961 1781 1089 1857 nihil
1122 1781 1431 1871 audebant),
1460 1802 1540 1853 via
1571 1815 1670 1869 qua
1704 1802 1886 1854 urbem
1918 1799 2081 1853 intra-

2202 1792 2336 1858 iuit,
2371 1794 2666 1860 praesertim
2699 1794 2766 1848 ob
2797 1808 3013 1849 suorum
3055 1797 3297 1863 requiem
3339 1796 3590 1861 fratrum;
3617 1813 3705 1850 ιιι-

534 1904 718 1947 veraut
747 1893 1099 1960 repedabant,
1140 1890 1452 1956 obviamque
1496 1890 1688 1943 habent
1730 1889 2003 1942 mulierem
2033 1888 2085 1941 in

534 1985 704 2047 platea
733 1998 794 2034 ex
823 1995 1016 2047 genere
1046 1980 1318 2048 Syrorum.
1352 1978 1492 2043 Quos
1533 1991 1651 2030 cum
1683 1977 1935 2041 vidisset,
1986 1977 2088 2030 sci-

536 2074 723 2129 scitata
751 2081 834 2127 est
871 2073 1080 2140 quinam
1124 2077 1322 2125 essent.
1364 2069 1461 2134 Illi,
1504 2070 1727 2121 veritate
1760 2067 1833 2120 rei
1863 2067 2082 2135 digesta,

536 2164 686 2216 aiunt
734 2177 792 2216 se
838 2162 1135 2215 necessaria
1182 2158 1488 2228 quaesiisse,
1536 2171 1633 2211 nec
1676 2170 1892 2222 prorsus
1942 2158 2091 2210 inve-

539 2256 697 2307 uisse.
731 2253 819 2305 Illa
851 2252 1003 2306 inﬁt:
1056 2251 1330 2312 Accedite,
1364 2249 1561 2303 domini
1603 2249 1736 2313 mei,
1769 2248 1833 2301 ad
1878 2248 2090 2303 domum

537 2344 747 2396 famnlze
791 2352 1010 2405 vestrae,
1056 2349 1108 2393 et
1151 2355 1267 2407 quae
1312 2348 1432 2393 sunt
1478 2340 1774 2394 necessaria
1823 2338 2092 2393 vobiscum

541 2435 735 2484 vehite.
768 2430 896 2484 Nam
929 2442 977 2484 et
1009 2446 1105 2499 ego
1132 2431 1332 2483 advena
1363 2444 1479 2483 sum
1508 2446 1570 2484 ex
1603 2430 1889 2498 longinquo
1918 2430 2097 2483 Orien-

546 2532 611 2573 ιιε
642 2522 775 2573 snio.
811 2520 887 2574 llli
914 2529 1128 2573 ovantes
1154 2534 1271 2574 eam
1300 2530 1421 2573 sunt
1447 2536 1510 2573 ex
1536 2521 1681 2573 calce
1704 2520 1905 2585 secuti,
1934 2534 2093 2573 vene-

545 2618 669 2661 runt
696 2609 759 2660 ad
794 2608 1004 2662 domum
1036 2606 1182 2674 ejus,
1214 2616 1266 2659 et
1297 2595 1424 2659 sella
1455 2608 1721 2674 supposita
1750 2607 2093 2675 quieverunt,

544 2701 714 2753 donec
746 2698 865 2751 tulit
897 2697 1038 2763 quod
1067 2698 1133 2749 ab
1162 2697 1237 2751 eis
1268 2698 1543 2765 quaesitum
1576 2707 1736 2752 esset.
1783 2698 1906 2751 Erat
1937 2698 2094 2751 simul

546 2792 596 2842 in
628 2803 881 2843 consessu
929 2789 1005 2839 vir
1049 2787 1195 2854 ejus,
1228 2787 1352 2840 olim
1377 2787 1485 2856 jam
1534 2787 1818 2842 luminibus
1849 2787 2092 2857 orbatus,

547 2879 613 2931 de
639 2875 745 2944 'quo
776 2875 1025 2931 sciscitati
1074 2885 1194 2927 sunt
1224 2874 1342 2943 quis
1368 2883 1529 2929 esset.
1563 2875 1625 2928 Et
1653 2876 1739 2927 illa
1771 2875 1975 2941 inquit:
2010 2873 2097 2927 Vir
2131 2933 2140 2939 ,

548 2983 697 3022 meus
727 2982 788 3021 ex
820 2964 1006 3020 eodem
1039 2979 1234 3033 genere
1261 2965 1516 3033 Syrorum
1547 2967 1684 3017 sicut
1713 2972 1766 3017 et
1795 2978 1912 3031 ego,
1941 2977 2096 3032 quem

554 3071 646 3122 per
686 3054 969 3106 multorum
1000 3051 1261 3105 curricula
1290 3066 1546 3105 annorum
1592 3051 1877 3103 luminibus
1926 3052 2095 3117 priva-

554 3156 664 3197 tum
696 3142 867 3197 traho.
898 3145 976 3196 llli
1008 3143 1289 3209 inquiunt:
1319 3142 1373 3195 Si
1400 3140 1592 3195 Christi
1624 3140 1801 3193 famuli
1832 3138 2097 3194 Columbae

551 3234 822 3288 obtutibus
851 3241 1215 3300 prtescntetur,
1239 3246 1448 3283 suarum
1479 3232 1772 3283 interventu
1802 3230 2098 3283 orationum

548 3325 724 3376 lumen
756 3336 910 3389 pesse
947 3322 1198 3390 recipere.
1234 3320 1302 3374 At
1329 3320 1397 3373 illi
1425 3318 1558 3389 [ille]
1597 3318 1839 3388 promissi
1868 3317 2099 3371 muneris

554 3414 708 3466 ﬁdem
738 3412 990 3466 exhibens
1017 3420 1244 3465 mentem
1292 3410 1536 3476 roborat,
1569 3423 1893 3479 surgensque
1922 3423 2099 3479 prose-

550 3512 703 3556 cutus
723 3514 802 3557 est
831 3518 1011 3556 eorum
1041 3518 1161 3555 cum
1193 3503 1324 3557 duce
1348 3503 1583 3569 vestigia.
1606 3502 1956 3555 Narraverunt
1974 3516 2102 3569 ergo

554 3593 925 3660 li05pitalitatis
953 3605 1143 3644 munus
1173 3593 1225 3644 in
1249 3591 1558 3659 peregrinis,
1584 3603 1678 3641 nec
1698 3603 1913 3658 prorsus
1940 3588 2101 3641 verba

553 3682 936 3749 impleverant,
968 3690 1021 3733 et
1049 3695 1224 3734 caicus
1254 3683 1492 3744 astabat,
1527 3691 1874 3749 precaturque
1905 3679 1993 3732 Dei
2029 3680 2103 3731 vi-

553 3786 668 3823 rum
704 3779 757 3823 ut
786 3773 895 3823 suis
923 3770 1254 3824 orationibus
1296 3770 1344 3823 ei
1390 3771 1565 3823 lumen
1611 3770 1871 3823 restituat.
1907 3767 2103 3822 Videtis

555 3862 644 3915 ille
678 3864 831 3914 Iidem
857 3860 992 3928 ejus,
1020 3872 1203 3912 omnes
1236 3861 1470 3925 peposcit
1496 3866 1553 3912 ut
1579 3873 1674 3927 pro
1696 3872 1837 3912 careo
1863 3866 2097 3925 orarent,

552 3965 857 4023 prauusque
911 3949 998 4001 diu
1055 3963 1212 4015 super
1268 3949 1481 4001 humum
1526 3946 1720 4015 jacuit,
1776 3962 2102 4015 surgensque

554 4056 710 4093 inanu
744 4039 929 4091 oculos
960 4036 1167 4105 attigit,
1198 4045 1252 4089 et
1280 4044 1398 4103 post
1424 4038 1595 4089 crucis
1625 4035 1830 4101 signum
1874 4037 2102 4102 posutla-

556 4143 662 4183 tum
696 4130 869 4181 lumen
902 4127 1121 4195 recepit.
1156 4126 1359 4179 Gaudet
1391 4126 1477 4179 ille
1520 4136 1829 4192 recuperato
1874 4125 2097 4188 lumine,

554 4228 613 4274 ut
642 4220 888 4272 videlicet
916 4219 1002 4286 qui
1050 4217 1270 4270 interius
1317 4218 1490 4270 lumen
1535 4215 1587 4269 in
1631 4215 1863 4283 hospites
1907 4213 2101 4267 habere

556 4324 661 4360 non
691 4308 941 4359 omiserat
960 4294 987 4369 ,
1006 4304 1256 4358 exteriori
1287 4318 1389 4357 non
1420 4314 1644 4357 careret.
1690 4305 1885 4371 Sicque
1914 4303 2101 4356 exinde

559 4485 903 4552 torquebant,
934 4482 994 4532 ad
1027 4482 1196 4532 virum
1228 4481 1316 4532 Dei
1345 4482 1558 4532 curandi
1586 4483 1750 4549 gratia
1779 4491 2058 4549 properant
2089 4498 2102 4545 ;

558 4576 814 4643 daturque
846 4575 989 4626 salus
1024 4572 1203 4640 largita
1236 4586 1263 4623 a
1297 4570 1518 4624 Domino
1547 4588 1559 4623 :
1590 4588 1772 4625 omnes
1801 4576 1941 4625 enim
1976 4571 2045 4624 ibi
2077 4586 2104 4623 a

556 4666 670 4716 viro
704 4663 793 4715 Dei
835 4662 1001 4716 curati
1048 4670 1186 4713 sunt.
1238 4660 1329 4713 llis
1375 4659 1653 4713 virtutibus
1695 4663 1914 4727 pojiulus
1961 4660 2107 4713 urbis

559 4760 861 4821 permotus,
896 4752 1063 4805 virum
1100 4751 1189 4803 Dei
1218 4752 1326 4803 suis
1359 4750 1644 4802 honoribus
1674 4750 1895 4801 latenter
1925 4748 2108 4801 fulcie-

560 4848 683 4895 bat:
720 4856 825 4894 non
870 4842 1010 4893 enim
1057 4842 1230 4908 patule
1274 4852 1490 4909 propter
1528 4838 1775 4893 custodes
1821 4836 2105 4905 quidquam

484 4994 489 4999 ι
561 4933 799 4998 ιιιωῐιειθ
842 4932 1138 4992 audebant,
1184 4945 1249 4983 ne
1291 4935 1427 4998 regis
1472 4932 1600 4985 iram
1632 4932 1978 4985 incurrerent.
2010 4930 2109 4984 De-

561 5024 679 5074 inde
711 5034 977 5091 arreptum
1009 5023 1106 5073 iter
1139 5031 1414 5089 peragunt.

634 5115 720 5165 4:2.
770 5114 1084 5184 Navigantes
1114 5130 1239 5182 ergo
1268 5131 1358 5183 per
1392 5115 1615 5182 Ligerim
1649 5116 1713 5170 ad
1746 5117 2108 5171 Turonensem

564 5206 877 5273 perveniunt
909 5207 1125 5267 urbem,
1162 5206 1246 5258 tibi
1282 5210 1358 5259 vir
1382 5216 1595 5259 sanctus
1644 5209 1891 5262 custodes
1930 5223 2109 5277 preci-

566 5306 651 5347 tur
684 5306 747 5345 ut"
768 5294 1021 5359 scapham
1052 5305 1211 5358 ponto
1240 5296 1660 5363 appropinquent
1682 5338 1696 5359 ,
1730 5313 1891 5366 seQue
1918 5300 1981 5352 ad
2025 5314 2111 5352 se-

568 5387 801 5448 pulcrum
835 5384 893 5435 Β.
927 5382 1132 5435 Martini
1162 5383 1238 5437 ire
1266 5388 1461 5439 sinant.
1509 5387 1662 5450 Quod
1702 5390 1990 5444 abnuentes
2019 5406 2111 5443 cu-

567 5476 767 5539 stodes,
794 5475 1040 5541 navigare
1062 5474 1225 5528 veloci
1252 5489 1437 5530 conatu
1461 5481 1801 5547 coinpellunt,
1828 5482 2110 5549 remigeros

570 5576 758 5627 urgent
800 5575 855 5615 tit
893 5564 1030 5617 omni
1074 5564 1260 5617 virtute
1300 5583 1455 5621 cursu
1498 5570 1657 5622 celeri
1698 5578 1901 5635 portum
1943 5581 2112 5624 trans-

572 5667 690 5709 eant
714 5697 729 5722 ,
769 5660 1103 5725 gubernatori
1139 5663 1391 5729 imperant
1422 5675 1468 5716 ut
1503 5665 1674 5719 medio
1703 5664 1933 5721 fluminis
1960 5670 2110 5725 alveo

2190 1892 2443 1963 ratusque
2474 1894 2555 1937 est
2582 1898 2647 1960 eo
2692 1884 2779 1938 die
2818 1898 2939 1937 cum
2988 1883 3294 1951 supradicto
3341 1880 3596 1953 pontiﬁce.
3633 1886 3707 1951 Qui

2192 1985 2310 2023 cum
2345 1974 2471 2025 liora
2492 1971 2815 2029 ,refectionis
2848 1986 2967 2026 cum
2997 1986 3064 2027 eo
3090 1972 3157 2025 ad
3188 1987 3429 2028 mensam
3461 1974 3706 2039 resideret,

2192 2062 2543 2129 interrogatus
2571 2075 2668 2115 cur
2696 2061 2761 2115 ad
2814 2063 3033 2130 patriam
3082 2062 3395 2132 repedaret,
3446 2061 3708 2131 respondit:

2192 2150 2348 2205 Canis
2378 2165 2464 2207 me
2493 2150 2862 2209 Theodericus
2890 2153 3026 2225 meis
3054 2167 3083 2204 a
3114 2153 3370 2206 fratribus
3398 2152 3586 2221 abegit.

2260 2239 2350 2294 45.
2388 2240 2532 2294 Tunc
2563 2256 2698 2294 unus
2735 2256 2765 2294 e
2798 2241 3056 2306 convivis,
3083 2240 3494 2294 ChrodOualdus
3520 2238 3710 2303 contine,

2192 2330 2281 2396 qui
2309 2330 2524 2380 amitam
2553 2320 2908 2384 Tlicodebe’rti
2942 2331 3080 2398 regis
3106 2329 3157 2384 in
3180 2330 3484 2399 conjugintn
3512 2330 3712 2395 habebat.

2195 2417 2303 2483 regi
2337 2427 2508 2471 tamen
2539 2418 2867 2473 Theoderico
2900 2419 3069 2473 ﬁdelis
3106 2428 3257 2484 erat,
3291 2420 3407 2473 viro
3440 2419 3527 2473 Dei
3566 2420 3712 2470 humili

2195 2522 2323 2562 voce
2367 2510 2678 2576 respondit:
2722 2510 2776 2565 Si
2819 2510 3010 2565 melius
3045 2519 3188 2564 esset
3226 2511 3363 2565 lacte
3401 2511 3562 2578 putari
3594 2523 3714 2577 quam

2197 2598 2494 2653 absinthio?
2542 2600 2637 2654 Cui
2686 2602 2764 2655 vir
2813 2601 2905 2656 Dei
2957 2620 2970 2654 :
3019 2603 3316 2671 Cognosco,
3370 2604 3479 2667 ait,
3525 2614 3575 2656 te
3610 2602 3716 2668 regis

2199 2690 2511 2744 Theoderici
2542 2690 2753 2745 ﬁederis
2777 2690 2897 2761 jura
2924 2706 3138 2746 servare
3171 2692 3326 2745 Vt‘llc.
3363 2692 3429 2747 At
3458 2693 3544 2746 ille
3561 2690 3717 2744 fatetur

2197 2796 2255 2834 se
2282 2780 2449 2835 fmdus
2478 2782 2595 2836 ﬁdei
2625 2782 2950 2850 promisisse,
2986 2793 3033 2837 et
3061 2784 3295 2852 quandiu
3328 2785 3547 2847 valeret,
3572 2782 3717 2835 observ

2199 2883 2362 2924 varet.
2394 2871 2448 2925 Si
2482 2875 2639 2940 regis,
2672 2872 2858 2941 inquit,
2888 2872 3201 2928 Theoderici
3227 2873 3446 2941 junctus
3470 2888 3527 2927 es
3550 2872 3715 2929 hellen.
3774 2871 3778 2941 ξ

2199 2960 2368 3015 amico
2397 2971 2486 3016 tuo
2515 2970 2569 3017 et
2597 2964 2809 3018 domino
2847 2965 2998 3018 lactus
3041 2966 3147 3019 eris
3187 2980 3218 3017 a
3259 2981 3347 3018 me
3385 2966 3580 3033 legatus
3610 2965 3716 3017 dire-

2202 3061 2335 3105 ctos.
2371 3050 2490 3105 llrdc
2520 3065 2645 3119 ergo
2674 3053 2883 3106 auribus
2912 3056 3024 3120 ejus
3055 3051 3213 3117 infer,
3254 3063 3312 3107 et
3352 3052 3522 3121 ipsum
3548 3063 3597 3108 et
3624 3068 3721 3107 sne:

2204 3146 2397 3199 liberos
2422 3144 2556 3197 intra
2590 3144 2799 3198 triennii
2828 3159 2948 3199 ease
2975 3145 3233 3199 circulum
3260 3143 3539 3210 delendas,
3572 3146 3723 3197 radici-

2203 3244 2389 3303 tusque
2434 3237 2647 3304 stirpem
2693 3237 2806 3304 ejus
2855 3237 3131 3291 Dominum
3174 3238 3587 3292 eradicatur-nui.
3622 3236 3719 3295 Cvr.

2202 3326 2367 3395 inquit
2402 3326 2733 3395 supradictus
2760 3328 2857 3392 vir,
2903 3331 3047 3393 tatia,
3075 3326 3270 3381 faniule
3300 3327 3418 3390 Dei,
3448 3327 3724 3395 prositut

2202 3417 2289 3471 ille
2319 3434 2333 3469 :
2366 3417 2478 3470 Non
2510 3418 2649 3472 enim
2676 3432 2815 3486 queo
2854 3417 3015 3475 silem
3052 3431 3170 3483 qua:
3216 3414 3357 3481 mihi.
3396 3418 3629 3469 Dominus
3663 3418 3719 3465 lo-

2207 3506 2413 3574 quenda
2442 3506 2675 3559 tradidit.
2705 3505 2852 3571 Quod
2883 3507 3217 3572 postmodum
3246 3519 3437 3559 omnes
3467 3502 3632 3557 Gallia
3655 3516 3721 3552 na.

2207 3594 2374 3646 tiones
2399 3608 2617 3647 sensere
2645 3596 2938 3661 impletum,
2972 3596 3412 3665 conﬁrmavitque
3439 3592 3722 3664 suprnusad

2205 3684 2599 3753 Ragamundum
2628 3686 2937 3739 sententiam
2967 3687 3184 3739 illatam.

2273 3769 2361 3827 Μ.
2405 3773 2624 3829 Sublato
2664 3774 2855 3828 deinde
2892 3776 3111 3842 prandio
3153 3777 3234 3829 vir
3280 3775 3375 3831 Dei
3420 3774 3485 3828 ad
3522 3773 3723 3841 statim!

2205 3870 2426 3927 remeat,
2462 3865 2759 3931 reperitquc
2784 3879 2906 3919 suos
2937 3868 3098 3918 multa
3134 3866 3348 3919 tristitia
3380 3867 3663 3934 ἀθρήσω
3685 3872 3725 3915 at

2206 3953 2476 4019 inquirens
2503 3952 2627 4021 quid
2655 3954 2860 4020 evenit,
2904 3955 3165 4021 praeterita
3207 3965 3364 4009 nocte
3404 3970 3520 4024 qua:
3558 3969 3603 4007 ia
3630 3966 3719 4009 ιιιι·

2205 4042 2306 4109 plna
2355 4041 2657 4096 habuissent
2706 4042 2844 4097 furto
2894 4041 3185 4110 perdidisse
3230 4044 3468 4112 invenit,
3517 4036 3724 4109 sine!!!

2206 4145 2395 4185 aureos
2421 4145 2559 4199 quos
2596 4131 2647 4184 in
2692 4146 2947 4200 pauperes
2988 4147 3092 4185 non
3123 4143 3440 4202 erogat-erat
3468 4130 3721 4188 faueatis-

2207 4232 2307 4276 tos.
2354 4224 2468 4289 Quo
2510 4223 2709 4290 audito,
2760 4224 2823 4276 ad
2873 4226 3175 4293 sepulcrum
3224 4227 3285 4278 Β.
3328 4225 3721 4279 couow

2207 4315 2390 4381 pedat,
2421 4324 2744 4383 questusque
2772 4325 2852 4369 est
2880 4331 2984 4369 non
3023 4316 3221 4370 idcirco
3248 4316 3315 4369 ad
3346 4318 3463 4383 ejus
3488 4310 3722 4367 excusse
3762 4342 3772 4369 ι

559 4396 709 4448 turba
757 4396 1094 4446 obsessorum
1138 4406 1269 4459 quos
1310 4392 1574 4445 dtemOnes
1618 4388 1882 4445 lior'rendo
1927 4389 2104 4443 furore
2133 4420 2184 4481 Β
2210 4406 2454 4475 reliquias
2494 4416 2551 4460 υι
2590 4407 2677 4460 me
2713 4422 2807 4459 ωε,
2848 4419 2911 4458 ac
2956 4419 3173 4458 δυοτυιη
3219 4406 3423 4459 sine“;
3464 4406 3635 4457 dam.
3652 4416 3720 4471 ρι.
3754 4396 3768 4449 ι

2209 4507 2343 4551 trare
2366 4497 2606 4551 fratrum.
2632 4497 2739 4551 Nec
2769 4510 2935 4557 mora,
2968 4496 3011 4547 is
3038 4494 3124 4561 qui
3153 4498 3429 4569 sacculum
3458 4510 3571 4549 cum
3592 4504 3721 4545 aureis

2209 4593 2408 4646 furatus
2435 4593 2623 4656 fuerat,
2652 4591 2814 4659 carpit
2841 4592 2977 4644 inter
3006 4588 3208 4657 ﬂagella
3236 4590 3480 4658 corporis
3505 4602 3563 4641 ac
3585 4592 3719 4653 pall
3762 4588 3774 4665 μς

2207 4681 2500 4735 acclamare
2528 4690 2582 4735 et
2609 4682 2786 4734 dicere
2816 4681 2917 4751 illo,
2933 4690 2984 4734 et
3016 4680 3103 4733 illo
3132 4681 3183 4731 in
3229 4680 3347 4731 loco
3378 4689 3633 4749 aureola;
3652 4684 3718 4724 oc-

2208 4772 2434 4827 cultatus
2463 4772 2677 4826 habere.
2716 4770 2867 4837 Quod
2898 4773 3131 4825 videntes
3159 4771 3292 4823 socii
3323 4782 3509 4824 omnes
3531 4772 3721 4829 corruat,
3760 4770 3769 4833 ἐ

2209 4861 2454 4929 furtoque
2510 4862 2713 4915 sublata
2744 4859 2923 4913 omnia
2949 4854 3196 4923 reddunt,
3225 4861 3507 4929 virumque
3535 4858 3614 4915 Dei
3634 4868 3721 4924 ’πο
3754 4854 3772 4929 Ξ

2207 4962 2392 5005 cantur
2420 4963 2478 5005 ut
2509 4951 2638 5004 tanti
2672 4950 2888 5003 sceleris
2915 4950 3098 5017 culpas
3134 4951 3394 5020 ignoscat.
3438 4948 3721 5016 Quodn'n-

2208 5040 2383 5092 culum
2428 5039 2675 5092 omnibus
2721 5049 2977 5092 terrorem
3018 5040 3258 5098 incussit,
3302 5048 3359 5091 ut
3392 5040 3631 5107 deinceps
3656 5036 3719 5107 qd
3754 5036 3774 5107 ξ

2210 5130 2307 5182 ista
2350 5129 2630 5195 audierint,
2675 5129 2817 5185 velut
2858 5140 3062 5183 sacrata
3106 5128 3285 5181 omnia
3328 5144 3448 5195 qua
3491 5131 3555 5184 ad
3592 5130 3719 5183 vta
3754 5128 3774 5204 ξ

2215 5221 2304 5274 Dei
2360 5222 2693 5289 pertinebant
2737 5222 2993 5286 attingere
3042 5230 3145 5269 non
3190 5217 3471 5278 auderent.
3526 5214 3719 5273 Pitth-

2213 5308 2388 5377 itaque
2414 5310 2709 5366 necessaria
2742 5306 3049 5373 Le0parius',
3070 5305 3183 5358 viro
3215 5306 3308 5359 Dei
3335 5309 3454 5360 vale
3474 5302 3616 5359 dixit.

2282 5400 2372 5453 45.
2413 5400 2590 5453 Navali
2621 5414 2744 5466 ergo
2783 5398 2971 5452 itinere
3008 5412 3172 5452 ovans
3202 5412 3371 5466 usqiie
3400 5400 3466 5449 ad
3506 5387 3721 5449 Dianai

2212 5489 2461 5557 oppidum
2511 5489 2689 5549 venit,
2739 5499 2791 5542 et
2843 5488 2915 5541 ibi
2957 5486 3339 5556 aliquantisper
3387 5494 3613 5541 menta
3642 5467 3774 5557 αῖ

2215 5580 2362 5645 Quod
2404 5593 2523 5630 cum
2560 5578 2781 5645 quadam
2828 5578 2915 5633 die
2957 5578 3170 5645 quidam
3217 5589 3422 5644 egenus
3466 5583 3582 5629 ante

2217 5669 2418 5723 cellula:
2448 5666 2499 5720 iri
2530 5684 2628 5737 qua
2662 5671 2736 5724 vir
2765 5667 3231 5723 Deiitneditabatur
3260 5668 3547 5729 clamaret,
3572 5664 3719 5714 καθ
3752 5664 3772 5737 i

2962 6282 2975 6305 ‘
3026 5769 3792 6344 Α

2862 6326 3011 6341 Ἦ

3582 114 3791 487 ,ξι

3786 502 3791 527 1

3788 600 3791 645 l

3782 734 3791 793 l
