3820 6376
89 430 186 483 1057

1288 428 1341 482 S.
1384 419 1774 483 COLUSIDANI
1820 427 1989 483 VITA.

3120 417 3254 476 5058

80 544 143 594 ille
164 537 409 591 ministro:
442 536 642 599 Prabe,
674 537 867 605 inquit,
895 537 995 590 cibi
1025 536 1325 589 alimoniam
1358 538 1577 604 petenti.
1610 547 1656 603 Α
1685 537 1819 591 rium.
1861 535 2125 590 intellexit
2155 548 2282 603 ergo
2316 534 2566 589 dominus
2607 533 2754 587 navis
2785 531 2855 588 ob
2885 532 2981 586 viri
3026 532 3120 587 Dei
3160 547 3251 587 su-

78 634 122 685 Ει
154 631 223 684 ille
246 646 259 681 :
286 630 397 681 Non
427 638 509 682 est
540 629 721 691 nobis,
755 630 862 692 ait,
911 630 1059 695 panis
1088 629 1187 682 nisi
1217 630 1480 695 paululum
1512 630 1586 682 fa-

76 728 170 776 ritur
193 732 394 775 tantum.
426 723 492 772 At
519 720 609 774 ille
634 721 706 771 ait
736 736 748 770 ε
781 717 1045 783 Quantum
1072 702 1284 773 habes?
1313 718 1584 772 Testatur-

72 814 320 881 queillese
347 810 576 878 amplius
622 824 726 863 non
775 810 993 873 habere,
1044 817 1101 861 ιιι
1148 808 1384 873 rebatur,
1429 824 1584 877 quam

76 905 214 955 farina:
249 900 497 955 modium.
550 901 620 951 Da
669 913 817 967 ergo,
850 899 999 961 dicit,
1046 908 1235 961 totum,
1284 906 1381 953 ne’c
1424 901 1586 968 quid-

70 1006 191 1057 quam
224 1003 453 1055 reserves
496 987 551 1040 in
582 988 897 1041 crastinum.
945 987 1212 1042 Ohediens
1244 991 1480 1044 minister
1509 992 1582 1043 si-

70 1085 151 1133 ntul
193 1089 341 1133 totum
391 1079 611 1145 pauperi
664 1078 871 1137 tribuit.
925 1078 1053 1131 nihil
1100 1079 1165 1133 ad
1216 1086 1584 1135 necessitatem

66 1164 690 1226 communem’rt-servans.
734 1169 1103 1239 Jejunantibus
1135 1186 1260 1239 ergo
1292 1173 1394 1225 illis
1418 1173 1585 1226 tertia

64 1266 145 1329 jam
169 1264 266 1316 dies
290 1262 536 1315 illuserat
566 1262 695 1315 nihil
728 1276 888 1328 penes
931 1276 989 1316 se
1034 1262 1349 1316 habentibus
1398 1274 1587 1328 praeter

62 1356 149 1420 spei
189 1362 236 1405 et
272 1351 388 1404 fidei
420 1354 668 1421 gratiam,
718 1352 863 1405 unde
909 1352 1061 1405 fessis
1098 1343 1304 1419 jejunio
1334 1354 1586 1406 membris

61 1443 381 1505 subvenirent;
413 1456 533 1495 eum
560 1443 739 1495 subito
777 1441 995 1495 audiunt
1034 1444 1171 1495 fores
1200 1443 1353 1509 signo
1390 1452 1582 1497 terere.

60 1532 258 1599 (Σιυυιιιιο
292 1532 543 1585 ostiarius
583 1531 943 1586 sciscitaretur
979 1532 1131 1600 cujus
1176 1534 1253 1588 rei
1300 1536 1585 1587 necessitas

60 1630 263 1684 posceret
288 1634 419 1673 sono
450 1620 670 1688 fragoris
710 1635 866 1675 aures
904 1620 1126 1674 fratrum
1167 1620 1496 1687 inquietare,
1542 1622 1587 1673 is

58 1710 127 1772 qui
152 1707 273 1760 fores
300 1713 536 1770 terebat,
566 1709 641 1760 ait
686 1722 747 1760 se
788 1723 816 1759 ι
847 1707 1058 1760 domina
1086 1722 1178 1760 sua
1224 1708 1443 1763 Procula
1493 1726 1586 1764 no-

59 1798 175 1849 mine
197 1798 445 1851 directutn
473 1811 614 1862 esse,
646 1814 761 1865 quae
790 1813 847 1852 se
873 1797 1125 1853 divinitus
1153 1802 1475 1853 admonitam
1501 1802 1583 1854 di.

1689 630 2002 696 pellectilem
2033 628 2362 695 comitesque
2407 634 2649 694 receptos
2692 638 2752 679 se
2791 624 2871 679 sic
2906 638 3029 680 esse
3067 625 3255 678 deteno

1689 729 1822 773 tum.
1876 720 1993 772 Fuit
2042 718 2253 773 tandem
2290 718 2571 772 consilium
2616 715 2763 785 rejici
2804 716 2981 769 omnia
3022 729 3053 769 a
3100 714 3256 772 navis

1689 811 1880 865 finibus
1909 826 2026 881 qua:
2075 814 2140 865 ad
2190 812 2357 865 virum
2402 812 2492 865 Dei
2547 810 2898 879 pertinebant.
2936 808 3045 865 Nec
3081 824 3255 875 liora,

1687 902 1943 954 nudarunt
1974 902 2141 955 moles
2166 902 2368 967 adfuit,
2400 903 2738 970 carinsmque
2766 900 2831 953 ad
2858 902 2964 955 alta
2995 901 3254 968 provexit.

1686 993 1931 1045 lilirantes
1966 995 2139 1061 itaque
2165 1008 2351 1047 omnes
2380 1003 2745 1060 cognoverunt
2784 1006 2888 1047 non
2918 1008 3037 1048 esse
3066 994 3254 1048 voluu-
3310 1060 3315 1064 _

1688 1091 1847 1133 tatem
1884 1082 1974 1135 Dei
2010 1092 2065 1134 ut
2104 1093 2248 1136 retro
2296 1082 2525 1150 amplius
2560 1084 2858 1149 repedaret.
2892 1084 2972 1137 Ad
3000 1091 3254 1137 metatum

1688 1168 1778 1239 [Id
1802 1183 1895 1237 est,
1932 1168 2280 1240 mansionem]
2311 1187 2437 1241 ergo
2464 1186 2644 1235 suum,
2675 1186 2780 1242 quo
2807 1173 2955 1239 prius
2984 1173 3151 1227 fuerat
3178 1188 3255 1228 re-

1686 1263 1805 1325 diit,
1844 1264 1989 1317 nullo
2020 1264 2263 1318 obstante
2288 1280 2391 1333 quo
2420 1262 2577 1318 vellet
2616 1266 2722 1329 ire;
2764 1265 2858 1319 sed
2897 1266 3063 1333 magis
3102 1274 3256 1333 prout

1687 1357 1908 1423 quisque
1948 1364 2153 1423 poterat
2191 1358 2358 1410 virum
2404 1354 2495 1409 Dei
2531 1354 2822 1409 honoribus
2858 1367 2922 1409 ae
2958 1355 3256 1423 sumptibus

1689 1443 1932 1496 lnlciebat
1974 1462 1987 1497 :
2030 1460 2130 1499 nec
2174 1445 2341 1501 deluit
2377 1446 2664 1516 quidquam
2712 1444 2978 1513 prasidii,
3026 1445 3152 1499 dum
3202 1446 3254 1500 in

1687 1534 1932 1588 omnibus
1972 1535 2275 1591 Conditoris
2320 1538 2566 1592 manebat
2604 1536 2857 1591 auxilium
2896 1553 2909 1587 :
2952 1535 3072 1604 quia
3116 1550 3255 1590 nun-

1687 1636 1843 1690 quam
1891 1638 2110 1691 prorsus
2157 1624 2473 1689 obdormiet,
2518 1624 2608 1693 qui
2650 1625 2750 1680 sub
2793 1624 2996 1678 alarum
3036 1637 3251 1676 suarum

1690 1710 1876 1764 umbra
1921 1710 2079 1765 lsrael
2120 1713 2265 1781 tegit.
2307 1712 2396 1768 Sic
2439 1727 2633 1781 nempe
2658 1714 2901 1767 omnibus
2928 1713 3103 1767 omnia
3149 1712 3254 1766 Iar-

1687 1800 1879 1867 giendo
1926 1803 2273 1867 demonstrat,
2321 1812 2379 1857 ut
2428 1804 2496 1856 ab
2536 1802 2782 1858 omnibus
2830 1816 2926 1872 pro
2974 1817 3251 1859 munerum

56 1891 201 1949 relut,
228 1899 281 1941 ut
304 1898 549 1957 sumptus
576 1891 691 1941 viro
721 1887 814 1942 Dei
841 1888 1169 1943 Columbano
1194 1902 1351 1956 atque
1378 1892 1584 1945 comiti-
1619 1882 1660 1938 Β
1688 1905 1903 1946 suorum
1932 1892 2255 1961 gloriﬁcetur
2283 1893 2579 1961 largitione.

52 1981 137 2031 bus
168 1979 274 2045 ejus
316 1981 404 2045 qni
448 1979 587 2048 apud
618 1979 891 2033 Namnetis
934 1980 1185 2053 oppidum
1231 1995 1473 2035 moraren
1501 1996 1583 2045 ur,

52 2070 292 2136 dtrégeret,
318 2070 607 2136 haberique
638 2071 690 2122 in
716 2071 960 2136 proximo
990 2087 1003 2119 :
1033 2078 1087 2123 et
1123 2084 1185 2125 se
1228 2071 1345 2124 ideo
1388 2086 1587 2139 prme-

50 2162 172 2213 uisse
199 2148 253 2210 ut
291 2172 413 2211 vasa
450 2172 558 2225 quo
599 2158 896 2224 reciperent
943 2140 1585 2223 pra-pararentcentum

50 2248 231 2301 modios
249 2261 363 2301 esse
386 2246 513 2311 vini,
537 2246 898 2312 ducentosque
924 2245 1192 2309 frumenti,
1223 2246 1316 2299 sed
1344 2258 1397 2299 et
1420 2258 1444 2285 ι
1469 2248 1586 2301 bra-

44 2340 112 2391 cis
135 2347 334 2389 centmn
363 2336 569 2389 modios
593 2351 606 2386 :
632 2334 773 2401 quod
801 2333 1050 2387 ostiarius
1070 2335 1229 2387 celeri
1261 2349 1416 2389 cursu
1448 2333 1586 2388 Patri

44 2426 298 2480 indicanda
339 2433 605 2497 properat.
652 2424 718 2478 At
757 2422 867 2486 ille,
902 2423 1046 2487 Sine,
1081 2423 1273 2497 inquit,
1310 2438 1369 2477 se
1405 2422 1587 2477 dicens

43 2532 185 2581 scire,
214 2516 540 2583 fratrumque
567 2526 763 2570 castum
790 2502 1284 2583 adunari-juhegut
1311 2514 1465 2569 simul
1495 2528 1591 2583 po-

42 2612 118 2662 siti
146 2623 236 2677 pro
261 2608 529 2676 largitriee
555 2605 837 2662 Dominum
863 2606 1299 2674 deprecarentur,
1329 2605 1590 2671 simulque
1618 2656 1623 2663 .

42 2712 201 2765 gntes
226 2699 483 2753 referrent
509 2684 783 2751 conditori
805 2735 821 2759 ,
851 2696 944 2762 qui
963 2690 1415 2751 suariam—nim
1442 2695 1583 2751 desi-

42 2788 177 2857 nttjn
197 2790 442 2843 omnibus
465 2788 694 2842 famulos
719 2784 1141 2849 necessitatibus,
1168 2792 1223 2841 et
1252 2796 1368 2847 post
1399 2800 1590 2839 tnnnus

40 2881 259 2932 ohlsttlI
290 2880 610 2946 reciperent.
639 2878 686 2932 0
714 2875 844 2930 mira
870 2875 1174 2929 Conditoris
1202 2876 1399 2944 pietas!
1432 2890 1589 2945 egere

38 2986 123 3024 nos
158 2969 314 3035 sinit,
354 2981 413 3024 ut
445 2983 539 3024 sua
579 2969 720 3023 dona
748 2967 1023 3037 egentibus
1057 2966 1327 3034 largiendo
1364 2966 1587 3021 demon-

38 3070 159 3114 stret
182 3076 197 3113 :
224 3059 416 3115 tentari
446 3058 741 3129 permittit,
769 3067 826 3110 ut
854 3057 907 3111 iu
940 3059 1230 3112 testatione
1268 3056 1588 3113 subi-enicas

35 3165 240 3204 suorum
267 3150 484 3206 uberius
510 3148 564 3203 in
603 3163 663 3203 se
683 3161 717 3204 e
736 3149 844 3202 trda
866 3146 1063 3204 excitet
1098 3145 1449 3212 famulorum;
1491 3163 1586 3204 sua

37 3241 259 3293 membra
291 3241 450 3295 savis
488 3239 766 3295 laceranda
806 3238 985 3301 tradit,
1028 3245 1083 3291 ut
1110 3237 1247 3293 circa
1283 3248 1587 3295 senatorum
1614 3214 1659 3273 ο

33 3328 285 3385 medicum
312 3328 662 3397 multiplicata
686 3317 907 3382 dilectio
928 3326 1289 3384 conﬁrmetur.

93 3438 180 3492 46.
217 3438 444 3508 Aliaque
469 3437 627 3492 simul
655 3433 844 3491 nobilis
867 3442 924 3489 et
950 3434 1194 3504 religiosa
1222 3432 1417 3494 fet-ica
1444 3437 1587 3492 Deda

30 3528 235 3585 nomine
252 3529 449 3584 direxit
467 3528 725 3582 ducentos
741 3524 989 3580 frumenti
1011 3538 1075 3579 se
1096 3525 1405 3593 promimus:
1427 3524 1586 3597 [Sup-

29 3622 120 3681 pta,
150 3616 403 3689 annona]
440 3617 650 3671 modios
677 3625 914 3670 centum.
956 3614 1089 3679 Qum
1114 3627 1270 3667 causa
1304 3617 1585 3668 maximam

28 3708 396 3765 verecundiam
427 3705 742 3761 urbisillius
780 3704 1014 3771 poutilcl
1049 3704 1333 3767 excitavit,
1373 3705 1589 3759 nomine

28 3798 313 3863 SulIrouio,
340 3810 369 3849 ι
395 3810 503 3863 quo
532 3794 660 3849 nihil
700 3794 935 3848 muneris
972 3795 1256 3861 impetrare
1295 3809 1391 3847 nec
1428 3793 1589 3862 quid-

28 3901 174 3949 quam
200 3882 586 3939 commutando
612 3893 803 3949 capere
830 3891 1067 3947 potuere.
1111 3881 1225 3946 Quo
1249 3894 1369 3938 cum
1407 3896 1585 3935 mura-

28 3989 161 4027 eetur
185 3971 436 4042 quadam
463 3971 656 4025 mulier
679 3969 939 4027 damonis
965 3977 1117 4036 peste
1136 3969 1287 4035 plena
1317 3984 1435 4021 cum
1460 3968 1581 4032 lilia,

28 4072 251 4129 itemque
294 4060 400 4113 alia
438 4061 575 4113 truci
614 4060 798 4112 morbo
833 4057 1034 4126 repleta
1077 4058 1263 4112 venit:
1295 4072 1425 4126 quas
1466 4072 1586 4112 cum

28 4154 383 4207 .Lolumhanus
415 4153 667 4218 vidisset,
708 4166 1043 4206 communem
1076 4166 1170 4221 pro
1199 4153 1277 4207 eis
1306 4152 1584 4207 Dominum

28 4244 291 4310 :xoravit,
338 4243 661 4309 sanitatique
710 4252 827 4309 post
874 4242 1123 4306 redditas,
1166 4243 1437 4297 comitatui
1488 4257 1586 4298 suo

38 4342 143 4400 .49.,
173 4339 244 4392 ad
276 4346 449 4392 metas
474 4333 619 4404 suas]
653 4334 826 4388 redire
854 4336 1123 4401 praeepit.

76 4429 169 4481 s7.
211 4426 348 4483 Post
388 4430 503 4483 hac
547 4413 1247 4481 Suﬂronius‘Namnetensis
1287 4425 1435 4479 nrbis
1470 4427 1588 4494 epi-

34 4534 336 4588 copusuna
363 4508 487 4572 etim
510 4516 816 4571 Teudoaldo
833 4514 1047 4580 comite,
1072 4513 1219 4583 juxta
1250 4514 1385 4581 regis
1415 4516 1581 4581 impc-

1756 1981 1846 2034 48.
1887 1980 2114 2035 Moratus
2143 1996 2272 2049 ergo
2312 1983 2381 2035 ibi
2419 1980 2718 2051 paululum,
2758 1988 2877 2049 post
2904 1980 2971 2034 ad
3001 1978 3253 2034 Cblotlta-

1689 2072 1823 2124 rium
1855 2070 2101 2139 Hilperici
2134 2058 2321 2137 tilium,
2351 2073 2440 2139 qui
2476 2071 2798 2125 Nemtrasiis
2825 2070 3042 2125 Francis
3066 2084 3252 2139 regna-

1688 2163 1779 2216 bat
1804 2172 2036 2217 extrema
2054 2162 2217 2217 Gallia
2246 2162 2310 2215 ad
2338 2163 2605 2216 Oceanum
2628 2160 2835 2228 positis,
2864 2162 3051 2228 pergit.
3084 2161 3253 2214 Porio

1687 2250 2029 2305 Chlotltarius
2062 2252 2299 2306 audierat
2327 2252 2541 2319 quantis
2568 2250 2914 2323 qualibusque
2934 2248 3143 2315 injuriis
3176 2250 3251 2300 vi-

1689 2352 1805 2391 rum
1848 2338 1942 2391 Dei
1990 2338 2353 2393 Brunechildis
2399 2352 2461 2393 ac
2489 2337 2846 2393 Theodericus
2887 2333 3247 2403 fatigaverunt.

1688 2427 1855 2493 Quem
1900 2444 2019 2483 cum
2068 2430 2305 2495 vidisset,
2356 2429 2497 2483 velut
2538 2430 2755 2482 caeleste
2800 2438 2992 2481 munus
3031 2423 3249 2492 recepit,

1688 2532 1956 2587 ovansque
1998 2527 2260 2586 precatur,
2303 2525 2360 2571 ut
2398 2518 2441 2571 si
2474 2516 2635 2571 vellet
2673 2518 2808 2570 intra
2838 2514 2921 2569 sui
2959 2515 3108 2583 regni
3147 2522 3252 2567 ter-

1690 2611 1863 2663 minos
1907 2611 2183 2674 redderet,
2230 2623 2393 2677 seque
2434 2609 2485 2663 ei
2523 2616 2677 2675 prout
2708 2604 2934 2660 voluerit
2975 2606 3254 2660 famulatu-

1690 2714 1825 2752 rttm.
1857 2702 1924 2752 At
1951 2699 2041 2753 ille
2067 2698 2141 2752 ait
2174 2712 2505 2767 nequaquam
2534 2710 2593 2751 se
2618 2695 2700 2750 his
2734 2695 2785 2749 in
2810 2694 2940 2750 locis
2960 2696 3253 2751 consistere

1690 2789 1860 2852 velle,
1891 2788 1973 2841 vel
2010 2788 2079 2841 ob
2114 2801 2263 2841 suam
2304 2786 2781 2856 peregrinationem
2811 2783 3136 2853 augendam,
3170 2788 3251 2840 vel
3354 2838 3359 2841 .

1690 2877 1832 2931 illius
1879 2876 2279 2930 inimicitiarum
2326 2875 2661 2932 occasionem
2707 2876 3014 2931 sedandam.
3059 2874 3258 2930 Tenuit

1690 2981 1819 3037 ergo
1845 2980 1967 3021 eum
1987 2964 2556 3035 Chlotharius'quantis
2580 2965 2749 3034 potuit
2775 2979 2936 3033 penes
2958 2980 3017 3022 se
3042 2967 3250 3030 diebus,

1688 3058 2079 3129 etstigatusque
2134 3057 2201 3112 ab
2253 3071 2319 3111 eo
2370 3064 2452 3111 est
2493 3055 2561 3111 de
2612 3054 2926 3125 quibusdam
2978 3057 3251 3110 erroribus

1689 3148 1879 3216 quibus
1906 3148 1992 3201 vix
2023 3146 2141 3201 aula
2172 3146 2314 3217 regia
2340 3154 2506 3202 caret.
2537 3144 2775 3213 Spondet
2817 3158 2877 3200 se
2916 3142 3252 3200 Citlotltarius

1687 3239 1836 3310 juxta
1862 3240 1977 3308 ejus
2004 3238 2279 3307 imperium
2309 3238 2483 3294 omnis
2510 3237 2929 3293 emendaturum.
2961 3238 3085 3293 Erat
3107 3242 3248 3292 enim

1689 3330 2028 3383 Citlotbarius
2077 3329 2245 3383 solers
2294 3328 2349 3384 in
2397 3344 2580 3384 amore
2630 3328 2921 3397 sapientiai.
2975 3327 3248 3382 Inventum

1688 3434 1816 3488 ergo
1844 3430 2080 3489 aptatum
2126 3434 2317 3474 munus
2345 3420 2754 3489 gratiﬁcabatur.
2803 3420 3041 3489 morante
3076 3430 3248 3472 autem

1687 3523 1752 3562 eo
1780 3523 1940 3575 penes
1966 3508 2349 3571 Cblotharium,
2381 3507 2445 3561 lis
2471 3507 2638 3561 oritur
2665 3508 2803 3561 inter
2822 3506 3249 3562 Tlteodebcrtum

1687 3606 1741 3651 et
1767 3595 2188 3659 Theodericum,
2223 3604 2277 3649 et
2304 3595 2717 3663 disceptantibus
2748 3594 2981 3663 utrisque
3008 3595 3076 3649 de
3104 3596 3251 3663 regni

1689 3686 1917 3739 termino
1965 3695 2188 3755 uterque
2234 3684 2301 3739 ad
2345 3682 2705 3739 Chlothariutu
2749 3685 2949 3754 legatos
2995 3685 3246 3753 dirigunt,

1689 3788 1907 3844 uterque
1960 3778 2213 3831 adversus
2268 3792 2448 3845 parem
2500 3777 2749 3831 auxilium
2806 3777 3051 3845 postulat.
3099 3777 3251 3844 Quod

1685 3863 2023 3917 Citlotbarius
2056 3863 2112 3917 Β.
2146 3864 2473 3917 Columbano
2502 3863 2767 3917 insinuare
2808 3872 3085 3931 procurat,
3118 3878 3250 3918 con-

1685 3954 1864 4004 sulens
1894 3960 1953 4005 ut
1987 3952 2031 4004 si
2062 3952 2328 4005 videretur
2365 3952 2481 4017 ejus
2517 3951 2757 4015 consilio,
2800 3965 2861 4007 se
2898 3934 2985 4006 uni
3022 3966 3247 4007 consen-

1687 4043 1866 4097 tiendo
1893 4046 2077 4097 contra
2106 4041 2267 4096 alium
2295 4042 2571 4098 dimicare.
2608 4042 2689 4097 Ad
2714 4056 2872 4113 quem
2904 4042 2992 4097 ille
3018 4044 3247 4110 prophe-

1687 4139 1789 4189 tico
1827 4136 2064 4205 repletus
2103 4138 2293 4204 spiritu
2332 4135 2425 4200 sit,
2470 4134 2670 4189 neutris
2710 4148 2770 4189 se
2796 4133 2909 4189 fore
2950 4135 3240 4203 parituram

1683 4225 1949 4288 consiliis,
1997 4239 2148 4279 suam
2193 4226 2331 4278 intra
2375 4224 2585 4297 triennii
2636 4232 2845 4291 tempus
2885 4224 2937 4278 in
2985 4224 3237 4281 ditionem

1685 4324 1917 4368 utrorum
1966 4327 2127 4380 regna
2167 4307 2376 4366 'venire.
2425 4311 2623 4366 Videtis
2665 4326 2794 4380 ergo
2830 4310 3165 4369 Chlothttrius
3209 4328 3240 4367 a

1685 4404 1797 4457 viro
1830 4403 1919 4457 Dei
1950 4402 2071 4456 talia
2103 4402 2201 4455 sibi
2234 4400 2543 4470 prophetico
2567 4414 2659 4465 ore
2685 4400 2824 4466 dici,
2855 4402 3027 4455 neutri
3056 4416 3242 4469 parere

1686 4492 1884 4555 voluit;
1935 4494 2027 4545 sed
2077 4491 2391 4559 promissum
2429 4489 2530 4543 sibi
2562 4499 2767 4557 tempus
2795 4489 3237 4563 ﬁdeliterexspe-

37 4570 679 4679 inmrﬂiéolumbanum
708 4570 827 4661 navi
854 4570 1158 4675 susceptum
1187 4605 1251 4658 ad
1282 4570 1581 4658 lliberniam

1688 4590 1856 4647 etans,
1900 4589 2018 4649 post
2047 4580 2242 4649 potitus
2263 4588 2346 4633 est
2370 4578 2637 4648 triumpho
2662 4577 2921 4635 victoria.

28 4704 285 4757 Iestiuare
327 4696 685 4768 preparabat,
720 4695 825 4768 Sed
854 4696 933 4748 vir
964 4693 1057 4748 Dei
1093 4694 1265 4761 inquit
1295 4708 1308 4745 :
1338 4693 1393 4747 Si
1431 4694 1583 4747 navis

28 4809 121 4857 ma.-
156 4766 363 4846 finibus
402 4786 666 4842 ﬂiberniae
691 4766 927 4837 redditur
952 4782 1134 4845 adest,
1164 4780 1579 4847 suppellectilem

32 4882 349 4949 amitaeque
384 4876 671 4943 suscipiat;
718 4888 816 4944 ego
844 4871 1063 4929 interim
1097 4871 1294 4939 scapha
1336 4881 1583 4940 receptus

28 4969 214 5038 .igeris
243 4966 394 5022 unde
426 4964 613 5028 vehor,
642 4974 914 5031 quousque
941 4959 1102 5014 maris
1127 4958 1193 5012 ad
1217 4958 1321 5011 alta
1350 4958 1575 5012 deferar.

28 5068 239 5131 leperta
268 5070 404 5128 ergo
439 5056 558 5110 navi
584 5069 701 5124 qua:
723 5052 1043 5109 'Scottorum
1064 5050 1385 5106 commercia
1416 5064 1575 5105 vexe-

28 5164 109 5214 λι,
149 5161 384 5203 omnem
426 5144 801 5214 supellectilem
837 5144 1162 5210 comitesque
1200 5142 1408 5211 recipit.
1447 5142 1575 5196 Cum

28 5258 101 5294 ιηι
136 5238 416 5308 remigem
441 5246 558 5293 arte
591 5234 1027 5306 prosperantibus
1058 5234 1301 5301 zephyris
1340 5235 1484 5287 navis
1510 5234 1575 5287 ad

28 5338 95 5385 Ita
128 5330 321 5401 pelagi
348 5326 609 5389 tenderet,
635 5326 888 5381 undarum
914 5323 1082 5377 moles
1102 5321 1332 5384 advenit,
1363 5336 1574 5374 navem-

29 5441 99 5475 ne
131 5422 211 5477 ad
243 5420 402 5475 littus
426 5416 601 5471 redire
631 5418 804 5484 coegit
822 5455 838 5478 ,
870 5414 1129 5482 planoque
1156 5420 1310 5473 terra:
1338 5410 1451 5464 solo
1478 5410 1572 5463 de-

32 5530 161 5568 um
210 5512 440 5579 reliquit
472 5528 485 5561 :
515 5507 839 5581 collectoque
867 5504 1027 5559 ﬂuctu
1068 5505 1120 5559 in
1160 5504 1362 5558 sinibus
1399 5517 1575 5569 aequor

30 5604 231 5659 uievit.
282 5599 473 5654 laesit
499 5612 623 5666 ergo
662 5610 755 5665 per
794 5594 1021 5649 triduum
1051 5594 1261 5667 absque
1291 5593 1443 5648 undis
1481 5607 1571 5645 ca-

1752 4691 1839 4744 49.
1880 4694 2002 4745 Ροδι
2043 4691 2155 4745 hac
2191 4691 2365 4759 coegit
2398 4689 2763 4744 Cblotbarlum
2800 4688 2879 4741 vir
2917 4686 3010 4742 Dei
3047 4694 3103 4742 ut
3138 4690 3237 4747 sibi

1680 4782 1914 4835 solamen
1948 4780 2249 4848 largiretur,
2291 4788 2456 4845 utque
2492 4791 2584 4843 per
2608 4775 2957 4831 Theodeberti
2996 4790 3236 4847 regnum,

1681 4869 1723 4923 si
1755 4870 1974 4932 valeret,
2000 4869 2065 4922 ad
2098 4868 2297 4921 Italiam
2325 4864 2536 4931 Alpium
2561 4863 2684 4932 jugs
2713 4866 3092 4921 transcendens
3117 4880 3236 4935 per-

1680 4961 1905 5015 veniret.
1961 4958 2105 5014 Datis
2152 4971 2279 5025 ergo
2324 4954 2609 5011 comitibus
2652 4955 2741 5024 qui
2788 4969 2910 5013 eum
2957 4970 3122 5025 usque
3164 4956 3232 5011 sd

1681 5052 2102 5106 Theodehertum
2132 5048 2512 5115 perducerent,
2543 5045 2731 5102 itinere
2757 5057 2966 5114 arrepto
2992 5047 3057 5101 ad
3084 5046 3231 5102 Pari-

1678 5143 1792 5197 sius
1818 5142 2000 5195 urbem
2039 5138 2278 5207 pervenit
2306 5154 2319 5190 :
2352 5151 2458 5206 que
2483 5151 2603 5192 eam
2635 5138 2895 5200 venisset,
2925 5134 3154 5191 occurrit
3176 5138 3228 5192 ei

1681 5231 1841 5285 homo
1867 5231 1919 5284 in
1950 5239 2096 5297 porta
2125 5228 2328 5290 habens
2364 5228 2604 5297 spiritu-
2642 5225 3005 5293 intttuudum,
3034 5226 3227 5285 debac-

1678 5323 1843 5373 citans
1879 5327 1931 5372 et
1956 5318 2259 5386 discerpens
2294 5328 2347 5372 et
2382 5316 2660 5386 garrulans
2700 5331 2712 5367 :
2762 5317 3084 5384 queruloque
3118 5318 3225 5371 sci-

1677 5408 1891 5459 scitatur
1924 5410 2095 5469 virum
2123 5403 2214 5461 Dei
2244 5404 2488 5461 affamine
2515 5418 2528 5454 :
2557 5398 2693 5469 Quid
2723 5402 2827 5469 his,
2859 5402 2937 5457 vir
2960 5402 3086 5466 Dei,
3111 5400 3225 5470 agis

1680 5497 1731 5550 in
1788 5497 1955 5550 locis?
1989 5509 2251 5567 raucoque
2276 5495 2511 5566 anhelitu
2547 5510 2580 5549 a
2619 5496 2772 5565 longe
2798 5496 2966 5549 virum
3000 5494 3093 5549 Dei
3121 5493 3226 5549 Co-

1681 5590 1981 5643 lumbanum
2026 5589 2274 5644 advenire
2321 5586 2516 5643 dudum
2557 5585 2666 5656 jam
2692 5586 3009 5643 clamitabat.
3058 5584 3226 5654 Quem

30 5738 52 5761 '
102 5738 167 5793 lu
196 5732 318 5791 alia
344 5729 459 5786 Vita
488 5729 565 5784 sic
594 5731 800 5801 legitur,
833 5747 855 5783 ι
882 5737 933 5785 et
955 5725 1096 5783 braci
1126 5726 1261 5782 unde
1281 5725 1555 5781 cervisiatn
1599 5724 1792 5779 faciunt
1822 5735 2051 5782 centum.
2092 5743 2109 5776 ι
