3880 6236
548 358 570 408 Ἰ
582 354 685 406 33')

1638 342 1828 400 JONJE
1871 338 2157 398 ABDATIS
2198 334 2616 393 ELNONENSIS

3638 328 3751 383 i050

542 483 663 522 cum
698 465 776 518 vir
816 460 907 515 Dei
947 458 1162 512 vidisset
1199 456 1271 508 ait
1302 471 1314 506 :
1351 453 1637 525 Egredere,
1682 452 1915 522 pestifer,
1956 466 2105 520 egre-
2135 458 2185 515 Α
2213 449 2487 502 lenitatem
2534 456 2796 512 congrua,
2854 438 3221 510 proximasque
3268 438 3333 494 ad
3384 438 3750 508 praedicandum

545 561 695 623 dere,
733 569 832 608 nec
868 561 1059 618 Corpus
1095 546 1291 602 Christi
1330 544 1540 597 lavacro
1578 542 1812 595 ablutmn
1843 542 1931 595 diu
1970 541 2109 596 obsi-

547 653 676 707 dere
701 660 989 719 przesumas
1018 664 1032 700 :
1064 644 1194 700 cede
1222 640 1398 696 virtuti
1432 640 1555 705 Dei,
1594 649 1648 694 et
1673 640 1866 695 Christi
1900 638 2113 693 nomine

546 743 810 807 invocato,
841 738 1215 795 contremisce.
1258 732 1361 787 Sed
1391 747 1510 787 cum
1555 730 1647 785 diu
1692 732 1847 785 stevis
1879 730 2112 795 atrisque

548 836 747 891 viribus
772 832 1028 893 obstaret,
1059 829 1140 880 vir
1168 825 1258 881 Dei
1285 838 1495 878 manum
1526 822 1605 877 ori
1630 823 1745 889 ejus
1777 820 1974 889 injecit,
2010 820 2109 872 liu-

543 938 807 997 guamque
835 923 1121 981 obtrectat,
1159 918 1210 969 in
1240 915 1431 968 virtute
1474 913 1563 965 Dei
1604 913 1824 979 imperat
1866 918 1922 962 ut
1957 923 2108 977 egre-

544 1016 735 1077 diatur.
768 1010 917 1063 Tunc
952 1005 1163 1060 horrida
1194 1004 1243 1056 vi
1269 1002 1577 1069 discerpens
1603 1014 1721 1053 cum
1754 1008 1810 1053 ttt
1839 998 1921 1051 vix
1964 998 2113 1051 nexi—

547 1107 643 1167 luts
689 1109 978 1161 teneretur,
1034 1111 1154 1151 cum
1205 1094 1466 1148 viscerum
1522 1089 1753 1144 motione
1800 1104 1863 1143 ac
1912 1088 2112 1141 vomitu

546 1197 712 1251 multo
740 1203 1068 1263 progressus,
1112 1195 1313 1241 tantum
1356 1186 1579 1240 ictorem
1620 1181 1916 1235 astantibus
1945 1181 2112 1241 dedit,

545 1298 604 1340 ut
640 1286 955 1353 sulphureos
984 1295 1043 1334 se
1084 1280 1365 1331 crederent
1405 1272 1610 1326 fat-ilius
1647 1272 1873 1325 tolerare
1902 1270 2110 1323 odores.

616 1376 706 1429 50.
749 1371 949 1427 Deinde
984 1369 1048 1423 ad
1088 1367 1354 1422 Meldense
1393 1363 1641 1430 Oppidum
1684 1369 1970 1430 properat:
2008 1373 2113 1426 quo

544 1482 663 1521 eum
698 1466 947 1528 venisset,
972 1460 1184 1531 quidam
1209 1458 1289 1512 vir
1320 1455 1508 1510 nobilis
1530 1454 1851 1523 llagnerieus
1871 1451 2115 1505 Theode-

546 1558 676 1611 berti
706 1553 948 1620 conviva,
980 1554 1058 1606 vir
1090 1549 1330 1617 sapiens,
1362 1557 1414 1600 et
1452 1544 1688 1600 consiliis
1729 1541 1865 1612 regis
1909 1549 2111 1611 gratus,

543 1660 599 1705 et
639 1647 912 1702 nobilitate
948 1656 1010 1696 ac
1048 1638 1304 1710 sapientia
1332 1637 1552 1691 vallatus
1580 1645 1710 1688 erat.
1750 1635 1796 1687 Is
1826 1634 1992 1686 virum
2024 1630 2115 1684 Dei

546 1742 682 1795 miro
711 1737 902 1808 gaudio
939 1733 1174 1800 recepit,
1219 1742 1382 1797 seque
1412 1727 1605 1780 habere
1636 1738 1814 1779 curam
1847 1723 1960 1791 ejus
1986 1736 2113 1789 spo-

2214 542 2453 595 nationes
2482 537 2710 606 undique
2747 534 2946 590 haberi.
2981 534 3058 587 Ad
3091 535 3202 586 haec
3231 534 3309 585 vir
3343 532 3434 585 Dei
3477 531 3636 598 inquit
3664 546 3677 581 :
3705 530 3756 584 Si

2214 627 2604 699 pollicitatiotiis
2653 637 2755 680 tuae
2800 624 3175 679 adminiculum
3226 620 3539 692 praebueris,
3583 630 3635 673 et
3677 620 3757 674 de-

2214 736 2357 775 mum
2382 720 2627 775 falsitatis
2655 731 2846 771 noxam
2872 729 2975 769 non
3001 712 3332 783 opposueris,
3359 710 3659 780 quantisper
3686 725 3759 764 me

2216 823 2541 867 moraturum
2572 810 2712 863 scias
2737 823 2798 860 ac
2826 807 3165 876 probaturum
3207 807 3250 858 si
3288 805 3339 857 in
3367 801 3611 857 cordibus
3644 816 3760 869 geu-

2217 906 2345 957 tittttt
2376 902 2666 954 vicinarum
2698 898 2854 953 ﬁdem
2884 912 3063 953 serere
3094 896 3325 949 valuere.
3362 893 3512 949 Dedit
3536 908 3656 963 ergo
3683 909 3763 947 rex

2213 997 2483 1064 optionem
2514 1006 2826 1063 quacunque
2864 991 2915 1044 in
2946 999 3095 1058 parte
3126 988 3382 1043 voluisset
3419 986 3763 1055 experimcnzo

2214 1101 2455 1155 quaerere
2488 1086 2660 1139 locum
2691 1082 2780 1152 qui
2810 1081 2907 1136 sibi
2935 1091 2989 1135 et
3036 1080 3145 1135 suis
3189 1080 3497 1149 placuisset.
3546 1078 3662 1132 lude
3689 1095 3760 1130 rc-

2215 1178 2427 1248 quisivit
2459 1178 2652 1241 locum,
2686 1190 2841 1243 quem
2874 1174 3023 1228 favor
3049 1174 3286 1227 omnium
3317 1171 3627 1226 laudabilem
3659 1170 3763 1224 τω-

2214 1269 2372 1323 debat
2403 1268 2536 1320 intra
2567 1266 2864 1321 Germania:
2896 1266 3150 1319 terminus
3180 1264 3368 1318 Rheno
3408 1275 3582 1316 tamen
3612 1270 3765 1314 trans-

2215 1358 2400 1421 misso,
2433 1356 2681 1424 oppidum
2710 1356 2837 1407 olim
2867 1353 3121 1419 dirutum,
3154 1353 3292 1421 quod
3333 1352 3624 1421 Brigantias
3652 1366 3766 1404 nmi-

2216 1450 2529 1516 cupabatur.
2573 1446 2676 1501 Sed
2722 1447 2845 1514 quid
2893 1454 3019 1498 tunc
3060 1445 3141 1498 vir
3184 1444 3275 1498 Dei
3314 1443 3483 1513 egerit
3523 1442 3645 1495 dum
3688 1457 3768 1509 per

2218 1537 2385 1592 Rheni
2416 1539 2620 1591 alveum
2651 1536 2942 1605 navigaret,
2977 1533 3237 1588 silendum
3271 1548 3376 1587 non
3404 1543 3506 1587 est.

2286 1630 2376 1684 52.
2421 1629 2551 1680 Dum
2582 1626 2807 1694 quodam
2846 1624 2933 1680 die
2973 1640 3065 1693 per
3093 1624 3261 1678 Rheni
3290 1624 3495 1677 alveum
3518 1663 3530 1685 ,
3564 1630 3623 1675 ttt
3648 1621 3765 1674 dixi-

2220 1733 2356 1787 mus,
2386 1716 2580 1786 scapha
2612 1716 2951 1782 veherentur,
2983 1715 3048 1768 ad
3080 1714 3261 1769 urbem
3302 1728 3460 1783 quam
3495 1713 3767 1781 Maguntia-

539 1831 723 1900 pendit
744 1870 757 1893 ,
791 1827 1023 1895 qualiter
1052 1823 1118 1876 ad
1148 1818 1497 1875 Theodeberti
1526 1814 1801 1870 accederet
1829 1814 2032 1876 aulam,
2064 1822 2118 1866 et
2153 1803 2190 1860 Β
2221 1827 2339 1864 eum
2380 1820 2590 1864 veteres
2626 1809 2983 1876 appellarunt,
3034 1804 3365 1875 perveniunt.
3410 1805 3523 1871 Quo
3548 1820 3665 1857 cum
3696 1820 3771 1857 ve-

546 1935 650 1974 non
679 1931 798 1972 esse
827 1927 1045 1970 necesse
1072 1911 1204 1966 alios
1228 1908 1453 1963 comites
1479 1922 1509 1962 e
1534 1907 1678 1975 regio
1708 1907 1874 1959 latere
1900 1903 2115 1957 habere.

548 2014 626 2069 Ad
657 2014 757 2065 hoc
780 2010 923 2063 enim
953 2006 1176 2061 aliorum
1207 2001 1480 2057 diﬁerebat
1509 1999 1833 2062 subsidium,
1865 2005 1921 2050 ut
1950 1996 2118 2049 virum

552 2106 640 2160 Dei
672 2115 850 2157 secum
882 2097 1112 2169 quandiu
1144 2094 1343 2149 valeret
1380 2103 1560 2146 tenere
1592 2089 1874 2157 petuisset,
1917 2098 1969 2140 et
2006 2083 2121 2153 ejus

549 2199 787 2253 doctrina
819 2197 1009 2249 domus
1036 2206 1129 2245 sua
1161 2188 1547 2242 nobilitaretur.
1586 2180 1862 2237 Beuedixit
1885 2194 2012 2249 ergo
2041 2178 2122 2230 vir

549 2293 637 2345 Dei
668 2291 883 2344 domum
920 2285 1063 2352 ejus,
1100 2282 1366 2347 ﬁliamque
1402 2278 1515 2344 ejus
1556 2275 1769 2329 nomine
1811 2268 2121 2340 Burgundo-

547 2384 745 2445 ferant,
775 2393 891 2445 quze
932 2375 1063 2429 inl’ra
1106 2370 1371 2425 infantiles
1410 2382 1575 2421 annos
1616 2374 1761 2430 erat,
1807 2361 2122 2417 benedicens

547 2487 663 2525 eam
707 2468 926 2522 Domino
954 2464 1124 2527 vovit,
1163 2462 1229 2514 de
1256 2474 1356 2528 qua
1387 2466 1564 2526 pestea
1596 2457 1644 2509 itt
1678 2451 2124 2520 subsequentibus

551 2560 885 2616 narrabimus
917 2566 965 2612 ο.
1014 2554 1435 2623 Progressusque
1482 2550 1606 2601 inde
1648 2545 1791 2598 venit
1836 2544 1902 2597 ad
1948 2542 2121 2596 villam

552 2650 830 2721 quamdam
867 2646 1183 2707 Wltiacum,
1222 2655 1339 2709 qua).
1382 2652 1539 2706 supra
1580 2649 1789 2690 amnem
1835 2631 2123 2687 Maternam

549 2744 648 2798 sita
694 2749 794 2795 est.
843 2739 917 2792 Ibi
964 2743 1208 2803 receptus
1248 2740 1328 2784 est
1374 2744 1403 2782 a
1444 2727 1669 2795 quodam
1713 2726 1825 2779 viro
1869 2722 2126 2778 Authario

551 2832 794 2894 nomine,
847 2826 997 2896 cujus
1043 2824 1233 2891 coujttx
1285 2820 1413 2890 Aiga
1459 2819 1761 2881 dicebatur;
1807 2814 1835 2853 δ
1871 2824 2126 2881 erantque

552 2928 632 2979 his
662 2924 752 2977 lilii
785 2918 915 2975 infra
946 2918 1179 2972 infantia:
1204 2928 1369 2967 annos
1393 2915 1654 2967 decennes
1686 2910 1856 2979 |Sur.,
1880 2905 2125 2973 detentil,

551 3028 683 3082 quos
715 3019 880 3065 mater
902 3010 963 3062 ad
991 3004 1413 3061 benedicendum
1439 3003 1551 3055 viro
1577 3001 1665 3054 Dei
1695 3000 1906 3053 obtulit.
1934 2996 2127 3049 Videtis

553 3109 641 3161 ille
672 3106 854 3158 matris
885 3102 1041 3155 ﬁdem
1064 3141 1078 3165 ,
1110 3096 1403 3151 infantulos
1428 3107 1522 3146 sua
1556 3091 1919 3145 benedictione
1948 3102 2127 3141 sacra-

2220 1902 2419 1965 lliSsel,
2468 1899 2715 1967 remigeri
2761 1898 2850 1967 qui
2900 1900 2951 1951 in
2998 1897 3254 1950 comitatu
3303 1895 3400 1949 viri
3447 1893 3539 1948 Dei
3587 1909 3615 1946 a
3665 1908 3771 1963 rege

2221 1993 2407 2047 directi
2454 1994 2679 2055 fuerant,
2716 1988 2973 2044 vit-o‘Dei
3018 1988 3168 2041 aiunt
3214 2001 3273 2040 se
3320 1987 3372 2040 in
3422 1984 3548 2039 urbe
3591 1984 3772 2037 amicos

2224 2086 2449 2149 habere,
2500 2086 2589 2151 qui
2641 2082 2970 2137 necessarios
3018 2088 3260 2148 sumptus
3307 2076 3635 2145 przeberent,
3678 2078 3770 2145 jam

2222 2185 2361 2238 enim
2386 2182 2694 2237 defecerant
2717 2182 2766 2233 in
2790 2180 2976 2234 itinere
3002 2178 3155 2245 longe
3180 2173 3445 2244 stipendia
3470 2180 3769 2239 sumptuum.

2223 2276 2423 2343 Quibus
2469 2276 2548 2329 vir
2595 2274 2683 2326 Dei
2726 2273 2797 2325 ait
2846 2288 2860 2323 :
2914 2272 3005 2324 Ite.
3051 2269 3151 2334 Qui
3196 2283 3317 2322 cum
3349 2267 3619 2329 abiisseul,
3662 2264 3773 2317 nihil

2225 2375 2555 2435 repererunt.
2608 2362 2935 2429 Reversique
2982 2375 3010 2413 a
3053 2362 3169 2412 viro
3220 2358 3310 2412 Dei
3359 2356 3678 2423 interrogati,
3707 2370 3776 2405 re-

2224 2458 2485 2529 spoudent
2522 2471 2580 2511 se
2613 2454 2913 2508 nullatenus
2958 2453 3243 2518 impetrare
3281 2450 3348 2502 ab
3390 2448 3575 2501 amicis
3602 2445 3775 2512 aliquid

2228 2550 2479 2620 potuisse.
2530 2550 2597 2601 At
2642 2547 2733 2600 ille
2780 2562 2791 2597 :
2840 2544 3006 2599 Sinite
3039 2557 3156 2606 me,
3192 2539 3397 2608 inquit,
3426 2538 3685 2615 paululum
3722 2537 3777 2587 ad

2226 2664 2401 2704 meum
2446 2644 2593 2699 abire
2636 2642 2885 2696 amicum.
2934 2637 3242 2692 Mirantibus
3280 2635 3390 2687 illis
3437 2633 3574 2685 unde
3617 2630 3699 2684 illo
3735 2629 3775 2681 in

2228 2740 2364 2806 loco,
2407 2752 2511 2805 quo
2551 2744 2673 2787 ante
2715 2747 2818 2785 nun
2865 2731 3054 2794 fuerat,
3103 2728 3329 2779 amicum
3381 2723 3631 2783 haberet,
3676 2734 3778 2787 pro-

2228 2841 2440 2899 gressus
2490 2825 2577 2879 ille
2622 2824 2687 2876 ad
2730 2821 3009 2876 ecclesiam
3061 2818 3259 2886 pergit;
3307 2830 3466 2883 quam
3515 2815 3775 2882 ingressus,

2232 2919 2529 2988 pavimento
2558 2915 2823 2968 inhrereus
2853 2913 3023 2979 longa:
3052 2906 3309 2963 orationis
3343 2894 3665 2973 protectione
3693 2902 3779 2954 υυο

2231 3012 2429 3062 tuinum
2484 3022 2640 3060 suum
2691 3012 2745 3057 et
2800 3001 3011 3070 pietatis
3068 2996 3302 3068 postulat
3354 3007 3643 3049 auctorem.
3689 2991 3777 3046 Nec

2233 3118 2375 3157 mora
2398 3141 2412 3164 ,
2444 3110 2464 3137 ε
2494 3098 2776 3167 episcopus
2818 3093 2960 3146 urbis
3003 3090 3145 3144 illius
3183 3090 3341 3142 domo
3384 3098 3688 3155 progressus
3721 3083 3775 3134 ad

553 3202 644 3269 vit,
673 3198 759 3267 qui
788 3206 924 3265 post,
948 3209 1071 3247 mox
1102 3199 1157 3245 ut
1184 3189 1474 3259 pubescere
1500 3194 1794 3255 cmperunt,
1824 3182 2124 3237 Chlothario

2234 3192 2507 3248 ecclesiam
2548 3187 2720 3250 venit,
2766 3192 3139 3261 repertumque
3185 3180 3242 3233 Β.
3274 3177 3650 3233 Columbanum
3686 3176 3778 3228 sci-

553 3290 663 3358 regi
706 3289 931 3355 primum
977 3298 1039 3338 ac
1078 3282 1327 3349 deinceps
1362 3278 1656 3347 Dagohertt)
1694 3274 1975 3343 gratissimi
2008 3280 2131 3326 sunt

555 3368 752 3441 habiti;
783 3376 874 3446 qui
906 3384 1179 3444 postquam
1209 3370 1390 3425 sreculi
1420 3369 1586 3437 gloria
1620 3363 1864 3419 illustrari
1896 3363 2127 3423 fuerunt,

552 3471 852 3524 accelerare
880 3470 1192 3533 coeperunt,
1224 3470 1279 3514 ut
1311 3473 1406 3527 pro
1439 3457 1607 3526 gloria
1636 3454 1810 3509 saeculi
1843 3468 1945 3506 non
1977 3465 2131 3504 care-

554 3577 670 3621 rent
699 3572 917 3619 mterna.
951 3561 1188 3625 Quot-um
1236 3554 1403 3623 major
1434 3563 1554 3605 natu
1576 3593 1590 3617 ,
1624 3549 1736 3603 Ado
1767 3545 2011 3607 nomine,
2043 3558 2127 3596 se—

554 3666 663 3711 met
698 3656 807 3709 suis
841 3649 1199 3705 voluntatibus
1240 3643 1535 3704 abdicavit,
1570 3649 1841 3709 postquam
1875 3637 2008 3690 intra
2040 3633 2132 3686 Ju-

556 3752 668 3807 rani
701 3749 866 3803 saltus
894 3759 1016 3798 arva
1046 3740 1427 3796 monasterium
1458 3751 1520 3790 ex
1552 3734 1687 3787 beati
1720 3730 1897 3800 regula
1920 3727 2131 3781 Colum-

557 3847 675 3899 hani
703 3837 999 3896 construxit
1034 3854 1043 3887 :
1074 3834 1358 3903 juniorque
1386 3826 1598 3882 nomine
1629 3824 1773 3876 Dado
1813 3822 1945 3874 intra
1985 3818 2133 3870 Brie-

555 3950 772 4006 gensem
834 3931 1027 3985 saltum
1095 3937 1254 3991 supra
1315 3918 1581 3973 ﬁuviolum
1650 3912 2009 3966 ltesbaceuum
2064 3922 2127 3959 ex

556 4022 847 4093 supradicti
877 4019 974 4072 viri
1005 4017 1185 4084 regula
1215 4008 1596 4064 monasterium
1626 4002 1939 4059 consumit.
1964 3999 2128 4051 Tanta

558 4118 609 4171 itt
643 4115 807 4168 virum
847 4109 937 4164 Dei
980 4107 1146 4174 gratia
1184 4100 1543 4161 redundabat,
1583 4107 1638 4149 ut
1674 4106 2014 4162 quoscunque
2046 4104 2131 4141 sa-

560 4207 746 4268 cravit,
798 4201 847 4255 itt
900 4199 1021 4253 boni
1071 4195 1243 4249 cultus
1287 4187 1675 4260 perseverantia
1723 4185 1837 4237 dies
1884 4194 2128 4249 suprema

560 4296 787 4357 invenit;
826 4300 878 4345 et
905 4302 1038 4358 quos
1081 4286 1149 4339 de
1192 4279 1446 4337 industria
1480 4278 1698 4338 tnonuit,
1730 4273 1895 4343 gavisi
1930 4280 2049 4324 sunt
2074 4284 2131 4322 se

564 4398 739 4458 postea
789 4382 1151 4450 impunitatem
1202 4375 1488 4434 meruisse;
1540 4383 1637 4422 nec
1686 4365 1951 4420 immerito
2000 4360 2129 4413 tanti

562 4456 658 4531 viri
692 4477 851 4528 fultus
882 4466 1203 4523 adminiculo
1235 4473 1432 4530 partem
1463 4459 1643 4529 gratia:
1678 4456 1870 4524 potitus
1899 4461 1976 4505 est
2008 4465 2130 4515 sup—

566 4570 853 4637 plemento,
882 4559 969 4627 qui
1000 4554 1259 4611 doctrinis
1286 4551 1399 4619 ejus
1433 4550 1682 4608 innexus,
1724 4543 1887 4598 uoluit
1913 4556 1942 4593 a
1976 4540 2130 4607 justte

565 4666 681 4715 vitm
712 4657 919 4713 tramite
946 4652 1177 4707 deviare.

640 4776 726 4825 Sil.
770 4766 973 4822 Exinde
1014 4763 1078 4815 ad
1118 4756 1540 4815 Theodebertum
1585 4750 1722 4805 venit
1762 4767 1772 4800 :
1819 4761 1972 4816 quem
2015 4758 2131 4797 cum

564 4860 959 4921 'l‘heodcbertus
1004 4854 1238 4913 vxdisset,
1290 4863 1453 4903 ovans
1497 4844 1605 4897 suis
1651 4839 1865 4894 sedibus
1914 4836 2131 4903 recepit.

567 4962 682 5015 Jam
714 4955 852 5010 enim
891 4947 1041 5001 multi
1074 4946 1291 4997 fratrum
1325 4948 1444 5007 post
1470 4952 1588 4992 eum
1620 4950 1682 4987 ex
1716 4931 1948 4985 Luxovio
1978 4944 2135 4979 vene—

570 5060 709 5114 rant,
742 5058 873 5113 quos
898 5038 1041 5093 velut
1070 5051 1131 5089 ex
1167 5033 1392 5085 hostium
1425 5030 1601 5097 prteda
1634 5026 1937 5092 recipiebat.
1972 5018 2133 5072 Polli-

568 5147 806 5207 Clltlaque
832 5145 911 5190 est
938 5129 1339 5187 Theodebertus
1367 5140 1423 5177 se
1454 5123 1682 5190 reperire
1714 5120 1848 5171 intra
1883 5113 2137 5168 terminos

571 5256 695 5296 suos
730 5239 841 5290 loca
876 5240 1091 5286 venusta
1135 5237 1186 5281 et
1226 5221 1437 5277 famulis
1479 5221 1567 5273 Dei
1604 5220 1669 5270 ad
1699 5230 1906 5268 omnem
1948 5223 2138 5277 oppor-

642 5390 665 5413 ίι
707 5377 843 5443 Lege
876 5372 1042 5443 Vitam
1166 5358 1572 5443 lit_trgttndoiara:
1603 5357 1755 5443 infra.

642 5448 667 5484 ‘-'
708 5419 883 5501 iloiiex
931 5419 1521 5497 Cunchettsisuscribtt,
1558 5447 1576 5478 t
1612 5437 1865 5501 erantque
1914 5423 1994 5476 his
2044 5419 2135 5472 ﬁlii

574 5498 755 5574 tresue
795 5520 1101 5579 Alltlnyllllls
1130 5508 1215 5579 qui
1253 5506 1416 5579 Vitam
1450 5504 1505 5555 S.
1538 5498 1849 5579 ᾳοΙιιιιιὶκιιιι
1883 5508 2139 5579 comp-ep-

574 5596 661 5643 diu
693 5586 899 5653 scripsit
934 5564 1001 5635 ί(
1041 5564 1163 5631 lude
1196 5578 1245 5629 in
1280 5576 1397 5626 villa
1426 5573 1653 5641 quadam
1683 5584 1803 5653 qum.
1838 5581 1993 5631 supra
2040 5564 2140 5642 dia-

577 5674 777 5713 ttonattt
801 5632 1027 5708 1ηιινὶιιιιι
1074 5649 1235 5715 posita
1269 5656 1415 5706 erat,
1446 5632 1487 5695 ἐι
1523 5644 1633 5693 viro
1669 5632 1901 5705 quodam
1936 5645 1988 5686 et
2026 5632 2141 5712 ejus

575 5735 798 5796 conjuge
831 5704 1119 5777 honoriﬁce
1149 5704 1453 5783 summitur,
1485 5704 1862 5796 qttihttserattlt‘
1890 5704 2139 5796 dutrllilti,

574 5775 856 5870 qttt’aditut‘
886 5796 1113 5849 infantia:
1144 5775 1306 5842 anuis-
1328 5775 1715 5841 detinebantur.
1764 5800 1779 5829 ι
1825 5779 1887 5831 Et
1926 5775 2140 5845 quidem

2233 3292 2451 3345 scitatur
2478 3289 2595 3354 quis
2625 3287 2712 3337 sit.
2757 3284 2821 3336 At
2850 3282 2938 3335 ille
2970 3262 3164 3333 fa’ietur
3204 3290 3262 3330 se
3298 3274 3632 3344 peregrinum
3655 3282 3778 3323 esse.

2232 3382 2328 3436 Cui
2373 3380 2462 3436 ille
2497 3380 2570 3431 ait
2605 3395 2617 3429 :
2652 3377 2707 3431 Si
2743 3388 2958 3428 necesse
2995 3380 3079 3426 est
3119 3378 3423 3437 sumptuum
3464 3366 3662 3434 copiam
3698 3374 3778 3416 et-

2233 3488 2378 3543 pere,
2426 3485 2649 3540 propera
2699 3468 2937 3530 domum,
2986 3472 3040 3518 et
3081 3470 3332 3533 quantum
3382 3472 3601 3513 necesse
3644 3454 3779 3508 fuerit

2237 3577 2405 3618 tecum
2436 3561 2602 3615 defer.
2635 3560 2703 3611 At
2734 3559 2823 3611 ille
2852 3570 2971 3609 cum
3002 3554 3197 3623 gratias
3226 3551 3420 3620 egisset
3443 3548 3516 3612 ei,
3541 3546 3778 3611 simulque

2232 3666 2285 3710 et
2315 3652 2587 3707 (londitori
2620 3650 2704 3716 qui
2735 3650 3103 3715 inspiraverat,
3140 3657 3329 3712 pueros
3359 3628 3582 3696 festinus
3608 3639 3666 3691 ad
3694 3651 3776 3689 na-

2237 3760 2357 3799 vetn
2401 3745 2512 3810 ipse
2541 3741 2719 3807 dirigit
2762 3747 2817 3790 ut
2848 3751 3033 3790 omnes
3070 3736 3285 3789 veniant
3320 3732 3539 3787 custode
3578 3746 3676 3785 uno
3701 3727 3779 3782 di-

2235 3838 2418 3901 misso,
2463 3842 2515 3888 et
2553 3847 2671 3899 qua:
2710 3829 2907 3883 vellent
2940 3843 3120 3881 secum
3154 3827 3517 3893 deportarent.
3557 3820 3695 3889 Quod
3724 3837 3777 3875 ne

2233 3927 2317 3980 cui
2358 3940 2483 3978 casu
2516 3920 2755 3976 evenisse
2779 3922 3036 3981 videatur,
3068 3916 3255 3970 solitus
3293 3925 3407 3968 erat
3446 3924 3619 3981 postea
3657 3914 3775 3965 idem

2233 4017 2509 4084 episcopus
2536 4009 2833 4079 protesmri,
2859 4022 3124 4075 nunquam
3152 4018 3209 4057 se
3237 4016 3393 4056 antea
3423 4004 3502 4057 sic
3522 4002 3772 4055 attonitum

2236 4110 2286 4159 iu
2319 4102 2597 4157 tribuendo
2630 4099 2927 4154 necessaria
2959 4098 3119 4151 fuisse
3146 4097 3347 4163 absque
3372 4095 3473 4147 alia
3502 4095 3777 4163 oppm'tutti-

2236 4207 2359 4251 tate.
2400 4196 2477 4249 Ad
2524 4193 2661 4247 beati
2691 4192 2831 4245 enim
2862 4189 3166 4243 Columbam
3201 4186 3479 4247 meritum,
3512 4185 3679 4238 d.vina
3705 4185 3777 4234 ad-

2236 4288 2523 4343 monitione
2549 4287 2611 4338 ad
2638 4284 2913 4339 ecclesiam
2944 4298 3001 4335 se
3029 4281 3234 4333 venisse
3265 4284 3576 4332 testabatur.

2304 4380 2390 4434 55.
2435 4378 2630 4433 Deinde
2681 4376 2990 4441 perveniunt
3033 4373 3097 4425 ad
3159 4371 3182 4407 ἀ
3220 4372 3433 4434 locum,
3480 4381 3629 4437 quem
3676 4381 3775 4433 per-

2165 4494 2213 4552 υ
2236 4490 2425 4545 agrans
2451 4476 2526 4527 vir
2553 4473 2642 4526 Dei
2676 4486 2777 4523 ttou
2806 4469 2915 4520 suis
2947 4467 3151 4534 placere
3173 4464 3363 4515 anituis
3387 4462 3480 4524 ait,
3505 4462 3593 4514 sed
3620 4472 3770 4511 tamen

2235 4570 2304 4622 ob
2334 4569 2486 4621 ﬁdem
2520 4567 2569 4619 itt
2596 4564 2672 4618 eis
2709 4559 2988 4615 serendum
3021 4556 3147 4610 inibi
3179 4556 3447 4625 paulisper
3476 4562 3771 4606 moraturum

2234 4676 2293 4714 se
2349 4656 2652 4727 spepottdtt.
2708 4653 2841 4705 Sunt
2896 4649 3090 4703 etenim
3144 4646 3267 4699 ittibi
3322 4642 3511 4697 vicina:
3563 4641 3773 4693 nationes

2237 4752 2550 4807 Suevurutu.
2583 4745 2696 4811 Quo
2723 4759 2841 4797 cum
2874 4751 3189 4801 moraretur,
3222 4748 3275 4792 et
3315 4739 3452 4791 inter
3481 4734 3773 4788 habitatores

2238 4844 2332 4895 loci
2368 4840 2503 4893 illius
2533 4838 2956 4906 progrederetur,
2989 4833 3184 4897 reperit
3214 4844 3305 4882 eos
3334 4826 3638 4881 sacriﬁcium
3666 4836 3769 4890 pro-

2239 4934 2413 4988 fanum
2448 4934 2597 4985 litare
2629 4932 2781 4991 velle,
2814 4940 3011 4991 vasque
3040 4937 3284 4990 magnum
3308 4961 3322 4983 ,
3355 4919 3496 4987 quod
3528 4917 3671 4984 vulgo
3697 4930 3772 4967 cu-

2239 5039 2355 5091 pam
2405 5031 2623 5083 vocant,
2676 5017 2812 5085 quod
2863 5013 3042 5083 viginti
3091 5023 3143 5064 et
3186 5026 3277 5065 sex
3328 5008 3535 5060 modios
3578 5005 3773 5073 amplius

2239 5116 2474 5167 minusve
2504 5112 2764 5177 capiebat,
2799 5108 3020 5161 cervisia
3068 5104 3279 5173 plenum
3324 5100 3375 5154 in
3423 5099 3592 5153 medio
3630 5096 3773 5148 hahe-

2240 5211 2365 5263 bant
2394 5210 2642 5279 positum.
2676 5207 2750 5258 Ad
2784 5205 2921 5273 quod
2954 5203 3028 5255 vir
3074 5199 3163 5254 Dei
3194 5195 3453 5261 accessit,
3484 5206 3535 5249 et
3566 5191 3772 5249 si'iscittb

2242 5347 2338 5399 hoc
2370 5344 2431 5395 :ttl
2465 5351 2693 5393 tuentem
2722 5338 2868 5391 JOum
2900 5334 3062 5399 magis
3090 5329 3315 5383 accedit.
3350 5328 3489 5395 Lege
3520 5315 3776 5378 Frodoat‘di

2239 5430 2449 5472 carmen
2482 5426 2531 5465 et
2566 5411 2734 5461 Vitam
2768 5411 2824 5461 ὃ.
2858 5404 2991 5471 Agili
3020 5402 3223 5455 abbatis
3254 5401 3408 5472 infra.

2318 5463 2527 5536 cm’i‘titic
2555 5481 2827 5548 Mngutttiu:
2854 5463 3032 5548 sedem
3058 5475 3267 5527 tenebat
3296 5469 3593 5548 Leo-nisiut“,
3613 5463 3676 5517 de
3694 5474 3778 5527 qun

2243 5556 2521 5624 legendum
2560 5540 2853 5617 Fredegarii
2883 5546 3206 5624 Chi-otticott,
3239 5556 3359 5607 cap.
3392 5540 3480 5591 58.

2313 5604 2337 5663 δ
2382 5628 2576 5689 [Vetnpe
2605 5624 2653 5673 in
2698 5604 2865 5669 itii-tim
2904 5611 2987 5683 qiti
3018 5613 3277 5689 ducet-uda
3302 5604 3604 5689 dict-batur,
3642 5604 3687 5654 in
3704 5614 3779 5689 ra-

2244 5702 2348 5767 pite
2560 5672 2802 5761 il‘tgmini
2824 5730 2836 5749 ,
2890 5672 2963 5741 uti
2994 5702 3057 5741 ex
3096 5683 3387 5737 Walal‘t'itlu
3415 5679 3664 5735 Strabone
3689 5672 3779 5722 dis-

2244 5785 2430 5825 υιιιιιιε.
