3820 6322
47 412 150 466 l0“

33 529 106 572 tur
125 517 238 584 quid
265 518 329 572 de
356 517 448 572 illo
477 517 590 572 ﬁeri
622 521 843 575 vellem.
876 521 949 575 Illi
974 520 1118 574 aiunt
1153 519 1260 572 Deo
1285 533 1380 570 suo
1407 517 1431 544 ‘
1467 515 1572 568 νο·
1603 511 1652 568 Δ

31 607 167 670 datio,
201 626 353 679 quem
393 610 714 665 Mercurium
757 622 950 666 vocant
988 610 1098 674 alii,
1137 625 1199 664 se
1229 611 1364 663 velle
1405 609 1579 662 litare.

31 699 110 756 IIIe
153 701 456 768 pestiferum
510 717 641 769 opus
692 703 936 765 audiens,
985 717 1078 755 vas
1124 701 1333 772 eminus
1384 698 1581 761 sumat,

29 791 245 858 miroque
286 792 450 844 modo
490 806 584 843 vas
629 805 752 844 cum
801 790 1010 858 fragore
1048 788 1377 851 dissolvitur,
1427 796 1479 839 et
1528 786 1580 839 in

29 881 172 935 frusta
197 881 472 946 dividitur,
506 882 690 949 visque
729 885 912 948 rapida
944 898 1064 937 cum
1097 882 1305 951 fragore
1343 879 1581 934 cervisize

27 973 298 1038 prorumpit
325 988 340 1024 :
371 972 764 1039 manifesteque
791 973 944 1027 datur
973 972 1192 1040 intelligi
1223 971 1494 1024 diabolum
1527 970 1578 1022 in

27 1075 80 1110 eu
109 1075 223 1114 vase
250 1059 417 1115 fuisse
447 1063 772 1116 occultatum
795 1105 810 1129 ,
851 1065 1065 1130 qui.per
1095 1061 1374 1128 profanum
1405 1061 1580 1113 litato-

26 1167 120 1204 rem
147 1163 356 1216 caperet
381 1153 590 1205 animas
618 1152 1053 1206 sacrificantium.
1085 1151 1338 1205 Videntes
1367 1149 1578 1203 barbari

25 1243 349 1306 obstupefacti
378 1244 529 1295 aiunt
574 1257 825 1310 magnum
860 1243 1027 1296 virum
1061 1240 1152 1294 Dei
1186 1239 1383 1294 habere
1411 1240 1577 1292 anhe-

23 1334 172 1388 litum.
201 1334 289 1400 qui
333 1335 412 1386 sic
442 1333 608 1399 possit
634 1333 928 1388 dissolvere
970 1348 1062 1386 vas
1089 1332 1427 1402 Iigamiuibus
1457 1346 1574 1384 mu-

21 1427 211 1477 nitum:
253 1425 647 1490 castigatosque
689 1423 845 1477 dictis
892 1423 1228 1492 evangelicis,
1280 1431 1336 1485 ut
1379 1421 1447 1474 ab
1494 1419 1577 1473 his

18 1522 405 1580 segregarentur
451 1514 765 1576 sacrificiis,
813 1513 1059 1568 domibus
1107 1513 1280 1568 redire
1327 1513 1573 1578 imperat.

21 1603 148 1654 Multi
175 1617 303 1670 ergo
330 1617 517 1656 eorum
552 1613 674 1656 tunc
715 1618 807 1669 per
838 1603 974 1656 beati
1003 1603 1099 1656 viri
1145 1617 1356 1663 suasum
1384 1601 1450 1654 ad
1479 1601 1574 1654 do—

17 1692 225 1744 ctrinam
272 1701 328 1746 et
373 1692 442 1745 ad
479 1691 676 1746 Christi
729 1693 883 1746 Iidem
923 1693 1199 1754 conversi,
1257 1693 1570 1760 baptismum

12 1785 264 1850 consecuti
313 1792 471 1847 sunt;
517 1783 754 1853 aliosque
797 1785 976 1848 etiam,
1025 1799 1159 1853 quos
1201 1785 1308 1852 jam
1361 1785 1570 1838 lavacro

13 1877 202 1930 ablutos
230 1892 383 1931 error
409 1877 681 1932 detinebat
719 1877 988 1946 profanus,
1017 1878 1080 1930 ad
1110 1877 1308 1931 cultum
1335 1889 1564 1942 evange-

13 1969 115 2019 lica!
142 1969 395 2022 doctrime
423 1969 640 2022 monitis
668 1971 777 2023 suis
821 1977 874 2022 ut
900 1969 1070 2024 bonus
1101 1976 1280 2038 pastor
1326 1968 1573 2023 Ecclesia:

10 2056 287 2109 seminibus
315 2057 602 2111 reducebat
629 2059 850 2125 sparsis.

73 2145 156 2200 54.
201 2147 279 2200 Eo
309 2147 486 2216 itaque
522 2158 760 2214 tempore
789 2147 1146 2203 Theodericus
1175 2159 1332 2215 atque
1370 2149 1571 2201 Brune-

7 2237 186 2289 childis
233 2253 338 2289 non
387 2237 562 2289 solum
593 2237 872 2290 adversum
911 2237 1294 2291 Columbanum
1339 2235 1567 2289 insanie-

9 2327 142 2388 Iiaut,
171 2340 356 2378 verum
400 2327 560 2379 etiam
591 2337 644 2380 et
685 2336 869 2380 contra
915 2328 1310 2380 sanctissimum
1355 2326 1570 2379 Deside-

8 2421 132 2471 rium
189 2421 508 2474 Viennensis
559 2422 705 2475 urltis
757 2421 1062 2488 episcopum
1117 2421 1565 2482 adversabantur;

3 2527 148 2576 quem
178 2512 406 2579 primum
437 2513 626 2565 exsilio
653 2513 957 2564 damnatum
987 2511 1164 2564 multis
1196 2510 1404 2577 injuriis
1440 2511 1570 2563 affli-

5 2617 120 2664 perc
147 2603 472 2665 nitebantur,
505 2603 570 2655 ad
601 2611 926 2669 postremum
963 2617 1089 2655 vero
1113 2602 1345 2678 glorioso
1375 2611 1568 2669 marty-

2 2695 75 2744 rio
100 2704 426 2748 coronarunt
451 2714 462 2746 :
490 2694 641 2760 cujus
666 2705 812 2764 gesta
842 2694 1036 2760 scripta
1064 2694 1346 2755 habentur,
1375 2692 1566 2758 quibus

2 2795 43 2835 et
73 2784 280 2850 quantis
309 2785 722 2838 adversitatibns
761 2784 1050 2853 gloriosum
1096 2783 1233 2849 apud
1284 2782 1562 2835 Dominum

2 2875 179 2926 meruit
211 2873 410 2926 habere
435 2872 782 2940 triumphum.
837 2873 1067 2926 Vacante
1112 2872 1284 2941 [Sur.,
1320 2867 1562 2938 vagante]

2 2965 164 3028 itaque
187 2962 518 3015 Columbano
539 2977 656 3015 cum
681 2963 790 3016 suis
819 2977 979 3029 penes
1003 2962 1322 3031 Brigantiam
1355 2964 1558 3025 urbem,

2 3055 137 3106 nunc
165 3057 420 3122 egestatis
461 3066 667 3122 tempus
696 3054 930 3108 obvenit.
977 3056 1079 3112 Sed
1109 3057 1351 3123 quamvis
1380 3055 1564 3109 alimo-

1289 409 1346 465 S.
1386 401 1781 461 COLUMBANI
1825 405 2006 461 VITA.

3130 419 3263 473 10ίὲ

1683 511 1850 579 (Paul.
1882 517 2081 585 Lxxvtt)
2114 532 2127 572 :
2157 533 2278 574 cum
2309 528 2532 576 terrena:
2561 536 2689 590 opes
2718 524 3094 595 subvenerint,
3131 541 3258 589 tunc

1684 608 1846 674 gratis
1876 618 2190 663 amoventur
2222 611 2402 666 illa-uc.

1752 696 1841 751 55.
1883 698 1999 763 Ipso
2039 700 2215 765 itaque
2243 710 2480 768 tempore
2503 716 2622 756 cum
2651 703 2752 757 sub
2780 707 3006 770 quodam
3039 715 3260 780 scopulo

1684 784 1821 840 inter
1847 796 1993 841 vasta
2023 789 2186 841 eremi
2227 787 2428 857 jejunio
2456 805 2649 858 corpus
2677 793 2995 862 conﬁceret,
3036 807 3092 850 et
3123 799 3254 853 nihil

1682 877 1821 929 aliud
1861 887 2053 944 praeter
2091 881 2227 934 ruris
2268 896 2452 946 poma,
2493 896 2717 949 quorum
2762 885 3004 952 superius
3036 886 3260 942 fecimus

1683 967 2025 1033 mentionem,
2060 972 2109 1022 in
2153 971 2302 1024 cibos
2339 980 2578 1036 capt-ret,
2630 975 2771 1026 venit
2810 985 3016 1029 assueta
3061 976 3257 1032 abdit:c

1682 1058 1987 1111 voracitatis
2020 1058 2126 1112 fera
2171 1073 2324 1112 ursus
2345 1101 2358 1122 ,
2394 1063 2658 1129 coepitque
2701 1065 3027 1118 necessarios
3055 1065 3258 1119 delam-

1681 1147 1807 1202 bere
1853 1151 2022 1217 cibos,
2068 1165 2129 1204 ac
2176 1165 2327 1218 poma
2368 1166 2462 1205 ore
2491 1151 2794 1207 detrahere.
2842 1154 3080 1223 Cumque
3129 1158 3257 1210 hora

1681 1241 1985 1297 refectionis
2038 1241 2380 1307 advenisset,
2429 1241 2456 1280 ι’
2509 1243 2901 1312 Cbagnoaldum
2954 1248 3254 1302 ministrum

1679 1349 1831 1389 suum
1863 1335 2066 1405 dirigit,
2097 1345 2150 1389 ut
2181 1346 2488 1390 consuetam
2519 1351 2821 1389 mensuram
2852 1351 3132 1404 pomorum
3163 1338 3256 1394 de-

1679 1427 1859 1479 ferret.
1895 1424 1994 1490 Qui
2037 1438 2156 1478 cum
2197 1425 2453 1490 abiisset,
2500 1439 2680 1480 ursum
2723 1426 3000 1479 interiores
3038 1426 3256 1481 frutices

1677 1515 1944 1583 rnbosque
1994 1516 2269 1583 pervagari
2323 1517 2610 1583 perspexit,
2657 1531 2719 1570 ac
2769 1531 2919 1585 poma
2972 1518 3253 1572 lambendo

1675 1621 1917 1673 carpere.
1969 1604 2215 1660 Festinus
2251 1607 2420 1670 redit,
2465 1606 2708 1674 Patrique
2749 1607 2944 1662 indicat
2978 1624 2990 1660 :
3024 1608 3112 1662 ille
3148 1608 3252 1662 im-

1677 1708 1824 1764 perat
1867 1707 1922 1750 ut
1963 1707 2083 1759 eat,
2119 1706 2426 1765 partemque
2458 1696 2709 1750 fruticum
2742 1698 2792 1749 in
2823 1697 2970 1750 cibos
3007 1699 3127 1751 fera:
3170 1698 3253 1751 di-

1677 1787 1881 1850 mittat,
1911 1787 2172 1855 aliamque
2201 1797 2401 1854 partem
2431 1786 2530 1840 sibi
2568 1799 2839 1845 reservare
2865 1785 3036 1853 jubet.
3082 1787 3253 1841 Abiit-

1675 1892 1780 1944 que
1807 1876 2197 1945 Chagnoaldus,
2228 1891 2292 1930 ac
2317 1876 2462 1944 jussa
2489 1875 2758 1945 implevit,
2789 1875 3074 1944 divisitque
3104 1876 3248 1943 virga

1674 1969 1890 2022 frutices
1932 1966 2217 2034 rubesqne,
2264 1981 2382 2033 qua:
2427 1981 2580 2032 poma
2629 1963 2891 2032 ferebant,
2941 1977 2995 2020 et
3047 1976 3246 2033 partem

1671 2074 1819 2111 suam
1846 2058 1996 2125 juxta
2026 2055 2122 2107 viri
2169 2055 2257 2106 Dei
2290 2055 2565 2122 imperium
2595 2055 2704 2120 egit
2733 2065 2790 2108 ut
2820 2053 2929 2108 fera
2969 2055 3246 2118 comedat,

1670 2148 1934 2213 aliamque
1965 2153 2167 2212 partem
2210 2143 2260 2197 in
2307 2158 2431 2196 usus
2461 2144 2558 2196 viri
2597 2143 2688 2197 Dei
2721 2153 2975 2197 reservat.
3017 2145 3146 2198 Mira
3193 2146 3247 2198 in
3331 2217 3344 2227 ν

1672 2239 1780 2290 fera
1809 2236 2110 2289 obedientia
2135 2237 2148 2288 !
2183 2249 2512 2304 nequaquam
2553 2247 2618 2289 ex
2648 2234 2910 2302 prohibita
2943 2243 3090 2300 parte
3117 2249 3246 2287 ausa

1669 2339 1750 2380 est
1781 2341 1974 2393 capere
1999 2327 2168 2388 cibos,
2198 2325 2291 2378 sed
2333 2327 2385 2378 in
2429 2333 2700 2394 segregata
2744 2323 3105 2393 permissaque
3143 2323 3244 2377 sibi

1669 2416 1916 2470 Iruticum
1942 2423 2090 2481 parte
2113 2413 2479 2465 tantummodo
2509 2411 2697 2480 pabula
2723 2412 3016 2480 requisivit,
3041 2410 3242 2481 quoad-

1669 2522 1834 2572 usque
1864 2505 1943 2557 vir
1975 2503 2065 2557 Dei
2093 2517 2158 2555 eo
2185 2502 2235 2555 in
2266 2501 2382 2555 loco
2407 2511 2764 2555 commoratus
2791 2511 2894 2555 est.

1737 2600 1824 2654 56.
1870 2598 2072 2652 Interea
2124 2597 2370 2668 cogitatio
2405 2597 2468 2649 .in
2516 2606 2747 2652 mentem
2773 2598 2878 2650 ruit
2904 2608 2959 2675 ut
2989 2595 3241 2651 Venello-

1668 2706 1804 2747 rtnn,
1860 2688 1948 2755 qui
2001 2697 2052 2740 et
2103 2688 2274 2742 Sclavi
2315 2687 2579 2752 dicuntur,
2625 2687 2877 2742 terminos
2907 2689 3098 2751 adiret,
3137 2703 3240 2741 cte-

1665 2792 1859 2845 easque
1901 2786 2104 2830 ntentes
2143 2765 2446 2844 evangelica
2477 2777 2594 2831 luce
2614 2776 2927 2839 illustraret,
2955 2791 3016 2830 ac
3040 2777 3104 2830 ab
3132 2779 3238 2830 ori-

1664 2867 1784 2936 gine
1838 2883 1930 2936 per
1979 2867 2094 2920 avia
2122 2867 2491 2920 oberrantibus
2519 2867 2758 2919 veritatis
2797 2868 2933 2918 viam
2964 2867 3234 2932 panderet.

1665 2958 1907 3023 (tumque
1936 2957 2051 3010 hate
2078 2955 2212 3008 votis
2244 2956 2553 3020 patrandum
2583 2963 2745 3018 esset,
2789 2954 3007 3021 angelus
3033 2955 3237 3008 Domini

1664 3049 1711 3101 ei
1764 3063 1856 3116 per
1903 3048 2070 3100 visum
2107 3045 2368 3113 apparuit,
2414 3058 2678 3112 parvoque
2716 3045 2934 3109 ambitu,
2994 3046 3137 3098 velut
3184 3047 3236 3097 in

2 3148 94 3193 nia:
121 3143 407 3205 deessent,
451 3146 700 3196 manebat
728 3144 1037 3198 intemerata
1065 3155 1222 3213 atque
1252 3146 1558 3198 inconcussa
1589 3164 1635 3224 ρ
1670 3140 1896 3210 paginali
1942 3139 2115 3192 solent
2163 3137 2302 3205 stylo
2356 3135 2502 3190 orbis
2564 3135 2864 3189 describere
2926 3134 3181 3188 circulum
3217 3178 3233 3198 ,

2 3230 154 3294 I'nles,
200 3245 323 3296 qua
370 3232 670 3284 necessaria
717 3232 854 3299 apud
900 3232 1179 3287 Dominum
1229 3234 1560 3298 impetraret.

1 3318 226 3385 Cumque
247 3315 358 3387 jam
390 3318 566 3372 triduo
590 3317 794 3387 jejunio
825 3319 961 3373 fessa
989 3333 1208 3384 corpora
1237 3330 1416 3372 essent
1434 3360 1451 3384 ,
1484 3335 1568 3374 re-

2 3420 241 3472 pererunt
286 3417 483 3461 tantam
525 3409 729 3476 copiam
775 3409 979 3475 alitum,
1023 3411 1166 3464 velut
1209 3410 1562 3463 Israelitarum

2 3506 160 3550 rastra
191 3500 439 3551 coturnix
475 3497 604 3551 olim
634 3501 871 3564 operuit;
922 3501 988 3553 ita
1035 3509 1092 3552 ut
1131 3514 1341 3553 omnem
1361 3513 1562 3568 pagum

2 3587 90 3638 loci
136 3586 281 3640 illius
325 3585 511 3638 alitum
563 3586 841 3640 multitudo
885 3588 1142 3656 oppleret.
1195 3588 1453 3643 lutellcxit
1482 3591 1563 3643 vir

1 3673 82 3726 Dt-i
127 3688 285 3726 suam
324 3688 649 3741 suorumque
689 3675 759 3727 ob
797 3677 1020 3730 salutem
1071 3677 1167 3730 has
1203 3678 1366 3744 dapes
1406 3688 1562 3731 terra:

2 3760 233 3825 liﬂ'undl,
280 3777 378 3815 nec
425 3777 644 3828 prorsus
684 3762 805 3816 alibi
844 3767 1078 3829 evenire,
1125 3774 1318 3832 praeter
1355 3781 1421 3820 eo
1457 3782 1562 3833 quo

2 3865 104 3916 :pse
129 3862 435 3905 moraretur
464 3851 518 3905 in
549 3853 686 3905 loco.
717 3852 875 3908 Iubet
911 3869 1037 3909 suos
1068 3855 1212 3922 prius
1243 3864 1420 3924 grates
1448 3856 1560 3909 Ian-

2 3943 184 4008 tesqne
213 3940 512 4006 rependere
538 3941 802 3996 Conditori
820 3983 834 4006 ,
865 3945 1046 4010 sicque
1074 3945 1254 3998 alitum
1285 3948 1446 4019 dapes
1474 3961 1560 3999 ca-

7 4043 131 4083 tcre.
161 4029 401 4097 Eratque
431 4034 621 4084 mirum
651 4041 704 4084 et
740 4033 1055 4101 stupendum
1087 4037 1396 4089 miraculum
1429 4055 1442 4088 :
1471 4052 1558 4090 ca—

7 4120 268 4172 iiebantur
294 4134 422 4172 aves
464 4131 618 4186 prout
663 4121 830 4175 Patris
873 4124 1150 4190 imperium
1183 4127 1430 4192 urgebat,
1463 4141 1558 4180 nec

2 4209 276 4264 tbscedere
325 4211 611 4279 pennigera
659 4211 778 4281 fuga
827 4213 1145 4268 nitebantur.
1200 4217 1388 4270 Mansit
1429 4233 1557 4287 ergo

1 4305 162 4353 tlitnm
188 4316 388 4356 manna
418 4317 512 4369 per
541 4302 769 4356 triduum
791 4303 1009 4366 diﬂusa;
1039 4314 1226 4372 quarto
1250 4307 1439 4361 deinde
1468 4310 1555 4363 die

2 4391 191 4454 [uittam
224 4390 465 4458 pontifex
496 4406 560 4445 cx
593 4391 776 4446 vicinis
805 4393 1018 4447 ttrhihus
1047 4393 1292 4449 frumenti
1325 4399 1551 4463 copiam,

1669 3230 1847 3282 mundi
1903 3241 2208 3295 compagem
2266 3227 2593 3279 monstravit.
2643 3225 2846 3288 Cernis,
2875 3227 3064 3294 lnqnit,
3094 3228 3232 3294 quod

1667 3327 1877 3374 maneat
1921 3327 2059 3371 totus
2108 3315 2250 3370 orbis
2299 3315 2627 3381 descriptus?
2677 3330 2834 3384 perge
2879 3316 3115 3378 dextera,
3147 3317 3237 3370 lte-

1667 3421 1832 3473 vaque
1860 3420 1960 3474 qua
1991 3406 2161 3472 eligis,
2202 3411 2258 3456 ut
2295 3402 2490 3458 laboris
2520 3406 2591 3456 tui
2626 3401 2826 3456 fructus
2850 3405 3115 3457 comedas.
3151 3404 3235 3458 ln-

1665 3495 1868 3549 tellexit
1903 3509 2033 3562 ergo
2074 3493 2161 3546 ille
2201 3507 2306 3547 non
2347 3507 2466 3546 esse
2511 3496 2681 3560 gentis
2718 3493 2856 3547 illius
2903 3495 2954 3547 in
2986 3505 3232 3562 promptu

1666 3587 1786 3641 tidei
1816 3587 2128 3656 profectum,
2157 3586 2456 3652 quievitque
2483 3584 2532 3639 in
2564 3585 2679 3640 loco
2709 3585 2822 3652 illo,
2865 3587 3033 3641 donec
3057 3585 3232 3640 aditus

1662 3676 1724 3729 ad
1757 3676 1956 3729 Italiam
1989 3675 2326 3743 panderetur.

1731 3765 1821 3817 57.
1878 3764 2078 3818 Interea
2133 3766 2268 3819 inter
2310 3765 2733 3820 Theodebertum
2759 3774 2815 3818 et
2841 3765 3226 3820 Theodericum

1661 3850 2037 3922 pacispactum
2068 3854 2457 3921 inflrmatnr,ac
2483 3856 2701 3924 quisque
2726 3838 2988 3912 adversus
3008 3857 3224 3913 fratrem

1662 3960 1828 4011 usque
1872 3945 1937 3997 ad
1993 3945 2404 3998 internecionem
2452 3945 2694 4012 desavit,
2725 3943 2958 4013 utrisque
2988 3947 3224 4017 gentium

1659 4033 1851 4086 robore
1888 4032 2341 4100 superbientibus:
2374 4042 2428 4087 et
2458 4034 2665 4087 interim
2697 4036 2776 4088 vir
2816 4035 2906 4089 Dei
2955 4037 3021 4088 ad
3052 4037 3226 4090 Theo-

1657 4125 1933 4177 debertum
1981 4123 2202 4185 accedit,
2243 4138 2470 4192 eumque
2518 4124 2708 4178 suadet
2755 4132 2814 4177 ut
2855 4133 3044 4192 coeptae
3069 4141 3220 4179 arro-

1657 4214 1846 4280 gautim
1876 4213 2209 4279 supercilium
2237 4212 2548 4279 deponeret,
2577 4227 2739 4279 seque
2755 4213 3222 4284 clericumjldm,

1659 4299 1997 4370 monachum}
2047 4301 2261 4366 faceret,
2304 4310 2359 4356 et
2412 4303 2464 4355 in
2506 4301 2757 4356 Ecclesiae
2787 4304 2987 4369 positus
3014 4305 3220 4372 gremio

1655 4412 1818 4451 sacras
1872 4396 2184 4450 subderetur
2234 4393 2494 4462 religioni,
2540 4409 2606 4449 ne
2643 4394 2797 4448 simul
2849 4409 2968 4448 cum
3024 4397 3219 4447 damno

1 4479 152 4532 Iivina
167 4480 477 4534 admottitus
497 4483 835 4548 aspiratione,
853 4484 917 4536 ad
941 4484 1149 4538 beatum
1171 4484 1551 4541 Columbanum
1581 4489 1635 4548 D
1662 4486 1932 4551 prtesentis
1975 4485 2143 4552 regni,
2177 4492 2387 4536 aeterna:
2415 4491 2680 4550 pateretur
2710 4483 2825 4537 vitae
2858 4482 3214 4551 dispendium.

1 4567 212 4631 lit-exit;
238 4567 338 4620 sed
363 4555 484 4620 mox
511 4569 856 4637 Omnipotens
883 4573 972 4640 qui
1004 4575 1273 4640 penuriam
1305 4576 1548 4642 patienti-

2 4671 76 4709 nts
95 4655 337 4724 aligeras
358 4658 656 4724 pra-buerat
678 4661 844 4720 cibos.
869 4671 925 4714 ut
947 4662 1102 4717 farris
1127 4664 1288 4733 adeps
1310 4666 1544 4732 advenit,

2 4747 162 4800 diu:
207 4745 502 4816 phalanges
547 4749 826 4816 imperavit
868 4752 1032 4806 abire.
1081 4755 1212 4807 Nam
1254 4757 1547 4812 Eustasinm

2 4848 78 4890 vos
101 4837 458 4907 cognovimus
480 4835 762 4903 referente,
791 4841 878 4906 qui
907 4854 973 4895 eo
999 4849 1238 4909 tempore
1263 4846 1399 4900 inter
1424 4847 1550 4901 reli-

1 4937 108 4987 [uoa
144 4925 254 4978 sub
292 4925 389 4977 viri
439 4925 529 4979 Dei
574 4925 870 4981 obedientia
911 4928 1102 4983 ibidem
1145 4933 1419 4986 tenebatur
1456 4935 1550 4986 ad-

1 5023 172 5074 iens,
200 5011 348 5078 quod
380 5013 554 5064 nullus
582 5013 739 5067 fuerit
766 5015 818 5068 in
843 5026 1072 5078 caterva,
1096 5019 1186 5085 qui
1216 5031 1337 5075 ante
1366 5023 1546 5077 talium

2 5113 168 5156 tenera
197 5100 390 5154 alitum
420 5116 480 5155 se
507 5102 700 5156 vidisse
724 5104 944 5158 referret
977 5123 990 5158 :
1025 5117 1078 5160 et
1109 5117 1282 5162 tantus
1309 5127 1468 5178 sapor
1498 5113 1547 5168 in

2 5187 96 5240 ibo
121 5187 345 5252 aderat,
378 5200 434 5243 ut
475 5193 645 5262 regias
671 5191 834 5261 dapes
871 5195 1120 5250 vinceret.
1165 5199 1208 5250 0
1245 5202 1432 5253 mirum
1464 5204 1547 5256 di-

2 5277 112 5328 ina:
141 5279 404 5340 potentias
430 5279 661 5334 donum!
696 5282 904 5349 quando
932 5292 1158 5339 terrente
1185 5284 1347 5353 dapes
1371 5289 1546 5343 culto-

2 5363 118 5416 ibus
147 5361 357 5418 Christi
385 5365 613 5430 desunt,
653 5377 775 5426 tunc
799 5371 1012 5426 demum
1042 5373 1275 5428 coelestia
1309 5376 1547 5430 triltunn-

2 5469 77 5514 nr,
107 5451 259 5508 sitast
289 5451 361 5508 de
390 5452 547 5510 Israel
573 5455 768 5512 dictum
796 5468 878 5514 est
906 5477 919 5513 :
953 5459 1149 5516 Panem
1176 5465 1289 5516 ctuti
1316 5466 1453 5518 dedit
1477 5465 1550 5520 et;

40 5579 274 5662 {Apud
318 5567 788 5662 Anonymumjt;
819 5575 1048 5662 legitur:
1086 5609 1105 5641 ι
1142 5592 1240 5657 Qui
1284 5595 1420 5662 apud
1455 5611 1548 5651 eos

2 5647 208 5770 ζίὶιθτο
238 5647 496 5718 vocatur;
523 5651 686 5709 Latini
722 5647 898 5716 autem
927 5647 1333 5718 Hartem‘illum'
1362 5647 1545 5733 appet;

1648 4575 1799 4642 Quod
1849 4583 1902 4628 et
1927 4574 2034 4642 regi
2064 4583 2117 4627 et
2144 4573 2388 4627 omnibus
2413 4573 2901 4628 circumastantibus
2941 4572 3218 4627 ridiculum

1649 4664 1926 4720 excitavit:
1982 4663 2192 4716 aiebant
2228 4665 2366 4716 enim
2409 4679 2674 4730 nunquam
2703 4679 2763 4718 se
2789 4662 3018 4718 audiisse
3048 4664 3217 4718 Mero-

1651 4755 1884 4821 vingum,
1918 4752 1968 4804 in
2001 4766 2163 4819 regno
2188 4750 2544 4816 sublimatum,
2581 4751 2934 4806 voluntarium
2963 4753 3213 4807 clericum

1651 4843 1838 4896 fuisse.
1873 4838 2264 4894 Detestantibus
2288 4830 2412 4906 ergo
2439 4839 2684 4893 omnibus
2719 4841 3077 4897 Columbanus
3105 4843 3210 4896 ait:

1651 4932 1705 4986 Si
1739 4930 2066 4985 voluntarius
2096 4926 2392 4980 nullatenus
2429 4927 2706 4984 clericatus
2735 4930 2984 4986 honorem
3013 4943 3207 4996 sumat,

1651 5022 1704 5074 in
1735 5021 1878 5074 brevi
1911 5015 2133 5071 clericus
2158 5017 2582 5074 invituxexistet.
2618 5019 2707 5074 llis
2742 5035 2868 5088 ergo
2904 5021 3079 5084 dictis,
3109 5024 3211 5075 .vir

1652 5112 1742 5164 Dei
1788 5110 1851 5161 ad
1905 5107 2143 5162 cellulam
2191 5108 2382 5175 rediit,
2440 5124 2667 5174 moxque
2726 5110 3014 5179 prophetici
3077 5113 3207 5167 dicti

1649 5209 1890 5254 eventum
1920 5212 2004 5251 res
2027 5197 2225 5253 habuit.
2249 5199 2356 5254 Nec
2377 5215 2543 5264 mora,
2570 5200 2927 5258 Theodericus
2959 5201 3204 5259 Theode-

1650 5291 1852 5344 bertum
1910 5290 1975 5341 ad
2019 5289 2212 5344 bellum
2265 5291 2455 5362 coegit,
2513 5301 2566 5344 et
2610 5307 2770 5361 prope
2812 5295 3021 5350 Tullum
3067 5296 3206 5348 bello

1647 5380 1910 5433 devictum
1942 5379 2118 5450 fugat;
2143 5391 2362 5452 postque
2382 5383 2604 5437 collecto
2630 5401 2817 5456 magno
2847 5389 3034 5443 robore
3051 5401 3204 5441 exer-

1647 5471 1780 5522 citus
1826 5471 2178 5539 persequitur.
2226 5471 2396 5527 Simili
2439 5472 2597 5530 modo
2639 5477 2872 5545 gentium
2919 5477 3202 5532 multarum

1718 5607 1745 5644 b
1804 5602 1890 5655 Sic
1935 5618 2032 5656 ms.
2092 5601 2257 5657 Codd.
2307 5601 2494 5669 quibus
2543 5608 2622 5664 usi
2671 5621 2870 5665 sumus.
2925 5607 2989 5661 Et
3029 5618 3204 5666 tamen

1647 5671 1828 5726 Surius
1857 5672 1980 5741 legit
2005 5673 2384 5740 Magnoaldutu.
