3880 6236
522 320 662 381 1643
744 270 747 271 ν

1606 314 1795 371 ,ΙυΝιΕ
1836 311 2123 367 ABBATIS
2168 301 2584 364 ELNUNENSIS

3599 301 3720 361 {fuit}

516 434 911 491 Theodebertns
972 432 1161 487 robore
1224 430 1443 484 vallatus
1466 472 1479 493 ,
1534 429 1598 483 ad
1652 431 1677 459 ⁸³
1732 428 2079 482 Tolbiacense
2109 431 2152 483 Α
2184 400 2306 491 rege
2336 418 2621 472 honor-ilice
2660 428 2939 483 susceptus
2963 424 3064 480 est,
3109 417 3195 484 qui
3226 416 3411 485 largita
3448 418 3654 483 optione
3678 432 3725 472 ut

517 536 748 581 rastrum
801 534 1123 595 pugnaturus
1161 521 1338 576 venit:
1390 521 1460 574 ibi
1524 519 1703 585 prrelio
1754 518 1880 571 inito
1928 517 2079 570 innu-

518 634 678 674 mera:
701 620 968 672 hominum
1000 618 1287 687 phalanges
1310 630 1373 670 ex
1398 624 1618 682 utroque
1646 613 1879 667 exercitu
1910 612 2079 678 perie-

518 721 659 764 runt.
712 711 889 764 \‘ictus
946 708 1155 762 tandem
1208 706 1604 761 'l'heodebertns
1637 705 1782 773 fugit.
1818 705 1895 758 Eo
1926 704 2078 773 igitur

517 811 755 871 tempore
796 802 875 855 vir
923 801 1012 855 Dei
1067 800 1118 854 in
1173 814 1352 853 eremo
1407 797 1752 860 morabatur,
1804 803 2081 848 contentus

519 903 722 947 tantum
752 894 905 946 unius
937 890 1155 943 ministri
1199 888 1519 955 Chagnoaldi
1550 884 1827 938 famulatu.
1861 885 1931 936 Ea
1956 896 2081 950 ergo

518 987 670 1052 hora,
702 1000 803 1055 qua
836 983 968 1052 apud
1015 982 1322 1037 Tulbiacum
1363 978 1705 1038 commissum
1753 975 2079 1036 estbellum,

516 1091 682 1146 supra
734 1090 957 1144 quercus
989 1072 1291 1140 putrefacta:
1337 1083 1579 1126 truncum
1631 1069 1710 1123 vir
1755 1067 1846 1121 Dei
1892 1066 2081 1120 librum

517 1168 696 1236 legens
749 1165 1013 1220 residebat
1042 1183 1053 1217 :
1100 1178 1256 1231 quem
1288 1161 1494 1216 subitus
1522 1174 1679 1227 sopor
1708 1158 1991 1225 oppressit,
2031 1166 2084 1209 ct

514 1256 640 1325 quid
668 1256 803 1311 inter
829 1255 960 1310 duos
986 1268 1137 1324 reges
1152 1264 1397 1324 ageretur
1412 1251 1558 1306 vidit.
1580 1251 1801 1317 Moxque
1824 1248 2081 1300 excitatus

518 1347 813 1401 ministrum
853 1353 1030 1411 vocat,
1072 1356 1451 1408 cruentamque
1502 1355 1679 1409 regum
1730 1353 1952 1406 pugnam
2004 1338 2084 1390 in-

514 1440 676 1505 dicat,
707 1437 929 1491 multum
962 1436 1247 1490 humanum
1270 1433 1583 1502 sanguinem
1618 1429 1761 1482 fundi
1792 1430 2080 1496 suspirans.

514 1528 609 1581 Cui
644 1530 922 1583 temerario
948 1536 1139 1581 conatu
1172 1525 1409 1578 minister
1435 1522 1536 1575 ait:
1590 1520 1749 1574 Pater
1775 1520 1869 1580 mi,
1912 1519 2087 1570 Theo-

514 1618 735 1672 deberto
760 1616 861 1669 tuis
888 1616 1065 1683 prmbe
1108 1614 1355 1682 precibus
1401 1611 1733 1679 suffragium,
1768 1620 1819 1660 ut
1854 1595 2109 1661 comma!

516 1721 635 1761 nem
666 1705 893 1760 debellet
934 1705 1140 1758 hostem
1167 1701 1574 1781 Theodericum.
1628 1700 1706 1751 Ad
1738 1698 1848 1750 haec
1877 1695 2088 1747 Colum-

2188 515 2322 568 intra
2347 514 2570 573 Italiam,
2600 525 2915 581 quocunque
2944 512 2994 561 in
3024 510 3139 561 loco
3161 509 3431 570 voluisset,
3464 509 3726 573 habitaret,

2188 608 2277 661 Dei
2308 611 2549 660 consultu
2572 610 2747 657 actum
2794 612 2895 666 est,
2923 602 3044 654 dum
3087 602 3177 654 ille
3206 616 3363 665 penes
3396 602 3727 654 Mediolanum

2184 701 2367 753 urbem
2420 705 2739 758 moraretur,
2796 705 2851 749 ut
2901 695 3266 747 ha~rcticiirum
3319 691 3555 756 fraudes,
3588 695 3634 747 id
3662 705 3731 747 est

2184 790 2393 845 Arianae
2422 788 2671 857 perfidiae,
2699 788 3084 854 Scripturarum
3116 788 3348 839 cauterio
3368 787 3662 849 discerpere
3682 801 3733 838 ac

2184 882 2433 934 desecare
2479 880 2653 933 vellet.
2696 876 2889 934 Contra
2930 894 3065 948 quos
3098 879 3254 932 etiam
3286 877 3520 931 libellum
3543 878 3735 931 ﬂorenti

2184 972 2402 1025 Scit-tilia
2428 971 2612 1024 edidit.

2255 1060 2341 1114 60.
2379 1061 2613 1127 Dumque
2644 1060 2755 1113 hinc
2784 1068 3029 1127 aguntur,
3071 1061 3150 1113 vir
3189 1058 3399 1126 qrridam
3428 1060 3639 1113 nomine
3661 1058 3739 1114 Ju-

2186 1150 2388 1202 cnnrlns
2412 1150 2477 1201 ad
2521 1162 2701 1216 regem
2728 1151 2891 1214 venit,
2922 1151 3013 1219 qui
3044 1152 3154 1217 regi
3185 1148 3431 1204 imlicavit
3458 1164 3519 1203 se
3556 1150 3608 1202 in
3635 1150 3740 1201 soli-

2191 1241 2370 1295 tudine
2398 1240 2605 1294 ruribus
2634 1242 2917 1306 Apenninis
2948 1241 3215 1296 basilicam
3258 1241 3319 1295 Β.
3368 1238 3507 1295 "etri
3539 1249 3738 1306 aposto-

2188 1335 2357 1387 lorrrm
2412 1331 2661 1398 principis
2713 1331 2871 1396 scire,
2921 1332 2971 1384 in
3021 1347 3120 1401 qua
3161 1333 3387 1386 virtutes
3411 1340 3655 1397 expertus
3683 1333 3741 1383 sit

2190 1425 2340 1488 fieri,
2408 1425 2522 1479 loca
2584 1425 2825 1479 ubertate
2869 1426 3085 1478 fecunda
3115 1467 3129 1489 ,
3192 1428 3343 1495 aquis
3388 1425 3583 1492 irrigua
3634 1442 3741 1479 cum

2190 1516 2414 1583 piscium
2446 1516 2617 1582 copia,
2656 1531 2812 1582 quem
2846 1515 3014 1568 locum
3044 1528 3275 1567 veterum
3302 1516 3511 1568 traditio
3542 1516 3743 1568 Bobiurn

2192 1605 2543 1673 nuncupabat,
2567 1606 2637 1659 ob
2659 1606 2825 1658 rivum
2851 1609 2901 1659 in
2924 1620 2986 1660 eo
3006 1607 3120 1659 loco
3138 1606 3236 1659 hoc
3258 1609 3469 1659 nomine
3486 1606 3555 1658 lin
3578 1617 3743 1665 ‘nlelll,

2191 1712 2507 1766 amnemque
2523 1699 2681 1751 alium
2711 1698 3056 1767 proﬂuentem
3082 1700 3293 1750 nomine
3308 1699 3552 1750 Triveam
3571 1697 3749 1768 [Vulgo

516 1795 684 1849 banus
715 1811 731 1848 :
785 1793 1015 1849 Stultum
1081 1805 1144 1844 ac
1208 1774 1446 1858 religioni
1512 1789 1741 1841 alicmrrn
1807 1786 2083 1841 consilium
2119 1768 2161 1826 Β
2192 1791 2239 1839 la
2272 1786 2501 1858 Trebie];
2530 1803 2689 1852 super
2718 1803 2872 1854 quem
2896 1788 3019 1840 oliui
3045 1787 3267 1840 Annibal
3302 1788 3564 1851 h'ernans,
3594 1789 3750 1840 homi-

517 1882 875 1947 administras,
911 1896 1016 1934 non
1049 1879 1189 1935 enim
1232 1879 1297 1933 ita
1349 1877 1601 1931 Domimrs
1653 1877 1833 1935 \oluir,
1874 1880 1959 1945 qui
1993 1892 2087 1929 nos

520 1986 617 2039 pro
648 1969 876 2025 iuirnicis
906 1969 1102 2022 uestris
1132 1984 1286 2022 orare
1318 1968 1597 2035 prmcepit:
1650 1968 1698 2019 in
1742 1966 1963 2018 arbitrio
2010 1976 2085 2017 est

512 2059 621 2130 jam
668 2061 796 2130 justi
847 2060 1046 2115 Judicis
1087 2061 1209 2131 quid
1253 2059 1320 2114 de
1366 2061 1442 2113 eis
1476 2060 1586 2111 fieri
1621 2058 1766 2111 velit.
1819 2055 2089 2122 lnqnirens

514 2163 643 2218 ergo
699 2158 817 2219 post
862 2151 1105 2204 minister
1148 2163 1265 2202 eam
1322 2148 1577 2215 temporis
1618 2146 1756 2197 diem
1799 2154 1851 2197 et
1882 2146 2086 2209 horam,

515 2242 715 2310 reperit
761 2240 833 2293 ita
886 2239 1051 2293 fuisse
1096 2239 1230 2292 sicut
1279 2238 1392 2291 viro
1433 2238 1524 2291 Dei
1562 2236 1847 2289 revelatum
1901 2236 2088 2287 fuerat.

518 2331 839 2385 Persecutus
856 2339 938 2383 est
958 2328 1379 2384 Theodebertum
1406 2327 1783 2389 Theodericus,
1803 2336 1854 2378 et
1875 2340 2089 2378 suorum

516 2420 817 2493 proditione
856 2430 1069 2489 captum
1117 2420 1180 2474 ad
1210 2420 1387 2473 aviam
1421 2416 1823 2472 Brunechildem
1868 2415 2089 2469 direxit:

515 2525 671 2582 quem
718 2526 841 2566 cum
896 2512 1011 2565 avia
1064 2512 1372 2581 recepisset,
1424 2511 1541 2577 quia
1599 2507 1906 2560 Theoderici
1962 2504 2092 2572 parti

520 2601 887 2656 ltronechildis
915 2602 1095 2654 favens
1124 2608 1259 2663 erat,
1308 2599 1490 2652 furens
1526 2595 1949 2651 Theodebertum
1982 2595 2091 2649 lieri

514 2694 765 2749 clericum
819 2694 1053 2760 rogavit:
1108 2700 1163 2745 at
1218 2704 1321 2745 non
1375 2700 1492 2758 post
1544 2688 1735 2743 multos
1765 2688 1880 2744 dies
1934 2688 2093 2757 impie

519 2785 679 2840 nimis
704 2794 819 2854 post
851 2784 1155 2838 clericatum
1181 2784 1367 2851 perimi
1394 2782 1569 2851 jussit.

586 2878 681 2933 58.
738 2876 903 2930 Porro
948 2876 1311 2931 Theodericus
1360 2891 1521 2945 penes
1574 2874 1829 2929 Mettense
1882 2885 2093 2925 morans

516 2968 788 3037 oppidum,
848 2968 1099 3022 divinitus
1149 2964 1429 3034 percussus
1476 2967 1615 3019 inter
1656 2964 1929 3039 ﬂagrantis
1962 2961 2096 3030 ignis

519 3058 755 3113 incendia
779 3067 1017 3113 mortuus
1040 3065 1121 3110 est
1141 3054 1197 3107 δε
1224 3065 1339 3124 post
1356 3070 1511 3123 quem
1545 3054 1908 3109 Brnnecltildis
1930 3052 2092 3106 lilium

515 3148 633 3219 ejus
663 3148 995 3218 Sigebertum
1029 3147 1079 3199 in
1108 3158 1272 3213 regno
1299 3144 1524 3200 suﬂecit.
1555 3145 1730 3213 Itaque
1755 3142 2094 3197 Clrlotharins

515 3253 723 3295 memor
772 3236 1063 3307 praphetiai
1116 3236 1212 3290 viri
1271 3236 1388 3300 Dei,
1435 3237 1659 3289 collecto
1686 3234 1925 3289 exercitu
1966 3233 2096 3287 fines

515 3328 687 3398 regni,
716 3344 833 3398 qua
860 3343 969 3382 sua:
999 3327 1184 3382 ditioni
1213 3326 1562 3389 debebantur,
1587 3336 1808 3381 conatur
1835 3324 2091 3393 recipere.

516 3424 713 3477 Contra
744 3437 901 3491 quem
933 3421 1240 3489 Sigebertns
1271 3434 1389 3474 cum
1432 3419 1662 3474 hostium
1690 3418 1870 3472 cuneis
1905 3431 2099 3485 pugna-

518 3524 666 3566 turus
715 3511 947 3574 advenit,
993 3524 1149 3579 quem
1202 3509 1539 3564 Chlotharius
1580 3518 1789 3575 captum
1846 3506 2092 3573 peremit,

519 3601 812 3666 fratresque
865 3598 982 3665 ejus
1041 3606 1063 3634 ε
1116 3595 1713 3666 quinque'l‘lrcodcrici
1784 3594 1919 3648 filios
1978 3610 2095 3649 cum

522 3692 735 3756 proavia
765 3688 1115 3745 Brunechilrle
1139 3692 1298 3757 cepit,
1315 3704 1507 3760 pueros
1526 3690 1806 3758 separatim
1840 3691 2092 3757 peremit:

521 3780 927 3836 Drnnechitdem
958 3796 1084 3836 vero
1110 3782 1286 3851 primo
1340 3782 1639 3851 ignobiliter
1687 3783 1893 3835 camelo
1923 3783 2094 3849 impo-

522 3876 676 3928 sitam
708 3875 948 3929 hostibus
977 3877 1215 3957 gyrando
1238 3877 1567 3941 monstravit,
1592 3886 1705 3943 post
1727 3876 2095 3929 indomitorum

524 3981 781 4040 equorum
812 3967 992 4019 caudis
1023 3967 1229 4034 ligatam
1260 3968 1624 4021 miserabiliter
1651 3969 1751 4020 vita
1791 3967 2014 4033 privavit
2042 3970 2093 4017 ιι.

526 4057 785 4115 Ριιηιιίιυε
822 4068 948 4121 ergo
979 4054 1333 4122 radieitusque
1360 4052 1531 4106 deleta
1573 4053 1881 4107 Theoderici
1912 4055 2095 4122 stirpe,

523 4146 863 4204 Chlotbarins
888 4145 1085 4212 potitus
1108 4153 1188 4195 est
1220 4144 1375 4197 trium
1404 4159 1683 4213 regnorum
1711 4146 1856 4200 solus
1887 4160 2095 4197 monar-

524 4240 670 4292 ehia:
702 4254 807 4308 quo
846 4236 985 4291 facto
1029 4236 1087 4288 Β.
1119 4233 1429 4289 Columbani
1464 4236 1737 4303 prophetia
1772 4238 1819 4289 in
1850 4237 2097 4291 onrnibus

523 4330 735 4397 impleta
781 4337 883 4380 est.
938 4326 1083 4380 Unus
1128 4326 1267 4380 enim
1314 4325 1451 4379 intra
1486 4327 1763 4379 triennium
1806 4340 1924 4379 cum
1953 4328 2095 4381 omni

524 4423 687 4487 stirpe
719 4416 952 4471 funditus
974 4417 1195 4480 deletus,
1220 4416 1354 4469 alius
1377 4416 1627 4469 violenter
1659 4416 1882 4469 clericus
1909 4418 2097 4479 factus,

526 4510 711 4564 tertius
741 4521 1023 4577 regnorum
1056 4506 1390 4575 possessione
1432 4520 1491 4559 ac
1545 4505 1903 4560 dominatione
1957 4507 2093 4559 dila-

527 4610 663 4655 l'dlllS
687 4610 787 4654 εει.

594 4709 685 4763 59.
720 4711 907 4764 Beatus
935 4724 1059 4779 ergo
1081 4708 1433 4763 Colunrbanus
1462 4721 1581 4761 cum
1613 4706 1829 4762 vidisset
1876 4710 1957 4776 (ut
2008 4726 2094 4763 su-

525 4802 701 4872 perius
752 4800 998 4867 diximus)
1056 4800 1319 4853 devictum
1377 4814 1405 4851 a
1475 4798 1801 4853 Theoderico
1853 4799 2093 4854 Theode-

529 4898 754 4957 hcrtnrn,
792 4890 999 4945 redacta
1026 4890 1195 4942 Callia
1224 4900 1381 4957 atque
1426 4887 1703 4942 Germania
1724 4888 1825 4942 sub
1853 4890 2094 4943 Theode-

528 4980 875 5048 rico,ltaliam
897 4979 1299 5048 ingreditur,nbi
1318 4980 1381 5031 ab
1396 4980 1619 5048 Agilulfo
1634 4978 2093 5045 Langobardorum

1702 5087 1748 5099 ὀ

600 5161 625 5188 ³
674 5159 1000 5222 Tulbiacum,
1041 5156 1194 5219 vulgo
1252 5154 1485 5222 Zulpiclt,
1528 5153 1813 5206 Cltlodovei
1862 5156 1927 5207 de
1972 5153 2094 5208 Ale-

529 5231 735 5284 mannis
781 5230 995 5279 victoria
1053 5228 1247 5290 nobile,
1300 5228 1450 5278 abest
1485 5239 1510 5275 a
1564 5224 1781 5277 Colonia
1817 5227 2094 5291 Agrippina

529 5314 713 5354 versus
750 5297 996 5349 Treviros
1042 5298 1267 5347 millibus
1320 5310 1562 5361 passuum
1622 5295 1799 5358 viginti
1842 5307 2093 5363 quatuor:

531 5388 634 5435 quo
658 5372 708 5420 in
742 5368 855 5419 loco
884 5366 1277 5420 Ttieorlebertus
1306 5383 1332 5417 a
1362 5364 1820 5435 fratreintrobique
1852 5368 2019 5417 victus
2038 5381 2096 5416 ac

532 5434 867 5503 postmodum
891 5435 1195 5488 interfectus
1221 5447 1320 5499 est,
1347 5438 1491 5500 regni
1518 5434 1828 5487 Theodehci
1850 5452 1988 5487 anno
2012 5438 2094 5499 l7,

529 5510 722 5561 Christi
747 5506 870 5565 ϐω,
907 5506 1190 5559 secundum
1220 5504 1515 5573 Frcdegarii
1549 5505 1825 5565 calculum,
1863 5520 1976 5569 cap.
2008 5504 2091 5557 57.

602 5578 630 5617 ι)
657 5580 715 5631 Et
744 5589 914 5632 tamen
965 5576 1333 5641 Ἐτιιόρεμιτιιιδ,
1359 5592 1474 5641 cap.
1510 5576 1599 5633 59‘,
1640 5574 1821 5627 scribit
1866 5575 2095 5629 Theode-

533 5651 695 5703 ricum
749 5650 917 5700 Mettis
950 5647 1201 5712 prolimio
1251 5647 1447 5701 ventris
1477 5645 1742 5701 interriSsc
1772 5658 1909 5701 anno
1950 5646 2095 5716 regni

530 5718 613 5775 sui
643 5718 724 5775 l8,
748 5718 937 5772 Christi
962 5716 1082 5771 Gl5.

2188 1892 2331 1938 num,
2381 1890 2661 1942 equorum,
2709 1877 3104 1943 elephantorum
3170 1879 3501 1931 atrocissima
3569 1879 3749 1930 damna

2188 1965 2373 2020 sensit.
2406 1964 2505 2019 Ubi
2528 1980 2646 2019 cum
2676 1967 2929 2030 venisset,
2960 1970 3102 2020 omni
3129 1981 3248 2021 eum
3274 1969 3568 2022 intentione
3619 1971 3746 2021 basi-

2190 2058 2340 2110 licam
2372 2058 2498 2109 inibi
2541 2058 2843 2111 semirutam
2887 2059 3174 2125 reperiens,
3205 2058 3380 2126 prisco
3408 2058 3586 2113 decori
3612 2076 3750 2112 reno-

2190 2161 2319 2199 vans
2374 2146 2623 2200 reddidit.
2676 2147 2728 2200 In
2787 2148 2937 2217 cujus
2980 2151 3363 2202 restauratione
3394 2151 3523 2201 mira
3560 2149 3751 2203 Domini

2191 2240 2356 2293 virtus
2383 2239 2646 2307 panditur.
2672 2238 2799 2292 Nam
2821 2231 2939 2293 c'nm
2966 2254 3058 2307 per
3081 2249 3341 2307 prmrupta
3368 2252 3615 2293 saxorum
3643 2252 3751 2294 sco4

2194 2331 2310 2397 pula
2370 2330 2547 2383 trabes
2590 2345 2655 2384 ex
2699 2330 2963 2384 abietibus
3013 2330 3151 2384 inter
3202 2330 3366 2385 densa
3415 2332 3582 2385 saltus
3636 2332 3754 2384 locis

2192 2420 2587 2474 inaccessilihus
2640 2421 2991 2488 caederentur,
3020 2422 3103 2476 vel
3130 2422 3249 2475 alibi
3280 2436 3432 2477 caesre
3464 2424 3589 2475 inibi
3642 2436 3755 2477 casu

2192 2516 2386 2581 e‘apsze
2434 2528 2623 2581 aSpero
2655 2552 2668 2575 .
2719 2514 2917 2567 aditum
2970 2513 3328 2582 plaustrorum
3397 2514 3753 2583 denegarem,

2194 2604 2385 2657 mirum
2422 2606 2471 2658 in
2502 2605 2715 2659 modum
2756 2606 2957 2660 trabem
2983 2618 3136 2673 quam
3164 2607 3245 2659 vix
3296 2605 3509 2673 triginta
3541 2606 3622 2657 vel
3647 2620 3757 2674 qua-

2190 2694 2433 2765 draginta
2477 2698 2717 2751 homines
2748 2698 2901 2766 plano
2930 2706 3082 2751 terra:
3136 2699 3249 2752 solo
3299 2699 3524 2765 positam
3576 2701 3758 2751 vehere

2197 2800 2299 2839 non
2326 2785 2590 2851 valebant,
2626 2786 2697 2840 ibi
2723 2800 2841 2840 eum
2884 2786 3089 2840 duobus
3117 2785 3196 2839 vel
3221 2787 3389 2839 tribus
3420 2790 3597 2854 (prout
3620 2786 3756 2837 ardui

2194 2876 2342 2930 callis
2410 2888 2613 2931 meatus
2673 2876 2929 2945 pati-bat),
2984 2877 3062 2931 vir
3092 2876 3179 2929 Dei
3210 2876 3494 2941 accedens,
3552 2876 3665 2929 suis
3705 2890 3759 2929 ac

2196 2984 2412 3022 suorum
2446 2969 2680 3022 humeris
2723 2969 2953 3022 immane
3002 2966 3205 3035 pondus
3232 2967 3576 3035 imponebat:
3601 2978 3653 3020 et
3682 2967 3759 3019 ubi

2197 3070 2354 3112 antea
2390 3074 2498 3125 prae
2525 3060 2810 3127 asperitate
2840 3059 3040 3113 itineris
3067 3058 3231 3115 libero
3285 3074 3471 3130 gressu
3512 3060 3592 3113 vix
3650 3075 3760 3129 gra-

2202 3151 2507 3216 diebantur,
2538 3156 2737 3206 onerati
2769 3168 2890 3205 mox
2946 3152 3109 3208 trabis
3158 3154 3392 3222 pondere
3436 3152 3611 3210 festini
3652 3171 3760 3224 gra-

2200 3242 2497 3307 diebantur,
2531 3252 2589 3295 ut
2633 3258 2782 3296 versa
2820 3243 2934 3297 vice
2963 3245 3050 3311 qui
3080 3259 3241 3297 onera
3272 3242 3491 3307 ferrent,
3544 3260 3609 3300 ac
3634 3247 3678 3300 si
3704 3247 3764 3301 ab

2199 3335 2317 3390 aliis
2339 3338 2682 3404 veherentur,
2718 3337 2882 3390 firmis
2917 3336 3147 3405 vesdgiis
3198 3336 3342 3388 velut
3385 3336 3494 3388 otio
3523 3346 3763 3391 vacantes

2199 3437 2523 3494 ovantesque
2576 3430 2736 3481 irent.
2774 3426 2965 3481 Videris
2996 3427 3173 3495 itaque
3204 3427 3282 3480 vir
3312 3425 3402 3482 Dei
3431 3427 3557 3480 tanti
3586 3429 3760 3480 auxilii

2198 3518 2641 3585 supplementum,
2694 3530 2820 3571 suos
2872 3517 3113 3571 hortatur
3152 3528 3207 3571 ut
3243 3527 3473 3585 emptum
3504 3533 3640 3587 opus
3666 3518 3760 3570 laeti

2202 3608 2496 3674 perficiant,
2529 3608 2811 3677 animoque
2847 3610 3075 3664 roborati
3103 3626 3161 3664 ea
3190 3610 3482 3665 consistere
3510 3611 3559 3663 in
3590 3624 3761 3663 eremo

2198 3698 2444 3753 strrdeant
2475 3742 2489 3764 ,
2544 3697 2637 3753 Dei
2694 3700 2743 3753 in
2791 3702 2890 3755 hoc
2940 3701 3260 3756 voluntatem
3313 3717 3435 3756 esse
3478 3702 3758 3755 affirmans.

2200 3793 2356 3847 Tecta
2388 3794 2564 3863 itaque
2609 3794 2787 3862 templi
2829 3794 3056 3848 culmina
3082 3792 3207 3865 [Pro
3235 3795 3387 3847 tectis
3408 3790 3760 3861 culminibus].

2199 3893 2251 3938 et
2283 3900 2551 3937 murorum
2584 3894 2845 3937 restanrat
2870 3885 3065 3946 ruinas.
3089 3896 3389 3952 ceteraque
3417 3901 3529 3950 quae
3560 3884 3622 3937 ad
3652 3900 3757 3938 nro-

2201 3976 2414 4030 nasterii
2449 3978 2818 4030 necessitatem
2854 3976 3132 4043 per-tinent,
3155 3988 3467 4030 construere
3497 3984 3662 4043 parat.

2271 4067 2357 4119 6i.
2420 4066 2620 4119 Interea
2669 4077 2987 4120 memoratrrs
3024 4081 3117 4119 rex
3155 4063 3492 4119 Chlotbarins
3539 4066 3633 4119 viri
3676 4064 3758 4119 Dei

2202 4156 2489 4224 pr0phetim.
2535 4156 2778 4210 etii-ctum
2831 4158 2879 4208 in
2929 4170 2987 4210 se
3032 4156 3191 4209 fuisse
3222 4156 3491 4223 impletum
3521 4170 3754 4215 CCI’IN‘ﬂS,

2202 4247 2553 4301 venerabilem
2584 4248 2883 4302 Eustasinm
2903 4249 2986 4317 qui
3018 4248 3132 4317 ejus
3164 4250 3215 4300 in
3244 4230 3416 4301 locum
3441 4246 3755 4301 Luxoviense

2202 4338 2581 4390 monasterium
2632 4337 2866 4405 regebat,
2916 4338 2981 4390 ad
3030 4352 3089 4391 se
3121 4324 3299 4391 venire
3330 4338 3580 4404 imperat:
3611 4352 3755 4402 quem

2205 4428 2288 4495 pio
2314 4428 2561 4482 affamine
2590 4437 2739 4496 rogat
2768 4438 2822 4481 ιιι
2850 4428 2947 4480 sibi
2998 4443 3117 4481 cum
3165 4428 3531 4495 supplemento
3561 4427 3756 4495 publim

2200 4521 2513 4589 legationem
2567 4522 2709 4589 fungi
2758 4530 2927 4587 cu-et,
2972 4521 3247 4587 sociosque
3274 4536 3407 4589 quos
3438 4522 3757 4575 velletnobi-

2199 4612 2324 4666 lium
2378 4614 2607 4668 virorum
2656 4614 2910 4677 haberet,
2960 4614 3049 4681 qui
3104 4613 3182 4666 sui
3241 4613 3521 4666 vadirnonii
3586 4611 3754 4664 arbitri

2196 4712 2402 4757 essent:
2429 4712 2545 4771 post
2573 4704 2630 4757 Β.
2653 4702 3031 4758 Columbanum
3058 4712 3357 4772 pergerent,
3382 4714 3433 4755 et
3455 4708 3753 4771 quocunque

2196 4814 2325 4859 euut
2351 4800 2671 4867 reperissent
2716 4801 2767 4854 in
2797 4800 2932 4863 loco,
2964 4796 3186 4866 eleganti
3217 4798 3375 4851 suasu
3407 4796 3469 4848 ad
3500 4808 3557 4848 se
3587 4791 3754 4846 venire

2199 4888 2555 4945 hortarentur.
2591 4890 2833 4945 Perrexit
2862 4888 3036 4957 itaque
3062 4886 3375 4942 venerabilis
3399 4887 3681 4954 discipulus
3710 4892 3750 4950 ο,

2199 4981 2431 5048 magistri
2465 4980 2679 5047 vestigia
2721 4990 3026 5050 prosecutus
3058 4998 3072 5035 :
3102 4980 3192 5051 qui
3244 4994 3365 5035 cum
3400 4982 3465 5036 ad
3504 4995 3623 5033 eum
3665 4993 3756 5031 vr.-

2273 5167 2293 5193 ε
2348 5154 2644 5215 Legendnm
2694 5155 2845 5210 duos.
2902 5155 3030 5209 Nam
3079 5168 3143 5207 ex
3192 5160 3417 5219 qrratuor
3449 5150 3752 5206 Theoderici

2200 5225 2318 5278 filiis
2347 5222 2880 5297 Childebertuseqno
2930 5228 3042 5290 fuga
3094 5225 3271 5290 lapsus
3314 5232 3532 5297 mortem
3575 5223 3752 5287 evasit,

2199 5298 2477 5361 Sigiberto,
2514 5297 2683 5349 Corho
2706 5296 3049 5357 Meroveoque
3073 5296 3375 5363 peremptis.

2271 5363 2296 5401 ἀ
2323 5367 2461 5419 ldern
2492 5369 2653 5418 refert
2680 5380 2971 5432 anonynrus
2997 5380 3203 5417 eotevus
3230 5361 3281 5418 in
3305 5363 3531 5429 append.
3562 5363 3628 5415 ad
3655 5361 3752 5416 lla-

2198 5436 2356 5496 rinm,
2379 5435 2465 5501 qui
2486 5450 2780 5504 anonymus
2812 5435 3175 5490 Drunechildis
3201 5435 3466 5489 interitum
3506 5448 3626 5488 cum
3660 5432 3753 5487 tic-

2200 5508 2340 5557 raclii
2373 5510 2496 5571 inrp.
2529 5520 2667 5558 anno
2698 5506 2763 5559 Η
2787 5507 3075 5571 conjungit.

2272 5584 2295 5610 ε
2353 5576 2406 5627 In
2462 5578 2646 5627 itinere
2698 5578 3011 5643 Agaunen~e
3055 5574 3432 5628 monasterium
3490 5574 3749 5633 lustrans,

2199 5646 2441 5700 Amatam
2493 5646 2649 5705 vidit.
2702 5659 2753 5700 et
2800 5647 2850 5700 in
2895 5645 3063 5701 reditu
3102 5658 3278 5701 secum
3319 5645 3602 5700 Luxoviuru
3641 5658 3750 5715 per-

2199 5718 2362 5773 duxit.
