3880 6236
122 428 236 483 ιξιι5

1349 420 1441 476 ’5.
1487 418 1790 474 Ευδτλδιι
1831 420 2003 472 νιιλ.

3150 430 3280 485 1046

115 537 582 602 nisset,Cbiotliarii
607 535 764 591 verba
790 533 1064 603 depromit.
1101 532 1221 588 Viso
1243 547 1368 601 ergo
1399 531 1637 586 Eustasio
1668 534 1709 587 Λ
1742 531 2016 597 prmponit.
2044 531 2194 585 Omni
2224 533 2448 601 denique
2479 537 2717 602 prmsidio
2771 538 3120 603 supradictum
3166 561 3280 596 mo-

117 633 159 684 Β.
189 628 536 682 Columbanus
564 628 774 696 gavisus
801 626 992 693 recepti
1034 623 1266 677 muneris
1294 623 1435 676 aditu
1464 631 1637 689 gratu-

115 725 246 781 lulttl',
275 726 639 783 mentumque
666 729 824 784 penes
847 728 905 768 se
931 699 1184 781 tantisper
1213 714 1448 766 hortatur
1481 719 1536 762 nt
1561 712 1638 762 sui

114 808 282 861 laboris
320 806 767 869 reminisceretur,
809 802 1077 857 cohortem
1110 802 1323 854 fratrum
1355 798 1640 868 discipline

115 894 305 948 habenis
334 895 586 957 erudiret,
617 896 1002 956 multorumque
1032 892 1253 956 eolletgio
1283 890 1475 944 Cliristi
1525 890 1638 954 ple-

114 987 211 1038 beru
255 981 507 1036 adunaret
561 983 774 1050 suisque
815 981 1062 1035 institutis
1089 979 1355 1034 educaret.
1391 979 1642 1034 Dimissus

113 1085 213 1144 post
233 1075 340 1129 ba-c
365 1075 431 1128 ad
461 1075 823 1128 Cblotharium
856 1071 1330 1140 remearejubetur,
1351 1071 1641 1139 talibusque

111 1168 353 1236 responsis
391 1168 562 1237 regias
603 1170 835 1223 mulcere
861 1167 1081 1236 imperat
1105 1181 1280 1230 aures,
1311 1181 1470 1234 seque
1500 1176 1642 1222 retro

111 1258 342 1326 repedare
408 1259 705 1313 nullatenus
754 1265 923 1312 ratum
982 1258 1242 1311 duceret:
1287 1260 1642 1311 tantummodo

112 1362 303 1414 pascere
331 1356 386 1400 ut
416 1347 626 1400 sodales
654 1361 796 1410 suos,
850 1347 934 1412 qui
988 1345 1275 1400 Luxoviem
1324 1345 1638 1410 incolebant,

112 1437 248 1504 regali
277 1436 591 1490 adminiculo
618 1451 678 1491 ac
708 1436 954 1506 praesidio
983 1435 1199 1490 foveret.
1231 1435 1453 1489 Litteras
1481 1436 1640 1488 casti-

111 1526 352 1594 sationum
395 1525 638 1580 aﬂ'amine
687 1526 864 1591 plenas
916 1526 1027 1593 regi
1065 1525 1242 1595 dirigit
1289 1525 1640 1593 gratissimum

110 1633 298 1672 ruimus.
357 1618 464 1673 Rex
514 1619 656 1673 velut
701 1603 884 1688 pignus
928 1617 1139 1673 itederis
1192 1618 1286 1671 viri
1329 1617 1426 1675 Dei
1477 1630 1640 1670 ovans

110 1708 666 1776 litteras-reeepit,‘nec
693 1706 809 1775 ejus
840 1705 1074 1775 petitioni
1128 1705 1406 1760 oblivionis
1453 1717 1640 1758 noxam

170 1841 358 1907 Ἀρυά
393 1839 708 1902 Usuardum,
760 1839 996 1893 Adonem
1045 1850 1099 1890 et
1135 1844 1343 1893 Surmm
1374 1839 1561 1907 legitur
1589 1855 1636 1892 Ix

112 1912 218 1965 ιιάι.
244 1913 467 1965 Decemb.
498 1912 593 1964 Ast
627 1926 672 1962 ιι
696 1909 812 1962 lial.
843 1909 964 1963 Dee.
985 1909 1040 1962 S.
1061 1909 1368 1966 Colnnibani
1387 1909 1638 1962 memoria

109 1983 425 2050 consignatur
461 1981 512 2033 in
555 1979 935 2050 Martyrologiis
957 1978 1315 2032 Wandalberti
1345 1990 1395 2032 et
1423 1978 1637 2043 Bened.,

110 2047 276 2116 quibus
326 2050 456 2102 Vita:
499 2052 556 2104 S.
612 2047 919 2102 Columbam
959 2051 1276 2118 exemplaria
1331 2065 1465 2118 mss.
1521 2064 1642 2115 qua:

112 2121 311 2172 vidimus
333 2118 706 2188 suﬂragantur.
735 2119 887 2171 Anno
939 2119 1131 2173 Christi
1177 2117 1282 2172 6i5
1323 2121 1378 2175 S.
1433 2117 1641 2171 Coloru—

113 2192 282 2242 bauum
339 2188 403 2240 ad
466 2202 688 2256 superos
746 2189 939 2242 abiisse
1001 2189 1122 2241 inde
1183 2189 1444 2257 colligitur
1503 2189 1641 2252 quod
1678 2242 1692 2254 ,

111 2275 284 2311 annum
338 2258 597 2328 integrum
644 2265 762 2328 post
801 2272 952 2328 suum
981 2273 1012 2312 e
1040 2257 1204 2312 Callia
1232 2258 1541 2328 discessum,
1586 2267 1642 2328 et

111 2329 394 2447 'rheloderici
448 2326 589 2397 regis
645 2327 906 2381 interitum
942 2327 993 2382 in
1041 2327 1358 2383 monasterio
1395 2326 1638 2382 Bobiensi

109 2414 197 2452 em
214 2407 390 2452 evertt.

170 2414 390 2464 prevent.

1741 623 2024 676 nasterium
2055 625 2258 678 munire
2300 626 2494 688 studet,
2525 628 2708 682 annuis
2735 630 2975 683 censibus
3003 631 3152 695 ditat,
3183 645 3282 687 ter~

1743 713 1913 767 minos
1967 715 2213 783 undique,
2267 706 2415 782 prout
2464 720 2699 772 voluntas
2725 721 3033 775 venerabilis
3062 723 3286 777 Eustasii

1741 814 1877 866 erat,
1905 814 2096 874 auget;
2129 801 2372 874 Omnique
2413 819 2600 862 conatu
2630 811 2693 863 ad
2722 811 2964 864 auxilium
2993 812 3114 864 inibi
3146 811 3292 864 liabl-

1743 897 1960 949 tantinm
1993 897 2060 950 ob
2091 896 2184 948 viri
2215 895 2302 950 Dei
2331 912 2562 951 amorem
2609 899 2850 954 intenst.
2907 900 3071 954 Porro
3102 901 3160 953 Β.
3188 901 3292 953 Co-

1743 988 2020 1042 lumbanus
2057 988 2266 1055 expleto
2306 991 2426 1041 anni
2475 992 2671 1042 circulo
2711 992 2759 1042 in
2806 989 3065 1042 antedicto
3109 1003 3296 1042 mona-

1744 1080 1908 1132 sterio
1933 1078 2207 1142 Bobiense,
2235 1079 2334 1132 vita
2359 1079 2505 1132 beata
2532 1080 2760 1145 functus,
2789 1081 3015 1134 animam
3048 1080 3295 1134 membris

1741 1170 1966 1225 solutam
2015 1169 2148 1224 ςωιο
2198 1169 2439 1232 reddidit,
2483 1171 2508 1199 ⁸³
2557 1185 2606 1222 XI
2638 1169 2750 1223 Kal.
2787 1169 3106 1223 Decembris.
3137 1169 3297 1234 Cujus

1742 1260 2102 1315 sticnuitatem
2156 1257 2196 1311 si
2247 1258 2362 1324 quis
2404 1273 2559 1312 nosse
2587 1259 2728 1320 velit,
2763 1255 2787 1293 δ
2813 1260 2861 1312 in
2893 1259 3006 1326 ejus
3033 1259 3185 1312 dictis
3215 1273 3295 1310 re-

1744 1351 1930 1416 periet.
1985 1349 2336 1416 Reliquichue
2384 1347 2494 1416 ejus
2546 1363 2610 1401 eo
2637 1348 2896 1402 habentur
2944 1349 2993 1400 in
3032 1349 3150 1402 loco
3173 1360 3296 1400 con-

1741 1440 1862 1492 dite
1893 1478 1909 1501 ,
1980 1438 2066 1492 ubi
2129 1449 2182 1492 et
2243 1439 2489 1491 virtutum
2555 1437 2746 1492 decore
2810 1437 3004 1504 pollent
3077 1436 3300 1502 praesule

1742 1527 1973 1594 Christo,
1998 1528 2192 1583 cui'est
2227 1529 2393 1598 gloria
2425 1542 2515 1596 per
2543 1528 2717 1583 omnia
2744 1528 2932 1582 saecula
2961 1527 3293 1592 saeculorum,

1746 1617 1931 1671 Ameu.

1813 1835 1840 1872 δ
1876 1835 2073 1889 i‘rretcr
2097 1834 2152 1886 ii.
2172 1832 2478 1887 Coinmbani
2508 1833 2755 1902 Regulam
2787 1834 3005 1902 ejusque
3035 1831 3295 1887 Paeniten-

1746 1905 1886 1968 tiale,
1919 1913 2131 1958 exstant
2157 1904 2407 1971 opuscula
2430 1906 2544 1971 ejus
2568 1905 2816 1958 nonnulla
2847 1904 3146 1956 Melcliioris
3173 1903 3300 1955 Coi-

1741 1973 1873 2026 dasti
1929 1989 2084 2038 opera
2117 1973 2303 2028 insula.|
2331 1989 2468 2026 anno
2503 1973 2634 2027 i601
2681 1974 2838 2026 edita.
2875 1973 2938 2027 Et
2985 1984 3156 2024 tamen
3201 1971 3303 2025 lie«

1741 2045 1915 2106 gulam
1944 2042 2274 2102 Columbani,
2304 2046 2473 2108 qualis
2497 2045 2630 2110 typis
2659 2045 2864 2110 vulgata
2895 2053 2998 2104 est,
3041 2047 3296 2110 integrant

1743 2129 1844 2166 non
1867 2127 1984 2166 esse
2006 2121 2232 2175 constat,
2258 2113 2302 2164 si
2325 2123 2480 2173 caput
2508 2114 2557 2163 in
2581 2112 2840 2172 Concord.
2876 2112 3057 2177 ilegul.
3075 2126 3190 2174 cap.
3207 2110 3297 2172 Ἠ,

1748 2182 1773 2248 §
1831 2184 1911 2241 it).
1954 2183 2170 2234 citatum
2219 2197 2280 2235 ex
2342 2180 2550 2247 Regula:
2578 2181 2888 2237 Colutnbani
2930 2197 3046 2248 cap.
3089 2181 3178 2243 '53,
3234 2181 3297 2231 ad

1746 2252 2051 2305 Columbani
2079 2253 2328 2316 Regulam
2361 2254 2600 2317 pertinet.
2633 2250 2936 2303 Columbaui
2959 2265 3089 2316 opus
3118 2259 3301 2302 contra

1747 2322 1970 2374 Arianos
1999 2337 2140 2372 nmn.
2173 2320 2238 2370 5:)
2269 2331 2610 2372 tneiiioratuiu
2642 2336 2742 2372 non
2763 2330 2952 2372 θικιςιι.
2975 2321 3108 2388 Lege
3136 2318 3302 2370 adno-

1749 2400 1851 2443 tata
1881 2390 1947 2444 ad
1976 2390 2099 2443 Vita:
2126 2390 2180 2443 S.
2210 2389 2539 2459 δθαιςιυυτμ
2561 2391 2853 2444 exordium.

125 2534 3306 2558 -—_'———_—__.___—-.———————_-————-—-—_—-——

1243 2629 1499 2709 VITA‘
1546 2633 1620 2708 S.
1685 2629 2147 2706 EUSTASII

2787 2572 2820 2588 κ

1040 2788 1368 2868 ABBATIS
1414 2779 1936 2848 LUXOVIENSIS
1975 2781 2303 2841 SECUNDI
2329 2826 2344 2853 ,

970 2928 1064 2987 Ad
1094 2947 1228 2987 mss.
1262 2927 1459 2989 Codd.
1493 2928 1754 2989 Cisterc.
1789 2927 2059 3004 aliosque
2095 2924 2428 3019 emendata.

1163 3067 1267 3128 ._(Ex
1295 3067 1474 3117 Mnbill.
1505 3068 1621 3118 Arta
1645 3069 1827 3117 ordinis
1850 3071 1902 3119 s.
1932 3038 2222 3126 venemur.)

1503 3180 1840 3198 ψ

187 3245 228 3297 l.
259 3243 407 3310 igitur
435 3242 748 3296 venerabilis
776 3251 798 3278 δ’
829 3241 1126 3307 Eustasius,
1158 3252 1212 3294 ut
1240 3243 1481 3308 superius
1509 3240 1643 3293 dixi-
1670 3243 1714 3300 C
1753 3240 1976 3293 Domino
2021 3250 2338 3294 sacraverat.
2372 3241 2537 3307 Quam
2591 3253 2736 3311 pater
2766 3258 2884 3297 cum
2929 3243 3034 3311 jam
3084 3245 3309 3310 despon-

129 3351 223 3389 intts
241 3334 285 3398 δ,
311 3350 339 3386 a
369 3336 424 3388 Β.
455 3334 784 3389 Columbano
812 3335 878 3386 ab
922 3333 1063 3386 italia
1095 3345 1312 3400 paterno
1336 3331 1524 3386 allecto
1557 3332 1648 3385 di-

127 3435 306 3491 rectus,
351 3427 474 3479 dum
518 3439 670 3494 reque
713 3425 830 3491 jure
877 3423 1114 3476 subditas
1163 3432 1371 3491 regeret
1410 3430 1648 3476 catervas

127 3519 492 3579 monachorum,
520 3517 696 3570 evenit
728 3523 784 3568 ut
812 3531 906 3583 pro
933 3513 1202 3568 communi
1231 3512 1548 3567 necessitate
1582 3510 1646 3564 ad

129 3627 277 3675 regem
319 3609 639 3663 Clotharium
683 3619 936 3675 pergeret,
969 3606 1056 3672 qui
1087 3622 1148 3660 eo
1180 3615 1418 3672 tempore
1449 3606 1498 3657 in
1529 3603 1647 3656 ulti-

130 3703 212 3753 niis
237 3699 408 3752 Gallia:
435 3699 626 3751 ﬁnibus
650 3699 844 3751 tlceani
875 3697 1034 3750 maris
1062 3697 1349 3750 habitabat.
1381 3694 1497 3748 Fuit
1526 3709 1651 3762 ergo

128 3793 299 3859 arrepti
345 3791 543 3844 itineris
574 3791 655 3842 via
689 3805 781 3858 per
815 3789 1014 3842 saltum
1063 3803 1356 3857 pagumque
1389 3788 1650 3854 Bricgiunt

129 3884 192 3947 (la
226 3881 353 3950 Brio)
391 3897 406 3934 :
451 3890 865 3949 perventumque
906 3887 988 3933 est
1031 3879 1095 3932 ad
1144 3878 1423 3945 quamdam
1474 3877 1649 3930 villam

130 3971 410 4040 Cltaguerici
439 3988 540 4039 quo
565 3970 762 4024 dudum
792 3969 1166 4038 aliquantiSper
1196 3978 1429 4021 moratus
1461 3967 1649 4022 fuerat.

135 4061 260 4115 Villa:
301 4062 605 4116 voeabulum
651 4072 673 4099 ο
705 4061 1032 4130 P-pimisiuut
1079 4058 1292 4120 dicitur,
1342 4057 1541 4111 distans
1588 4059 1654 4111 ab

133 4155 243 4204 urbe
269 4152 546 4216 Meldorum
571 4151 808 4222 (Heaut)
837 4151 1047 4206 circiter
1071 4149 1302 4204 millibus
1324 4149 1548 4202 duobus.
1582 4150 1652 4202 lbi

134 4259 254 4296 mine
280 4241 629 4310 Cliaguericus
657 4257 774 4296 cum
804 4243 1027 4311 conjuge
1056 4258 1148 4296 sua
1181 4242 1529 4312 Leudegunde
1560 4257 1653 4296 no-

132 4331 272 4395 mine,
298 4329 584 4386 Ciiristiana
614 4343 666 4384 et
696 4345 838 4385 sana:
866 4334 1057 4387 mentis
1087 4333 1301 4399 femina,
1334 4334 1653 4396 morabatur,

131 4434 335 4474 ctsuuin
375 4424 532 4476 illium
578 4421 992 4491 Cliaguoaidum,
1033 4423 1182 4491 cujus
1231 4425 1470 4490 superius
1526 4416 1654 4475 ieci-

133 4527 232 4565 mus
259 4515 568 4568 mentionem
599 4513 650 4578 «³,
689 4529 848 4580 penes
892 4529 966 4592 se_
999 4502 1297 4569 habebaub
1315 4515 1436 4568 Viso
1479 4516 1653 4584 itaque

1752 3343 1925 3386 sasset
1952 3346 2014 3386 ac
2045 3333 2241 3401 nuptiis
2271 3333 2549 3388 adversum
2576 3336 2900 3389 voluntatem
2947 3336 3134 3403 puella:
3178 3333 3309 3388 tradi

1752 3421 2030 3488 voluisset,
2061 3423 2247 3477 dolore
2276 3423 2546 3477 oculormn
2582 3439 2827 3491 percussa
2860 3436 2910 3477 et
2942 3425 3162 3479 febrium
3191 3426 3310 3492 igne

1751 3513 1822 3566 ita
1847 3527 2097 3566 succensa
2112 3524 2210 3577 est,
2232 3523 2287 3566 ut
2309 3515 2389 3567 vix
2419 3514 2524 3582 jam
2545 3512 2562 3550 ί
2583 3516 2783 3582 superis
2812 3515 2956 3568 reddi
2979 3515 3307 3569 crederetur.

1753 3604 1896 3656 lianc
1942 3603 1996 3658 in
2047 3606 2298 3658 extremis
2327 3605 2647 3659 aniiclitibus
2695 3607 2917 3673 positam
2953 3607 3010 3660 Β.
3039 3607 3312 3660 Eustasius

1753 3699 1936 3752 videns
1968 3706 2168 3765 patrem
2202 3698 2439 3768 increpat
2467 3700 2671 3761 dicens,
2703 3713 2813 3752 sure
2845 3714 2996 3752 noxae
3025 3713 3145 3753 esse
3173 3700 3312 3767 quod

1755 3791 1866 3842 haec
1897 3790 2056 3843 tantis
2087 3799 2320 3844 uteretur
2352 3791 2539 3857 pomis,
2565 3790 2683 3857 quia
2715 3791 2811 3843 viri
2845 3792 2932 3844 llei
2979 3791 3314 3844 interdictum

1755 3881 1951 3934 violare
1998 3880 2175 3934 vellet.
2210 3882 2276 3932 At
2325 3881 2413 3932 ille
2457 3881 2817 3940 dissimulans,
2851 3879 3081 3941 Utinam,
3122 3881 3310 3947 inquit,

1755 3969 1996 4037 sospitati
2019 3968 2350 4032 redderetur,
2375 3979 2426 4021 et
2451 3969 2641 4021 divinis
2665 3967 3003 4037 [altittlut'eltil'
3025 3969 3310 4032 obsequiis!

1755 4058 1866 4112 Non
1915 4074 1972 4113 se
2018 4059 2207 4113 talibus
2236 4059 2370 4112 votis
2415 4060 2628 4113 obstare
2675 4033 2874 4114 debere
2915 4059 3006 4112 ait.
3041 4059 3314 4112 Accedens

1757 4152 1933 4220 itaque
1971 4152 2036 4204 ad
2078 4159 2299 4203 stratum
2341 4151 2547 4218 puellze,
2580 4149 2876 4203 sciscitatur
2921 4150 2964 4204 si
3011 4163 3120 4202 sure
3171 4149 3322 4202 luerit

1756 4245 2123 4298 assentationis
2152 4244 2289 4312 quod
2338 4251 2519 4296 contra
2553 4242 2609 4294 Β.
2635 4240 2941 4294 Columbani
2983 4239 3317 4295 interdictum

1759 4345 1877 4402 post
1900 4343 2019 4387 vota
2041 4334 2276 4388 cwlestia
2301 4346 2481 4386 rursos
2507 4331 2774 4384 iteraverit
2798 4339 3027 4381 terrena.
3055 4329 3120 4382 At
3146 4328 3317 4396 puella

1757 4427 2048 4480 detestatur
2096 4425 2184 4494 Hd
2216 4435 2286 4477 est
2307 4463 2321 4488 ,
2354 4420 2692 4490 protestatur]
2721 4435 2777 4474 se
2809 4421 2996 4473 talibus
3025 4420 3160 4474 votis
3187 4435 3321 4472 unu-

1760 4534 1914 4588 quam
1947 4518 2202 4588 paruisse,
2234 4528 2288 4570 ut
2316 4517 2537 4570 terrenis
2562 4512 2800 4568 cmiestia
2827 4519 3201 4573 commutarct;
3231 4511 3322 4564 sed

135 4602 353 4656 Lustasio
375 4595 885 4671 Cliagnericus‘miro
906 4617 1024 4657 cum
1050 4603 1240 4671 gaudio
1267 4604 1494 4671 recepit;
1519 4614 1655 4658 erat-
1691 4593 1742 4653 D
1773 4620 2005 4679 paratam
2057 4609 2219 4662 fuisse
2271 4609 2408 4681 beati
2464 4608 2560 4660 viri
2610 4620 2795 4671 parere
2835 4605 3129 4672 prmconiis,
3163 4617 3327 4670 seque

132 4707 219 4758 que
238 4693 382 4745 simul
409 4707 522 4745 cum
552 4701 698 4760 patre
720 4701 988 4761 matreque
1016 4690 1120 4745 lilia
1151 4692 1536 4760 Bilrgttndoiara
1563 4708 1655 4746 uo-

137 4784 276 4848 miue,
305 4798 476 4851 quam,
505 4783 527 4809 °
556 4793 613 4837 ut
653 4782 894 4850 superius
934 4781 1183 4848 diximus,
1216 4783 1276 4836 Β.
1303 4783 1660 4846 Columbanus

197 4927 220 4955 ι
250 4919 302 4972 1η
329 4917 540 4987 prologo
573 4915 829 4984 Anonymi
857 4915 943 4987 qui
984 4914 1287 4987 liuic_Jon:e
1308 4917 1656 4970 lucubratfoni

141 4991 258 5047 apud
287 4983 664 5042 llettscitvemum
698 4983 1048 5054 ptamittitur,
1087 4983 1355 5040 Eustasius
1384 4987 1572 5039 dicitur
1599 5003 1661 5039 ea:

144 5056 532 5125 Burgundionum
559 5073 738 5123 genere
768 5066 1088 5124 procreatus.
1135 5055 1188 5108 Ιιι
1225 5055 1352 5108 Vita:
1394 5056 1451 5110 S.
1481 5055 1660 5108 Wala-

145 5141 223 5177 l'lCI
249 5142 361 5184 ων.
381 5129 433 5190 9,
464 5127 520 5178 Β.
553 5127 827 5179 Austasius
855 5126 1111 5178 nobilium
1137 5125 1330 5195 generis
1356 5136 1402 5178 et
1445 5128 1664 5179 moribus

147 5198 382 5250 decoratus
412 5196 736 5264 pradicatur.
786 5195 1016 5264 Denique
1043 5197 1203 5250 Jonas
1230 5195 1280 5248 iu
1317 5196 1427 5248 Vita
1474 5199 1529 5250 S.
1562 5197 1663 5248 Co-

150 5268 374 5329 lumbam,
401 5263 540 5320 num.
562 5266 652 5329 '57,
683 5265 910 5318 biietium
944 5267 1241 5334 Litiguuica'.
1266 5263 1513 5320 Ecclesia:
1538 5281 1664 5334 pun-

152 5336 320 5388 tiiicem
354 5339 568 5389 Eustasii
597 5337 909 5389 avunculum
941 5337 1098 5388 fuisse
1129 5347 1366 5389 testatur.

211 5404 233 5440 δ
261 5405 384 5459 Viue
405 5407 565 5459 sancti
590 5405 926 5470 Coiumbani,
957 5422 1098 5458 unm.
1123 5405 1210 5459 6i.

215 5477 233 5504 ε
263 5474 571 5538 Pipimisium
622 5475 813 5528 habent
841 5487 945 5527 tum
974 5475 1120 5530 Jona:
1148 5483 1401 5543 quotquot
1441 5473 1668 5527 vidimus

157 5546 463 5614 exemplaria,
490 5556 595 5597 tum
629 5545 952 5611 illidegarius
982 5547 1032 5598 in
1059 5545 1172 5598 Vita
1199 5545 1256 5602 S.
1287 5545 1525 5605 Faronis,
1547 5560 1663 5613 cap.

278 5615 621 5682 Pippitnisium
668 5615 898 5683 nonnulli
946 5616 1352 5682 interpretantur
1384 5617 1660 5683 Oppigny:

163 5685 241 5736 sed
263 5685 461 5754 ubinam
487 5688 719 5752 gentium
743 5682 793 5736 in
827 5683 989 5754 Brigia
1019 5688 1088 5736 sit
1118 5685 1206 5738 ille
1235 5687 1378 5739 locus
1409 5682 1667 5754 ()ppiguy,

169 5757 223 5802 ab
241 5756 354 5818 ipsis
381 5753 562 5820 Βηκιπ
590 5755 776 5808 incolis
803 5753 1004 5806 discere
1035 5770 1137 5807 non
1168 5757 1451 5820 potuimus.
1489 5753 1670 5807 I'Ivslut

168 5822 340 5882 duabus
365 5826 465 5880 iere
494 5825 655 5882 lcucis
680 5839 834 5916 supra
855 5825 1046 5880 .‘ilcldas
1074 5825 1216 5880 vicus
1238 5826 1444 5894 quidam
1470 5825 1532 5879 ad
1566 5825 1671 5879 .ila-

1770 4703 1844 4755 ait
1892 4701 2152 4768 prmterita
2183 4699 2378 4752 vidisse
2425 4705 2578 4751 nocte
2608 4697 2763 4748 simili
2815 4694 2976 4762 ﬁgura
3023 4692 3194 4746 virum
3224 4707 3326 4760 qua

1773 4792 1886 4860 ipse
1912 4799 2011 4854 est,
2040 4791 2127 4859 qui
2157 4789 2428 4843 oculorum
2461 4801 2679 4840 suorum
2725 4785 2900 4837 lumen
2944 4781 3206 4844 redderet,
3240 4796 3328 4834 vo-

1776 4933 1979 4975 tronam
2018 4920 2296 4975 vernaculo
2343 4918 2572 4986 Changy,
2603 4932 2758 4984 quem
2801 4917 2975 4970 vicum
3020 4932 3122 4968 non
3167 4916 3329 4969 alium

1773 5007 1892 5046 esse
1937 5002 2178 5058 putamus
2204 5006 2230 5042 a
2263 4990 2552 5056 l‘jpimisio,
2583 4990 2660 5058 sic
2691 4988 2915 5058 posteris
2948 4986 3267 5058 appellaturi:
3294 5000 3326 5040 δ

1775 5055 2101 5130 Cliagnerico
2145 5075 2237 5114 seu
2280 5055 2600 5124 Cliangerico
2629 5056 2691 5130 S._
2717 5055 3127 5130 Burgundofam
3159 5063 3325 5119 patre.

1771 5124 1928 5185 Certe
1959 5131 2285 5184 intervallum
2313 5144 2341 5181 a
2371 5130 2550 5181 Meldis
2575 5127 2766 5195 oppido
2793 5126 2874 5178 Itic
2909 5139 2997 5187 per
3025 5124 3214 5176 Jonam
3243 5137 3330 5195 as-

1771 5206 2028 5266 signatum
2067 5200 2316 5265 pra-dicto
2348 5201 2459 5251 vico
2491 5215 2591 5250 non
2615 5193 2766 5266 male
2807 5196 3120 5258 respondet;
3151 5203 3199 5266 et
3250 5193 3324 5266 vi-

1771 5264 1906 5324 cinia
1938 5264 2152 5323 Vultiaci
2185 5271 2342 5328 villae,
2366 5269 2516 5334 vulgo
2544 5266 2726 5332 Eussy,
2754 5264 2925 5329 inqua
2955 5266 3010 5318 S.
3043 5264 3326 5337 Autltarius

1776 5342 2010 5394 Audoeni
2061 5350 2206 5407 pzitcr
2235 5355 2260 5389 a
2291 5339 2613 5391 Columbano
2653 5344 2944 5388 conventus
2991 5342 3101 5396 est,
3144 5347 3325 5396 conje-

1774 5424 1935 5465 ctura:
1963 5421 2154 5462 nostra:
2184 5410 2358 5462 favere
2388 5411 2610 5460 videtur.

1844 5479 1867 5517 ά
1904 5479 2032 5531 Vita:
2059 5480 2224 5532 sancti
2249 5478 2576 5539 Columbani,
2603 5476 2655 5528 ii.
2685 5471 2750 5526 5t)
2776 5485 2828 5528 et
2851 5475 2940 5527 35.

1845 5554 1864 5620 ξ
1903 5549 2058 5612 lbid.,
2087 5566 2139 5602 ιι.
2170 5550 2259 5620 50.
2630 5618 2640 5620 _
2674 5617 2700 5620 _
3012 5611 3021 5620 _
3066 5610 3075 5619 ,

1849 5616 1863 5653 ί
1901 5621 2137 5685 Superis,
2197 5618 2244 5670 id
2293 5625 2371 5670 est
2418 5617 2784 5688 superstitibus
2814 5628 2924 5688 seu
2977 5616 3127 5688 vivis,
3169 5620 3325 5688 prout

1772 5690 1834 5741 ad
1890 5681 2159 5758 prologum
2217 5688 2346 5742 Vita:
2399 5686 2565 5742 sancti
2621 5683 2930 5741 Colutnbaui
2990 5681 3319 5746 interpretati

1776 5775 1974 5816 Elllllils.
