3820 6334
144 398 255 454 ’ΜΘ

1392 400 1448 457 8.
1493 402 1798 459 EUSTASII
1840 404 2016 461 VITA.

3204 423 3340 482 £050

86 524 97 595 ξ
138 514 414 593 [diabolus]:
444 517 745 586 excitatque
774 531 840 571 ex
868 515 1072 569 sinibus
1098 516 1282 570 matris
1313 530 1503 567 novum
1533 515 1663 569 Cain
1696 519 1739 571 A
1773 515 2008 580 paternis
2038 516 2374 576 aﬂaminibus
2400 530 2669 579 errantem
2702 535 2903 583 monet.
2936 529 3041 587 Sed
3062 544 3335 601 postquam

137 614 207 677 qui
248 611 444 664 fratrem
489 611 602 663 zelo
649 609 774 663 velit
822 610 1194 678 exstinguere;
1238 610 1317 663 vel
1359 610 1517 663 etiam
1567 626 1663 662 no-

137 716 232 753 vum
260 700 563 766 proditorem
593 701 680 767 qui
713 700 945 766 magistri
984 700 1121 752 dicta
1154 702 1440 763 scinderet,
1470 712 1521 754 et
1549 701 1661 755 col-

136 790 312 843 titlendo
348 792 510 844 solida
534 791 599 843 ad
650 791 863 858 fragiles
897 793 1169 847 turbarum
1217 808 1373 847 aures
1421 794 1657 863 fragilem

133 890 325 935 mentem
341 880 775 933 accommodaret.
796 880 1004 935 Excitat
1029 899 1186 936 unum
1213 898 1243 938 e
1263 885 1487 937 subditis
1504 889 1661 954 Agre-

131 975 259 1024 stiurn
289 970 511 1031 nomine.
539 970 628 1040 qui
661 970 927 1039 quondam
958 971 1271 1027 Theoderici
1319 973 1459 1043 regis
1499 983 1656 1028 nota-

130 1065 219 1117 rius
254 1062 432 1130 fuerat,
461 1072 517 1118 et
558 1062 785 1133 quadam
815 1064 992 1118 cordis
1017 1067 1424 1134 compunctione
1462 1076 1656 1132 tactus,

126 1154 272 1207 omnia
313 1169 423 1221 qua:
472 1152 778 1221 possederat
822 1154 1125 1223 relinquens
1164 1164 1217 1209 et
1264 1157 1331 1210 ad
1365 1152 1655 1211 Luxovi'um

125 1246 332 1309 veniens,
353 1259 410 1297 se
432 1253 488 1300 et
508 1260 602 1298 sua
630 1246 808 1299 omnia
833 1247 1139 1309 supradicto
1167 1246 1308 1301 Patri
1342 1248 1654 1303 tradiderat.

124 1342 233 1405 Quid
260 1348 436 1393 cuncta
477 1340 768 1406 repliceml
803 1339 1094 1409 Religionis
1124 1341 1354 1408 speciem
1386 1340 1436 1395 in
1469 1356 1656 1395 mona-

124 1431 262 1485 sterio
285 1439 510 1499 gestans,
541 1441 663 1498 post
706 1445 1058 1486 commeatum
1090 1431 1320 1498 postulat
1346 1429 1437 1502 [Id
1466 1439 1560 1494 est,
1596 1430 1657 1484 li-

119 1517 338 1591 centiam]
368 1529 425 1574 ut
463 1524 701 1590 gentium
731 1535 851 1575 esse
897 1522 1211 1589 praedicator
1238 1522 1648 1590 permitteretur.

120 1610 265 1673 Quem
290 1613 362 1662 vir
388 1620 600 1664 sanctus
628 1611 719 1663 diu
765 1612 1053 1680 obiurgans
1091 1614 1330 1681 increpat
1356 1627 1415 1667 se
1458 1613 1522 1667 ad
1553 1613 1654 1666 tale

114 1715 226 1766 opus
265 1699 473 1753 minime
522 1700 795 1762 idoneum,
840 1699 1026 1756 rudem
1077 1702 1249 1756 adhuc
1294 1702 1346 1755 in
1396 1703 1652 1771 religione

1762 608 2085 663 salutaribus
2111 612 2323 669 monitis
2359 622 2592 669 mentem
2620 627 2770 683 peste
2798 632 3105 691 corruptam
3151 635 3203 681 et
3247 642 3337 681 sa-

1763 698 1901 752 lubri
1928 700 2167 755 antidoto
2210 718 2401 759 curare
2438 706 2787 776 nequivisset,
2816 723 2847 763 a
2875 725 2975 766 suo
3012 701 3337 787 suorumque

1760 788 1986 857 collegio
2016 795 2334 863 segregavit.

1830 880 1885 934 9.
1928 881 2205 940 Refutatus
2251 899 2380 955 ergo
2425 899 2454 938 a
2503 886 2563 941 Β.
2618 888 2859 945 Eustasio
2886 905 2947 947 se
2976 892 3079 948 huc
3108 894 3337 964 illucque

1761 970 1938 1037 vertit,
1972 981 2027 1024 ut
2055 974 2336 1030 nonnullos
2357 978 2734 1033 aaseutationis
2764 994 2872 1034 sua
2901 982 3137 1039 fautores
3164 988 3336 1042 facere

1761 1073 1938 1130 queat.
1970 1064 2073 1117 Sed
2102 1080 2223 1119 cum
2253 1065 2385 1120 nihil
2412 1068 2529 1135 ejus
2560 1070 2819 1136 imperitia
2851 1072 3025 1129 facere
3051 1076 3330 1145 quivisset,

1766 1153 1824 1207 Β.
1857 1155 2168 1210 Columbani
2197 1156 2502 1226 religionem
2528 1158 2769 1227 olle-dit,
2796 1164 3052 1221 adversus
3098 1169 3332 1236 regulam

1758 1246 1876 1313 ejus
1926 1248 2117 1301 canino
2162 1247 2321 1304 dente
2369 1253 2629 1319 garriens,
2679 1266 2742 1307 ae
2771 1256 2930 1310 veluti
2974 1271 3189 1313 etenusa
3243 1275 3334 1314 aus

1756 1337 2051 1404 gruuuiens
2082 1352 2178 1405 per
2206 1352 2341 1407 quoa
2385 1340 2552 1407 potuit
2590 1342 2918 1412 garrulitatis
2955 1361 3067 1401 suae
3096 1364 3335 1402 murmur

1757 1426 2032 1492 excitavit,
2090 1436 2358 1483 annuente
2385 1427 2485 1483 sibi
2531 1430 2789 1485 Abelleno
2828 1432 3156 1491 Genevcusis
3187 1438 3337 1492 urbis

1756 1514 2003 1584 (Genéve)
2029 1518 2302 1585 episcopo,
2342 1522 2431 1590 qui
2456 1524 2896 1591 consanguinitati
2924 1540 3034 1581 suae
3062 1528 3334 1596 prosimus

1754 1615 1892 1659 erat.
1923 1606 1971 1659 is
2012 1607 2192 1677 itaque
2222 1609 2512 1665 Abeileuus
2543 1612 2745 1667 vicinos
2789 1618 3096 1671 catervatim
3126 1619 3335 1687 episeo-

1757 1708 1853 1761 pos
1883 1695 1985 1750 sibi
2007 1696 2235 1767 jungcre
2261 1699 2313 1753 in
2336 1699 2565 1769 Agreatii
2595 1704 2794 1759 auxilio
2814 1708 2957 1761 omni
2987 1707 3161 1763 studio
3184 1709 3333 1765 nisus

114 1799 300 1855 putare,
342 1790 419 1843 vel
465 1790 683 1860 dignum
735 1792 919 1847 dicens
971 1793 1216 1847 omnibus
1270 1794 1647 1851 ecclesiasticis
1693 1861 1699 1862 ί
1752 1795 1858 1852 est.
1890 1790 1960 1839 ιιι·
2006 1798 2061 1842 υι
2108 1804 2286 1857 καθίει
2327 1790 2696 1854 ClllOlbIrium
2743 1805 3025 1862 tentarent,
3055 1803 3100 1856 si
3145 1817 3330 1857 eorum

110 1880 487 1947 phaleratnenlis
520 1881 828 1936 decoratum
1019 1882 1215 1938 debere
1257 1882 1346 1952 qui
1380 1884 1482 1937 tale
1511 1898 1647 1950 opus
1685 1861 1725 1917 Β
1759 1877 1925 1942 Par“!
1948 1888 2249 1935 κηπίδιοΐ
2271 1880 2480 1937 ῐυιυηιι
2499 1894 2660 1939 esset.
2690 1887 2867 1941 Atille
2887 1861 3059 1943 sciens
3076 1900 3129 1943 et
3152 1894 3332 1961 cognio

106 1972 385 2038 su~ciperrt
413 1963 671 2039 legemias
704 1974 846 2029 enim
876 1974 1081 2029 Domini
1111 1975 1370 2031 electione
1402 1978 1644 2045 prrmis-

105 2074 183 2113 sus
201 2074 254 2115 se
274 2061 477 2129 dignum
507 2061 733 2129 denegat
756 2063 936 2119 dicens
961 2082 971 2115 :
996 2066 1059 2129 A,
1085 2082 1139 2130 α,
1166 2083 1218 2127 a,
1248 2065 1459 2139 Domine
1487 2066 1643 2131 Deus,

105 2164 184 2215 ego
209 2164 324 2215 pater
349 2165 479 2213 sum,
508 2150 676 2202 nescio
706 2150 843 2217 loqui
872 2149 1088 2219 (leum.
1119 2153 1180 2220 t).
1212 2152 1417 2221 Moyses
1444 2154 1645 2208 electus

104 2252 127 2289 a
158 2239 361 2293 Domino
385 2254 442 2294 se
470 2240 675 2295 tardum
707 2240 879 2311 lingua
911 2252 1132 2297 testatur
1156 2242 1310 2312 (Gen.
1337 2244 1410 2313 ν).

161 2330 207 2381 7.
239 2330 326 2384 llis
366 2331 521 2386 dictis
562 2346 686 2387 cum
730 2334 861 2389 nihil
912 2335 1223 2403 proliceret,
1253 2352 1410 2405 quem
1460 2346 1643 2393 tenere

104 2436 195 2473 non
224 2422 351 2477 valet
394 2422 471 2477 ire
498 2423 643 2477 sinit.
687 2423 783 2490 Qui
814 2440 933 2479 cum
963 2426 1028 2479 ad
1060 2426 1375 2481 Bavocnrios
1420 2429 1641 2481 tendens

102 2516 349 2578 venisset,
382 2515 649 2581 paululum
696 2525 932 2570 moratus
980 2519 1180 2571 nullum
1226 2516 1451 2571 fructum
1482 2535 1639 2573 exer-

94 2618 224 2668 cens,
251 2605 388 2657 velut
412 2608 515 2658 alta
559 2606 800 2671 platanus
828 2607 1037 2675 garrula
1065 2618 1340 2661 ventorum
1373 2607 1641 2663 folia'tre-

92 2692 244 2745 mulas
284 2694 445 2761 quatit
471 2693 537 2746 ad
566 2709 745 2757 auras,
771 2696 861 2748 sed
914 2694 1175 2749 fructuum
1205 2698 1411 2764 copiam
1446 2698 1633 2751 nescit.

93 2781 272 2837 Deinde
296 2784 360 2837 ad
390 2783 679 2853 Aquileiam
710 2787 1017 2851 pertransit.
1046 2787 1409 2855 Aquileienses
1438 2788 1635 2841 etenim

87 2874 382 2929 dissentiunt
412 2890 441 2928 a
471 2878 844 2931 communione
873 2879 1025 2931 sedis
1063 2878 1369 2943 apostolicae
1414 2878 1502 2946 (de
1532 2892 1633 2945 qua

91 2964 325 3017 Dominus
357 2964 407 3015 in
442 2963 727 3033 Evangelia
756 2964 819 3017 ad
854 2965 1063 3018 beatum
1093 2966 1453 3032 aposmlnrum
1486 2965 1633 3032 priu—

84 3055 238 3118 cipetu
270 3054 475 3109 Petrum
512 3053 780 3121 loquitur:
817 3054 894 3106 Tu
938 3071 989 3107 ea
1017 3054 1219 3120 Petrus,
1249 3065 1294 3109 et
1322 3072 1473 3124 super
1502 3057 1635 3108 Itane

86 3141 273 3195 Petrum
331 3144 593 3209 adi/itaita
639 3143 918 3198 Ecclesium
964 3161 1161 3212 meum,
1191 3156 1239 3197 et
1280 3156 1439 3215 porta:
1484 3146 1636 3215 inferi

82 3250 170 3285 non
189 3236 522 3302 prmlebunt
546 3238 784 3290 adversus
806 3254 915 3290 sum
938 3237 1148 3309 [Mattio
1176 3238 1311 3309 xvr])
1334 3240 1401 3294 ob
1427 3250 1451 3277 ⁸
1477 3241 1633 3296 trium

80 3323 426 3394 Capitulorum
456 3327 868 3393 dissensiOnem,
898 3345 964 3384 ex
991 3332 1397 3398 quadiscordire
1429 3335 1482 3388 in
1512 3336 1631 3387 lun-

73 3429 188 3483 gum
215 3417 534 3475 incrementa
564 3429 863 3484 manarunt,
895 3421 1033 3488 quod
1068 3421 1316 3487 praesenti
1341 3424 1490 3491 operi
1523 3438 1629 3476 non

72 3519 144 3561 est
193 3506 551 3564 inserendum.
596 3510 771 3579 Itaque
814 3512 1032 3564 veniens
1079 3509 1397 3579 Aquileiam,
1444 3512 1627 3566 socius

74 3602 239 3654 statim
268 3601 573 3655 schismatis
600 3602 840 3666 eii'ectus,
871 3618 900 3657 a
930 3602 1185 3678 Romana
1211 3605 1353 3658 sedis
1383 3619 1626 3659 commu-

71 3693 219 3747 nione
261 3694 532 3759 seiunctus
576 3706 639 3746 ac
680 3692 884 3747 divisus
912 3708 940 3745 a
986 3694 1150 3749 totius
1194 3694 1338 3749 orbis
1382 3708 1623 3749 commu-

68 3783 252 3836 nione:
282 3784 370 3852 qui
394 3797 517 3837 cum
548 3780 801 3837 Romanas
838 3782 951 3837 sedi
976 3782 1311 3852 iungeretur,
1340 3785 1627 3840 damnabat

68 3872 283 3925 insulam
333 3871 628 3941 Aquileiam
676 3870 1025 3926 orthodoxam
1058 3870 1215 3926 fidem
1260 3886 1365 3926 non
1417 3881 1621 3927 tenere.

66 3962 175 4027 Quo
212 3962 504 4017 schismate
548 3962 781 4017 imbutus
807 3960 1084 4029 epistolam
1114 3974 1432 4017 venenosam
1461 3960 1622 4025 etin-

60 4054 441 4119 crepationibus
488 4054 695 4120 plenam
722 4053 786 4107 ad
837 4054 895 4106 Β.
925 4053 1154 4108 Attalam
1196 4067 1291 4122 per
1334 4053 1604 4109 Aurelium

62 4143 327 4196 Adairaldi
384 4145 524 4210 regis
580 4142 1053 4211 Longohardorum
1104 4143 1368 4197 notarium
1421 4143 1618 4211 dirigit.

56 4232 218 4299 Quam
246 4248 341 4302 per
370 4234 655 4288 multorum
681 4247 941 4287 annorum
970 4234 1139 4301 spatia
1168 4234 1401 4290 abditam
1433 4234 1618 4299 habui,

59 4332 111 4377 et
134 4333 319 4392 postea
348 4337 467 4379 mea
493 4322 812 4393 negligentia
844 4322 1069 4390 perdidi.
1098 4322 1208 4378 Nec
1236 4324 1371 4378 alius
1399 4324 1621 4392 quilibet

54 4426 191 4481 eam,
216 4415 312 4470 sed
340 4415 455 4483 ipse
484 4411 695 4483 proprio
719 4414 856 4484 stylo
875 4412 1181 4480 scripserat.

1754 1975 1858 2018 tam
1886 1970 2252 2034 experimento
2304 1972 2505 2028 habens
2542 1976 2600 2029 Β.
2639 1974 2952 2033 Columbani
2995 1983 3330 2039 sanctibitem

1748 2067 1800 2108 et
1828 2056 2209 2124 discipulorum
2236 2059 2556 2123 doctrinam.
2590 2065 2847 2121 adversus
2871 2076 3109 2124 sanctam
3134 2071 3331 2127 doctri—

1749 2159 1869 2197 natn
1914 2150 2253 2214 grunnientes
2288 2150 2399 2203 suis
2436 2153 2614 2206 studet
2660 2157 2979 2225 redarguere
3024 2164 3318 2227 resiwnsis.

1744 2236 1985 2304 Cumtlue
2014 2240 2163 2294 mihii
2214 2242 2543 2309 profecisset.
2583 2250 2771 2301 statuit
2806 2259 2863 2303 nt
2908 2254 3149 2320 synodali
3198 2270 3325 2309 exa-

1746 2325 2037 2382 minatione
2071 2331 2405 2401 probaretur,
2450 2350 2556 2392 non
2588 2339 2862 2406 ambigens
2891 2340 2957 2394 de
2986 2341 3048 2395 Β.
3090 2342 3318 2399 Eustasii

1744 2420 2059 2472 auctoritate
2084 2427 2139 2473 et
2166 2421 2430 2491 doctrina,
2453 2426 2594 2491 quod
2621 2442 2809 2481 omnes
2833 2430 3177 2486 adversantes
3199 2449 3325 2489 san-

1742 2515 1843 2559 ctae
1883 2508 2081 2575 regula:
2126 2513 2402 2579 prudentia
2451 2526 2505 2568 et
2550 2516 2889 2585 facunditate,
2920 2524 3323 2578 administrante

1740 2595 1838 2649 sibi
1872 2597 2074 2665 Spiritu
2103 2614 2311 2665 sancto,
2346 2616 2645 2671 superaret.

1812 2686 1900 2741 i0.
1944 2687 2237 2746 Emanante
2278 2706 2407 2763 ergo
2437 2696 2599 2763 regali
2629 2699 2962 2765 auctoritate,
2997 2701 3148 2755 multi
3182 2702 3315 2755 Bur-

1738 2781 1949 2847 gundie
1988 2782 2225 2853 episcopi
2283 2787 2335 2841 in
2384 2790 2693 2845 suburbano
2729 2792 3132 2847 Matisconensis
3176 2799 3319 2851 urbis

1736 2871 2059 2927 conveniunt
2083 2891 2095 2926 :
2127 2875 2262 2930 inter
2282 2892 2415 2944 quos
2444 2882 2709 2934 residebat
2734 2886 2994 2939 maximus
3016 2887 3316 2951 hasreticus,

1736 2961 1827 3028 qui
1880 2963 2115 3019 maxime
2146 2968 2407 3034 synodum
2461 2970 2572 3021 ﬁeri
2624 2972 2843 3039 urgebat
2884 2972 3316 3037 Warnacltarius.

1736 3050 1824 3117 qui
1863 3063 1979 3105 erat
2011 3053 2070 3107 Β.
2123 3053 2354 3109 Eustasii
2386 3056 2740 3112 adversarius.
2793 3058 2895 3113 Sed
2932 3063 3201 3125 praevaluit
3254 3064 3312 3115 Β.

1742 3140 1970 3196 Eustasii
1995 3142 2322 3213 deprecatio,
2354 3157 2410 3199 ut
2438 3147 2523 3215 qui
2557 3157 2742 3201 auctor
2770 3149 2978 3203 miserm
3009 3151 3315 3206 intentionis

1738 3243 1791 3286 et
1818 3244 2119 3290 assentator
2159 3235 2272 3291 ﬁeri
2323 3236 2505 3301 vellet,
2552 3248 2827 3306 correptus
2862 3252 2890 3291 a
2943 3240 3165 3293 Domino
3214 3256 3310 3309 per

1736 3337 1856 3378 eum
1895 3324 2132 3379 omnium
2163 3326 2301 3380 vires
2329 3326 2613 3393 frangeret.
2665 3329 2922 3391 Praedicta
2950 3344 3076 3399 ergo
3114 3339 3167 3383 et
3196 3340 3309 3385 sta-

1735 3425 1849 3469 tuto
1890 3416 1979 3471 die
2006 3416 2217 3485 quando
2258 3416 2517 3471 adversus
2556 3418 2857 3475 Eustasiutn
2888 3423 3163 3478 altercatio
3202 3426 3312 3479 ori-

1734 3515 1899 3571 retur,
1944 3508 2055 3575 ipse
2094 3515 2267 3562 morte
2311 3520 2613 3576 praeventus
2652 3514 2852 3565 internt
2886 3511 2937 3566 ι’.
2978 3513 3182 3569 Fractis
3212 3519 3311 3568 ita-

1731 3609 1836 3662 que
1863 3598 1913 3649 in
1937 3609 2003 3649 eo
2026 3594 2356 3665 Agrestiana:
2383 3598 2547 3665 partis
2568 3599 2773 3653 viribus
2796 3602 3072 3656 turbantur
3099 3608 3306 3669 omnes,

1728 3695 1782 3741 et
1805 3686 2140 3741 sciscitantur
2185 3687 2481 3753 Agrestium
2509 3688 2631 3757 quid
2677 3689 2929 3757 adversus
2961 3694 3194 3761 regulam
3242 3695 3299 3746 li.

1728 3772 2041 3831 Columbani
2070 3776 2150 3831 vel
2193 3777 2551 3832 venerabilem
2599 3777 2898 3835 Eustasium
2929 3782 3205 3849 objiccret.
3239 3788 3305 3837 At

1730 3866 1822 3921 ille
1852 3869 2207 3923 trementibus
2229 3867 2407 3933 labiis,
2436 3878 2491 3922 et
2521 3868 2650 3921 nihil
2680 3870 3012 3927 auctoritatis
3033 3885 3094 3925 ac
3122 3871 3303 3926 elucu-

1726 3956 1861 4010 brati
1892 3959 2086 4023 eloquii
2119 3958 2320 4031 habens
2355 3957 2453 4021 ait,
2480 3958 2747 4027 superﬂua
2792 3961 3029 4029 quadam
3059 3969 3114 4015 et
3137 3974 3303 4019 cauo-

1726 4048 1860 4101 nica:
1891 4048 2207 4102 institutioni
2256 4047 2425 4104 aliena
2472 4064 2657 4105 eorum
2694 4037 2883 4106 studiis
2912 4053 3099 4107 teneri.
3139 4054 3300 4109 Cum-

1724 4153 1829 4207 que
1859 4138 2005 4193 illum
2033 4149 2306 4207 urgerent.
2339 4140 2553 4194 tandem
2592 4140 2827 4196 criminis
2852 4154 3065 4197 causam
3108 4144 3298 4211 depro-

1724 4230 1817 4282 tnit
1844 4246 1857 4281 ;
1898 4244 1954 4283 se
1982 4244 2092 4283 sua:
2130 4230 2324 4297 regula
2354 4230 2569 4294 habere,
2601 4240 2624 4270 α
2653 4230 2926 4285 cochleam
2966 4246 3123 4302 quam
3167 4237 3299 4288 lanio

1722 4318 1908 4374 herent
1950 4318 2357 4376 crebrocrucis
2401 4320 2554 4387 signo
2596 4319 2815 4387 signari,
2858 4330 2914 4376 et
2961 4323 3011 4376 in
3050 4323 3293 4390 ingressu

1720 4408 2001 4477 cujuslibet
2042 4408 2233 4463 domus
2280 4407 2415 4462 intra
2454 4406 2767 4466 'ctenobium
2820 4419 2927 4465 tam
2975 4411 3294 4468 introeatst

118 4500 169 4554 8.
213 4500 425 4557 Directa
455 4502 630 4569 itaque
664 4501 732 4557 ad
773 4502 831 4557 Β.
878 4502 1105 4557 Attalam
1143 4500 1363 4571 epistola
1395 4503 1509 4565 ipse
1551 4502 1616 4558 ad
1643 4517 1696 4577 ι)
1722 4512 1881 4565 quam
1910 4495 2235 4565 egredientlo
2262 4495 2685 4552 benedictionem
2726 4498 3014 4567 postulare.
3049 4496 3291 4568 Cumque

51 4589 342 4645 Lusovium
363 4602 632 4661 properat,
657 4601 712 4645 et
734 4603 917 4661 postea
944 4592 1006 4646 B.
1037 4592 1338 4647 Eustasium
1365 4591 1621 4645 schisma-

50 4680 115 4735 tis
143 4681 344 4737 aculeis
371 4689 560 4745 tctitat,
582 4682 627 4735 si
647 4694 829 4735 sanam
860 4690 1091 4736 mentem
1120 4682 1231 4737 suis
1246 4681 1480 4746 ,vesaniia
1500 4695 1621 4736 cor-

49 4784 296 4841 rumpere
340 4779 525 4842 queat.
572 4770 690 4839 Quo
736 4770 1071 4827 venerandus
1096 4770 1178 4826 vir
1206 4778 1499 4840 comperto,
1529 4772 1616 4825 diu

121 4929 145 4959 '
177 4924 414 4991 (ξυνίησι
460 4925 619 4994 trium
648 4920 1048 4991 'Capitulorum,
1091 4940 1207 4994 qua
1256 4926 1481 4986 amplius
1510 4942 1615 4979 uno

43 4994 239 5050 seculo
288 4993 578 5063 Ecclesium
622 4994 928 5063 exagitavit,
965 4993 1154 5049 exinde
1198 4996 1424 5063 sumpsit
1451 4997 1611 5063 origi~

46 5063 344 5136 nem_quod
376 5078 497 5136 cum
542 5062 661 5118 lbas
691 5062 995 5136 Edessenus
1018 5079 1082 5136 ac
1105 5062 1482 5136 Theoderetus
1510 5062 1613 5136 Cy-

46 5130 217 5201 ειςῳῇ
262 5133 500 5197 episcopi
547 5148 651 5187 una
680 5147 801 5186 eum
852 5132 1117 5201 Theodori
1169 5134 1524 5201 Mopsueateni
1555 5130 1609 5189 in

42 5198 223 5255 Cilicia
271 5202 506 5255 secunda
554 5201 806 5255 antistitis
852 5200 1051 5265 recepti
1095 5198 1272 5256 essem'
1320 5206 1369 5257 in
1414 5206 1605 5258 concil.

41 5268 321 5332 (Ἀπειραίη
366 5269 487 5323 Act.
518 5271 606 5330 10.
635 5273 912 5325 consulatu
956 5270 1217 5333 Martiani,
1246 5271 1440 5325 Christi
1469 5286 1609 5331 anno

39 5338 138 5422 de!
170 5340 376 5422 habita.
404 5353 454 5422 vi
481 5337 598 5422 Kal.
626 5338 977 5422 Novembris;
1010 5355 1120 5422 uno
1140 5342 1389 5422 ierepost
1412 5345 1607 5422 seculo

39 5415 231 5475 agente
246 5397 532 5489 Theodoro
551 5407 810 5489 gessi-eae
828 5397 1170 5478 Cappadociae
1191 5397 1438 5477 episcopo
1458 5410 1605 5491 dam-

41 5475 309 5560 guilty!!!
331 5477 687 5560 aniustmtano
706 5491 849 5560 imp.
861 5480 1005 5560 quod
1044 5480 1284 5560 Nestorio
1326 5479 1501 5560 favere
1528 5494 1604 5560 Vl:

41 5541 321 5615 tierent-Ir.
348 5544 605 5615 Coactum
642 5553 726 5601 est
752 5541 815 5615 ea
844 5541 911 5601 de
943 5560 1100 5612 ausa
1143 5548 1599 5615 Constantinopoli

36 5612 328 5686 qut-ciliu-
346 5628 490 5686 anuo
509 5611 613 5670 553
628 5615 779 5686 jussu
803 5614 1157 5686 imperatoris.
1178 5616 1229 5673 in
1252 5633 1356 5686 quo
1375 5611 1601 5673 concilio

36 5678 312 5736 damnatio
350 5681 561 5748 iterata,
583 5678 669 5738 cui
692 5678 1186 5755 summi'pontiiices
1225 5678 1397 5753 primo
1439 5702 1598 5755 repu-

34 5758 265 5821 gnantes
307 5760 491 5822 postea
519 5754 722 5810 assensi
745 5764 891 5823 sunt,
920 5767 1039 5809 cum
1084 5755 1232 5811 multi
1258 5754 1598 5827 episcopi’iu-

492 5982 523 6012 δ

1724 4589 1798 4644 illi
1820 4590 1891 4642 nil
1912 4588 2125 4657 dignum
2143 4588 2487 4658 synodalibus
2507 4588 2966 4645 dissertationibus
2982 4588 3146 4659 objici
3173 4606 3291 4647 eer-

1721 4687 1928 4742 nerent,
1980 4677 2122 4744 Alia,
2170 4678 2435 4747 inquiunt,
2483 4677 2731 4732 si-habet
2775 4686 3031 4748 opponat.
3084 4682 3155 4737 Δι
3200 4681 3289 4737 ille

1720 4766 1959 4836 prorupit
2001 4767 2186 4831 dicens
2212 4781 2272 4823 se
2315 4767 2455 4821 scire
2490 4765 2869 4821 Columbanum
2899 4782 2931 4823 a
2970 4776 3285 4827 animum

1717 4926 1903 4993 primis
1930 4925 2293 4994 Aquileienses
2314 4924 2367 4979 in
2396 4921 2705 4979 defensione
2730 4924 2889 4980 trium
2915 4924 3278 4993 Capitulorum

1717 4993 2083 5061 persistereut.
2113 4993 2253 5061 Lege
2301 4994 2515 5048 Baron.’
2544 4994 2813 5060 tom.\’ll|,
2844 4995 2909 5047 ad
2941 5008 3069 5051 sun.
3096 4994 3201 5051 538
3224 5010 3280 5053 et

1711 5078 1860 5133 seqq.
1881 5063 2481 5144 Aquileienses'tandem
2503 5065 2603 5119 sub
2621 5062 2810 5133 Sergio
2831 5076 2961 5183 nugo
2990 5066 3279 5133 resipuisse

1711 5147 1893 5183 IIICIOI'
1918 5139 2001 5183 est
2031 5131 2174 5183 Pani.
2206 5132 2373 5183 Dtac..
2400 5131 2492 5183 hb.
2524 5147 2575 5183 ν.
2604 5146 2720 5183 can.
2746 5130 2831 5183 Η.
2912 5140 3000 5183 tat.
3032 5131 3269 5183 Lommb-

1709 5130 1893 5205 auctor
1918 5139 2001 5184 est
2031 5131 2174 5205 Paul.
2206 5132 2377 5205 Diac.,
2400 5131 2492 5205 lib.
2524 5147 2575 5199 v,
2604 5130 2831 5205 capfﬂ,
2866 5130 3000 5205 Hist.
3032 5130 3269 5205 Longnb.

1784 5203 1809 5239 δ
1840 5202 2090 5271 θερίσει-κο
2122 5201 2548 5257 Vuarnacharius
2584 5200 2719 5255 alius
2746 5209 2830 5271 est
2866 5215 2898 5255 a
2941 5199 3275 5257 Vuaruaéba-

1707 5355 1953 5392 nimirum
1985 5355 2276 5394 bltloutltll
2308 5355 2453 5409 regni
2475 5355 2613 5409 anno
2643 5355 2732 5404 eo,
2760 5355 2958 5395 uurtstt
2986 5355 3113 5404 ou,

1706 5407 2027 5491 Fretlegario
2058 5411 2108 5491 in
2137 5410 2362 5473 Cbron.,
2394 5423 2523 5491 cap.
2662 5481 2693 5491 Α
2731 5480 2761 5491 υ
2809 5476 2844 5491 Α

1776 5485 1797 5511 ο
1827 5476 1928 5530 ista
1961 5486 2273 5547 repetuntur
2299 5492 2367 5534 ex
2414 5475 2764 5532 Pmnitentiali
2808 5475 3251 5547 8.,Ceiumbani,

1702 5546 1755 5599 in
1782 5560 1889 5623 quo
1926 5544 2171 5623 qui'gnon
2221 5548 2508 5623 signaverit
2550 5552 2830 5623 cochleare
2871 5544 3010 5623 quod
3059 5544 3263 5623 lambit,

1700 5612 1811 5669 σοι’
1825 5612 2293 5684 persuasionime
2314 5618 2591 5684 egrediens
2614 5623 2693 5673 vel
2724 5612 3023 5684 ingrediens
3042 5612 3261 5670 domum

1700 5632 1792 5669 sex
1825 5632 2289 5684 percussionum;
2382 5632 2591 5673 rediens
2614 5632 2693 5673 vet
2724 5632 3023 5681 ingrediens
3042 5632 3261 5670 uomum

1837 5689 1991 5758 signo
2015 5687 2208 5752 crucis,
2240 5632 2522 5747 dugﬁecim
2550 5686 2717 5759 plagis
2740 5682 3018 5755 subiacere
3046 5687 3264 5741 teneba-

1722 5770 1801 5810 lll'o
