3880 6236
208 319 253 372 ιε·
266 320 324 371 55

1453 319 1508 374 S.
1551 319 1765 374 EUSTA
1778 318 1857 373 Sll
1901 320 2073 375 VITA.

3226 325 3362 378 inst
3411 403 3416 406 _

202 434 361 487 malum
387 431 580 495 bonum,
623 437 677 489 et
723 431 904 482 bonum
943 431 1127 484 malum
1169 431 1301 488 Usa.
1332 431 1410 500 ν).
1434 436 1704 495 Accelera,
1742 437 1782 489 Α
1813 432 1976 496 Quam
1997 434 2140 486 multi
2179 432 2288 502 jam
2319 434 2367 486 in
2394 449 2572 490 amore
2601 437 2907 491 Columbani
2938 448 2992 492 et
3029 437 3142 506 ejus
3173 414 3390 508 regnlze

201 536 242 578 et
263 536 453 591 prorsus
482 519 547 572 ab
586 521 682 571 hac
723 522 930 574 vesania
976 520 1190 575 festinus
1237 522 1474 576 recede.»
1521 523 1716 576 Conlu-

203 626 318 667 mus
353 626 469 680 ergo
497 611 575 663 his
613 609 806 664 Christi
855 610 1065 665 famula:
1109 614 1398 680 responsis,
1433 628 1612 666 rursus
1649 616 1712 665 ad

182 703 500 755 .Romaricum
549 702 625 753 vel
677 703 920 753 Amatum
973 702 1204 771 repedat,
1257 713 1312 757 ut
1366 713 1589 772 emptam
1621 705 1717 759 de-

201 792 424 858 ceptiOuis
454 805 626 856 rugam
649 792 946 844 contrahat.

260 884 333 936 15.
394 882 494 935 Nec
539 881 705 935 defuit
754 883 925 935 divina
975 882 1120 936 ultio.
1175 883 1305 938 Cum
1353 883 1416 937 ad
1467 884 1563 938 hoc
1611 886 1713 952 jam

201 987 355 1027 omnes
393 973 681 1037 aspirarent
715 981 770 1025 ut
800 981 1129 1040 contemptus
1165 974 1502 1039 pristinarum
1534 990 1714 1029 assen-

205 1075 373 1118 tatores
392 1062 561 1116 forent
587 1063 990 1126 institutionum,
1016 1064 1241 1130 primum
1267 1064 1370 1132 lupi
1395 1067 1554 1120 rab’ei
1578 1075 1716 1118 moro

203 1157 256 1208 bo
275 1154 452 1222 detenti
485 1153 616 1206 duos
647 1169 709 1208 ex
761 1154 838 1207 his
866 1155 952 1223 qui
1002 1156 1230 1208 fautores
1259 1167 1408 1209 erant
1451 1157 1605 1225 hujus
1634 1173 1718 1209 as-

202 1245 414 1298 sertionis
457 1259 544 1311 per
586 1243 955 1312 intempestam
1005 1256 1212 1299 noctem
1243 1247 1375 1299 intra
1414 1250 1715 1300 monasterii

203 1343 326 1402 septa
351 1336 686 1399 irrumpentes
717 1336 976 1389 morsibus
1000 1336 1279 1402 laniarunt,
1305 1347 1464 1406 atque
1487 1352 1605 1390 cum
1634 1353 1714 1393 ra-

204 1424 288 1477 bici
316 1433 447 1491 peste
475 1423 757 1480 derelictos
788 1425 1158 1480 miserabiliter
1194 1428 1345 1480 morti
1373 1429 1713 1498 tradiderunt.

203 1515 371 1578 Alium,
425 1513 733 1569 Plaurelinm
790 1517 1022 1581 nomine,
1073 1519 1161 1586 qui
1215 1519 1388 1573 adhuc
1442 1517 1717 1575 disctirdia:

203 1603 403 1658 fomitem
423 1603 760 1658 vehementer
785 1605 1068 1673 aspirabat,
1091 1607 1385 1661 daamonum
1411 1609 1583 1663 rabies
1603 1627 1718 1678 pcr—

208 1695 338 1755 vasit,
365 1701 510 1760 atque
541 1692 838 1760 ignobiliter
867 1695 1022 1747 morti
1066 1695 1302 1760 tradidit,
1344 1712 1464 1748 nam
1510 1701 1713 1764 prepria

206 1799 334 1835 manu
367 1782 470 1848 ipse
496 1797 553 1835 se
601 1782 790 1850 laqueo
833 1786 1123 1850 suspendit.
1171 1784 1274 1840 Sed
1305 1802 1421 1839 cum
1455 1787 1566 1841 haec
1590 1789 1718 1840 ultio

207 1887 497 1940 nequaquam
529 1872 674 1926 fieret
715 1867 976 1942 correptio
1022 1875 1454 1944 delinquentium,
1489 1879 1722 1944 protinus

205 1965 349 2032 major
372 1977 540 2041 secuta
571 1973 674 2017 est.
704 1965 833 2019 Nam
861 1969 1035 2020 subito
1063 1968 1239 2038 fulgur
1267 1985 1297 2023 e
1325 1970 1462 2024 cmlo
1486 1972 1721 2039 elapsum

205 2055 394 2111 terribili
423 2056 620 2123 fragore
651 2057 876 2123 percutit
917 2057 1114 2123 locum,
1144 2060 1422 2113 ecclesiam
1465 2075 1721 2129 pervaga—

203 2157 291 2210 tur,
315 2147 559 2201 snbvertit
582 2153 901 2216 tegumenta,
931 2148 1136 2216 plebem
1167 2138 1295 2215 urit,
1335 2154 1595 2204 examinat
1622 2171 1633 2205 :
1667 2163 1725 2205 ut

201 2239 376 2294 scilicet
415 2254 641 2307 praesens
691 2242 976 2308 correptio,
1025 2241 1115 2311 qui
1160 2242 1499 2309 simplicitate
1537 2246 1720 2309 nimia,

204 2330 525 2396 praeveniente
558 2330 852 2386 ‘calliditate
892 2330 1000 2400 jam
1047 2333 1300 2399 permixta
1355 2333 1551 2402 ignava:
1597 2351 1722 2402 per-

201 2418 404 2472 suasinni
435 2433 701 2473 assensum
752 2420 1105 2488 prmbuerant,
1142 2431 1458 2477 monstraret
1496 2424 1722 2478 futuram

201 2509 371 2561 debere
398 2509 572 2577 iugere
601 2508 759 2562 iram.
791 2508 978 2563 Μοτιυί
1005 2519 1126 2563 sunt
1156 2511 1220 2564 ad
1245 2525 1476 2579 praesens
1505 2512 1682 2582 viginti
1706 2529 1721 2565 :

201 2599 364 2653 deinde
387 2609 518 2654 iaetu
547 2601 816 2670 perculsos
845 2601 1096 2670 pautatim
1126 2617 1268 2657 mors
1295 2606 1457 2673 rapit:
1488 2605 1554 2658 ita
1578 2615 1631 2657 ut
1660 2620 1720 2658 ex

202 2708 252 2747 ea
277 2691 477 2758 ultione,
507 2693 643 2747 sicut
687 2694 855 2756 aiunt,
894 2695 1122 2764 amplius
1151 2709 1306 2761 quam
1351 2696 1721 2766 quinquaginta

204 2792 520 2850 morerentur,
574 2798 764 2852 nempe
811 2793 1026 2839 auctore
1063 2786 1300 2838 criminis
1347 2796 1612 2840 reservato
1657 2788 1720 2839 ad

206 2872 548 2938 penitentiam,
601 2874 721 2925 utsi
775 2881 1027 2941 agnoscat
1073 2873 1279 2940 culpam
1334 2884 1385 2927 et
1431 2875 1609 2928 redeat
1657 2876 1721 2928 ad

207 2963 399 3027 veniam,
447 2963 621 3028 procul
672 2962 833 3017 dubio
883 2965 1160 3019 sanitatem
1218 2966 1454 3036 recipiat.
1515 2967 1720 3020 Nullum

199 3052 365 3106 etenim
395 3051 642 3107 Dominus
673 3051 849 3122 perire
878 3052 1162 3118 desiderat,
1205 3058 1296 3110 sed
1328 3072 1536 3126 semper
1564 3074 1719 3126 quam

199 3145 410 3212 gravibus
437 3144 642 3198 delictis
691 3144 933 3198 obrutum
965 3159 1059 3214 per
1098 3147 1421 3214 pmnitentia:
1468 3149 1719 3202 formenta

201 3233 345 3287 redire
368 3243 647 3300 exspeCtat.

258 3323 331 3378 l6.
365 3326 592 3394 Cumque
614 3326 780 3380 isdem
812 3325 1086 3396 Agrestius
1113 3329 1305 3396 sacpius
1334 3329 1429 3383 sibi
1465 3331 1722 3397 paeniten-

201 3414 270 3468 tite
307 3415 464 3480 locum
509 3417 690 3471 datum
725 3433 826 3472 non
853 3421 1203 3487 cognovisset,
1245 3430 1301 3472 ut
1342 3417 1559 3474 Eustasii
1603 3435 1720 3474 sen-

197 3507 338 3560 tentia
363 3507 424 3560 ad
447 3507 700 3583 judicium
732 3508 1008 3564 invitantis
1039 3511 1365 3578 praevaleret,
1391 3521 1514 3567 ante
1543 3515 1722 3582 trigin-

202 3604 240 3648 ta
266 3597 446 3649 dierum
475 3597 727 3651 circulum
760 3614 914 3668 quam
966 3600 1218 3654 vertentis
1249 3600 1369 3654 anni
1400 3614 1535 3655 meta
1581 3619 1720 3655 com-

201 3688 417 3754 pleretur,
446 3703 472 3742 a
501 3704 655 3743 serio
705 3706 804 3743 suo
832 3706 986 3758 quem
1037 3693 1146 3757 ipse
1191 3693 1506 3760 redemerat,
1553 3699 1719 3748 securi

200 3791 440 3843 percussus
489 3781 709 3834 interiit.
755 3779 973 3834 Occasio
1018 3781 1252 3834 criminis
1300 3783 1569 3836 dicebatur
1601 3799 1719 3849 per-

202 3869 358 3922 mixtio
385 3873 558 3924 uxoris
593 3889 605 3921 :
647 3871 785 3938 quod
813 3873 1056 3938 quamvis
1097 3871 1246 3925 mttlti
1276 3872 1522 3936 dixerint,
1551 3884 1602 3925 et
1633 3888 1751 3928 ves.

201 3972 296 4007 nun
335 3972 563 4012 asserere
593 3962 778 4025 velint,
816 3969 1052 4014 nostrum
1097 3970 1272 4015 tamen
1309 3962 1426 4047 hoq
1459 3962 1720 4016 affirmare

199 4061 284 4099 non
326 4058 417 4100 est.
469 4047 668 4102 Cuncta
724 4050 867 4104 enim
916 4051 1066 4120 juxta
1118 4052 1450 4106 Salomouem
1502 4053 1721 4106 adducet

199 4135 421 4193 Dominus
448 4141 497 4194 in
533 4142 788 4207 judicium
830 4157 923 4209 pro
951 4145 1094 4196 omni
1137 4153 1337 4205 errato,
1371 4144 1479 4198 sive
1508 4144 1717 4207 bonum,

195 4224 288 4280 sive
305 4227 482 4281 malum
507 4229 674 4296 (Eccl.
708 4233 824 4296 xtl).
863 4231 924 4283 Et
946 4231 1266 4298 Apostolus:
1317 4232 1723 4303 Uniuscujusque

196 4336 300 4387 opus
335 4323 469 4388 quale
505 4325 586 4389 ait,
632 4325 764 4392 ignis
812 4323 1039 4392 probabit
1085 4323 1159 4392 (Ι.
1185 4322 1302 4378 Cor.
1337 4322 1436 4393 ut).
1489 4327 1530 4377 A
1573 4327 1720 4376 nobis

1780 705 1952 769 λείως.

1822 527 2136 578 monasteria
2194 537 2525 590 construunt,
2591 529 2770 596 plebes
2833 531 3087 592 adimant,
3153 546 3364 598 gregem

1816 613 2009 667 Christi
2034 626 2371 685 congregant.
2407 617 2546 671 Inter
2575 633 2707 685 quos
2751 619 2953 673 illuSter
2983 631 3105 673 tunc
3147 624 3226 672 vir
3253 622 3367 674 Ele-

2013 705 2100 773 qui
2163 706 2320 757 modo
2363 706 2771 762 Virimandensis
2835 707 3084 762 Ecclesia:
3139 709 3366 776 pontifex

1817 804 2004 859 pra-est
2055 794 2157 862 (de
2199 811 2302 863 quo
2353 797 2470 864 quia
2505 808 2790 865 superest,
2834 814 2937 851 non
2989 815 3106 852 nico
3147 803 3365 867 judicio,

1814 887 1951 951 quod
1984 897 2246 952 superest,
2296 886 2585 939 fulciendus
2632 890 2734 954 εει,
2783 904 2848 942 ne
2896 889 3205 942 adulationis
3237 905 3370 942 noxa

1816 975 2210 1044 reprehendar),
2244 975 2395 1044 juxta
2437 978 2858 1033 Lemovicensem
2887 980 3064 1032 urbem
3111 990 3374 1033 monaste-

1818 1065 1950 1117 rium
1979 1066 2153 1120 nobile
2183 1075 2206 1100 ⁸
2245 1066 2628 1120 Solemniacum
2658 1069 2869 1122 natuine
2897 1068 3185 1121 construxit
3217 1083 3374 1134 supra

1817 1153 2031 1208 ﬂuvium
2063 1155 2342 1208 Vicennam
2376 1156 2448 1224 (ια
2490 1155 2720 1222 Vienna),
2767 1158 2966 1212 distans
2997 1174 3024 1210 a
3072 1158 3372 1224 supradicta

1817 1245 1947 1297 urbe
1975 1244 2202 1300 millibus
2246 1255 2484 1312 quatuor,
2517 1255 2569 1299 et
2615 1246 2715 1299 alia
2745 1247 2903 1300 multa
2936 1248 2987 1300 in
3035 1247 3216 1301 iisdem
3250 1248 3377 1299 locis

1815 1333 2051 1387 coznobia
2080 1351 2091 1362 ’
2125 1333 2216 1386 sed
2245 1345 2297 1388 et
2327 1335 2379 1387 in
2410 1333 2639 1388 Parisius
2667 1335 2954 1403 puellarum
3000 1337 3373 1389 monasterium

1815 1426 1951 1490 quod
1983 1424 2047 1477 de
2092 1426 2236 1493 regio
2279 1442 2495 1481 munere
2537 1437 2870 1496 susceperat,
2909 1428 3153 1488 aedificat,
3190 1430 3241 1479 in
3272 1442 3377 1494 quo

1817 1513 2014 1569 Christi
2063 1517 2314 1584 virginem
2369 1519 2594 1571 Auream
2645 1521 2857 1573 nomine
2905 1519 3156 1586 priefecit.
3198 1519 3250 1571 lu
3286 1518 3374 1571 Bi-

1819 1606 2091 1660 turicensis
2137 1621 2261 1659 vero
2309 1607 2457 1671 urbe,
2495 1603 2522 1643 δ
2562 1606 2854 1672 puellarum
2910 1607 3281 1660 monasterium
3313 1622 3374 1658 ex

1822 1695 1879 1747 Β.
1928 1693 2233 1749 Columbani
2281 1694 2474 1763 regula
2504 1695 2789 1747 Berthoara
2844 1696 3030 1748 nobilis
3082 1711 3274 1761 genere
3323 1705 3374 1746 et

1827 1787 2080 1852 religione
2109 1787 2298 1840 femina
2330 1788 2643 1840 construxit.
2670 1787 2909 1852 1temque
2940 1786 2989 1838 in
3021 1791 3043 1819 ε
3075 1786 3378 1838 suburbano

1789 1872 2161 1926 ’Bituricensis
2193 1874 2338 1926 urbis
2370 1877 2448 1926 vir
2477 1874 2788 1927 venerabilis
2825 1873 3147 1926 Thendulfns
3183 1887 3379 1939 Cogno-

1825 1970 2003 2014 mento
2054 1961 2346 2014 Bobolenus
2375 1964 2689 2015 monasteria
2740 1978 2803 2015 ex
2850 1964 3021 2030 regula
3071 1961 3377 2016 Columbani

1822 2053 1965 2106 omni
1996 2053 2249 2120 religione
2275 2052 2519 2119 pollentia
2548 2053 2861 2116 construxit,
2890 2054 3113 2119 primum
3140 2053 3189 2104 in
3213 2053 3378 2106 insula

1820 2160 1979 2212 supra
2001 2145 2214 2198 ﬂuvium
2242 2144 2623 2208 Militiandram,
2648 2144 2734 2197 ubi
2758 2143 3116 2210 religiosorum
3135 2146 3380 2199 adunavit

1821 2245 2084 2288 catervam
2115 2250 2127 2296 ;
2161 2235 2323 2288 alium
2351 2233 2677 2287 Gaudiacum
2709 2236 2936 2294 nomine.
2965 2234 3102 2287 haud
3143 2236 3319 2299 procul
3352 2251 3378 2287 a

1823 2322 2034 2376 ﬂuviolo
2064 2323 2247 2377 Albeta
2280 2340 2294 2387 ;
2337 2325 2545 2376 tertium
2574 2324 2772 2378 Christi
2807 2325 3062 2394 virginum
3092 2339 3376 2394 congrega-

1825 2415 1973 2480 tioni,
2006 2414 2121 2465 loco
2148 2423 2445 2481 nuncupato
2486 2413 2802 2466 Carantomo
2826 2430 2981 2482 supra
3014 2415 3228 2467 ﬂuvium
3263 2415 3372 2482 jam

1823 2507 2019 2559 dictum
2044 2505 2408 2559 Milmandram
2435 2521 2449 2568 ;
2474 2505 2703 2573 itemque
2726 2504 2862 2556 aliud
2885 2504 3075 2557 Christi
3100 2506 3378 2573 virginum,

1822 2593 1975 2662 juxta
2010 2593 2330 2647 Niveruense
2376 2593 2625 2662 Oppidum
2669 2593 2766 2647 sub
2797 2593 2980 2646 eadem
3032 2595 3208 2662 regula
3249 2609 3380 2648 con-

1822 2684 2034 2737 struxit.

1899 2779 1984 2833 18.
2028 2777 2217 2830 Beatus
2245 2789 2368 2829 vero
2402 2773 2670 2828 Eustasius
2698 2773 2793 2828 has
2833 2783 2950 2841 post
2993 2773 3238 2827 victorias
3264 2787 3382 2826 cor-

1823 2873 1989 2942 rigere
2017 2873 2377 2939 delinquentes
2421 2867 2594 2922 studet
2618 2882 2678 2921 ac
2724 2883 2832 2922 sua:
2863 2869 2993 2934 parti
3021 2867 3251 2920 adunare
3282 2868 3374 2921 de-

1824 2964 2008 3017 cernit.
2043 2962 2238 3015 Deinde
2285 2960 2665 3014 monachorum
2695 2957 2792 3011 sub
2835 2958 2950 3026 ejus
2998 2959 3292 3012 obedientia
3322 2959 3370 3011 in

1825 3069 1963 3121 saepe
1986 3053 2091 3107 fato
2119 3052 2361 3107 cmuobio
2407 3051 2591 3104 concio
2635 3048 2857 3104 maxima
2905 3057 3040 3114 erat,
3090 3059 3146 3102 ut
3182 3065 3244 3103 ex
3281 3050 3378 3102 hoc

1821 3145 1926 3212 jam
1953 3145 2113 3196 multa
2140 3157 2230 3208 per
2252 3139 2416 3194 vicina
2447 3143 2556 3191 loca
2584 3140 2895 3192 monasteria
2923 3146 3377 3191 construereutur:

1825 3248 1942 3302 qu
1970 3232 2083 3300 ejus
2111 3245 2382 3284 successor
2415 3229 2472 3302 Β.
2514 3227 2920 3281 Wantlelliertus
2966 3228 3190 3279 firmavit
3227 3244 3252 3278 a
3281 3243 3382 3293 que

1822 3324 2116 3378 a‘dilicavit.
2163 3321 2384 3388 Jamque
2430 3320 2634 3371 beatum
2661 3317 2727 3372 de
2760 3318 2855 3370 hac
2885 3318 2988 3371 vita
3018 3320 3210 3370 exitum
3246 3332 3380 3382 prae-

1823 3416 2042 3477 stolans,
2100 3411 2241 3466 oumi
2291 3410 2582 3463 intentione
2632 3408 2696 3460 ad
2747 3409 3143 3476 contemplanda
3194 3409 3377 3476 mysti-

1821 3519 2000 3557 corum
2037 3500 2417 3570 praacouiorum
2450 3498 2758 3553 documenta
2785 3497 3026 3562 desudat,
3050 3497 3251 3565 solique
3275 3493 3381 3550 Deo

1822 3605 1996 3648 mente
2026 3595 2221 3646 intenta
2253 3605 2434 3660 preces
2482 3590 2702 3643 fundens
2739 3587 2918 3657 dirigit
2969 3600 3172 3656 preces.
3220 3586 3380 3638 Cum-

1821 3698 1924 3751 que
1970 3683 2076 3749 jam
2126 3698 2218 3750 per
2268 3683 2548 3736 multorum
2597 3681 2854 3736 curricula
2895 3694 3151 3734 annorum
3200 3678 3251 3732 in
3281 3681 3380 3733 hoc

1819 3786 1978 3838 epere
2003 3775 2200 3824 intente
2221 3780 2445 3836 vacaret,
2477 3770 2650 3824 evenit
2682 3779 2884 3834 tempus
2907 3769 3194 3822 vocationis
3219 3768 3332 3836 ejus
3360 3784 3375 3822 :

1818 3865 2074 3928 daturque
2117 3863 2375 3914 sentent‘a
2417 3861 2542 3926 justi
2583 3859 2802 3921 iudicis,
2836 3867 2890 3911 ut
2918 3857 3055 3926 quod
3086 3858 3256 3910 minus
3282 3873 3377 3910 an—

1821 3971 2002 4009 norum
2033 3952 2209 4008 circuli
2260 3953 2478 4006 diversis
2529 3951 2901 4005 afﬂictionibus
2950 3949 3144 4018 peracti
3188 3963 3375 4017 purga-

1821 4055 2025 4108 verant,
2058 4057 2338 4109 paucorutn
2389 4043 2591 4095 dierum
2632 4041 2869 4109 corporis
2915 4039 3192 4093 infirmitas
3222 4054 3377 4092 cura-

1819 4144 1921 4189 ret.
1957 4136 2310 4202 Interrogatus
2340 4131 2476 4186 inter
2513 4118 2679 4200 parum
2721 4131 2956 4186 incendia
2997 4145 3090 4200 per
3120 4131 3372 4183 visionem

1820 4236 2151 4287 nocturnam,
2207 4227 2248 4277 si
2306 4224 2647 4290 quadraginta
2714 4223 2920 4277 dierum
2971 4221 3140 4289 spatio
3191 4221 3371 4274 leviori

1822 4331 1972 4388 poma
2022 4316 2193 4369 curari
2240 4315 2414 4377 vellet,
2464 4323 2553 4366 aut
2600 4313 2772 4382 potius
2819 4314 3027 4382 triginta
3072 4309 3371 4365 ferventiori

199 4419 349 4464 tamen
376 4413 646 4467 dicendum
676 4424 757 4468 est
785 4414 921 4482 quod
947 4415 1086 4482 justa
1118 4431 1235 4468 eum
1267 4415 1526 4470 sententia
1555 4414 1718 4468 divini
1753 4426 1798 4482 ι)
1827 4408 2069 4463 incendio
2094 4415 2339 4475 purgatus
2365 4408 2466 4458 vita
2493 4406 2638 4459 beata
2671 4401 2873 4459 functus
2893 4403 3054 4459 cwlos
3077 4413 3367 4470 penetrare,

191 4498 347 4565 judicii
374 4505 482 4557 ideo
530 4501 690 4558 ferire
736 4520 839 4558 non
879 4506 1107 4570 distulit,
1139 4515 1194 4558 nt
1224 4515 1278 4558 et
1303 4504 1716 4558 assentatoribus

196 4572 350 4661 lugere
381 4608 410 4646 a
458 4593 863 4649 lacerationibus
910 4605 1211 4648 sanctorum
1262 4595 1572 4649 {mutilorum
1626 4593 1715 4646 Dei

194 4693 498 4748 monstraret,
537 4693 589 4736 et
621 4684 710 4736 ille
745 4683 1090 4736 contumacia:
1130 4683 1408 4736 commissa
1443 4699 1533 4752 per
1563 4684 1718 4736 meri:

195 4779 281 4822 tam
322 4771 556 4824 ultionem
607 4771 799 4825 lueret.
856 4770 1073 4824 Amatus
1119 4785 1246 4824 vero
1294 4787 1355 4825 ac
1411 4773 1716 4827 [tomaricus

195 4863 474 4915 venerabilis
529 4862 756 4915 Busta-ii
813 4862 1233 4916 convenientiam
1287 4865 1607 4927 pastulantes
1637 4877 1714 4914 re-

193 4953 390 5022 cipiunt,
416 4963 570 5022 atque
597 4953 800 5006 desidia
828 4955 1068 5008 submota
1103 4957 1366 5009 fruuntur.

255 5043 336 5097 i7.
362 5045 658 5102 ,Abellenus
685 5056 814 5096 vero
855 5045 932 5097 vel
962 5047 1134 5099 cmteri
1175 5046 1454 5100 Galliarum
1486 5045 1713 5111 episcripi

191 5144 293 5202 post
341 5136 400 5188 ad
453 5135 751 5190 roboranda
800 5134 1111 5190 Culumbani
1168 5137 1402 5213 instituta
1459 5137 1713 5204 aspirarit.

250 5268 682 5339 fsolemniacnm,
702 5267 960 5339 Solignac.
981 5270 1275 5323 cmnobium
1298 5271 1412 5323 orti.
1435 5269 1488 5322 S.
1519 5269 1710 5322 Bened.

248 5337 270 5375 δ
301 5338 664 5393 Monasterium
691 5356 718 5388 a
752 5337 1031 5392 lte‘rthoara
1062 5349 1438 5401 constructum,
1474 5356 1610 5392 nunc
1636 5358 1715 5393 re-

187 5406 372 5460 dactum
402 5420 477 5461 est
507 5411 557 5461 in
583 5409 856 5462 ecclesiam
904 5411 1253 5476 collegiatam,
1284 5426 1398 5472 quae
1435 5413 1492 5463 ll.
1539 5410 1715 5463 Maria:

187 5477 244 5529 de
269 5476 414 5548 satis,
441 5481 592 5548 vulgo
624 5477 973 5531 Notre-Dame
1002 5484 1062 5533 de
1087 5480 1252 5544 Soles,
1283 5482 1489 5531 dicitur.

251 5553 271 5578 ε
299 5546 412 5599 Loci
435 5546 721 5602 suburbani
746 5552 951 5602 nortiine
975 5551 1205 5616 ittlellige
1231 5549 1369 5600 urbis
1395 5551 1711 5602 territorium

190 5629 270 5667 seu
296 5626 506 5669 tracrum
538 5620 653 5670 ttrbi
697 5618 1005 5685 aulijectutu,
1053 5635 1204 5684 quem
1251 5619 1378 5672 altas
1410 5635 1593 5685 pagunt
1625 5637 1712 5671 vu—

192 5696 311 5754 cant,
343 5687 471 5742 unde
499 5688 872 5744 suburbicaria:
913 5692 1173 5759 regiones.
1206 5690 1362 5746 Certe
1402 5691 1709 5746 Miltiaandia

1822 4502 2089 4569 respondit
2124 4501 2206 4552 ille
2234 4517 2247 4553 :
2289 4518 2307 4550 ι
2359 4498 2544 4552 Melius
2574 4513 2693 4554 esse
2733 4497 2969 4566 quamvis
2996 4493 3290 4547 durioribus
3321 4492 3372 4542 in

1817 4592 1959 4645 brevi
1991 4590 2174 4657 subjici
2228 4589 2487 4658 ﬂagellis,‘
2513 4602 2668 4655 quam
2723 4586 3003 4640 lenioribus
3043 4585 3207 4652 longis
3248 4598 3376 4637 cou-

1816 4681 1950 4736 sumi
1983 4680 2169 4748 patinis.
2211 4697 2227 4729 ι
2269 4680 2504 4748 Explevit
2527 4692 2650 4746 ergo
2677 4675 2939 4744 provisam
2973 4683 3128 4741 atque
3150 4675 3368 4728 electam

1818 4785 2026 4839 poenam
2075 4769 2314 4836 corporis
2364 4766 2626 4820 tricesimo
2683 4766 2764 4818 die
2811 4782 2824 4816 :
2889 4764 3231 4832 omnibusque
3276 4777 3370 4815 va-

1820 4866 2072 4928 ledicens,
2139 4864 2289 4915 triste
2352 4859 2744 4913 remanentilius
2809 4858 3121 4925 promissum
3175 4854 3368 4920 depro-

1818 4959 1929 5019 mit,
1957 4966 2114 5022 atque
2159 4953 2236 5012 sui
2276 4953 2446 5004 exitus
2477 4952 2657 5004 horam
2701 4950 2886 5004 eadem
2911 4963 3028 5002 esse
3055 4947 3136 5000 die
3168 4947 3366 4999 denun-

1818 5050 1931 5100 tiat.
1976 5044 2181 5097 Viatico
2229 5043 2400 5109 itaque
2445 5050 2654 5107 sumpto
2699 5043 2926 5092 animam
2959 5038 3093 5089 cmlo
3119 5035 3364 5096 reddidit,

1814 5142 2083 5206 solumque
2137 5135 2560 5199 desideriumque
2602 5145 2946 5198 supernorum
2987 5137 3039 5182 et
3093 5138 3361 5197 paternum

1815 5267 2071 5328 llitviolus,
2105 5267 2258 5331 vulgo
2288 5264 2337 5315 Ia
2383 5263 2697 5326 Marmarida,
2731 5271 2782 5312 et
2819 5259 2998 5314 Albeta
3031 5259 3278 5331 I’Aufwis,
3301 5255 3369 5308 de

1814 5338 2001 5406 quibus
2034 5340 2135 5406 hic,
2183 5327 2363 5387 decem
2397 5333 2504 5384 fere
2550 5333 2856 5406 utilliarilius
2888 5330 3188 5406 Gallicisah
3221 5327 3364 5406 A_va-

1815 5394 1923 5460 rico
1957 5394 2235 5457 Bituricum
2286 5406 2495 5455 distant.
2549 5400 2621 5453 Ex
2666 5402 2995 5454 monasteriis
3026 5416 3050 5448 τι
3099 5394 3365 5446 Boholeno

1813 5476 2128 5529 constructis
2151 5476 2374 5538 primum
2399 5471 2714 5523 destructum
2735 5483 2833 5533 est,
2856 5473 2925 5521 uti
2948 5479 2998 5519 et
3022 5465 3361 5538 (.iaudiacum,

1815 5548 2018 5600 tertium
2067 5534 2346 5595 Clim'eitton
2385 5540 2577 5591 dictum
2612 5544 2894 5605 puellarum
2926 5539 3044 5610 t_it‘t|._
3069 5534 3120 5587 S.
3146 5535 3360 5610 'liened.

1815 5619 1986 5670 adhuc
2016 5615 2268 5672 subsistit,
2309 5624 2457 5676 arque
2505 5626 2566 5664 ac
2614 5604 2852 5679 quailtttu
2902 5605 3133 5676 ejusdem
3163 5604 3364 5658 ordinis

1814 5688 1910 5742 sub
1939 5685 2145 5742 nomine
2177 5684 2232 5736 Β.
2263 5682 2456 5736 Mariae.
