3880 6236
458 353 595 414 4055
970 368 973 371 >
1573 350 1765 406 ,ιυΝΕ
1804 350 2088 407 sanans
2130 325 2557 407 ELNONENSIS‘
3521 357 3635 409 t056

456 476 691 541 regimen
727 469 1016 525 viventibus
1062 478 1113 524 ct
1154 468 1423 537 religionis
1455 472 1755 537 exemplum
1791 467 2004 521 dimisit.
2039 476 2086 532 Α
2116 466 2238 521 Maii
2261 467 2286 504 δ
2305 468 2535 522 ωιιιετω
2555 469 2849 536 penetravit
2873 483 3032 537 regna
3050 470 3184 521 duce
3211 467 3435 533 Christo,
3462 474 3538 525 cui
3566 484 3637 527 est

462 564 575 629 Ipse
628 570 804 616 autem
856 577 973 616 cuin
1028 561 1257 615 victoria:
1313 575 1442 628 pace
1482 561 1507 587 ⁸
1542 560 1696 614 tertio
1749 560 2012 613 Kalendas
2118 562 2284 615 virtus
2310 569 2363 613 et
2393 560 2561 614 honor
2582 560 2635 612 in
2661 559 2853 613 secula
2875 560 3210 614 saeculorum.
3241 558 3422 617 Amen.

2113 692 2238 745 lium
2282 692 2396 743 ord.
2429 690 2485 744 S.
2524 689 2721 743 Bened.
2750 690 2992 743 dimcesis
3020 690 3289 744 Mettensis
3318 706 3469 756 prope
3496 691 3635 744 Dien-

2111 776 2224 812 zam
2255 761 2503 827 oppidum
2530 760 2763 829 (Dieuse)
2792 760 2939 826 aquis
2970 760 3182 829 salariis
3214 762 3521 826 percelebre,
3540 778 3633 828 quo

2111 830 2162 882 in
2193 831 2309 883 loco
2337 830 2394 883 S.
2436 828 2710 883 Eustasius
2752 831 2980 881 maxime
3024 830 3075 881 in
3109 828 3395 882 liberandis
3433 846 3635 899 energu-

2113 900 2281 952 tnenis
2310 909 2364 951 et
2390 899 2686 951 amentibus
2718 900 3055 951 restituendis
3091 900 3287 951 elucet.

2180 966 2206 1003 δ
2233 972 2384 1021 Anno
2414 969 2610 1020 scilicet
2650 968 2839 1020 Chriin
2876 969 3002 1022 625.
3052 968 3181 1019 Nam
3214 967 3265 1019 in
3296 966 3405 1029 Vita
3429 968 3481 1022 S.
3504 969 3635 1022 Sala-

2110 1037 2305 1106 bergm,
2337 1052 2480 1090 num.
2509 1036 2561 1098 7.
2584 1051 2763 1089 curam
2798 1036 3017 1089 fratrum
3059 1037 3461 1089 Luxoviensiuun
3496 1040 3633 1090 tribus

2108 1122 2206 1159 non
2236 1123 2409 1172 parum
2439 1107 2603 1158 minus
2632 1108 2805 1175 egisse,
2835 1107 3006 1158 lustris
3046 1106 3239 1159 dicitur
3283 1115 3396 1170 post
3439 1107 3631 1158 Colunt-

2109 1176 2321 1239 batttmt,
2357 1176 2443 1241 qui
2475 1191 2615 1227 arma
2661 1174 2765 1229 (ilo
2794 1174 3035 1227 Lusovio
3063 1176 3245 1240 pulsus
3274 1184 3372 1229 cst.
3412 1176 3633 1229 Eususio

2103 1248 2351 1298 successit
2381 1244 2682 1298 \Valbertus
2712 1260 2803 1296 seu
2838 1243 3229 1298 Waldebertus.

530 701 554 727 ⁸
601 694 896 762 Legendum
952 710 999 747 tv
1060 692 1283 746 Kalend.
1357 691 2007 762 Maii,nuemadmodum

456 761 770 817 constares
823 765 1051 830 antiquis
1097 763 1486 831 Martyrologiis
1538 761 1903 815 Wandalberti
1956 770 2009 814 et

459 833 674 892 Adonis,
730 833 816 898 qui
868 835 980 883 Ado
1037 834 1331 885 liusiasium
1384 832 1549 897 primo
1599 832 1819 884 locoita
1858 843 2008 881 conu-

463 906 705 952 mendat:
734 915 781 951 tv
814 901 1034 953 Kalend.
1077 899 1204 951 Maii
1247 902 1491 964 depositio
1520 901 1581 953 S.
1641 900 1858 951 Eustasii
1891 899 2006 954 abb.

456 970 691 1035 discipuli
724 970 782 1024 S.
823 969 1143 1029 Columbaui,
1183 974 1266 1037 qui
1304 970 1456 1022 Pater
1485 973 1640 1034 [erute
1662 977 2008 1021 sexcentarum

453 1040 635 1089 exstitit
650 1040 1023 1097 monachorum,
1039 1050 1084 1090 et
1100 1044 1210 1090 vita:
1224 1040 1484 1091 sanctitate
1498 1042 1839 1105 conspicuum,
1858 1039 2006 1089 etiam

456 1108 713 1158 miraculis
738 1110 939 1159 claruit.
973 1106 1176 1173 Corpus
1198 1110 1253 1163 S.
1292 1108 1514 1162 Eustasii
1549 1111 1628 1175 (ut
1661 1108 2004 1160 doctissimus

458 1176 816 1244 liciiscbenius
839 1178 1127 1244 adnotavit)
1152 1189 1450 1230 asservatnr
1475 1178 1831 1242 Wargavtllaa,
1853 1176 2003 1241 vulgo

461 1243 744 1313 Vergarille
791 1250 839 1299 in
892 1246 1223 1315 Lotbaringia
1250 1288 1263 1311 ,
1312 1249 1360 1300 in
1393 1246 1602 1300 abitalia
1635 1246 2001 1297 sanctimoni-

1575 1511 1847 1593 VITA
1906 1511 1996 1592 S.
2051 1511 2522 1592 ATTAL/E

1462 1688 1794 1749 ABBATIS
1848 1686 2242 1747 BOBIENSIS
2276 1686 2627 1751 SECUNDI.

1511 1826 1602 1886 (Ex
1630 1826 1839 1886 Iabill.,
1866 1827 1982 1874 Acta
2006 1825 2188 1874 ordinis
2210 1826 2263 1874 S.
2287 1826 2585 1887 Benedicti.)

516 2032 643 2084 Car.
675 2031 709 2083 l.
756 2031 925 2082 Attalo
963 2030 1259 2082 Columbani
1303 2046 1556 2083 successor
1604 2034 1663 2082 ab
1707 2032 1880 2099 Arigio
1924 2033 2001 2083 in-
2039 2036 2077 2091 Β
2108 2042 2522 2100 prosequebatur
2569 2042 2623 2085 ut
2661 2048 2720 2086 se
2762 2048 2881 2087 non,
2908 2035 3286 2104 relinquerent,
3323 2048 3373 2092 ct
3416 2038 3479 2092 ab
3504 2042 3636 2096 ardui

448 2129 663 2173 structus
690 2120 925 2173 Lerinum
958 2122 1096 2188 ρριὶι.
1127 2150 1195 2159 -—
1222 2122 1351 2174 Cum
1382 2137 1510 2189 ergo
1547 2120 1862 2174 venerabilis
1896 2120 2002 2173 Co-
2102 2119 2302 2174 itineris
2323 2119 2453 2174 calle
2466 2135 2567 2174 non
2584 2120 3455 2194 deviarent,reminiscerenturque
3480 2130 3638 2185 Patres

451 2212 728 2264 lumbanus
784 2213 849 2265 de
900 2212 996 2264 hac
1044 2213 1158 2264 luce
1207 2211 1523 2278 migrasset,
1565 2211 1678 2279 ejus
1727 2212 1777 2264 in
1823 2208 2000 2264 locum

448 2302 622 2355 Altala
652 2304 678 2333 "
710 2302 926 2354 allectus
971 2308 1052 2353 est
1090 2300 1229 2351 omni
1280 2298 1529 2367 religione
1561 2299 1871 2353 laudabilis:
1903 2313 2001 2352 cu-

447 2394 532 2461 jus
564 2404 681 2458 post
709 2394 1018 2461 magistrum
1053 2393 1270 2445 virtutes
1301 2392 1457 2444 clara:
1490 2390 1768 2445 fulserunt.
1814 2392 1907 2443 llic
1935 2406 1998 2444 ex

450 2485 879 2552 Burgundionum
924 2500 1118 2553 genere
1164 2485 1350 2538 nobilis
1382 2486 1593 2539 natione
1642 2484 1759 2547 luit,
1790 2486 1881 2539 sed
1909 2500 2003 2539 no-

450 2576 605 2628 bilior
631 2577 904 2629 sanctitate
951 2592 1042 2641 per
1073 2576 1285 2644 vestigia
1314 2577 1616 2643 magistrum
1645 2586 1871 2629 secutus.
1897 2578 2000 2631 Sed

448 2666 673 2731 qualiter
703 2668 997 2719 rudimenta
1049 2667 1187 2719 illius
1234 2667 1369 2719 inter
1408 2666 1517 2729 ipsa
1551 2667 1834 2734 primordia
1865 2668 1997 2721 ube—

450 2771 560 2810 rem
600 2758 890 2823 prolectum
933 2757 1268 2824 acquisierint
1300 2797 1314 2822 ,
1358 2759 1861 2824 prastermittendum
1895 2776 1997 2815 non

456 2856 557 2901 est.
602 2846 783 2914 Itaque
812 2862 931 2899 cum
959 2849 1122 2913 patris
1146 2849 1318 2901 studio
1348 2849 1504 2903 nobili
1535 2850 1835 2905 liberalibus
1864 2851 2021 2911 litte-r

453 2937 526 2989 ris
556 2939 782 2990 imbutus
810 2939 1010 2999 luisset,
1043 2935 1067 2973 δ
1102 2939 1281 3007 Arigio
1304 2940 1507 2993 cuidam
1539 2940 1770 3007 pontilici
1794 2956 1822 2993 a
1852 2942 2002 3008 geni-

457 3037 571 3079 tore.
612 3026 1006 3081 commendatus
1050 3037 1149 3081 est.
1193 3028 1295 3080 Sed
1318 3043 1435 3080 cum
1488 3043 1545 3081 se
1594 3030 1721 3082 nihil
1761 3031 2003 3085 utilitatis

455 3129 610 3180 agere
632 3124 910 3178 cerneret,
959 3116 1119 3181 cmpit
1160 3117 1303 3169 rudis
1342 3116 1561 3169 allectus
1590 3118 1654 3171 ad
1688 3120 1889 3185 potiora
1916 3134 2002 3173 an-

457 3204 659 3271 helare,
690 3206 939 3273 deditque
966 3220 1177 3271 operam
1207 3215 1280 3270 ut,
1310 3207 1610 3274 postpositis
1636 3209 2005 3275 phaleramen-

457 3294 524 3345 tis
566 3294 767 3358 seculi,
817 3293 1193 3348 monachorum
1238 3294 1548 3363 jungeretur
1594 3296 1817 3349 cohorti.
1856 3296 2001 3350 Clam

2104 2227 2196 2281 per
2221 2212 2673 2266 mortiﬁcationem
2717 2220 2772 2266 et
2806 2212 3169 2279 contemptum
3222 2219 3488 2282 praesentis
3529 2220 3637 2272 vitae

2102 2318 2260 2365 regna
2291 2304 2546 2356 caelorum
2572 2304 2865 2370 pOSSidere.
2905 2303 3140 2371 Cumque
3163 2319 3222 2359 se
3242 2306 3368 2359 nihil
3393 2308 3497 2375 jam
3525 2324 3637 2375 pro-

2104 2391 2261 2445 licere
2288 2401 2571 2456 cerneret,
2623 2407 2719 2446 nec
2754 2394 2877 2445 alibi
2909 2393 3179 2448 trahentes
3210 2398 3408 2451 animos
3436 2414 3534 2450 sure
3561 2416 3640 2453 so-

2103 2480 2311 2534 cietatis
2342 2480 2561 2534 habenis
2591 2480 2779 2534 irretiri
2807 2494 2960 2549 posse
2981 2482 3218 2549 vidisset,
3256 2487 3535 2553 pertinaces
3564 2488 3635 2542 ire

2103 2570 2260 2632 sinit;
2294 2570 2379 2637 qui
2413 2579 2687 2637 postquam
2715 2572 2971 2640 segregati
2998 2582 3121 2626 sunt
3148 2573 3215 2627 ab
3242 2590 3324 2639 eo,
3358 2576 3439 2628 alii
3465 2592 3633 2630 eorum

2105 2658 2319 2710 marinis
2351 2667 2474 2709 sunt
2502 2658 2703 2710 sinibus
2733 2662 2963 2725 recepti,
3000 2660 3087 2712 alii
3116 2661 3287 2714 locum
3310 2665 3465 2716 eremi
3492 2666 3554 2718 ob
3582 2665 3639 2719 li-

2107 2747 2363 2801 bertatem
2410 2747 2701 2801 habendam
2743 2750 2957 2815 petiere.
3047 2748 3144 2814 Qui
3198 2754 3499 2807 temeritatis
3537 2772 3637 2810 sua:

2107 2846 2264 2904 atque
2290 2838 2603 2903 arrogantia:
2635 2838 2758 2890 inibi
2797 2837 2984 2903 positi,
3017 2854 3137 2894 mox
3184 2842 3233 2893 in
3261 2844 3440 2895 obtutu
3466 2846 3636 2898 damna

2104 2942 2340 2982 sensero.
2383 2928 2511 2981 Nam
2534 2943 2650 2982 cum
2688 2930 2767 2983 his
2798 2932 2847 2983 in
2874 2932 3002 2985 locis
3033 2945 3383 3001 morarentur,
3411 2948 3459 2988 et
3485 2937 3634 2990 virum

2107 3016 2198 3070 Dei
2242 3018 2354 3071 suis
2398 3018 2811 3072 detractionibus
2844 3020 3139 3089 lan‘arent,
3183 3038 3315 3076 unus
3356 3040 3529 3078 corum
3557 3030 3633 3091 qui

2108 3108 2407 3161 Rocolenus
2436 3108 2728 3174 dicebatur,
2759 3110 2846 3177 qui
2874 3119 2928 3162 et
2952 3110 3275 3180 jurgiorum,
3318 3124 3372 3166 ut
3406 3094 3641 3170 credeba;

2108 3205 2213 3259 tur,
2259 3198 2581 3251 incrementa
2630 3196 2958 3252 ministrabat
2986 3239 2999 3257 .
3038 3200 3213 3253 subito
3256 3201 3373 3271 igne
3428 3204 3633 3257 febrium

2110 3299 2363 3357 accensus
2403 3286 2538 3339 inter
2576 3300 2759 3355 paruas
2801 3289 3024 3343 incendii
3057 3291 3295 3345 clamare
3323 3295 3479 3362 cmpit
3501 3310 3569 3359 se,
3596 3296 3635 3349 si

455 3396 583 3449 ergo
609 3396 636 3432 a
666 3381 933 3435 sodalibus
964 3397 1272 3452 progressus
1293 3362 1497 3439 duobus
1521 3387 1693 3451 pueris
1724 3397 2001 3442 contentus
2033 3362 2077 3423 Ο
2111 3376 2380 3440 valuisset.
2403 3378 2467 3429 ad
2499 3376 2556 3429 Β·
2588 3377 2815 3431 Αιι²¹³ηὶ
2846 3381 3026 3432 venire
3058 3382 3193 3434 vene
3233 3393 3283 3435 el
3321 3384 3523 3437 admissi
3547 3387 3639 3438 cri-

459 3472 525 3523 ad
555 3470 827 3525 Lirinense
855 3474 1153 3527 cmuobium
1184 3475 1351 3542 venit,
1382 3489 1485 3542 quo
1504 3474 1590 3529 diu
1618 3477 1773 3529 vitam
1803 3476 2003 3545 degens

453 3574 571 3610 tum
597 3574 924 3628 nequaquam
959 3571 1200 3615 cerneret
1229 3562 1481 3630 regularis
1517 3562 1807 3629 disciplima
1836 3563 2002 3616 habe-

463 3650 546 3701 nis
574 3659 795 3703 cartcros
825 3650 958 3703 colla
984 3653 1312 3714 submittere.
1342 3654 1503 3721 erepit
1527 3656 1683 3706 anxio
1703 3655 1878 3708 animo
1908 3664 2006 3709 tru-

455 3740 625 3791 tinare
667 3753 769 3805 quo
815 3740 1030 3806 portoris
1079 3741 1285 3794 consilii
1331 3742 1502 3794 aditus
1552 3742 1689 3794 viam
1734 3742 2001 3810 panderet.

454 3827 775 3895 Progressus
823 3845 949 3898 ergo
992 3829 1112 3884 inde
1159 3830 1223 3883 ad
1270 3829 1328 3884 Β.
1362 3829 1738 3885 Columbanum
1772 3832 2006 3887 Lusovio

456 3926 608 3971 tenus
630 3923 799 3974 venit.
850 3922 1012 3985 Quem
1063 3923 1144 3974 vir
1168 3931 1379 3976 sanctus
1422 3938 1539 3977 cum
1584 3925 1775 3993 ingenii
1806 3927 2007 3993 sagacis

456 4004 703 4058 solertem
750 4021 866 4059 esse
912 4018 1187 4069 cerneret,
1218 4026 1312 4062 suo
1340 3996 1627 4064 ministerio
1646 4013 1837 4079 junxit,
1869 4030 1929 4066 ac
1953 4014 2004 4067 in

456 4094 699 4145 omnibus
723 4093 910 4146 divinis
938 4096 1147 4149 monitis
1174 4096 1380 4151 erudire
1410 4101 1652 4152 tentavit.

528 4180 650 4234 CAP.
690 4181 749 4233 ll.
794 4183 959 4235 Abbas
1002 4186 1164 4250 {actus
1196 4200 1227 4235 a
1269 4187 1373 4238 suis
1419 4188 1720 4255 exagitatur.
1750 4218 1817 4227 ——
1850 4188 2007 4243 Poena

456 4274 720 4327 rebellium
770 4274 1146 4329 monachorum.
1199 4276 1333 4344 Ergo
1377 4293 1495 4330 cum
1539 4278 1748 4346 egregie
1797 4290 1912 4347 post
1946 4280 2003 4332 Β.

459 4362 842 4416 Columbanum
894 4366 1246 4431 supradictum
1288 4367 1583 4419 ccenobium
1630 4377 1835 4434 regeret
1862 4378 1914 4419 et
1955 4370 2004 4420 in

458 4454 600 4506 omni
647 4454 919 4521 disciplina
976 4455 1229 4521 regularis
1271 4457 1466 4509 tenoris
1509 4458 1760 4519 erudiret,
1816 4468 2001 4510 contra

456 4558 578 4595 eum
610 4543 804 4613 antiqui
832 4545 1016 4615 anguis
1060 4546 1290 4598 vt-rsutia
1331 4546 1589 4598 letiferum
1620 4548 1897 4600 discordia-
1930 4549 2004 4600 vi.

463 4647 550 4685 rus
580 4633 749 4685 noxiis
773 4634 968 4686 retibus
994 4632 1177 4686 laxare
1204 4634 1365 4700 carpit
1389 4673 1401 4695 ,
1448 4635 1680 4685 excitans
1709 4636 1997 4703 aliquorum

2108 3464 2262 3517 minis
2289 3465 2476 3518 damna
2526 3465 2845 3532 ptenitentia:
2893 3466 3281 3522 medicamento
3326 3469 3505 3525 lenire.
3543 3471 3638 3525 Nec

2108 3570 2251 3607 tnora
2280 3594 2294 3618 ,
2343 3556 2429 3607 vix
2464 3554 2577 3608 haec
2607 3554 2786 3607 dicere
2830 3554 2878 3607 ei
2913 3556 3056 3610 licuit
3081 3558 3361 3622 obmutuit,
3396 3574 3455 3612 ac
3484 3569 3639 3613 extre-

2109 3659 2253 3696 mum
2286 3643 2504 3695 halitum
2550 3644 2766 3697 dimisit.
2827 3647 2895 3698 At
2932 3646 2983 3699 hi
3030 3646 3119 3714 qui
3150 3648 3389 3711 aderant,
3423 3648 3639 3705 Videntes

2110 3732 2207 3786 viri
2258 3733 2347 3786 Dei
2398 3732 2615 3800 injurias
2657 3734 2832 3787 divina
2873 3736 3069 3790 ultione
3119 3737 3396 3804 vindicari,
3447 3740 3637 3813 pluringi

2105 3837 2286 3876 eorum
2318 3824 2381 3876 ad
2406 3824 2572 3877 virum
2603 3823 2689 3877 Dei
2721 3836 2974 3890 remeant,
3026 3840 3256 3894 suasque
3298 3842 3462 3881 noxas
3492 3831 3638 3882 conli-

2106 3922 2275 3968 Ientes
2311 3929 2369 3967 se
2415 3915 2466 3967 in
2514 3914 2758 3967 omnibus
2820 3915 2863 3966 si
2914 3914 3233 3981 recipiantur
3280 3918 3634 3970 emendaturos

2108 4007 2441 4072 pollicentur.
2502 4006 2646 4070 Quos
2690 4006 2766 4057 vir
2809 4016 3022 4058 sanctus
3067 4008 3202 4060 miro
3251 4008 3440 4077 gaudio
3466 4008 3635 4063 acsie

2106 4098 2344 4165 luporum
2375 4110 2467 4149 ore
2500 4104 2710 4162 ereptas
2740 4110 2865 4149 oves
2894 4098 3091 4165 recepit
3131 4099 3343 4167 suisque
3367 4100 3490 4154 locis
3516 4114 3627 4153 suas

2105 4195 2450 4255 agnoscentes
2476 4186 2659 4254 culpas
2702 4187 2951 4240 restituit.
3014 4186 3082 4239 At
3110 4201 3237 4242 vero
3272 4189 3358 4241 alii
3387 4190 3471 4256 qui
3500 4203 3636 4241 vere-

2105 4277 2292 4331 cundia
2324 4276 2675 4345 praeveniente
2704 4277 2782 4330 vel
2816 4276 3109 4330 temeritate
3132 4290 3194 4329 ac
3238 4277 3542 4344 arrogantia:
3569 4277 3635 4329 vi-

2108 4370 2179 4422 tio
2223 4368 2464 4422 maculati
2495 4368 2665 4422 redire
2704 4370 2984 4420 noluerunt
3016 4376 3073 4421 et
3117 4367 3295 4420 datum
3332 4368 3632 4432 pteuitentizc

2107 4463 2271 4513 locum
2297 4476 2401 4513 non
2426 4458 2692 4512 redeundo
2716 4464 3147 4523 cautempserunt
3165 4497 3180 4519 ,
3228 4457 3449 4511 diversis
3471 4458 3636 4513 morti-

2106 4550 2202 4601 bus
2229 4559 2350 4601 sunt
2375 4546 2563 4614 direpti
2591 4565 2601 4598 :
2647 4555 2704 4599 ut
2742 4542 3019 4600 manifeste
3053 4546 3267 4599 daretur
3291 4547 3530 4616 intelligi,
3557 4563 3633 4603 so-

2105 4637 2215 4689 rios
2243 4650 2335 4690 eos
2370 4634 2531 4693 fuisse
2558 4636 2671 4703 ejus
2710 4636 2762 4688 in
2790 4636 3066 4689 excitanda
3104 4638 3448 4690 contumaciae
3477 4638 3633 4691 incre-

460 4730 641 4773 contra
672 4736 789 4773 eum
820 4722 975 4774 corda
1024 4722 1371 4785 subditorum,
1403 4724 1488 4790 qui
1523 4737 1580 4775 se
1624 4723 1832 4777 aiebant
1858 4725 2003 4779 nimii
2036 4695 2084 4751 θ
2109 4735 2307 4787 menta,
2339 4738 2496 4791 quem
2529 4724 2659 4777 ultio
2680 4724 2853 4778 divina
2883 4736 3247 4791 percusserat,
3294 4734 3345 4777 et
3374 4735 3632 4791 propterea

465 4810 683 4861 fervoris
710 4812 1068 4863 austeritatem
1104 4812 1240 4865 ferre
1286 4828 1388 4865 non
1420 4826 1595 4879 posse,
1633 4822 1685 4865 et
1714 4813 1890 4865 ardua:
1920 4815 2003 4865 di-

464 4897 698 4963 sciplina
727 4898 957 4965 pondera
992 4909 1197 4965 portare
1237 4914 1340 4953 non
1376 4902 1571 4955 valere.
1627 4901 1692 4953 At
1721 4901 1808 4955 ille
1831 4903 2002 4965 sagaci

465 4995 521 5036 ut
548 4998 660 5038 erat
685 4989 859 5041 animo
895 4990 976 5055 pia
1014 4989 1238 5041 fomenta
1259 4992 1511 5057 prebere,
1539 5001 1590 5045 et
1619 4993 1867 5045 salutaris
1898 5009 2001 5043 an-

466 5072 613 5125 tiduti
644 5090 744 5140 quo
771 5078 944 5129 sanies
977 5077 1261 5143 putrefacta
1292 5078 1646 5134 abscideretur
1677 5092 1854 5149 potum
1877 5084 2003 5135 dare

466 5161 698 5225 studens,
733 5166 935 5218 mollire
969 5168 1217 5219 tumentia
1258 5168 1415 5219 corda
1448 5169 1725 5223 nitebatur.
1768 5171 2001 5239 Denique

465 5251 744 5318 castigatos
774 5264 891 5303 cum
941 5266 1121 5305 secum
1169 5264 1345 5307 tenere
1394 5268 1493 5305 non
1526 5257 1743 5320 valeret,
1776 5273 2004 5311 mter-ore

465 5343 621 5393 animi
650 5341 885 5394 turbatus
912 5342 1089 5394 multis
1109 5344 1350 5410 precibus
1371 5358 1489 5395 cum
1512 5344 1715 5410 pietatis
1746 5346 2006 5400 obseouio

538 5486 559 5512 ⁸
588 5477 781 5544 Nempe
807 5474 941 5541 apud
975 5474 1229 5544 Bobiense
1258 5476 1654 5539 monasterium,
1688 5485 1743 5527 ut
1771 5477 1834 5528 ad
1873 5493 2007 5544 prat-

471 5542 877 5598 lationemiVitze
906 5544 961 5596 S.
992 5542 1297 5595 Columbani
1321 5548 1516 5598 dictum
1547 5554 1648 5609 est,
1676 5545 1819 5611 quod
1847 5542 2003 5600 etiam

470 5632 531 5667 ex
550 5622 675 5679 βψ.
706 5618 737 5665 3
760 5615 997 5680 sequenti
1025 5621 1255 5665 constat.

542 5681 566 5717 ’³
593 5681 638 5733 ls
661 5690 741 5735 cst
766 5684 821 5737 5.
846 5683 1050 5751 Arigius
1074 5696 1164 5735 seu
1189 5681 1395 5737 Aridius
1428 5682 1767 5753 Vapinceusis
1806 5681 2005 5751 cpiscc-

2105 4826 2220 4863 cum
2245 4814 2451 4865 ceteris
2480 4812 2685 4864 veniam
2711 4827 2813 4863 non
2842 4811 3117 4862 meruisse.
3157 4810 3285 4862 Nam
3308 4825 3442 4863 unus
3465 4826 3631 4863 eorum

2104 4900 2545 4953 Theodemundus
2592 4899 2803 4951 nomine
2873 4898 3043 4950 securi
3092 4912 3372 4964 percussus
3418 4898 3632 4962 interiit;

2105 4988 2234 5040 alius
2261 4988 2383 5039 dum
2431 4987 2575 5056 parvi
2616 4987 2847 5039 ﬂuminis
2895 4986 3099 5038 alveum
3129 4996 3491 5048 transmearot,
3519 4986 3632 5041 irre-

2108 5076 2211 5127 titis
2258 5074 2537 5141 paplitibus
2584 5089 2675 5142 per
2724 5075 2989 5143 parvulam
3032 5072 3173 5125 lluvii
3207 5072 3395 5125 undam
3434 5083 3633 5127 necatus

2108 5173 2214 5227 est;
2250 5166 2429 5216 tertius
2452 5178 2607 5229 vero,
2639 5165 2729 5231 qui
2756 5163 3069 5217 Theutarius
3106 5161 3395 5226 dicebatur,
3441 5178 3555 5217 cum
3581 5176 3633 5217 se

2107 5254 2156 5305 in
2199 5270 2340 5307 mare
2389 5262 2714 5319 portaturum
2766 5252 2960 5304 carina:
2998 5250 3331 5317 tradidisset,
3383 5254 3634 5305 dimersus

2106 5351 2207 5396 est.
2248 5342 2501 5398 Videntes
2528 5346 2639 5395 hac
2667 5340 2755 5408 qui
2786 5340 2953 5394 adhuc
2973 5352 3302 5409 supererant,
3330 5342 3631 5395 verecundia

2108 5488 2224 5541 pus,
2253 5471 2553 5540 quiconcil.
2599 5471 2880 5523 Valentino
2922 5480 2973 5524 et
3020 5472 3463 5541 Matisconcnsiiu
3506 5489 3632 5526 anno

2106 5541 2208 5593 585
2256 5542 2520 5600 interluit,
2571 5550 2624 5591 ct
2667 5541 3065 5592 daltnaticarum
3110 5554 3262 5591 usum
3306 5556 3334 5591 a
3392 5540 3631 5608 Gregorio

2109 5611 2293 5676 Magno
2322 5610 2565 5669 obtinuit,
2592 5618 2782 5676 regest.
2814 5609 2903 5660 lib.
2940 5622 3030 5669 vn.
3058 5621 3145 5673 ep.
3180 5609 3299 5661 tta.
3331 5610 3454 5675 Ejus
3478 5611 3631 5662 Vitam

2109 5682 2219 5747 lege
2243 5678 2377 5747 apud
2401 5678 2698 5746 Philippum
2724 5678 3013 5741 Labbeutn,
3045 5685 3175 5731 tum.
3211 5678 3224 5729 l
3254 5678 3500 5733 Bibliutb.
