3820 6344
159 413 284 470 11⁵57

1447 387 1506 466 's.
1548 409 2068 488 ATTALEVITA.

3238 422 3374 477 ωεε

151 525 377 579 submota
404 531 521 590 post
550 522 728 578 socios
748 521 815 576 ad
847 521 906 577 Β.
937 521 1162 576 Attalam
1187 523 1463 591 repedant.
1508 523 1608 591 Qui
1637 524 1703 577 ab
1741 528 1780 586 Α
1807 539 1942 579 unus
1966 523 2344 580 monachorum
2386 527 2601 584 nomine
2633 528 2985 586 Fraimericus
3012 534 3077 587 ad
3109 534 3369 591 frumenta

153 613 254 679 ipso
283 624 334 663 ut
360 613 607 679 superius
636 612 728 666 alii
760 612 958 676 recepti
990 622 1044 666 et
1071 612 1259 666 salvati
1280 623 1424 666 sunt.

211 701 336 756 Cn.
383 700 474 756 Ill.
523 699 704 755 Fluvii
745 698 1131 756 inundationem
1185 703 1704 773 compescit.—~Alia

149 794 208 846 ab
227 807 289 846 eo
308 801 510 862 patrata
543 793 796 847 miracula
840 795 1077 846 omnium
1121 794 1172 846 in
1196 795 1499 862 supradicto
1523 809 1706 848 mona-

147 883 298 936 sterio
343 884 563 935 fratrum
610 882 920 936 testimonio
948 883 1349 952 approbantur:
1393 883 1530 937 inter
1575 897 1706 950 quos

147 988 236 1040 ego
265 973 470 1041 positus
510 982 564 1026 et
613 972 752 1026 beati
782 973 880 1027 viri
913 974 1207 1028 ministerio
1239 973 1522 1042 deputatus
1555 981 1705 1028 tene-

147 1062 250 1125 bar,
277 1077 396 1116 cum
444 1062 675 1131 quodam
721 1063 773 1116 iii
816 1073 1057 1133 tempore
1099 1065 1342 1119 ﬂuviolus
1367 1066 1520 1134 cujus
1550 1081 1704 1133 supe-

151 1153 252 1206 rius
294 1154 616 1205 mentionem
665 1151 924 1217 fecimus,
977 1152 1172 1207 Bobius
1197 1155 1432 1221 nomine,
1480 1155 1703 1224 turgidis

145 1257 390 1310 aquarum
420 1242 650 1296 molibus
677 1243 939 1297 violenter
959 1257 1020 1297 ac
1049 1245 1226 1312 rapaci
1249 1259 1407 1298 cursu
1437 1245 1700 1310 deﬂuens,

144 1342 195 1383 ut
219 1333 391 1386 solent
431 1340 696 1385 torrentes
740 1347 805 1385 ex
855 1333 1061 1399 Alpium
1100 1332 1467 1386 cacuminibus
1512 1334 1701 1402 dilapsi

141 1430 190 1474 et
219 1421 460 1475 imbrium
507 1421 770 1477 eﬂusione
818 1424 995 1484 aucti,
1037 1419 1106 1473 ita
1135 1421 1236 1474 iste
1261 1435 1510 1474 saxorum
1543 1436 1701 1490 rupes

140 1521 193 1564 et
212 1514 460 1565 arborum
489 1512 960 1580 congeriesnimia
996 1510 1047 1562 vi
1084 1520 1383 1564 tumescens
1418 1526 1699 1565 coacerva-

141 1611 236 1665 ret,
266 1602 522 1654 melinum
559 1601 869 1655 monasterii
923 1601 1106 1669 rapido
1142 1615 1299 1656 cursu
1342 1600 1605 1655 suﬂ‘odere
1638 1616 1700 1654 ac

139 1704 288 1745 totam
353 1692 620 1746 oilicioam
669 1692 817 1745 ocius
863 1692 1176 1760 demergere
1221 1693 1509 1746 nitebatur.
1581 1694 1699 1759 Quo

136 1786 337 1850 tragore
389 1783 566 1836 audito
611 1789 795 1835 custos
833 1781 1014 1834 molini
1060 1782 1274 1834 nomine
1316 1781 1601 1849 Agebodus
1630 1785 1696 1834 ad

1807 620 2034 674 serenda
2065 636 2277 692 vomere
2306 621 2550 676 tellurem
2585 625 2877 690 excoleret,
2906 625 3079 680 subito
3104 630 3256 684 stiva
3281 631 3371 685 llr-

1809 714 2042 767 mitatem
2064 714 2212 768 durae
2234 715 2400 782 glebre
2424 718 2684 782 asperitas
2719 719 2943 782 peremit
2964 726 3124 786 atque
3148 719 3372 776 confre-

1799 805 1901 875 git.
1930 807 2098 871 Quam
2122 820 2241 860 cum
2269 807 2600 874 supradictus
2624 807 2784 861 frater
2808 823 3128 874 componere
3152 824 3371 866 conare-

1805 907 1910 962 tur,
1943 899 2118 952 subito
2145 910 2198 952 et
2227 899 2500 965 inopinato
2532 900 2640 954 ictu
2669 899 2976 954 lerramenti
3007 900 3251 968 pollicem
3297 916 3364 955 ex

1806 988 1933 1042 laeva
1966 990 2224 1057 praecidit,
2255 991 2507 1059 sulcoque
2538 991 2806 1045 conditum
2848 992 3177 1059 superposita
3207 992 3362 1060 gleba

1806 1078 1945 1131 velut
1977 1079 2131 1131 [unus
2165 1080 2445 1144 sepultura:
2487 1079 2666 1143 tradit,
2708 1082 3000 1150 relictoque
3037 1095 3250 1136 vomere
3294 1085 3362 1137 ad

1806 1168 2186 1222 monasterium
2215 1169 2678 1238 pergit,'l’atriqne
2691 1170 3027 1225 confessione
3059 1156 3219 1226 Immo
3241 1188 3367 1237 pro-

1804 1269 1999 1311 stratus
2031 1259 2224 1326 prodit.
2257 1259 2406 1322 Qnod
2437 1259 2620 1314 videns
2644 1261 2721 1312 vir
2753 1260 2846 1313 Dei
2872 1276 2886 1312 :
2920 1260 3018 1314 Ulli
3045 1271 3146 1323 est,
3175 1262 3362 1332 inquit,

1809 1363 1931 1414 pars
1955 1349 2144 1402 abscisi
2176 1349 2417 1415 pollicis?
2450 1350 2514 1402 At
2544 1349 2630 1402 illo
2663 1348 2856 1402 fatetur
2876 1364 2904 1402 a
2933 1364 2991 1404 se
3015 1363 3166 1404 terra
3182 1353 3368 1406 condi-

1804 1449 1933 1499 tum,
1975 1439 2227 1505 sulcoque
2259 1442 2551 1506 sepultum.
2582 1440 2732 1502 Male,
2779 1440 2868 1494 ille
2896 1439 2988 1503 ait,
3023 1440 3223 1504 fecisti;
3270 1455 3367 1494 cur

1803 1527 1932 1581 milii
1964 1543 2066 1582 non
2099 1529 2365 1583 detulisti?
2391 1533 2598 1585 concito
2625 1546 2753 1600 ergo
2783 1531 2949 1599 gradu
2998 1531 3120 1584 nulli
3147 1545 3363 1585 causam

1803 1617 2039 1671 indicans
2067 1633 2243 1687 perge,
2289 1630 2606 1688 sumptoque
2647 1635 2712 1674 eo
2740 1622 2840 1673 hoc
2881 1622 3116 1688 deporta.
3150 1622 3236 1675 Ille
3266 1623 3364 1675 ita-

1800 1724 1902 1777 que
1929 1725 2176 1777 egressus
2205 1712 2374 1782 pergit
2398 1732 2411 1771 ;
2446 1713 2865 1782 imperatumque
2882 1715 3085 1779 pollicis
3111 1714 3362 1768 damnum

1801 1800 2063 1867 deportat.
2111 1801 2239 1854 Erat
2264 1802 2403 1856 enim
2428 1804 2652 1870 Spatium
2687 1819 2777 1870 per
2805 1805 2953 1857 ardui
2981 1805 3174 1890 montis
3201 1805 3357 1860 dorsa

137 1877 390 1928 melinum
440 1875 647 1942 pergit,
687 1881 744 1925 ut
774 1870 980 1925 videret
1020 1869 1063 1923 si
1093 1871 1222 1923 tanti
1269 1868 1499 1940 lragoris
1526 1872 1693 1924 tuoles

1803 1889 2035 1944 ﬂexuoso
2071 1890 2262 1946 itinere
2312 1893 2578 1947 tendentia
2613 1894 2691 1947 vel
2739 1895 3085 1948 interﬂuentis
3117 1868 3148 1930 ἶ
3171 1895 3362 1950 Triviae

138 1966 259 2019 inibi
286 1966 550 2034 dispendii
580 1964 774 2018 damna
805 1971 1083 2032 generaret
1125 1980 1136 2013 :
1181 1961 1267 2014 ubi
1296 1977 1415 2014 cum
1443 1960 1694 2026 venisset,

133 2056 255 2108 vidit
277 2058 382 2108 nisi
411 2056 573 2108 celeri
608 2054 812 2106 auxilio
859 2049 1233 2116 subvenirent,
1261 2063 1451 2104 cuncta
1482 2051 1594 2104 lore
1617 2052 1697 2103 di-

132 2146 405 2213 ripienda;
438 2144 768 2211 lestinusque
813 2142 955 2195 Patri
985 2144 1275 2195 nuntianda
1303 2143 1493 2207 credit,
1529 2153 1582 2194 ut
1611 2158 1699 2194 so-

130 2239 297 2287 lamett
336 2235 590 2301 prebeat,
635 2249 740 2301 quo
777 2241 1080 2300 opportune
1113 2232 1412 2285 necessaria
1443 2247 1508 2285 ex
1537 2246 1698 2299 aqua-

129 2341 238 2379 rum
289 2325 532 2381 ﬂuctibus
580 2325 895 2378 liberarent.
937 2325 1017 2378 Ad
1046 2339 1203 2392 quem
1237 2324 1315 2376 vir
1345 2323 1477 2378 Dei:
1530 2322 1691 2386 Vade,

127 2420 331 2486 inquit,
384 2432 510 2472 voca
563 2416 694 2471 milii
743 2416 1056 2470 Sinoaldum
1109 2417 1428 2481 diaconem,
1484 2425 1538 2468 tu
1570 2430 1697 2469 vero

125 2519 285 2564 strata
327 2518 569 2578 receptus
610 2521 855 2562 somnum
899 2520 1064 2574 cape,
1111 2521 1209 2562 nec
1239 2517 1383 2560 metu
1407 2508 1586 2574 aliquo
1611 2507 1699 2560 de-

128 2611 296 2656 tentus
326 2602 541 2657 mmrori
589 2601 753 2654 corda
806 2599 1110 2653 submittas.
1176 2596 1302 2651 Erat
1331 2599 1475 2651 enim
1518 2612 1695 2661 mane,

133 2692 440 2760 priusquam
468 2705 658 2744 aurora
697 2688 939 2743 lunderet
970 2699 1117 2756 grata
1147 2688 1346 2741 lumina
1376 2689 1564 2742 terris.
1597 2688 1695 2742 Ve-

129 2780 200 2834 nit
225 2796 354 2850 ergo
384 2780 668 2835 Sutoaldus
689 2779 755 2832 ad
808 2792 978 2831 virum
1022 2777 1138 2845 Dei,
1165 2763 1343 2830 cui'B.
1375 2778 1551 2830 Attala
1577 2777 1651 2830 ait
1677 2795 1688 2828 :

127 2877 474 2943 Appretienso
517 2872 707 2926 baculo
756 2886 862 2940 quo
890 2879 1162 2924 sustentor
1191 2869 1323 2923 vade
1353 2869 1417 2923 ad
1451 2869 1691 2936 Dubium,

127 2965 531 3034 imperantisque
579 2977 709 3017 voce
767 2962 930 3016 dicito
977 2963 1131 3030 signo
1183 2959 1464 3014 dominica:
1517 2975 1694 3013 crucis

128 3059 373 3127 praelato,
414 3068 467 3111 ut
506 3058 634 3111 istas
681 3056 888 3110 desinat
914 3054 1190 3122 perfodere
1235 3055 1376 3122 ripas
1397 3093 1411 3116 ,
1442 3068 1538 3106 nec
1561 3067 1695 3120 pra:-

125 3163 346 3220 sumptas
390 3150 628 3203 audacia:
682 3150 870 3201 modos
913 3148 1156 3216 suppleat
1183 3187 1197 3209 ,
1227 3143 1320 3198 sed
1362 3144 1462 3196 alia
1500 3145 1694 3212 cedens

1799 1981 2009 2034 alveum
2051 1982 2201 2048 quasi
2255 1983 2485 2036 milliarii
2526 1984 2703 2036 unius.
2743 1983 2908 2036 Porro
2941 1986 3018 2038 vir
3061 1985 3151 2038 Dei
3199 1987 3368 2039 susci-

1801 2069 1947 2136 piens
2005 2071 2166 2123 frusta
2232 2071 2478 2139 pollicis,
2533 2073 2644 2126 auis
2703 2073 2880 2126 salivis
2937 2075 3122 2128 illitum
3187 2077 3365 2130 manui

1795 2159 1992 2230 junxit,
2046 2162 2466 2231 conjunctusqne
2515 2162 2688 2231 pollex
2737 2165 2914 2217 carnis
2969 2164 3172 2233 glutino
3221 2167 3367 2220 velut
3413 2209 3418 2213 .

1799 2261 1953 2305 antea
1984 2251 2146 2306 fuerat
2176 2253 2418 2316 adhaesit,
2453 2255 2717 2322 tacitoque
2753 2255 2966 2307 silentio
2997 2263 3052 2307 ut
3080 2255 3236 2310 abeat
3261 2255 3362 2310 im-

1799 2351 1961 2409 perat.
1996 2343 2040 2397 0
2086 2347 2215 2396 tnira
2257 2344 2423 2396 virtus
2451 2344 2881 2412 Omnipotentisl
2918 2361 3016 2412 qua
3048 2346 3123 2398 sic
3150 2357 3274 2398 suos
3304 2345 3359 2400 in

1800 2434 1952 2486 terris
1981 2433 2260 2500 gloriﬁcat,
2287 2444 2339 2486 ut
2361 2434 2542 2500 frigida
2571 2436 2884 2504 abscisaque
2907 2435 3145 2490 membra
3173 2449 3358 2489 eorum

1801 2523 2101 2576 interventu
2135 2524 2360 2590 pristino
2389 2524 2568 2578 decori
2599 2523 2802 2579 reddat.

1865 2614 1993 2668 CAP.
2032 2613 2091 2667 V.
2137 2613 2360 2666 Puerum
2417 2616 2769 2667 moribundum
2810 2624 2975 2668 sanat.
3036 2614 3162 2685 Ejus
3203 2616 3363 2668 virtti-

1799 2712 1889 2757 m.
1910 2703 2389 2760 —-lsdetn'etenim
2422 2709 2503 2760 vir
2532 2721 2650 2760 cum
2681 2708 2904 2776 quodam
2939 2709 2990 2760 in
3030 2716 3265 2773 tempore
3290 2709 3359 2760 ad

1798 2793 2154 2848 Mediolanum
2187 2797 2372 2849 urbem
2403 2798 2654 2861 venisset,
2685 2798 2753 2851 ibi
2782 2798 2993 2866 quidam
3027 2798 3274 2866 puerulus
3305 2799 3359 2855 in

1796 2885 2050 2937 extremis
2076 2881 2300 2937 febrium
2328 2886 2681 2939 anxietatibus
2727 2889 2945 2953 positus,
2988 2888 3108 2940 vitae
3152 2898 3352 2941 tantum

1795 2976 2133 3043 exspectabat
2153 2985 2352 3030 exitum
2387 2994 2398 3027 :
2429 2975 2581 3044 cujus
2605 2988 2849 3045 parentes
2876 2976 3062 3030 audito
3085 2980 3143 3030 ll.
3166 2980 3359 3033 Attalo:

1795 3069 2022 3122 adventu
2051 3069 2241 3122 festino
2289 3069 2354 3122 ad
2402 3085 2522 3124 eum
2575 3078 2862 3138 properant
2909 3083 3086 3131 cursu,
3137 3084 3365 3137 eumque

1799 3173 2079 3230 precantur
2107 3173 2161 3217 ut
2186 3163 2288 3218 illis
2317 3163 2613 3218 subveniat.
2647 3162 2797 3230 Quod
2829 3176 2948 3217 cum
2976 3163 3054 3222 vir
3087 3161 3176 3215 Dei
3207 3160 3362 3214 dissi-

125 3241 281 3295 latera
321 3243 420 3296 ista
447 3243 584 3296 sinat
616 3255 734 3294 esse
775 3241 940 3293 illaesa
963 3280 978 3302 ,
1010 3239 1355 3306 imperiisque
1401 3252 1459 3291 se
1485 3251 1688 3306 cogno-

1800 3210 2070 3230 ,μην----η-
2109 3210 2161 3217 --
2187 3210 2287 3218 η-.-
2317 3210 2612 3218 ---νη-η-
2653 3210 2797 3230 ν--
2833 3210 2947 3217 η---
3087 3210 3174 3215 --.
3214 3210 3333 3214 ﬁ---

1800 3254 1997 3307 mulare
2029 3254 2307 3319 voluisset,
2339 3253 2547 3307 ﬂetibus
2573 3267 2636 3307 ac
2660 3252 2987 3307 terribilibus
3015 3249 3358 3305 sacramentis

124 3349 232 3388 seat
260 3335 468 3388 Domini
496 3347 856 3388 recessurum.
916 3333 1034 3394 Quo
1079 3331 1178 3382 viri
1209 3329 1300 3382 Dei
1332 3329 1554 3396 imperio
1592 3344 1685 3381 su-

124 3412 394 3496 pradictus
425 3426 500 3481 vir
523 3428 803 3491 ubediens,
844 3440 963 3479 cum
989 3423 1110 3478 ﬂdei
1141 3423 1464 3476 adminiculo
1494 3423 1685 3490 pergit,

122 3532 173 3575 et
203 3523 452 3590 imposito
497 3534 629 3590 ripa:
681 3520 871 3574 baculo
920 3519 1144 3583 imperat
1185 3524 1241 3568 ut
1283 3528 1342 3568 se
1373 3527 1438 3568 ex
1470 3513 1567 3566 viri
1594 3513 1685 3565 Dei

122 3617 424 3682 praeceptis,
453 3622 721 3666 annuente
749 3609 925 3664 divina
957 3607 1206 3679 potentia,
1233 3606 1325 3662 illo
1354 3616 1689 3676 promoveret

120 3720 147 3756 a
179 3709 320 3769 loco,
340 3707 548 3773 aliaque
587 3704 739 3758 collis
783 3702 949 3756 latera
990 3699 1226 3755 violento
1267 3707 1461 3753 conatu
1489 3682 1642 3752 cedat
1671 3715 1685 3752 :

123 3811 354 3865 moxque
399 3797 654 3851 obediens
698 3796 893 3850 ﬂuvius
942 3794 1130 3850 relicto
1173 3791 1328 3846 alveo
1355 3792 1505 3845 collis
1559 3790 1689 3844 late-

122 3905 175 3943 ra
229 3891 428 3944 cedens
467 3927 486 3957 ,
545 3888 739 3944 ﬂuenta
794 3903 890 3956 per
944 3886 1107 3940 ardua
1173 3884 1324 3940 collis
1382 3883 1543 3936 latera
1600 3897 1689 3936 ve-

122 3982 197 4036 lut
261 3982 378 4036 ales
431 3981 644 4035 strictos
702 3979 887 4034 latices
942 3974 1294 4038 sustentabat,
1347 3972 1688 4041 quoadusque

120 4074 255 4127 alvei
281 4086 515 4126 concava
550 4080 810 4140 paterent,
841 4084 947 4138 quo
976 4076 1307 4121 sustentante
1335 4064 1531 4132 liquido
1559 4063 1688 4116 ﬂue—

121 4173 255 4217 rent.
283 4162 508 4230 Jamque
557 4175 906 4230 prorumpens
957 4172 1147 4212 aurora
1187 4155 1384 4210 tnundo
1425 4165 1480 4208 ut
1506 4153 1685 4206 lumen

121 4262 376 4326 panderet
417 4257 687 4323 surgebat,
721 4262 776 4308 et
812 4253 973 4319 capit
1003 4253 1136 4304 intra
1165 4250 1510 4318 semetipsum
1541 4247 1685 4315 cogi-

122 4361 236 4404 tatis
263 4347 549 4402 Sinoaldus
589 4346 770 4400 dicere
804 4363 816 4398 :
855 4343 1049 4398 Vadam
1084 4351 1138 4395 et
1164 4341 1357 4394 videbo
1385 4342 1427 4394 si
1451 4339 1565 4393 viro
1591 4339 1687 4392 Dei

121 4441 339 4494 violenti
367 4440 558 4493 ﬂuctus
584 4435 903 4492 obedierint.
933 4432 1196 4500 Venitque
1227 4430 1291 4483 ad
1330 4428 1500 4497 ripam
1523 4429 1687 4492 alvei,

1789 3358 1910 3397 eum
1933 3346 2268 3411 compellant.
2314 3354 2369 3396 ut
2394 3345 2538 3411 prius
2560 3357 2663 3396 non
2691 3353 2950 3412 eatquam
2979 3339 3169 3394 noxius
3198 3340 3360 3393 ardor

1790 3447 1848 3487 se
1877 3432 2191 3500 supprimat,
2236 3448 2301 3485 ne
2333 3433 2498 3485 isdem
2531 3430 2805 3498 languidus
2831 3444 2898 3484 eo
2937 3429 3256 3485 abscedente
3284 3428 3363 3484 vi-

1792 3521 1982 3575 talibus
2004 3520 2236 3588 privetur
2263 3521 2422 3573 auris.
2451 3520 2654 3573 Anxius
2679 3533 2807 3589 ergo
2828 3527 2884 3573 et
2915 3518 3186 3587 popularis
3211 3517 3360 3574 lavo-

1791 3612 1864 3666 ris
1905 3620 2140 3666 tumores
2171 3611 2419 3681 fugiens:
2449 3610 2764 3678 lte,,inquit,
2815 3625 2913 3680 ego
2959 3619 3013 3663 ut
3053 3619 3236 3678 potero
3267 3626 3361 3667 vos

1792 3718 2100 3773 prosequar.
2130 3703 2363 3759 Veniens
2390 3718 2517 3772 ergo
2545 3702 2796 3756 basilicas
2823 3711 2877 3756 ct
2903 3710 3209 3756 sanctorum
3243 3703 3358 3756 loca

1790 3796 1997 3859 circuit,
2021 3811 2222 3865 proque
2250 3797 2461 3850 inlirmo
2489 3803 2732 3864 precatur
2760 3804 2817 3848 ut
2849 3795 3084 3862 pretinus
3113 3797 3359 3864 sospitati

1792 3887 2058 3941 reddatur.
2081 3887 2280 3941 Deinde
2297 3895 2352 3940 nt
2372 3887 2644 3955 promissa:
2669 3886 2786 3940 ﬂdei
2816 3886 3060 3960 impleret
3077 3889 3354 3956 eﬂectum,

1790 3982 1856 4036 ad
1886 3982 2153 4037 inﬁrmum
2180 3982 2405 4038 festinus
2433 3983 2667 4048 venit,et
2694 3998 2760 4038 ne
2780 3983 3177 4064 q‘uislargitoris
3203 3985 3360 4055 ltnjus

1791 4076 2024 4130 muneris
2052 4084 2224 4144 praeco
2263 4075 2537 4143 existeret,
2567 4076 2780 4130 domum
2827 4077 3054 4130 latenter
3093 4078 3361 4146 ingressus

1789 4163 2054 4217 infirmum
2084 4163 2278 4232 attigit,
2319 4179 2544 4233 moxque
2571 4166 2735 4218 virtus
2781 4166 2956 4218 divina
3004 4167 3202 4219 sanctis
3242 4167 3361 4234 ejus

1793 4254 2035 4323 precibus
2066 4256 2245 4308 favens
2289 4255 2528 4322 sospitati
2580 4255 2816 4322 pristina:
2861 4269 3057 4323 a-grum
3106 4255 3354 4311 reddidit.

1791 4345 1978 4398 Grates
2011 4344 2167 4397 simul
2222 4355 2466 4411 parentes
2513 4342 2787 4397 Conditori
2833 4344 3092 4411 referunt,
3142 4346 3229 4414 qui
3279 4349 3356 4401 sic

1791 4450 2004 4490 suorum
2039 4434 2103 4487 ad
2127 4434 2403 4502 petitiones
2429 4435 2747 4488 famulorum
2771 4435 2984 4504 pietatis
3009 4451 3120 4490 sua:
3148 4450 3357 4491 accom-

119 4543 175 4586 et
195 4546 420 4585 vacuum
450 4543 698 4592 cernens,
730 4524 1005 4596 spectabat
1045 4522 1268 4592 qualiter
1291 4519 1510 4574 alterius
1539 4520 1689 4573 collis

1800 4531 1971 4584 modat
1998 4543 2173 4583 aures.
2209 4529 2334 4582 Erat
2378 4529 2518 4583 enim
2565 4529 2729 4583 isdem
2761 4531 2841 4584 vir
2880 4538 3060 4598 gratus
3087 4530 3357 4597 omnibus,

120 4627 287 4679 latera
327 4621 560 4690 cederet,
594 4632 651 4675 ut
685 4621 784 4674 sibi
815 4620 1022 4672 alveum
1058 4631 1164 4684 quo
1219 4617 1404 4668 ﬂueret
1437 4612 1686 4682 aperiret.

120 4715 472 4783 Festinusque
523 4712 590 4766 ad
617 4712 787 4765 virum
835 4709 926 4764 Dei
959 4708 1117 4772 venit,
1178 4716 1405 4774 peracta:
1455 4705 1691 4759 violaria:

127 4817 388 4875 tropa'um
413 4802 689 4856 nuntiavit.
716 4798 810 4852 Cui
842 4800 920 4852 vir
979 4798 1070 4852 Dei
1099 4815 1111 4849 :
1142 4797 1450 4851 Nullatenus
1474 4807 1579 4858 me,
1611 4792 1690 4845 iii-

122 4897 255 4964 qnit,
290 4911 344 4948 ιιι
401 4893 500 4946 hoc
529 4892 730 4945 saeculo
758 4888 970 4942 vivente
998 4887 1088 4940 ulli
1141 4887 1320 4941 dicere
1380 4900 1688 4954 priesumas.

125 4989 312 5042 Procul
346 4983 508 5038 dubio
562 4993 619 5036 ut
648 4997 715 5035 ne
745 4981 894 5034 lavor
942 4977 1274 5032 adulatorum
1325 4992 1420 5037 cor
1477 4979 1690 5045 plenum

123 5057 410 5135 virtutibus
455 5081 765 5131 macularet.
795 5072 944 5140 Quod
975 5071 1158 5124 vitium
1187 5070 1438 5139 quamvis
1467 5070 1694 5124 diversis

124 5172 232 5222 sint
258 5167 534 5220 virtutibus
559 5165 735 5229 ditati,
763 5164 831 5217 ab
854 5160 1098 5216 omnibus
1121 5172 1201 5214 eat
1227 5161 1428 5213 sanctis
1455 5159 1692 5212 studiose

123 5257 450 5332 lugiendutn.
474 5255 603 5314 Nam
633 5255 733 5308 hoc
762 5253 985 5308 callidus
1019 5252 1186 5306 bostis
1216 5252 1484 5304 malitiose
1515 5253 1691 5304 studet

123 5367 179 5410 ut
206 5356 337 5410 du
380 5354 430 5406 in
483 5348 772 5418 majoribus
825 5363 886 5400 ac
913 5347 1074 5402 certis
1117 5347 1288 5416 culpis
1331 5355 1545 5399 sanctos
1601 5345 1690 5397 Dei

124 5447 394 5500 maculare
418 5458 521 5498 non
563 5443 722 5502 valet,
765 5441 954 5494 saltem
981 5445 1062 5494 vel
1093 5441 1145 5494 in
1175 5440 1401 5495 occultis
1451 5452 1568 5506 qua:
1597 5438 1695 5492 mi-

125 5550 254 5591 nova
287 5535 534 5589 videntur
551 5533 769 5600 polluat.

191 5631 326 5686 Car.
366 5625 454 5682 IV.
513 5626 740 5698 Digitum
794 5624 1037 5680 monacho
1101 5626 1378 5678 abscissum
1443 5624 1690 5678 restituti.

128 5725 452 5790 Factumque
505 5729 587 5773 est
633 5723 902 5788 deinceps,
958 5733 1079 5772 cum
1120 5719 1298 5789 aliquo
1345 5719 1396 5772 itt
1457 5729 1695 5786 tempore

198 5851 222 5876 ι
265 5838 340 5890 La
383 5835 554 5890 Trebio
579 5878 590 5898 ,
641 5835 857 5924 ﬂjtttten.

1795 4622 2073 4692 singularis
2117 4622 2363 4683 fervoris,
2409 4620 2692 4690 singularis
2724 4620 2956 4673 lenitatis
2984 4621 3032 4672 in
3067 4622 3360 4688 peregrinis

1793 4726 1846 4770 et
1877 4713 2194 4782 pauperibus
2226 4730 2238 4765 :
2271 4723 2490 4765 noverat
2517 4720 2568 4766 et
2591 4711 2848 4778 superbia:
2878 4709 3150 4778 resistere,
3176 4721 3226 4765 et
3259 4711 3357 4766 ltu-

1795 4806 2008 4860 milibus
2037 4805 2276 4858 subditus
2299 4818 2415 4858 esse
2439 4820 2452 4867 ;
2500 4802 2833 4871 sapientibus
2857 4800 3117 4871 co‘ndigna
3162 4819 3350 4872 repen~

1793 4897 1939 4963 dere,
1972 4906 2024 4950 et
2045 4896 2370 4966 simplicibus
2401 4894 2622 4965 mystica
2655 4895 2881 4964 aperire.
2914 4894 2968 4947 ln
3000 4896 3267 4950 solvendis
3295 4909 3356 4949 ac

1793 4990 2136 5058 disponendis
2164 4988 2548 5056 quiestionibus
2577 5003 2760 5058 sagax,
2787 4989 3047 5043 adversus
3081 4988 3356 5042 ltzeretico-

1796 5099 1910 5138 rum
1944 5083 2201 5152 procellas
2247 5080 2432 5151 vigens
2463 5097 2526 5137 ac
2571 5081 2792 5145 solidus,
2837 5081 2986 5136 fortis
3018 5083 3067 5134 in
3095 5079 3354 5142 adversis,

1796 5176 2001 5230 sobrius
2035 5174 2084 5226 in
2118 5175 2406 5242 prosperis,
2440 5181 2740 5242 temperans
2763 5173 2815 5226 in
2847 5171 3122 5232 omnibus,
3149 5169 3357 5223 discre-

1796 5279 1878 5322 tus
1907 5269 1958 5322 in
1983 5267 2204 5322 cunctis.
2231 5267 2578 5322 Rcdundabat
2599 5282 2747 5320 amor
2774 5276 2828 5322 et
2854 5269 3009 5320 timor
3034 5265 3085 5319 in
3107 5264 3352 5327 subditis,

1801 5359 2066 5415 redolebat
2095 5358 2329 5413 doctrina
2362 5360 2413 5414 in
2459 5358 2765 5427 discipulis;
2821 5357 2996 5411 nullus
3043 5357 3189 5425 juxta
3235 5371 3354 5409 eum

1797 5452 1878 5506 vel
1903 5466 2130 5505 mterore
2159 5451 2458 5515 tenebatur,
2478 5449 2559 5504 vel
2592 5449 2750 5503 nimia
2783 5449 2957 5504 ltetitia
2986 5447 3354 5504 extollebatur.

1866 5542 1994 5597 CAP.
2037 5541 2121 5597 Vl.
2167 5541 2370 5596 Obitum
2399 5557 2547 5595 suum
2575 5542 2810 5595 divinitus
2842 5534 3358 5606 praedixit—lente

1797 5650 1858 5686 ea:
1899 5633 2062 5700 patria
2090 5634 2308 5684 reditum
2337 5632 2615 5684 accelerare
2655 5632 2797 5700 facit.
2831 5631 3063 5694 Cumque
3098 5627 3205 5694 jam
3232 5641 3355 5679 eum

1796 5729 1861 5781 ab
1884 5724 2133 5782 aerumnis
2163 5724 2317 5794 hujus
2355 5722 2532 5778 seculi
2578 5738 2754 5778 rerum
2807 5721 3094 5788 lleparator
3124 5719 3355 5774 liberare
