3880 6236
440 340 572 395 1030

1561 332 1740 388 ΙΟΝίΕ
1784 327 2075 383 ABBATlS
2117 326 2177 380 ΕΙ
2190 327 2527 384 .ΝΟΝΕΝ813

3531 331 3549 380 f
3561 331 3659 383 060

436 457 619 514 vellet,
646 460 936 503 monstrare
957 450 1003 502 ei
1035 464 1124 516 per
1149 448 1403 501 visionem
1432 448 1592 498 volnit
1623 456 1678 497 nt
1701 446 1765 499 de
1792 437 1988 496 mundo
2019 443 2063 499 Α
2093 451 2168 494 ret
2207 443 2310 496 cito
2339 446 2403 496 ad
2459 447 2836 498 monasterium
2886 457 3009 501 ante
3047 448 3164 516 ejus
3219 451 3419 503 exitum
3465 452 3650 512 redire.

436 557 744 613 egressurus
777 553 1010 607 paratum
1058 541 1106 590 itt
1140 538 1382 592 omnibus
1427 537 1526 589 iter
1557 538 1795 599 haberet,
1836 534 1988 602 quin-

436 634 675 700 quaginta
721 630 919 682 dierum
962 629 1132 692 spatio
1174 627 1452 692 suspenso,
1509 640 1612 690 quo
1643 623 1746 676 iter
1780 631 1988 689 pararet

441 734 710 775 venturum
740 738 749 770 :
803 719 893 772 sed
937 733 1039 770 non
1072 726 1250 782 aperte
1292 716 1387 767 viri
1421 715 1509 766 Dei
1559 716 1760 767 animus
1793 725 1988 780 cogno-

440 822 581 866 verat
605 812 700 862 iter
731 807 865 860 istud
891 808 1090 858 exitum
1116 819 1231 858 esse
1255 803 1392 868 vitae,
1424 819 1488 856 an
1530 804 1596 856 ad
1617 805 1772 855 alium
1804 816 1989 869 quem-

437 916 638 965 cunque
662 901 832 950 locum
863 904 1003 947 esset
1046 908 1435 960 progressitrus.
1473 892 1763 959 Utrumque
1812 903 1986 946 tamen

438 993 513 1040 vir
545 989 634 1040 Dei
690 994 965 1053 praeparat.
1023 984 1178 1051 Septa
1223 985 1523 1037 monasterii
1587 983 1790 1045 densat,
1845 992 1990 1047 tegu-

438 1093 612 1133 menta
639 1086 879 1140 renovat,
919 1076 1091 1128 omnia
1124 1076 1351 1139 roborat,
1397 1085 1452 1126 ut
1478 1075 1519 1127 si
1551 1075 1704 1128 abeat
1730 1075 1857 1126 nibil
1893 1075 1990 1125 im-

437 1174 622 1225 becille
667 1173 925 1224 dimittat:
983 1173 1222 1225 vehicula
1284 1186 1490 1238 quoque
1539 1171 1762 1234 refovet,
1829 1171 1990 1222 libros

437 1264 765 1332 ligaminibtts
795 1264 967 1314 firmat
994 1280 1005 1314 :
1034 1261 1569 1329 supellectiliaablui,
1619 1261 1818 1314 dissuta
1862 1275 1989 1312 con-

436 1356 535 1418 Sui,
567 1365 807 1418 corrUpta
831 1354 1093 1419 componi,
1132 1355 1471 1404 calciamenta
1501 1355 1693 1419 parari,
1732 1362 1788 1404 ut
1811 1353 1985 1404 omnia

441 1455 629 1511 praesto
653 1445 756 1496 sint
781 1442 948 1510 jubet.
976 1441 1090 1509 Ipse
1131 1457 1254 1494 vero
1279 1441 1479 1510 jejunio
1519 1451 1572 1495 et
1609 1442 1795 1508 vigiliis
1833 1450 1988 1508 atque

439 1533 762 1584 orationibus
807 1545 997 1596 corpus
1041 1530 1220 1591 allicit,
1270 1530 1336 1580 ita
1366 1540 1419 1581 ut
1448 1545 1707 1591 nunquam
1739 1529 1988 1581 intentius

435 1633 585 1675 antea
618 1623 667 1674 in
698 1620 932 1674 oratione
979 1620 1120 1672 visus
1151 1620 1334 1673 luisset
1376 1620 1655 1674 desudare.
1713 1622 1776 1673 Et
1809 1635 1873 1672 ne
1906 1621 1988 1672 cui

433 1712 709 1764 ridiculum
763 1710 1020 1770 videatur,
1053 1709 1278 1762 referam
1316 1710 1442 1774 quid
1484 1712 1535 1762 in
1579 1725 1662 1763 me
1694 1709 1858 1761 isdem
1912 1711 1989 1762 vir

2159 531 2283 583 Car.
2330 530 2432 585 \‘ll.
2471 532 2678 584 Crucem
2706 537 2916 589 salutat.
2955 536 3030 588 De
3069 553 3163 590 sua
3205 544 3370 591 salute
3393 552 3560 594 certus
3581 543 3654 608 fa-

2087 631 2195 672 ctus
2219 624 2444 673 moritur.
2467 625 2637 676 —-(Zui
2685 640 2802 678 cum
2841 625 2948 693 jam
2982 629 3031 680 in
3066 630 3330 695 supremis
3373 631 3492 684 vita
3521 646 3655 698 prc-

2087 721 2250 772 sentis
2288 719 2416 771 liora
2465 721 2789 787 fungeretur,
2839 737 2960 774 cum
3017 723 3193 777 adhuc
3240 725 3425 792 vigens
3469 725 3657 780 halitus

2088 819 2408 872 superesset,
2441 825 2498 862 se
2546 811 2688 863 foras
2742 812 2986 864 cellulam
3036 814 3272 880 protrahi
3322 813 3511 885 jubet:
3545 831 3657 869 sur-

2088 912 2318 966 gensque
2349 899 2412 950 de
2442 907 2608 950 stratu
2641 914 2743 966 quo
2774 901 2984 954 valebat
3011 904 3314 968 conamine,
3351 914 3656 960 sustentan-

2091 987 2227 1040 tibus
2271 986 2496 1054 undique
2545 988 2792 1040 fratribus
2843 977 2970 1042 foris
3020 992 3267 1045 cellulam
3320 1009 3653 1063 progressus,

2089 1077 2346 1141 aspiciens
2384 1090 2590 1128 crucem
2633 1093 2794 1146 quam
2850 1078 2959 1145 ipse
3014 1081 3065 1132 in
3117 1082 3303 1134 eodem
3357 1084 3477 1135 loco
3535 1087 3654 1150 poni

2093 1175 2432 1230 praeceperat,
2480 1177 2533 1216 ut
2586 1167 2864 1234 egrediens
2923 1167 3331 1236 ingrediensque
3377 1172 3652 1237 cellulam,

2101 1262 2238 1305 tactu
2261 1254 2373 1319 ejus
2394 1269 2541 1308 suain
2571 1254 2793 1309 frontem
2839 1259 3084 1323 muniret,
3118 1261 3280 1327 cmpit
3323 1272 3543 1316 rnaastas
3586 1263 3656 1315 la-

2088 1357 2293 1412 erymas
2331 1344 2561 1398 fundere
2627 1360 2690 1398 ac
2748 1358 3002 1413 troptnum
3058 1351 3230 1404 crucis
3287 1367 3588 1406 memorare
3642 1371 3654 1403 :

2095 1452 2112 1481 ι
2144 1434 2272 1495 Ave,
2304 1433 2489 1500 inquit,
2521 1434 2656 1487 alma
2687 1449 2814 1488 crux
2845 1451 2961 1504 qua:
3002 1438 3179 1490 mundi
3214 1441 3438 1506 pretium
3478 1450 3656 1506 porta-

2091 1528 2182 1587 Sti,
2213 1541 2327 1592 qum
2361 1526 2551 1579 vexilla
2597 1527 2772 1580 ferens
2815 1537 3009 1582 aeterna
3051 1538 3103 1582 tu
3137 1539 3432 1584 nostrorum
3467 1532 3655 1586 vulne-

2091 1630 2205 1665 rum
2242 1614 2555 1668 medicinam
2585 1617 2806 1670 attulisti
2833 1635 2844 1668 :
2878 1626 2931 1670 tu
2961 1633 3149 1674 cruore
3177 1620 3293 1688 ejus
3324 1621 3454 1674 illita
3480 1636 3538 1676 es
3567 1622 3654 1690 qui

2091 1715 2144 1756 ut
2173 1721 2337 1771 genus
2383 1705 2672 1760 humanum
2701 1709 2932 1762 salvaret
2961 1724 2990 1763 e
3028 1712 3165 1764 cmlo
3195 1712 3246 1764 in
3296 1713 3431 1766 banc
3480 1715 3654 1783 Iacry-

433 1806 622 1868 egerit.
667 1805 797 1855 Cum
850 1801 964 1870 jam
994 1787 1200 1853 novem
1235 1817 1494 1854 annorum
1539 1818 1631 1867 per
1660 1802 1906 1855 circulum
1938 1803 1986 1855 in
2024 1775 2065 1834 Β
2094 1813 2296 1849 murum
2322 1799 2506 1852 vallem
2532 1799 2828 1864 descendit,
2858 1804 2945 1869 qui
2977 1803 3029 1855 in
3054 1813 3105 1857 te
3134 1805 3283 1869 primi
3313 1807 3439 1861 Adae
3471 1822 3653 1875 rugam

417 1895 755 1950 ‘monasterio
784 1903 1124 1945 conversatus
1165 1890 1396 1954 fuissem,
1441 1900 1492 1944 et
1519 1905 1656 1958 smpe
1689 1892 1990 1958 parentibus

437 1985 816 2054 postulantibus
843 1993 899 2036 ut
935 1997 1026 2035 eos
1056 1997 1118 2042 ex
1165 1983 1417 2048 permissu
1465 1997 1561 2035 suo
1594 1983 1841 2042 viserem,
1895 1997 1990 2035 nec

435 2076 902 2144 impetravissent;
956 2071 1099 2124 nullo
1152 2071 1342 2125 exinde
1400 2072 1722 2124 mentionem
1770 2070 1990 2122 faciente

432 2166 507 2217 ait
537 2182 548 2216 :
586 2163 726 2217 Vade
756 2160 997 2220 festinus,
1028 2161 1121 2220 liii,
1147 2168 1199 2211 et
1223 2168 1443 2211 matrem
1474 2157 1788 2224 fratremque
1815 2158 1987 2220 visita,

433 2269 487 2311 et
518 2258 656 2310 nulla
688 2268 833 2306 mora
882 2252 1236 2318 praepediente
1284 2259 1570 2305 revertere.
1606 2250 1839 2317 Cumque
1888 2248 1988 2301 dif-

434 2353 628 2404 ferrem
660 2359 714 2403 et
737 2338 986 2410 temporis
1014 2345 1457 2411 opportunitatem
1487 2348 1699 2397 evenire
1723 2344 1773 2395 in
1809 2344 1988 2411 proxi-

436 2457 524 2496 mo
553 2441 780 2494 dicerem
815 2438 947 2506 (erat
974 2438 1113 2489 enim
1143 2446 1348 2500 tempus
1395 2433 1543 2486 nimii
1593 2431 1827 2498 frigoris,
1859 2440 1992 2483 tem-

439 2546 534 2598 pus
557 2529 760 2582 scilicet
789 2525 1108 2589 Februarii),
1140 2535 1193 2576 at
1229 2525 1318 2576 ille
1354 2523 1424 2574 ait
1451 2539 1462 2572 :
1502 2520 1747 2590 Accelcra
1784 2516 1990 2586 aggredi

438 2623 536 2676 iter
564 2621 702 2690 quod
742 2617 838 2672 tibi
884 2619 1014 2670 dixi.
1067 2615 1248 2668 Nescis
1281 2623 1450 2665 utrum
1483 2614 1533 2673 in
1565 2611 1891 2678 postmodum
1928 2611 1989 2664 li-

436 2723 553 2766 ceat
578 2724 753 2776 agere.
787 2705 932 2759 Datis
963 2718 1086 2771 ergo
1124 2701 1403 2757 comitibus
1437 2701 1654 2754 Blidulfo
1680 2701 1986 2768 presbytero

441 2811 496 2855 et
518 2795 905 2853 Hermenoaldo
941 2794 1182 2855 diacooo,
1217 2791 1283 2846 de
1319 2805 1537 2859 quorum
1583 2789 1830 2856 religione
1861 2789 1987 2842 nihil

446 2889 798 2946 dubitabatur,
844 2885 909 2937 ad
952 2883 1268 2937 destinatum
1324 2880 1657 2947 pervenimus
1716 2879 1885 2932 locum
1942 2887 1990 2932 ⁸.

447 2979 572 3032 Erat
615 2978 753 3030 enim
811 2976 957 3026 locus
1003 2971 1226 3038 Sigusia,
1284 2970 1408 3022 urbs
1461 2969 1672 3032 nobilis,
1727 2967 1988 3033 quondam

443 3069 788 3124 ‘laurinatum
835 3063 1068 3128 colonia,
1110 3075 1136 3113 a
1186 3062 1505 3114 monasterio
1537 3059 1738 3112 distans
1777 3069 1986 3111 centum

448 3157 799 3230 quadraginta
834 3151 1086 3213 millibus,
1115 3151 1199 3203 ubi
1246 3157 1300 3200 ut
1339 3148 1692 3216 pervenimus,
1718 3146 1938 3215 gratuite
1962 3163 1990 3197 a

445 3248 701 3320 genitrioe
729 3251 846 3312 post
875 3251 1138 3294 tantorum
1171 3239 1444 3291 intervalla
1481 3251 1735 3289 annorum
1766 3235 1989 3302 suscepti

441 3351 645 3398 sumus,
695 3332 786 3386 sed
837 3347 938 3385 non
985 3329 1074 3382 diu
1122 3336 1300 3395 optato
1349 3325 1570 3394 genitrix
1618 3323 1801 3376 fruitur
1828 3323 1989 3376 dono.

447 3428 576 3480 Nam
605 3425 790 3477 eadem
844 3432 996 3474 nocte
1047 3419 1192 3472 febrc
1249 3428 1520 3482 correptus
1577 3413 1711 3466 inter
1752 3413 1992 3466 incendia

446 3517 675 3568 clamare
701 3512 857 3578 capi,
878 3524 962 3562 me
991 3509 1086 3560 viri
1117 3507 1205 3559 Dei
1233 3507 1475 3573 precibus
1504 3503 1753 3570 torqueri,
1779 3517 1843 3555 ne
1867 3502 1992 3555 inibi

445 3610 630 3653 contra
661 3598 992 3650 interdictum
1034 3597 1341 3660 quantisper
1379 3605 1610 3643 morarer
1643 3607 1655 3642 :
1702 3590 1745 3642 si
1778 3605 1877 3641 non
1912 3603 1995 3641 me

448 3692 556 3742 cito
608 3696 873 3747 moveant,
928 3697 1238 3750 quocunque
1283 3685 1564 3747 potuissent
1610 3679 1882 3742 conamine
1932 3679 1996 3730 ad

450 3776 821 3831 monasterium
851 3773 1123 3842 repedare,
1172 3787 1255 3825 me
1304 3773 1408 3824 cito
1456 3780 1623 3824 morte
1673 3770 1996 3838 prmvcnicn-

449 3871 595 3922 dum.
631 3867 790 3919 Mater
819 3866 882 3917 ad
917 3866 1071 3917 haec:
1118 3863 1300 3916 Melius
1346 3863 1468 3914 milii
1512 3870 1674 3923 esset,
1724 3860 1822 3923 fili,
1867 3870 1920 3912 ut
1951 3869 2000 3913 te

456 3959 523 4010 ibi
552 3971 734 4010 sanum
761 3955 950 4006 scirem
981 3967 1135 4018 quam
1167 3951 1251 4002 bic
1281 3960 1540 4004 mortuum
1570 3950 1838 4002 deflerem.
1893 3948 1995 4000 Fa-

461 4057 574 4101 teor
625 4047 835 4112 longum
888 4041 984 4094 fuit
1030 4041 1131 4095 diei
1190 4051 1496 4107 etSpectare
1546 4041 1843 4093 adventum.
1900 4038 1993 4091 Vix

453 4146 760 4204 erumpente
810 4147 1020 4196 aurora,
1079 4142 1218 4186 retro
1256 4133 1506 4199 repedare
1552 4131 1866 4194 studuimus,
1915 4145 1997 4182 me

454 4246 549 4286 nec
579 4228 855 4295 quidquam
880 4227 979 4279 cibi
1009 4227 1265 4292 capiente,
1293 4225 1459 4280 donec
1492 4225 1648 4279 medii
1678 4241 1810 4292 pene
1841 4224 1996 4278 itine-

454 4323 527 4372 ris
572 4317 680 4369 Ioca
723 4316 1151 4381 pertingeremus.
1189 4313 1576 4369 Festinantibus
1624 4328 1749 4382 ergo
1793 4328 1854 4366 ac
1903 4313 2000 4364 iter

2093 1886 2323 1939 extendit
2350 1887 2563 1949 dudum,
2599 1888 2968 1955 geminamque
2998 1892 3263 1945 secundus
3295 1897 3460 1946 Adam
3501 1897 3648 1947 lava-

2091 1988 2184 2025 cro
2207 1976 2465 2028 maeulam
2496 1976 2683 2031 abluit.
2720 1995 2738 2027 ι
2776 1977 3011 2042 Dumque
3043 1979 3156 2033 hmc
3179 1993 3377 2049 ageret,
3405 1969 3654 2050 precatur

2091 2077 2274 2116 omnes
2303 2072 2358 2116 ut
2394 2065 2587 2119 abeant
2634 2083 2857 2136 seseque
2899 2069 3108 2122 cellulae
3154 2070 3394 2133 reddant,
3445 2074 3654 2138 sibique

2093 2153 2360 2220 paulisper
2383 2153 2554 2207 locum
2582 2156 2816 2223 quietum
2850 2159 3137 2222 pradicant.
3171 2160 3501 2214 Abeuntibus
3521 2175 3651 2228 ergo

2091 2245 2354 2308 omnibus,
2409 2260 2542 2298 unus
2588 2249 2959 2302 tantummodo
3013 2250 3223 2304 nomine
3275 2251 3653 2303 Blidemttndus

2093 2343 2207 2398 post
2239 2340 2440 2401 tergum
2468 2334 2562 2386 viri
2596 2336 2685 2388 Dei
2729 2338 2888 2390 tacito
2931 2338 3166 2391 anhelitu
3209 2348 3374 2401 stetit,
3410 2341 3655 2406 cogitans

2093 2422 2189 2474 viri
2224 2422 2316 2475 Dei
2341 2423 2564 2490 poplites
2594 2424 2718 2478 fessi
2750 2434 2805 2479 ut
2833 2436 3004 2489 erant,
3047 2426 3229 2482 fractis
3255 2430 3531 2483 conatibus
3564 2443 3656 2482 ca-

2090 2528 2204 2566 sum
2249 2516 2290 2568 si
2342 2517 2663 2584 incidissent,
2695 2533 2756 2572 se
2801 2519 2865 2571 ad
2909 2521 3300 2590 suscipiendum
3348 2537 3470 2576 eum
3506 2538 3655 2591 para-

2094 2600 2367 2655 tnm'fore.
2398 2600 2526 2655 Cum
2570 2619 2696 2673 ergo
2720 2605 2918 2660 nullum
2963 2622 3239 2672 superesse
3283 2619 3514 2676 putaret,
3547 2626 3657 2664 cm-

2093 2691 2167 2755 pit
2194 2691 2492 2743 Conditoris
2517 2692 2852 2748 clementiam
2882 2711 2999 2748 cum
3027 2697 3376 2766 lacrymaruni
3408 2702 3657 2756 ubertate

2091 2779 2400 2845 conquirere
2429 2790 2483 2832 ut
2530 2781 2784 2850 largitatis
2811 2799 2918 2838 suae
2946 2784 3042 2839 sibi
3065 2800 3131 2839 ac
3158 2787 3201 2840 si
3250 2787 3468 2856 indigno
3499 2788 3646 2842 dona

2093 2870 2267 2939 largiri
2300 2871 2624 2940 dignaretur,
2657 2885 2712 2928 et
2742 2886 2948 2930 veteres
2977 2879 3207 2931 maculas
3245 2879 3447 2943 deletis,
3477 2883 3654 2934 omnia

2093 2961 2246 3014 saluti
2276 2964 2684 3032 redintegraret,
2737 2967 2976 3035 hancque
3022 2970 3293 3036 antiquam
3345 2972 3656 3024 misericor-

2094 3049 2232 3101 diam
2284 3065 2541 3104 exercens
2595 3067 2654 3106 se
2699 3059 2900 3108 caelesti
2953 3070 3168 3110 munere
3215 3073 3316 3111 non
3364 3060 3656 3114 abdicaret.

2097 3139 2225 3191 Tum
2266 3139 2399 3191 inter
2429 3151 2610 3194 mmsta
2639 3143 2861 3210 suspiria
2891 3155 2943 3196 et
2965 3130 3185 3199 fluentes
3207 3147 3466 3217 lacrymas
3489 3151 3657 3202 caelos

2099 3227 2328 3290 intuens,
2363 3228 2492 3281 vidit
2543 3230 2645 3282 silui
2693 3232 2865 3284 subito
2891 3234 3103 3286 eosdm
3143 3245 3371 3300 apertos,
3397 3252 3533 3302 quos
3562 3252 3659 3306 per

2098 3315 2377 3368 multarum
2406 3315 2653 3370 horarum
2686 3320 2854 3386 spatia
2883 3320 3091 3374 intuens
3132 3325 3322 3378 uberes
3353 3326 3532 3380 cordis
3561 3341 3654 3380 ru-

2096 3404 2230 3470 gitus
2263 3407 2552 3470 promebat.
2586 3407 2796 3462 Gratias
2840 3409 3033 3465 deinde
3062 3412 3225 3467 refert
3266 3413 3652 3491 0mnipotenti,

2098 3495 2183 3559 qui
2217 3494 2314 3546 sibi
2341 3495 2526 3561 januas
2555 3497 2678 3549 cieli
2723 3507 2934 3565 apertas
2971 3509 3306 3564 monstraret,
3356 3519 3489 3570 quas
3537 3517 3655 3572 post

2100 3582 2358 3647 paululum
2395 3587 2631 3649 corporis
2659 3588 2910 3641 membris
2935 3591 3105 3643 anima
3135 3601 3289 3644 exuti
3314 3605 3651 3659 penetratum

2099 3679 2253 3723 esset.
2287 3670 2444 3723 Facto
2477 3672 2600 3726 inde
2637 3673 2785 3742 signo
2808 3676 2962 3741 jussit
2989 3689 3044 3731 ut
3092 3678 3278 3736 fratrea
3316 3683 3653 3750 advenirent,

2099 3766 2183 3829 qui
2216 3779 2333 3817 eum
2381 3766 2584 3819 cellulas
2631 3768 2932 3823 redderent.
2965 3770 3087 3825 Hac
3134 3772 3286 3826 nobis
3323 3776 3655 3840 supradictus

2100 3857 2260 3910 frater
2289 3860 2472 3910 eadem
2506 3860 2592 3913 die
2614 3861 2815 3914 retulit.
2851 3862 2993 3914 llanc
3014 3863 3204 3930 quippe
3229 3865 3650 3923 consolationem

2101 3946 2294 3998 famqu
2342 3961 2436 3999 suo
2465 3946 2984 4013 Christ-usustendit,
3041 3959 3095 4004 ut
3142 3961 3409 4006 extremos
3459 3955 3654 4011 halitus

2099 4053 2315 4090 securus
2343 4038 2407 4089 de
2431 4036 2597 4091 futura
2622 4041 2794 4102 venia,
2823 4043 2927 4094 imo
2957 4043 3121 4110 gloria
3142 4057 3304 4098 ovans
3329 4046 3645 4103 dimitteret.

2099 4129 2244 4194 Quod
2277 4132 2355 4182 vir
2383 4131 2470 4182 Dei
2498 4133 2766 4186 occultare
2801 4134 3070 4198 voluisset,
3110 4137 3152 4187 si
3183 4138 3516 4204 supradictus
3542 4139 3648 4193 Bli-

2099 4220 2388 4272 deanundus
2416 4221 2590 4275 abdito
2619 4232 2733 4287 past
2759 4224 2873 4290 ejus
2900 4223 3111 4278 dorsum
3145 4241 3245 4278 non
3279 4227 3647 4283 remansisset.

2100 4310 2271 4361 Altera
2290 4324 2414 4364 vero
2438 4310 2522 4364 die
2553 4313 2848 4367 valedicens
2877 4313 3124 4371 fratribus
3146 4315 3410 4381 omnibus,
3450 4319 3650 4372 exhor-

457 4405 762 4473 nrgentibus
795 4402 1097 4469 sospitatem
1142 4417 1348 4455 rursum
1389 4405 1584 4467 recepi,
1626 4403 1996 4469 venientesque
2022 4430 2074 4487 D
2103 4408 2216 4450 tans
2239 4412 2332 4454 eos
2383 4409 2439 4453 ut
2466 4412 2695 4468 emptum
2745 4404 2843 4458 iter
2892 4419 2994 4457 non
3045 4405 3422 4472 relinquerent,
3469 4410 3564 4462 sed
3599 4409 3648 4462 in

457 4497 522 4548 ad
576 4493 949 4547 monasterium
1016 4490 1220 4543 Patrem
1275 4490 1380 4558 jam
1441 4490 1670 4543 febribus
1725 4492 1990 4544 detentum

457 4585 746 4652 reperimus
785 4596 845 4636 ac
883 4581 1037 4634 morti
1084 4581 1378 4648 proximum
1425 4595 1438 4632 :
1488 4581 1674 4646 quibus
1714 4583 1842 4634 visis
1879 4598 1998 4650 gra-

458 4675 650 4728 tulatus
691 4682 789 4725 est.
833 4672 1023 4739 Sicque
1063 4681 1244 4739 aperte
1282 4672 1619 4738 cognovimus
1661 4671 1756 4723 viri
1808 4671 1896 4726 Dei
1946 4674 1994 4725 in

458 4769 554 4819 hoc
604 4757 933 4831 prtevaluisse
976 4775 1176 4831 preces,
1218 4770 1276 4814 ut
1316 4775 1399 4815 me
1443 4763 1522 4814 vis
1574 4759 1793 4814 febrium
1839 4777 1993 4829 urge-

527 4903 550 4929 ⁸
593 4895 739 4959 Apud
787 4890 973 4942 Bcdam
1004 4901 1051 4943 et
1085 4889 1408 4942 Vincentium
1451 4891 1709 4943 Barralem
1743 4895 1792 4942 ιιι
1829 4889 1996 4943 Chro-

458 4966 564 5016 nol.
595 4965 766 5015 Lo-rin.
799 4966 908 5011 lucc
934 4963 1175 5025 leguntur
1206 4977 1215 5009 :
1250 4976 1267 5006 ι
1299 4960 1374 5011 Ad
1399 4961 1712 5012 destinatum
1749 4963 1991 5028 perveni-

458 5047 573 5085 tnus
603 5034 795 5091 locum,
826 5044 854 5080 a
883 5032 1195 5098 monasterio
1223 5028 1502 5080 distantem
1534 5042 1739 5082 centum
1779 5040 1832 5082 et
1869 5047 1994 5098 qua-

454 5103 687 5167 draginta
737 5099 985 5151 millibus.
1031 5096 1123 5150 Uni
1161 5113 1276 5150 cum
1328 5098 1583 5159 venimus,
1633 5100 1852 5166 gratuita
1887 5096 1992 5163 pie-

456 5181 558 5222 tate
591 5184 617 5220 a
639 5169 904 5234 genitrice,
939 5187 954 5217 ι
987 5178 1085 5220 etc.
1115 5169 1184 5219 Ex
1216 5176 1388 5218 nostra
1420 5181 1540 5218 vero
1568 5169 1806 5230 lectione,
1836 5185 1990 5236 quam

456 5256 518 5293 ex
563 5254 690 5290 mss.
718 5237 1114 5298 Compendiensi
1143 5246 1194 5289 et
1243 5235 1578 5302 Regniacensi
1624 5235 1872 5301 eruimus,
1904 5254 1996 5304 ap-

459 5317 603 5375 paret
633 5307 933 5375 qumfuem
970 5307 1114 5359 ,ιοιιςιε
1168 5308 1544 5375 patriapqttem
1591 5308 1824 5360 nonnulli
1864 5310 1994 5362 Sco-

458 5373 564 5428 tum
606 5393 696 5428 Scit
731 5374 1010 5426 llibernnm
1040 5389 1311 5440 perperam
1354 5373 1573 5438 lingunt.

527 5444 552 5483 δ
595 5445 843 5496 Nimirum
875 5458 1011 5495 anno
1041 5443 1161 5496 027.
1205 5443 1336 5495 Nam
1373 5442 1652 5496 Ariovaldo
1695 5442 1991 5511 Langobar-

458 5516 640 5566 dorum
689 5529 809 5576 rege
864 5514 912 5563 in
962 5512 1457 5584 Adalva‘ldiilocum
1498 5512 1780 5584 subrogato
1832 5518 1992 5584 (quod

460 5600 595 5634 anno
619 5581 719 5632 69.6
750 5583 1027 5649 contigisse
1053 5597 1114 5632 ex
1151 5581 1303 5632 l‘aulo
1324 5584 1546 5635 diacono
1571 5583 1619 5634 itt
1657 5583 1744 5632 lib.
1780 5581 1991 5637 tv‘llist.

463 5655 646 5720 Lang.,
680 5667 792 5719 cap.
826 5653 876 5715 ες,
906 5655 1128 5717 constat)
1163 5650 1325 5704 adhuc
1368 5652 1417 5705 itt
1448 5652 1577 5704 vivis
1604 5661 1714 5706 erat
1743 5655 1934 5719 Attale,
1967 5671 1993 5707 a

2100 4486 2401 4544 melioribus
2450 4489 2653 4542 actibus
2698 4492 2926 4544 roborati
2977 4493 3211 4558 quotidie
3265 4498 3648 4562 perseverando

2101 4577 2447 4630 firmarentur.
2479 4575 2790 4632 Consulatus
2818 4595 2941 4648 ergo
2971 4589 3209 4646 cunctos,
3243 4585 3364 4639 vita:
3415 4601 3650 4653 presen-

2098 4671 2162 4721 tis
2189 4667 2404 4720 nexibus
2429 4667 2719 4730 absolutus,
2752 4668 2776 4706 δ
2806 4672 3032 4723 animam
3076 4675 3214 4726 caelo
3259 4674 3503 4728 reddidit.
3539 4675 3648 4730 Ile-

2098 4757 2199 4814 rito
2230 4759 2370 4812 enirn
2424 4772 2602 4812 rerum
2655 4761 2942 4828 lieparator
2977 4775 3188 4818 sanctos
3229 4780 3352 4819 suos
3392 4766 3645 4822 virtutum

2096 4907 2198 4954 quo
2239 4888 2487 4944 Blidulfus
2531 4894 2814 4946 monachus
2857 4895 3094 4947 Ticinum
3129 4895 3318 4948 missus
3353 4916 3371 4947 ι
3419 4897 3639 4952 obvium

2099 4961 2282 5034 babnit
2317 4962 2649 5034 Ariuva‘ldum
2692 4978 2881 5034 regem
2900 4962 3386 5034 Langobardorum,
3407 4981 3444 5017 ἰ
3473 4969 3646 5034 inquit

2095 5029 2252 5102 Jonas
2275 5033 2324 5084 in
2491 5031 2544 5084 S.
2567 5032 2772 5102 Bertulli
2805 5029 2956 5102 infra.
2984 5039 3049 5083 At
3073 5032 3332 5087 Honorius
3355 5051 3487 5102 papa
3514 5029 3644 5093 Βοι-

2098 5100 2225 5151 tnlfo
2270 5101 2454 5152 Attale
2485 5101 2776 5167 successori
2807 5101 3132 5167 privilegium
3174 5100 3501 5160 concessisse
3530 5115 3641 5162 ter-

2097 5170 2313 5241 tioildus
2342 5169 2640 5241 Januarias,
2692 5166 2869 5241 indict.
2916 5168 2966 5241 ﬂ,
2998 5166 3108 5241 iseu
3156 5187 3294 5225 anno
3319 5172 3421 5226 628
3450 5175 3644 5241 legitr
3679 5213 3687 5219 .

2098 5241 2144 5288 in
2179 5240 2333 5289 Italiae
2363 5237 2538 5289 Sacri:
2585 5245 2714 5288 tom.
2751 5237 2834 5298 IV,
2878 5239 2962 5290 ubi
2991 5240 3054 5292 de
3099 5242 3262 5305 episc.
3287 5243 3438 5294 'Bob.
3477 5237 3540 5295 Εἰ
3580 5240 3638 5298 8.

2100 5307 2422 5360 Blittnundus
2452 5305 2622 5356 Attala
2668 5315 2874 5360 mortuo
2923 5308 2972 5359 in
3027 5310 3401 5362 monasterium
3433 5309 3642 5365 Leuco—

2098 5391 2292 5427 naense
2323 5389 2559 5450 reversus
2581 5372 2918 5450 “estnvivcnte
2946 5378 3116 5450 adliuc
3157 5379 3465 5450 Citlotliario
3496 5396 3642 5450 rege,

2098 5453 2151 5516 ut
2177 5447 2379 5516 extitre
2405 5443 2533 5494 Vitae
2577 5444 2629 5496 S.
2661 5441 2908 5516 Walarici
2943 5447 3208 5516 probatur.
3246 5449 3394 5500 Anno
3418 5441 3644 5516 proin-de

2098 5513 2382 5565 llblotltarii
2427 5523 2644 5563 mortem
2690 5514 3037 5579 praecedente,
3068 5513 3259 5569 Cltristi
3289 5513 3427 5581 6‘37,
3459 5519 3517 5571 Β.
3552 5520 3639 5572 Δι-

2100 5584 2199 5654 tala
2230 5593 2584 5654 mortuuscst,
2625 5591 2678 5635 et
2711 5583 2916 5654 quidem
2962 5597 3012 5634 vt
3067 5583 3184 5640 Idus
3235 5589 3466 5654 Martias,
3502 5596 3644 5645 testo

2101 5652 2353 5715 Usnardo,
2394 5653 2475 5717 qui
2518 5666 2634 5704 euut
2683 5651 3113 5716 Attalumvocat.
