3820 6340
117 348 232 406 ωδε

1381 352 1435 405 S.
1485 351 1823 408 BERTL'LFI
1869 356 2041 412 VITA.

3194 374 3219 427 ἱ
3230 373 3339 430 (⁸62

109 472 238 523 copia
263 457 488 509 adornat
516 457 667 508 sicut
701 459 946 523 scriptum
979 466 1094 510 est;
1132 459 1355 524 Spiritus
1380 462 1487 529 ejus
1514 478 1665 512 arna-
1696 480 1741 535 Α
1772 467 2100 531 anhelantes,
2141 468 2257 538 ejus
2287 471 2561 541 praeceptis
2594 488 2775 540 parere
2803 478 3035 544 student,
3069 489 3124 533 ut
3149 486 3214 535 de
3254 485 3335 537 ia-

107 551 165 602 ni!
184 548 323 601 caios
356 545 483 614 (Job
510 563 643 600 xxvi
671 588 685 609 ,
718 550 838 613 13);
866 552 981 615 quia
1012 551 1082 603 illi
1108 552 1171 602 ad
1212 553 1479 604 cmlestem
1511 556 1668 609 vitam

1782 560 1913 613 bore
1955 560 2153 615 fructus
2180 564 2430 629 recipiant
2457 568 2575 621 vita:
2607 577 2836 621 mterum.

114 690 2827 745 ——-———.———————____._______,__e__

1153 796 1423 879 VI'l‘A
1487 800 1577 879 ὃ.
1644 804 2234 890 BERTULFI

1028 976 1067 1030 A
1094 974 1415 1033 BBATIS
1478 976 1951 1039 BOBIENSIS
2018 986 2349 1048 TERTH.

1162 1112 1249 1171 (Ex
1284 1114 1483 1171 MabilL,
1512 1118 1628 1163 Acta
1654 1120 1836 1168 ordinis
1856 1124 1901 1170 S.
1931 1125 2221 1189 Benedicti.)

1324 1239 2054 1267 .__________

358 1309 602 1365 OBSER
619 1309 978 1364 VATIUNES
1014 1311 1183 1364 ιλιι-Ε
1204 1311 1374 1366 HAS.

159 1416 321 1471 Vitam
350 1419 524 1470 sancti
560 1418 779 1470 Ucrtnlii
818 1418 1085 1472 Bobiensis
1114 1420 1320 1474 abbatis
1357 1423 1516 1486 tertii,
1546 1423 1652 1477 Ve-

97 1489 295 1540 nerabili
344 1488 500 1540 Beda:
533 1488 673 1558 {also
722 1488 1023 1554 ascriptam,
1082 1504 1109 1541 a
1153 1488 1310 1543 Surio
1363 1494 1648 1558 expolitam

96 1559 351 1625 restituere
402 1556 752 1607 tentavimus.
784 1558 904 1608 Eam
946 1560 1275 1625 reperimus,
1308 1572 1358 1610 at
1388 1556 1644 1623 tu‘ntilam,

94 1624 139 1674 in
190 1625 408 1691 quodam
445 1628 753 1697 monasterii
806 1624 1462 1697 nostriCompendiensis
1514 1646 1641 1697 apo.

92 1698 298 1757 grapho,
333 1708 382 1744 tn
414 1706 521 1759 quo
566 1692 1149 1753 Jonzclueubrationes.
1198 1707 1417 1760 excepta
1469 1692 1637 1753 sancti

95 1762 300 1831 bustain
354 1762 563 1813 abbatis
612 1760 745 1821 Vita,
782 1765 879 1813 boc
908 1763 1063 1814 modo
1090 1763 1359 1830 dispositae
1408 1777 1553 1831 sunt,
1587 1779 1641 1819 ut

94 1829 196 1879 Vita
243 1833 410 1882 sancti
460 1831 773 1881 Columbani
828 1848 987 1882 unum
1048 1829 1273 1891 librum,
1324 1833 1432 1885 Vita
1472 1829 1638 1890 sancti

88 1900 279 1967 Attalg
313 1899 521 1950 abbatis
554 1902 801 1965 alterum,
829 1904 1063 1951 narratEo
1095 1901 1159 1953 de
1208 1903 1364 1954 rebus
1406 1906 1642 1957 mirdlcis

89 1968 133 2018 in
186 1970 599 2039 bargundoiara:
651 1972 983 2039 monasterio
1029 1970 1371 2023 Eboriaceusi
1425 1986 1641 2039 patratis

88 2036 288 2086 tertium
318 2039 605 2109 constituat
636 2038 1025 2109 distinctur_u_in
1058 2053 1181 2109 xvtlt
1209 2036 1435 2107 capitula
1461 2057 1476 2103 ;
1507 2058 1643 2109 quo-

86 2119 190 2155 rum
222 2108 435 2169 tertium
465 2107 728 2156 decimum
745 2106 913 2157 sancti
946 2105 1163 2158 Bertulli
1191 2105 1397 2161 abbatis
1418 2105 1640 2163 Bobien—

82 2176 147 2223 sis
175 2174 303 2224 Acta
321 2172 499 2237 qualia
549 2172 635 2242 bic
682 2172 1034 2239 subjiciuntur
1078 2179 1505 2242 comprehendit,
1539 2182 1640 2231 alia

81 2244 300 2306 quinque
330 2247 471 2309 (qua:
492 2241 707 2308 quidem
742 2244 793 2295 in
827 2257 925 2295 ms.
956 2243 1089 2299 Cod.
1127 2241 1301 2297 lacero
1344 2248 1641 2301 desiderata

82 2326 137 2361 ex
190 2309 344 2364 Surio
395 2314 795 2377 supplevimus,
858 2314 1208 2379 quorumdam
1260 2316 1641 2369 monachorum

82 2380 840 2451 Bobiensium‘prmclaralaeta
872 2394 1201 2451 mortemque
1216 2386 1480 2451 egregiam
1512 2402 1644 2451 pra--

77 2449 351 2519 stringunt.
403 2448 565 2503 Jonas
588 2464 775 2503 auctor
806 2450 964 2503 rebus
1011 2448 1144 2519 pene
1193 2448 1441 2508 omnibus
1494 2448 1643 2509 testis

77 2518 256 2573 adfuit.

458 2664 879 2737 INCIPIT
943 2666 1231 2739 VITA.

143 2771 371 2838 i.Quam
398 2775 654 2841 praeclara
684 2775 789 2826 siut
810 2774 1129 2829 monimenta
1147 2775 1428 2843 justorum,
1455 2776 1641 2830 docto-

76 2877 181 2913 rum
206 2864 335 2916 ordo
392 2878 486 2930 per
516 2873 814 2929 temporum
860 2866 1253 2921 vicissitudines
1297 2870 1497 2921 studuit
1551 2885 1644 2935 po-

1767 1327 1913 1379 nuli'o
1930 1337 1976 1391 τ’,
1998 1343 2115 1384 cum
2142 1334 2256 1398 ipso
2281 1338 2534 1408 tantisper
2551 1352 2783 1396 moratus
2804 1355 2905 1401 est.
2924 1348 3120 1404 Deinde
3143 1354 3205 1405 ad
3228 1372 3320 1410 ve-

1754 1506 1925 1570 jectns
1958 1522 2153 1566 sancta:
2185 1522 2379 1584 regula:
2399 1559 2415 1586 ,
2470 1522 2817 1594 religionique
2858 1542 3039 1597 gratus
3067 1536 3316 1592 omnibus

1679 1622 1721 1680 Β
1758 1596 1975 1648 mansit.

1818 1686 1871 1739 5.
1900 1687 2028 1740 Exin
2056 1689 2372 1749 adventante
2392 1696 2545 1751 beato
2571 1701 2817 1756 Attalacx
2848 1706 3312 1783 Ausonim|ltnlitﬂ

1746 1775 1999 1840 partibus,
2016 1793 2133 1831 cum
2155 1784 2420 1837 voluntate
2444 1798 2497 1841 et
2515 1790 2659 1854 pacis
2676 1796 2988 1849 venerabilis
3003 1775 3211 1853 vinculo
3236 1775 3317 1855 vir

1746 1861 2017 1919 Eustasius
2046 1870 2162 1935 ejus
2188 1875 2427 1931 societati
2462 1880 2775 1947 subjnuctns
2800 1895 2900 1951 est,
2925 1889 3043 1955 quia
3068 1900 3183 1943 erat
3208 1891 3315 1947 illis

1744 1966 1835 2005 eor
1865 1970 2022 2007 unum
2050 1971 2103 2009 et
2128 1961 2301 2013 anima
2327 1980 2449 2027 una,
2475 1981 2570 2020 nec
2591 1973 2875 2040 quidquam
2899 1978 3175 2034 discordiae
3198 1999 3314 2034 ma-

1747 2044 1926 2111 nebat,
1949 2048 2024 2100 sic
2048 2048 2247 2120 [supple
2270 2052 2347 2119 ut]
2371 2066 2549 2108 mutuo
2576 2073 2637 2113 ac
2666 2062 2897 2117 vicissim
2918 2068 3185 2132 subjectos
3212 2073 3314 2124 sibi

1754 2147 2157 2193 commutarent.
2189 2142 2326 2195 Abiit
2347 2159 2472 2213 ergo
2498 2156 2615 2213 post
2636 2152 2857 2217 vestigia
2888 2158 3197 2211 venerabilis
3218 2165 3310 2213 At-

1746 2224 1884 2289 talaa,
1930 2227 2281 2297 Anseuiaeque
2308 2233 2511 2290 sinibus
2534 2250 2798 2306 receptus,
2826 2243 2875 2295 in
2898 2243 3177 2301 Ebobiensi
3198 2264 3311 2304 etn-

1745 2315 1903 2365 nobio
1933 2316 2030 2369 sub
2058 2317 2355 2373 obedientia
2370 2322 2512 2377 beati
2534 2327 2714 2381 Attalo:
2732 2336 3035 2397 permansit.
3072 2335 3310 2406 Cumque

1748 2402 2006 2468 Reuertar
2044 2422 2218 2461 rerqu
2250 2410 2556 2479 smpeiatum
2588 2417 2795 2472 Patrem
2853 2424 3081 2478 Attalum
3110 2427 3173 2481 ad
3201 2402 3311 2484 cte-

1748 2494 1896 2547 lestia
1926 2511 2086 2564 regna
2118 2510 2233 2567 post
2262 2517 2525 2557 :nrumnas
2555 2507 2731 2559 εει-ευιί
2754 2512 2950 2574 evexit,
2975 2516 3147 2569 omnis
3175 2531 3307 2571 eon-

1745 2584 1828 2638 cio
1862 2590 2239 2643 monachorum
2275 2607 2401 2646 voce
2441 2596 2726 2663 animoque
2758 2588 2920 2653 ‘unito
2951 2617 2963 2651 :
2999 2602 3055 2655 In
3091 2614 3310 2670 paterno

1749 2676 1971 2739 honore,
2004 2677 2169 2741 aiunt,
2202 2682 2492 2737 Bertulfum
2528 2687 2897 2743 sublituamus.
2948 2690 3047 2755 Qui
3080 2707 3173 2761 per
3203 2707 3308 2749 tre-

1748 2762 1922 2815 decim
1954 2779 2122 2819 annos
2149 2770 2290 2822 omni
2327 2772 2615 2841 diligentia
2673 2777 2848 2831 studio
2879 2780 3081 2848 plebem
3111 2784 3307 2841 docere

1745 2865 1805 2904 ac
1830 2852 2065 2910 imbuere
2087 2857 2385 2939 salubribus
2423 2866 2639 2918 monitis
2664 2880 2767 2921 non
2803 2872 3003 2925 omisit.
3038 2874 3143 2927 Sed
3180 2879 3305 2944 quid

72 2952 283 3005 steritati
309 2951 604 3005 declarare.
627 2950 757 3016 Quae
787 2966 915 3021 ergo
954 2968 1092 3008 nunc
1121 2955 1318 3008 nostris
1350 2965 1639 3011 noscuntur
1668 2951 1710 3012 C
1748 2943 1801 2996 ίη
1858 2944 1939 2998 ωδ
1989 2953 2318 3019 te0'90"“le
2367 2958 2612 3025 863507".
2671 2964 2940 3015 memoria!
2991 2943 3304 3023 lradcndum

73 3049 265 3105 patrata
325 3044 677 3111 temporibus,
711 3057 1041 3112 nequaquam
1100 3046 1313 3099 silentio
1360 3049 1634 3116 negligen-

72 3136 151 3185 tire
199 3140 393 3189 somno
434 3147 677 3203 torpente
720 3147 846 3191 sunt
903 3140 1375 3207 praetermittenda,
1407 3151 1462 3195 ut
1501 3144 1640 3197 sicut

72 3224 218 3277 nobis
244 3226 665 3291 przcedentium
694 3229 938 3294 exempta
983 3231 1198 3284 uberius
1226 3232 1498 3299 religionis
1524 3243 1637 3287 stu-

70 3316 147 3365 dia
178 3325 461 3381 generant,
506 3317 576 3369 ita
628 3318 965 3385 postmodum
1010 3320 1302 3386 posteritati
1333 3333 1633 3377 nostrorum

76 3412 375 3471 temporum
399 3417 682 3475 augmenta
714 3408 916 3474 pariant
944 3425 959 3473 ;
986 3411 1215 3477 dumque
1239 3410 1356 3463 aliis
1385 3412 1633 3465 imitanda

70 3507 444 3563 propagamus,
488 3496 645 3549 nobis
690 3498 889 3565 saepius
919 3501 1263 3553 memoranda
1291 3492 1631 3569 opponimus.

71 3581 404 3638 Venerabilis
451 3587 651 3639 etenim
709 3587 972 3643 Bertuitus
1030 3589 1345 3647 Ebobiensis
1399 3594 1631 3649 coenobii

66 3672 270 3737 praesul,
301 3673 459 3739 cujus
486 3676 731 3741 superius
773 3674 1000 3733 fecimus
1052 3683 1371 3735 mentionem
1397 3681 1487 3751 (In
1515 3700 1635 3751 pro-

66 3764 180 3831 logo
215 3761 348 3817 Viue
382 3764 447 3819 S.
499 3764 818 3831 Columbam‘,
845 3779 893 3821 et
919 3772 971 3822 in
1018 3769 1137 3823 Vita
1165 3771 1227 3825 S.
1258 3771 1488 3841 Attalo),
1512 3774 1634 3841 quis

61 3859 394 3921 quantusque
424 3851 603 3919 fuerit,
644 3870 675 3907 a
704 3856 859 3910 nobis
892 3871 995 3909 non
1034 3868 1112 3911 est
1141 3858 1493 3913 omittendum
1524 3872 1633 3914 tra-

62 3938 187 3994 dere
210 3945 515 4008 memoriae,
541 3944 634 3999 sed
661 3945 804 4012 prius
829 3946 1000 4015 qualis
1028 3950 1361 4006 conversatio
1388 3950 1441 4004 in
1458 3965 1632 4005 saccu-

63 4028 113 4079 lo
138 4028 297 4084 fuerit
318 4034 723 4086 memorandum
752 4046 853 4088 eat.

125 4119 177 4170 2.
196 4117 320 4173 Fuit
355 4121 501 4175 enim
526 4136 722 4191 genere
745 4124 960 4190 nobilis,
977 4119 1113 4181 ‘licet
1131 4127 1367 4195 gentilis,
1399 4128 1628 4183 consan-

62 4211 275 4276 guineus
319 4211 533 4283 Amulli
562 4212 833 4268 Mettensis
858 4214 1003 4267 urbis
1034 4217 1317 4281 pouttlicis.
1379 4220 1479 4284 Qui
1510 4228 1628 4273 cum

62 4302 335 4369 praefatum
370 4304 677 4373 pontiﬁcem
712 4305 991 4357 Arnulfum
1019 4304 1085 4358 ad
1125 4307 1326 4359 cultum
1359 4310 1632 4378 religionis

61 4402 174 4457 post
227 4394 444 4446 aulicos
510 4396 761 4461 bonmes,
821 4396 1030 4460 inlutus,
1077 4410 1401 4466 pompasque
1448 4402 1631 4455 saeculi

58 4486 118 4537 ad
166 4478 449 4555 religionis
490 4488 664 4541 studia
695 4488 948 4542 anhelare
1003 4490 1294 4558 perspexit,
1358 4490 1505 4544 nisus
1549 4502 1633 4546 est

57 4586 106 4627 et
132 4577 244 4643 ipse
291 4576 558 4629 calcando
588 4588 807 4632 terrena“
844 4580 1081 4633 cmlestia
1125 4580 1449 4635 desiderare.
1484 4579 1631 4635 Post-

60 4665 225 4731 posuit
281 4676 518 4735 patrem,
565 4668 739 4720 natale
778 4668 984 4733 solum,
1015 4684 1237 4739 pompas
1284 4670 1430 4725 orbis
1477 4670 1628 4739 juxta

60 4756 328 4826 Evangelii
370 4772 597 4821 vocem;
630 4767 955 4825 pouremum
1002 4760 1292 4818 amissione
1321 4779 1500 4816 rerum
1534 4780 1629 4815 uu-

56 4849 151 4901 dus
172 4846 419 4903 tollendo
442 4862 657 4903 crucem
674 4849 739 4901 ad
761 4849 1111 4916 semetipsum
1134 4851 1450 4919 abnegando
1470 4868 1629 4926 secu-

59 4949 134 4989 tus
161 4949 245 4994 est
280 4937 583 4995 Christum.
625 4940 844 4996 iunctus
885 4942 1192 5009 supradicto
1246 4944 1484 5011 pontifici
1536 4948 1628 5000 Ar-

106 5120 131 5148 ·
143 5110 408 5166 Ληουίτας
425 5111 655 5182 nondum
671 5112 723 5167 in
736 5113 1070 5169 solitudinem
1088 5124 1378 5171 secesserat
1389 5128 1508 5167 cum
1525 5116 1623 5182 ipsi

52 5182 263 5253 junctus
289 5181 693 5253 estbertutius,
725 5185 817 5237 sed
852 5186 1022 5239 adhuc
1045 5188 1095 5239 in
1123 5188 1433 5253 episcopatu
1460 5181 1621 5251 dege-

54 5256 155 5322 bat.
184 5246 469 5322 Eustasius
516 5251 776 5322 siquidem
807 5254 872 5322 ad
911 5269 1067 5322 quem
1120 5246 1323 5320 postea-
1354 5246 1620 5308 Bertnlius

55 5318 490 5392 relictoArnulfe
498 5332 558 5372 se
574 5318 792 5392 recepit,
808 5318 1037 5392 decessit
1055 5318 1193 5377 anno
1209 5323 1335 5383 655,
1356 5340 1459 5392 quo
1482 5338 1621 5379 anno

50 5398 263 5460 san-astte
291 5388 551 5460 Amulius
573 5405 601 5460 At
628 5389 957 5443 Mettensium
990 5394 1209 5460 prmsul,
1245 5412 1261 5442 ι
1298 5388 1465 5459 inquit
1498 5393 1623 5446 Fro-

52 5457 282 5511 doardns
311 5461 367 5511 in
398 5457 494 5529 lib.
525 5473 539 5514 ι
568 5458 707 5529 Hist.
732 5461 943 5523 Itbem.,
976 5457 1178 5529 synodo
1211 5457 1495 5517 Rbeiueusi
1522 5466 1625 5519 sub

56 5529 308 5581 Sonnatto
331 5528 616 5582 cetebratz
645 5545 665 5579 ι
695 5528 960 5582 invenitur
986 5528 1308 5584 interfuisse.
1350 5549 1370 5581 ι

120 5595 146 5633 δ
366 5590 593 5649 Prae-rm
622 5596 943 5653 Cieronensis
971 5600 1109 5650 urbis
1150 5602 1457 5666 pontiﬁcem,
1487 5601 1617 5655 insi-

52 5669 130 5732 gni
163 5665 383 5734 menda,
405 5680 527 5719 cum
564 5666 902 5724 scribendum
929 5672 997 5724 sit
1027 5665 1370 5724 Demens-usis.
1400 5672 1493 5729 Est
1524 5688 1615 5725 au-

1744 3048 1844 3094 εει.
3036 3089 3057 3104 .

1812 3133 1862 3185 ι.
1890 3129 2019 3185 Cum
2049 3132 2155 3200 jam
2208 3134 2431 3202 egregiis
2458 3136 2690 3191 moribus
2718 3138 2955 3194 bonitate
2983 3152 3037 3197 et
3068 3142 3304 3213 disciplio

1742 3232 1840 3284 na,
1884 3221 2211 3288 scientiaque
2250 3224 2578 3291 moderante,
2632 3228 2837 3293 plebem
2871 3244 3094 3299 regeret,
3142 3240 3306 3305 coepit

1738 3310 1988 3378 antiquus
2035 3311 2220 3381 anguis
2268 3314 2498 3379 quTetcm
2528 3316 2865 3372 adversitatis
2920 3322 3023 3374 ictu
3060 3332 3299 3387 quatere.

1741 3399 2008 3452 Excitavit
2058 3400 2336 3468 quemdam
2394 3402 2601 3455 Prowm
2654 3405 2863 3461 nomine
2906 3409 3245 3469 Dertonensis
3271 3415 3297 3453 δ

1737 3488 1881 3542 urbis
1929 3490 2251 3557 pontiﬁcem,
2284 3490 2370 3559 qui
2427 3502 2482 3545 ut
2522 3494 2814 3562 subjectum
2871 3498 2969 3552 sibi
3022 3505 3295 3568 praefatum

1736 3576 1978 3632 abbatem
2006 3592 2125 3631 cum
2165 3580 2391 3634 C(Buobii
2419 3581 2787 3649 supplemento
2832 3584 3026 3640 iaceret
3052 3592 3193 3643 omni
3249 3593 3299 3646 vi

1735 3663 2053 3721 intendebat.
2087 3668 2379 3736 Aggressus
2424 3672 2647 3737 primum
2676 3673 2874 3728 aulicos
2899 3676 2979 3729 vel
3026 3678 3300 3743 pontitices

1733 3766 1815 3810 est
1837 3757 2033 3811 vicinos
2064 3760 2372 3814 muneribus
2421 3771 2645 3816 tentare.
2689 3764 2923 3831 Cumque
2949 3767 3048 3819 sibi
3086 3769 3300 3833 junctus
3333 3784 3336 3788 '

1734 3846 2010 3914 gauderet,
2037 3850 2145 3916 regi
2182 3863 2274 3915 per
2299 3864 2391 3904 eos
2418 3852 2641 3906 suadere
2666 3855 2814 3907 adiit.
2853 3856 3126 3925 Regnabat
3153 3862 3296 3915 enim

1732 3937 1917 3990 eodem
1951 3946 2185 4007 tempore
2232 3940 2560 3995 Ariowaldus
2608 3943 3003 4013 Longoliardus.
3034 3947 3135 4002 Sed
3176 3965 3296 4006 cum

1734 4027 1862 4080 nibil
1890 4028 2030 4081 aliud
2062 4044 2088 4079 a
2114 4044 2237 4097 rege
2266 4031 2315 4082 in
2340 4032 2610 4100 gespousis
2660 4036 2983 4104 recepissent
3009 4078 3023 4100 ,
3083 4038 3185 4093 nisi
3241 4048 3297 4093 ut

1730 4118 2092 4172 ecclesiastico
2115 4119 2233 4189 jure
2263 4121 2737 4188 probarentutrum
2760 4124 2997 4178 emnobia
3029 4128 3205 4191 procul
3227 4128 3297 4181 ab

1732 4211 1951 4265 urbibus
1979 4213 2046 4263 ita
2101 4214 2386 4280 episcopali
2412 4214 2641 4267 debeant
2670 4212 2973 4267 ministrare
3026 4214 3292 4282 dominio,

1659 4293 1707 4351 D
1735 4302 1822 4355 ille
1861 4316 2046 4355 omnes
2096 4315 2228 4370 quos
2280 4303 2446 4369 potuit
2486 4317 2583 4355 suo
2620 4302 2839 4357 intentui
2888 4302 3079 4373 jungit.

1803 4390 1855 4443 5.
1886 4392 2121 4460 Cumque
2162 4392 2273 4446 haec
2296 4402 2598 4460 agerentur,
2654 4409 2789 4449 unus
2825 4411 2889 4450 ex
2940 4397 3126 4453 aulicis
3156 4398 3292 4452 clam

1738 4481 1955 4552 prmfato
1977 4482 2207 4535 Bertull‘o
2234 4481 2372 4549 quod
2398 4482 2473 4539 rei
2521 4482 3036 4552 fomenta'gestirent
3073 4489 3291 4541 manda-

1730 4571 1823 4624 vit.
1854 4570 1949 4623 llle
1996 4572 2183 4624 missos
2204 4571 2507 4638 experiendi
2550 4586 2709 4625 causa
2731 4571 2797 4627 ad
2850 4588 3023 4641 regem
3067 4573 3290 4643 direxit,

1727 4662 1917 4730 quibus
1945 4660 2295 4715 Ariovualtlus
2319 4678 2330 4712 :
2363 4677 2382 4711 ι
2416 4661 2550 4723 Non,
2584 4661 2774 4731 inquit,
2803 4676 2974 4716 meum
3003 4671 3087 4719 est
3114 4679 3292 4723 sacer-

1729 4751 1909 4805 dotum
1932 4766 2118 4805 causas
2145 4751 2464 4814 discernere,
2497 4764 2628 4819 quas
2673 4751 2940 4822 synodaiis
2963 4756 3288 4812 examinatio

1729 4842 1791 4895 ad
1825 4852 2009 4907 purum
2037 4842 2195 4895 debet
2221 4840 2504 4894 adducere.
2557 4859 2575 4893 ι
2610 4841 2956 4897 Sciscitantur
2985 4844 3057 4899 illi
3104 4847 3147 4899 si
3170 4847 3287 4899 illo-

1727 4946 1842 4986 rum
1861 4934 1934 4986 sit
1957 4931 2128 4985 iautor
2154 4926 2383 4984 consilii.
2415 4927 2750 5000 Nequaqqu
2774 4932 2847 4985 ait
2865 4946 2925 4989 se
2978 4934 3056 4989 eis
3080 4933 3279 4998 favere,

1726 5129 1829 5172 tem
1862 5118 2107 5182 Dertona,
2151 5132 2246 5172 seu
2278 5117 2505 5173 Tortona
2540 5159 2555 5183 ,
2610 5116 2732 5169 urbs
2760 5116 2984 5186 Liguria:
3008 5114 3282 5185 episcopa-

1723 5189 1787 5243 lis
1814 5190 1912 5241 θυι)
1949 5190 2222 5249 ntetrOpoii
2249 5187 2645 5249 Mediolanensi,
2675 5191 2841 5240 media
2872 5189 3009 5239 inter
3039 5188 3275 5241 Genuam

1725 5269 1777 5333 et
1803 5256 2145 5333 Placentiam.
2178 5258 2353 5333 (index
2382 5258 2815 5333 Compendiensis
2836 5257 3089 5333 distincte
3120 5255 3275 5333 habet

1726 5327 1931 5379 Prowm
1956 5328 2155 5401 nomine
2181 5323 2669 5401 Dertonensis‘tti'bis
2709 5326 3024 5393 pontiﬁcem,
3052 5339 3152 5401 r_|_ec
3174 5324 3279 5401 ali-

1726 5403 1803 5448 ter
1854 5396 2146 5473 praetulisse
2176 5396 2386 5473 videtur
2411 5396 2609 5473 Codex.
2638 5409 2745 5462 quo
2775 5410 2903 5447 usus
2942 5405 3025 5473 est
3065 5393 3272 5473 surius,

1723 5465 1961 5531 quamvis
1987 5467 2336 5540 incertumsit
2361 5476 2488 5517 nune
2512 5463 2758 5540 [vitiatum
2791 5479 2895 5540 non
2944 5463 3273 5540 sitiam-scopi

1725 5529 1935 5602 nomen,
1959 5536 2048 5602 qui
2080 5536 2129 5599 i_u
2155 5536 2316 5590 Italia:
2337 5548 2500 5588 sacra:
2531 5542 2672 5588 torno
2697 5533 2758 5589 iV
2794 5533 2961 5587 Penus
2983 5529 3094 5585 sive
3116 5529 3276 5586 Pinus

1724 5613 1777 5658 et
1806 5601 2058 5661 Proculus
2078 5605 2283 5661 dicitur.
