3820 6378
483 471 623 529 1033

1579 469 1771 526 ιοιυε
1810 468 2104 526 ΑΒΒᾹΤΙΞ
2144 467 2569 526 ELNONENSIS

3595 474 3699 529 ιοει

479 588 570 657 qui
599 587 879 641 adversum
926 585 1016 640 Dei
1050 552 1302 640 famulum
1331 583 1607 640 molestias
1653 585 1851 640 vellent
1887 599 2043 655 gene-
2079 585 2128 644 Α
2160 582 2365 658 Petrus.
2388 582 2501 638 Mea
2526 582 2684 638 hodie
2711 583 2853 637 clara
2882 584 2934 637 in
2961 592 3072 638 toto
3094 585 3231 639 orbe
3253 584 3577 642 celebrantur
3595 590 3700 645 sole.

481 691 620 730 rare.
651 676 889 740 Cumque
931 674 1001 726 illi
1032 673 1272 742 quamvis
1299 688 1328 727 a
1362 673 1595 728 barbaro
1623 683 1679 728 et
1724 673 1933 728 Arianre
1964 688 2050 727 se-

483 778 584 821 cta:
611 767 826 826 credulo
859 767 980 819 talia
1013 767 1108 819 fari
1147 775 1447 831 cernerent,
1487 777 1711 836 poscunt
1753 778 1810 820 ut
1840 767 2051 834 supple-

481 867 662 910 mento
698 856 906 924 publica
934 856 1161 924 qualiter
1187 855 1374 910 Romae
1407 859 1474 910 ad
1499 855 1685 911 sedem
1710 858 2052 926 apostolicam

482 947 662 1001 venire
683 957 883 1018 queant
905 947 1210 1000 fulciantur.

549 1035 602 1088 6.
633 1036 844 1105 Largito
876 1050 1004 1106 ergo
1032 1035 1314 1101 beneflcio,
1334 1035 1485 1104 regio
1517 1035 1658 1088 cultu
1707 1036 1927 1090 Romam
1958 1052 2046 1089 us-

476 1139 580 1191 que
608 1125 945 1193 supradictus
988 1124 1151 1188 abba,
1203 1127 1255 1180 in
1285 1126 1439 1194 cujus
1478 1125 1737 1195 obsequio
1776 1142 1878 1197 ego
1923 1128 2052 1181 infui

478 1216 562 1286 [[.,
598 1215 853 1286 interfui],
882 1217 946 1270 ad
975 1216 1264 1271 Honorium
1303 1232 1493 1288 papam
1522 1220 1774 1274 accessit.
1799 1221 1897 1286 Qui
1927 1236 2049 1274 cum

479 1308 553 1360 rei
594 1321 806 1360 causam
833 1306 1190 1374 patefecisset,
1217 1309 1309 1362 ille
1329 1308 1395 1363 de
1434 1309 1687 1364 industria
1715 1310 1904 1378 quaerit
1932 1325 2052 1378 qua:

475 1400 546 1450 sit
590 1391 984 1452 conSuetudinis
1024 1397 1403 1470 [consuetudo]
1433 1400 1688 1467 regularis
1734 1400 2048 1466 disciplinze.

474 1486 711 1556 Cumque
769 1497 956 1542 cuncta
1022 1489 1184 1542 alacri
1236 1487 1414 1542 animo
1470 1487 1524 1542 in
1581 1503 1737 1542 aures
1810 1489 2050 1558 praisulis

474 1578 803 1647 iligessisset,
860 1578 1057 1647 placuit
1113 1577 1347 1631 Honorio
1398 1577 1658 1647 regularis
1705 1580 1908 1640 series,
1963 1593 2049 1630 re-

474 1669 682 1739 ligionis
706 1670 878 1724 cultus
902 1684 962 1725 ac
990 1669 1299 1723 humilitatis
1323 1670 1533 1723 indicia.
1563 1671 1753 1724 Tenuit
1776 1686 1904 1742 ergo
1927 1687 2048 1724 eum

474 1761 749 1828 tantisper,
779 1767 833 1814 et
859 1758 1170 1826 quotidiano
1195 1757 1444 1812 atfamine
1476 1759 1765 1813 Bertulfum
1795 1760 2050 1814 roborare

471 1853 653 1916 nisus,
695 1861 752 1905 ut
792 1852 954 1919 ccepti
1003 1852 1210 1906 itineris
1260 1852 1496 1906 laborem
1539 1867 1644 1905 non
1697 1853 2042 1921 relinqueret,

469 2047 575 2085 non
604 2032 881 2086 abnueret.
933 2031 1060 2084 Erat
1081 2031 1222 2083 enim
1255 2032 1582 2085 venerabilis
1631 2033 1827 2101 praesul
1875 2031 2052 2087 Hono-

469 2123 580 2174 rius
615 2136 771 2190 sagax
811 2120 1012 2184 animo,
1046 2118 1229 2187 vigens
1254 2119 1496 2184 consilio,
1532 2119 1775 2175 doctrina
1803 2121 2046 2188 clarens,

467 2213 755 2267 dulcedine
776 2221 831 2268 et
857 2211 1156 2265 humilitate
1182 2212 1404 2280 pollens.
1436 2211 1781 2266 Laetabatura
1804 2215 2050 2283 gentibus

467 2305 670 2358 socium
694 2304 975 2371 reperisse,
1003 2316 1122 2357 cum
1153 2317 1260 2372 quo
1283 2301 1456 2357 dulcia
1476 2313 1744 2372 promeret
1767 2303 2043 2374 all'amina,

467 2413 565 2451 nec
597 2411 816 2465 prorsus
835 2396 1204 2451 delectabatur
1231 2405 1287 2448 ut
1309 2397 1413 2448 cito
1435 2396 1503 2450 ab
1528 2396 1645 2464 ejus
1665 2395 1937 2451 consortio
1961 2411 2044 2452 se-
2079 2456 2081 2459 ,

466 2497 793 2558 gregarelttr.

538 2579 591 2630 7.
642 2577 746 2632 Sed
795 2593 915 2631 cum
967 2577 1257 2633 vehemens
1302 2589 1463 2632 aestus
1515 2577 1786 2647 quaerendi
1830 2580 2044 2648 longum

471 2668 779 2735 proiiiberet
802 2669 1052 2738 spatium,
1089 2669 1318 2737 praebuit
1367 2678 1606 2737 Optatum
1634 2683 1854 2736 munus,
1885 2671 2047 2740 privi-

470 2761 602 2828 legia
630 2767 653 2794 ⁸
683 2759 830 2813 scd.s
862 2760 1167 2827 apostolica.-
1211 2758 1428 2825 largitus
1450 2768 1554 2825 est,
1582 2759 1844 2828 quatenus
1875 2761 2046 2816 nullus

373 2909 393 2921 '
466 2851 841 2919 episcoporum
878 2849 929 2900 in
965 2845 1187 2917 praefato
1216 2849 1458 2903 cmnobio
1480 2850 1714 2919 quolibet
1737 2852 1861 2922 jure
1876 2854 2046 2908 domi-

469 2940 587 2995 nari
645 2947 950 2992 conuretur.
1009 2938 1322 3007 Perceptum
1364 2954 1492 3009 ergo
1555 2949 1793 3010 optatum
1852 2959 2042 2997 munus

469 3029 599 3100 [Pro
655 3039 908 3098 percepto
937 3027 1220 3100 munere],
1272 3029 1339 3084 ad
1378 3030 1600 3100 patriam
1648 3047 1888 3088 remeare
1942 3033 2044 3089 nisi

466 3136 667 3176 Sumus.

539 3217 593 3268 8.
634 3214 873 3282 Cumque
915 3222 1127 3280 perasto
1175 3211 1378 3267 itineris
1421 3215 1594 3281 spatio
1629 3214 1870 3268 Tuscana
1917 3229 2040 3268 arva

468 3308 766 3376 postposita
838 3302 1116 3376 [Tuscanis
1163 3306 1304 3356 arvis
1360 3303 1706 3376 postpositis],
1770 3307 2044 3374 Apennina

465 3400 737 3467 attigimus
767 3410 912 3461 rura,
934 3404 987 3450 et
1012 3411 1174 3465 prope
1202 3405 1434 3451 castrum
1463 3396 1549 3452 cui
1592 3397 1920 3453 Bismautum
1951 3413 2046 3452 no-

467 3502 588 3542 men
615 3497 697 3541 est
746 3487 1099 3551 venissemus,
1153 3496 1294 3542 tanta
1341 3487 1421 3543 vis
1468 3489 1694 3544 febrium
1751 3488 2043 3544 Bertulfum

465 3580 748 3647 oppressit,
806 3587 862 3631 ut
889 3578 1111 3632 omnino
1159 3588 1332 3633 morte
1385 3579 1666 3649 praeveniri
1715 3579 2042 3635 crederetur.

468 3672 638 3742 niger
670 3673 809 3725 enim
843 3673 908 3725 ab
937 3672 1068 3726 urbe
1114 3686 1424 3740 progressus
1463 3671 1656 3728 fuerat.
1697 3673 2045 3742 Oppresserat

465 3776 658 3816 ouiucs
687 3759 939 3814 trirestitia
993 3769 1099 3813 tam
1133 3760 1355 3828 longaavi
1403 3761 1630 3827 itineris,
1682 3777 1839 3830 quam
1895 3763 2046 3816 labor

467 3853 597 3919 aegri
622 3850 793 3904 Patris
821 3866 833 3902 :
867 3865 962 3904 nec
996 3864 1215 3917 prorsus
1235 3851 1302 3904 de
1324 3839 1560 3918 ejusdem
1599 3855 1851 3920 sospitate
1895 3865 2042 3919 spi-m

468 3945 744 4006 habentes,
781 3950 934 3995 tenso
956 3941 1206 4006 tentorio,
1233 3955 1421 4009 aspero
1446 3939 1496 3994 in
1527 3939 1676 4003 loco,
1712 3955 1810 3995 nec
1830 3940 2045 3994 omnino

465 4035 535 4090 de
581 4032 839 4101 sospitate
890 4041 1105 4100 paterna
1167 4031 1394 4086 ﬁdentes
1437 4030 1618 4084 metati
1667 4046 1868 4085 sumus.
1917 4030 2045 4085 Erat

464 4127 606 4181 enim
635 4123 806 4192 vigilia
839 4124 1100 4191 passionis
1142 4121 1415 4176 beatorum
1449 4122 1588 4177 Petri
1619 4130 1675 4176 et
1714 4122 1862 4176 Pauli
1917 4136 2046 4189 apo-

465 4217 754 4273 stolorum.
779 4214 1018 4283 Cumque
1044 4213 1152 4282 jam
1201 4223 1314 4267 atra
1342 4229 1447 4267 nos
1475 4215 1725 4277 irrueret,
1769 4213 1860 4268 ille
1906 4212 2045 4267 inter

471 4308 622 4378 ignes
651 4305 878 4360 febrium
905 4320 990 4359 me
1019 4304 1317 4369 accersivit,
1343 4318 1404 4358 ac
1430 4304 1572 4358 curis
1599 4318 1751 4357 mens
1772 4302 1947 4359 dedita
1977 4304 2063 4357 de

468 4411 724 4455 nocturna
767 4399 938 4469 vigilia
969 4396 1268 4451 suscitavit.
1305 4393 1545 4464 Cumque
1575 4409 1671 4464 ego
1693 4394 2040 4450 excubassem

464 4507 744 4561 quousque
777 4493 1093 4558 intempesta
1125 4504 1228 4542 nox
1274 4497 1483 4554 rueret,
1519 4498 1695 4542 tantus
1747 4503 1832 4542 me
1881 4503 2042 4557 sopor

463 4690 756 4744 omnesque
786 4674 874 4744 qui
909 4688 1035 4743 erga
1062 4675 1346 4727 tentorium
1379 4675 1618 4727 sarcinas
1645 4672 1728 4728 vel
1765 4687 1930 4741 equos
1950 4688 2039 4727 ex-

463 4768 757 4833 cubabant,
779 4767 937 4820 simili
969 4775 1094 4821 sunt
1116 4779 1310 4833 sopore
1331 4764 1590 4832 depressi.

540 4858 594 4912 9.
621 4859 863 4928 Cumque
891 4873 1018 4928 ergo
1047 4867 1235 4912 cuncta
1271 4855 1483 4910 silentia
1513 4854 1831 4923 operissent,
1862 4854 2042 4910 beatus

465 4954 833 5021 apostolorum
855 4953 1100 5019 princeps
1128 4951 1311 5002 Petrus
1329 4947 1540 5001 advenit
1557 4960 1617 4999 ac
1638 4961 1796 5014 super
1818 4955 2041 4998 stratum

465 5044 589 5111 aegri
612 5041 781 5095 Patris
804 5041 970 5093 astitit
996 5056 1011 5093 :
1039 5040 1231 5106 Surge,
1257 5038 1445 5107 inquit,
1472 5045 1527 5092 et
1544 5050 1728 5104 sospes
1744 5044 1861 5088 tuos
1876 5035 1938 5088 ad
1959 5050 2045 5089 so-

467 5137 611 5189 dales
629 5148 809 5203 perge.
825 5131 1064 5202 Cumque
1087 5133 1171 5186 ille
1197 5132 1619 5201 inquireretquis
1632 5141 1794 5197 esset,
1819 5131 1909 5186 ille
1926 5131 1998 5184 ait
2029 5148 2042 5184 :

539 5281 561 5305 ιι
589 5271 640 5324 In
666 5283 811 5325 torno
863 5271 925 5324 IV
960 5270 1122 5322 Italiae
1174 5286 1362 5329 sacrrc,
1393 5272 1480 5325 ubi
1533 5271 1601 5324 de
1631 5271 1910 5325 abbatibus
1944 5270 2044 5324 Bo-

470 5345 662 5404 biens.,
709 5346 759 5395 in
807 5341 1058 5403 Bertull‘o,
1120 5351 1293 5395 Chlztt
1339 5341 1556 5393 Honorii
1597 5342 1927 5411 privilegium
1979 5343 2045 5394 de

471 5416 801 5468 immunitate
823 5411 1049 5466 C(Bllllbll
1077 5411 1368 5475 Bobiensis,
1402 5411 1583 5464 datum
1616 5427 1667 5463 III
1701 5412 1822 5466 ldus
1849 5412 2046 5464 Janua-

472 5487 557 5546 rii,
604 5484 805 5549 imperii
843 5483 1064 5535 lleraclii
1102 5484 1318 5551 Augusti
1353 5497 1493 5535 anno
1532 5482 1584 5547 8,
1614 5483 1794 5535 indirt.
1834 5485 1887 5549 l,
1926 5496 2046 5549 qua:

470 5565 611 5609 nota:
633 5569 774 5607 anno
804 5551 1000 5605 Christi
1029 5553 1133 5605 628
1187 5556 1529 5607 conveniunt.

542 5627 567 5663 δ
607 5628 809 5678 Ca-tera
840 5627 1005 5676 sancti
1047 5623 1261 5677 Bertulli
1293 5636 1435 5694 gesta
1469 5623 1681 5676 silentio
1713 5623 1905 5690 pressit
1957 5622 2045 5676 Jo-

471 5710 582 5760 nas,
620 5712 713 5750 nec
743 5711 802 5749 ea
835 5694 1046 5762 quidem
1077 5709 1261 5760 pauca,
1307 5693 1568 5762 siquidem
1601 5709 1661 5745 ea
1713 5710 1830 5759 qua:
1881 5696 1929 5746 in
1963 5693 2045 5745 iti-

470 5782 599 5820 nere
640 5769 876 5821 liomano
906 5764 1039 5817 facta
1073 5767 1325 5816 hactenus
1354 5763 1633 5830 descripsit
1676 5806 1687 5827 ,
1725 5763 1876 5816 initio
1910 5780 2043 5831 prai-

475 5838 657 5892 laturu:
713 5838 879 5889 sam-ti
913 5837 1122 5888 llortulti
1177 5836 1463 5902 contigisse
1506 5851 1567 5889 ex
1618 5836 1779 5886 citato
1827 5834 2044 5888 llonorii

474 5910 746 5977 [)erIli'glO
771 5909 1048 5976 colligitur.
1081 5906 1142 5960 Et
1175 5915 1351 5962 tamen
1377 5905 1536 5961 Jonas
1568 5916 1686 5976 post
1721 5906 1884 5975 ipsius
1916 5907 2044 5962 lier-

2162 672 2321 727 mnia.
2336 674 2576 743 Cumque
2593 675 2702 729 haec
2718 674 2962 740 dixisset,
2979 675 3133 730 abiit.
3154 677 3247 730 Ille
3266 676 3454 731 timore
3467 681 3696 745 permissi

2157 765 2317 819 anxio
2330 775 2382 820 et
2397 765 2602 835 trepido
2617 765 2783 821 corde
2808 781 2892 822 me
2906 767 3168 822 sciscitari
3183 776 3337 821 curat
3351 769 3473 837 quid
3490 751 3557 824 rei
3573 786 3698 824 causa

2159 855 2380 912 inesset.
2426 856 2647 911 Putabat
2677 859 2819 912 enim
2847 868 2903 912 et
2931 841 3146 914 audisse
3176 874 3362 915 vocem
3390 868 3445 913 et
3471 871 3698 928 aspectus

2158 945 2374 1001 vidisse.
2396 947 2635 1017 Cumque
2662 963 2759 1018 ego
2788 950 2987 1004 aierem
3025 966 3110 1005 me
3141 950 3272 1004 nihil
3305 951 3500 1005 vidisse
3531 952 3602 1006 vel
3623 969 3698 1006 as-

2156 1037 2341 1091 disse:
2376 1038 2488 1091 Non
2527 1038 2720 1101 cernis,
2754 1038 2945 1106 inquit,
2997 1040 3193 1093 fulvam
3222 1045 3392 1094 lucem
3422 1056 3523 1110 quo
3548 1043 3700 1096 Petrus
3793 1091 3795 1108 ε

2156 1129 2423 1195 apostolus
2444 1129 2660 1197 pergit?
2694 1129 2931 1197 Cumque
2957 1132 3158 1184 scirem
3185 1146 3270 1186 me
3292 1146 3612 1200 nequaquam
3637 1137 3700 1182 vi.
3791 1121 3795 1186 ἶ

2155 1216 2304 1283 dere,
2329 1219 2486 1272 silere
2513 1221 2693 1288 capit.
2722 1220 2957 1288 Cumque
2979 1236 3078 1290 ego
3113 1225 3486 1290 cognovissem
3513 1222 3622 1290 quid
3645 1240 3699 1277 rei

2155 1322 2330 1360 causa:
2369 1310 2606 1377 gestiret,
2633 1312 2717 1363 vix
2750 1311 2958 1364 tandem
2991 1312 3240 1380 precibus
3283 1313 3524 1366 obtinere
3548 1313 3699 1374 merui,

2156 1405 2212 1448 ut
2241 1395 2367 1449 mihi
2421 1399 2496 1451 rei
2555 1401 2806 1465 panderet
2865 1401 3187 1456 veritatem:
3221 1403 3364 1469 quod
3392 1403 3481 1456 ille
3523 1403 3703 1456 omnino

2153 1486 2430 1552 siluisset,
2482 1488 2525 1542 si
2581 1505 2666 1545 me
2721 1500 2776 1545 et
2825 1491 3146 1547 attdisse'et
3213 1493 3412 1546 vidisse
3474 1506 3572 1545 non
3626 1509 3702 1561 pu-

2156 1583 2340 1628 lassst.

2226 1665 2310 1720 f0.
2341 1665 2471 1720 Cum
2503 1668 2727 1736 quodam
2758 1668 2808 1721 in
2835 1679 3071 1736 tempore
3103 1669 3321 1736 expleto
3353 1669 3604 1737 psallendi
3637 1670 3704 1722 af-

2156 1755 2276 1810 ﬁcio
2302 1772 2401 1811 una
2431 1773 2550 1810 cum
2585 1757 2833 1812 fratribus
2855 1760 3088 1812 secunda
3123 1759 3227 1812 diei
3259 1761 3391 1812 hora
3423 1759 3492 1814 de
3513 1761 3704 1813 ecclesia

2158 1847 2299 1900 beati
2333 1845 2473 1900 Petri
2520 1847 2884 1918 egrederetur,
2915 1850 3128 1901 obvium
3161 1847 3344 1902 habuit
3389 1852 3639 1903 hominem
3667 1852 3704 1903 in
3793 1857 3795 1918 ξ

469 1952 522 1994 ct
552 1943 764 1996 Arianae
790 1944 952 2011 pestis
983 1942 1255 2008 perfidiam
1290 1940 1567 2009 Evangelii
1609 1956 1865 1996 mucrone
1886 1940 2048 1996 ferire
2080 1931 2126 1991 Β
2157 1938 2234 1990 via
2285 1936 2542 1990 Turinum
2590 1935 2773 2002 lSur.,
2834 1939 3128 2008 viatorem]
3185 1941 3425 2005 nomine,
3484 1941 3706 1994 drmonis

2123 2056 2126 2057 ν
2152 2027 2299 2099 rabie
2326 2028 2559 2096 plenum.
2586 2028 2753 2096 Quem
2782 2028 2990 2083 intuens
3020 2031 3185 2084 ωειος
3237 2031 3500 2096 inspexit,
3546 2032 3708 2085 Condi-

2152 2129 2426 2188 toremque
2476 2120 2780 2190 postulavit,
2823 2131 2879 2174 ut
2932 2135 3044 2173 suae
3098 2121 3212 2175 voci
3260 2122 3448 2176 favens
3503 2121 3701 2182 adesset,

2149 2211 2488 2279 sauciumque
2516 2212 2777 2265 daemonis
2801 2219 2948 2280 peste
2972 2210 3084 2265 suis
3127 2211 3462 2266 consulendo
3501 2212 3708 2279 precibus
3791 2203 3795 2280 ί

2149 2311 2380 2358 curaret.
2416 2302 2620 2358 Deinde
2651 2303 2932 2372 imperavit
2961 2313 3017 2357 ut
3049 2305 3127 2357 vis
3161 2305 3340 2357 rabida
3373 2304 3624 2357 daemonis
3655 2303 3707 2355 Ill

2150 2394 2362 2448 homine
2390 2395 2579 2460 exiret,
2625 2407 2724 2448 nec
2755 2409 2970 2461 prorsus
3020 2407 3370 2462 praesumeret
3408 2395 3499 2447 Dei
3554 2395 3710 2462 ωει-

2151 2499 2271 2538 nem
2305 2485 2596 2539 maculare.
2629 2482 2941 2547 Mirabjliter
2971 2484 3324 2551 discerpendo
3349 2483 3529 2552 iniqua
3577 2491 3708 2552 pestis

2150 2574 2277 2643 fugit
2305 2575 2370 2628 ab
2397 2574 2632 2639 homine,
2691 2575 3036 2642 protinusque
3082 2576 3228 2628 salus
3275 2585 3468 2629 secuta
3497 2588 3597 2638 est,
3641 2589 3710 2628 so-

2147 2681 2372 2735 spesque
2401 2667 2468 2720 ab
2497 2666 2721 2720 ecclesia
2762 2681 2864 2720 una
2893 2680 3015 2720 cum
3069 2666 3324 2721 fratribus
3354 2672 3603 2736 egressus
3644 2681 3708 2719 at-

2147 2774 2248 2827 que
2277 2757 2552 2812 incolumis
2575 2773 2915 2825 permanens,
2940 2759 3138 2828 gratias
3166 2759 3414 2814 Creatori
3474 2760 3710 2826 rependit,

2148 2851 2236 2918 qui
2251 2852 2330 2905 sic
2354 2849 2548 2904 ramulo
2565 2866 2664 2904 suo
2680 2852 2788 2904 cito
2805 2852 3031 2905 favendo
3046 2851 3266 2921 ejusque
3287 2854 3620 2908 orationibus
3638 2854 3712 2906 ob-

2151 2941 2498 3009 temperando
2522 2955 2619 2995 suo
2639 2941 3173 2996 cruciatuisubvenit.
3203 2943 3408 2999 Deinde
3427 2947 3712 3011 interposito

2148 3039 2448 3099 temporum
2477 3032 2697 3098 circulo,
2749 3033 2884 3086 alius
2908 3047 3045 3085 saeva
3078 3034 3336 3087 daemonis
3367 3047 3522 3102 peste
3571 3035 3712 3087 infaa-
3773 3075 3778 3078 .

2148 3123 2291 3176 tulus
2339 3136 2625 3190 oppressus
2654 3124 2869 3175 nomine
2909 3123 3233 3186 Dominicus,
3267 3125 3411 3178 filius
3464 3125 3710 3194 cujusdam
3783 3183 3786 3188 I

2151 3215 2365 3266 nomine
2386 3213 2604 3276 Urbani,
2637 3212 2849 3264 adeum
2897 3214 3114 3266 curandi
3165 3216 3330 3284 gratia
3408 3217 3709 3284 preparavit.

2149 3305 2317 3370 Quem
2347 3304 2435 3357 diu
2484 3304 2758 3371 increpans
2796 3305 3020 3367 curavit,
3068 3315 3120 3358 et
3160 3320 3356 3360 savam
3418 3319 3616 3375 pestem
3663 3307 3713 3358 ab

2151 3395 2368 3449 homine
2424 3389 2571 3449 exire
2618 3393 2760 3448 fecit.
2807 3393 3007 3448 Deinde
3060 3394 3164 3448 alia
3219 3397 3396 3451 virtus
3457 3399 3714 3451 solum:

2145 3497 2245 3543 CGL

2218 3582 2306 3636 ll.
2337 3578 2558 3646 Quidam
2617 3578 2860 3648 leprosos
2899 3576 3069 3631 valida
3117 3577 3263 3647 lepra
3316 3579 3604 3647 perfusus,
3635 3591 3712 3632 sec

2147 3686 2364 3741 prorsus
2415 3671 2726 3738 sospitatem
2771 3670 3124 3738 recipiendam
3166 3684 3195 3722 a
3227 3671 3460 3725 medicis
3490 3671 3707 3725 fiducia
3783 3675 3786 3741 λ

2144 3776 2359 3831 gerens,
2391 3761 2455 3814 ad
2493 3761 2848 3815 venerabilem
2882 3763 3048 3816 virum
3080 3762 3376 3817 Bertolfum
3411 3765 3580 3826 venit,
3600 3765 3716 3816 suis-

2145 3870 2248 3923 que
2289 3852 2623 3908 orationibus
2681 3863 2740 3907 ut
2796 3868 2950 3921 opem
3003 3855 3392 3909 misericordia
3447 3863 3713 3911 intereram!

2146 3948 2452 4016 postulavit.
2485 3947 2652 4012 Quem
2704 3961 2822 4000 cum
2853 3947 2931 4000 vir
2957 3947 3146 4002 fiducia
3179 3949 3371 4016 plenus
3423 3949 3714 4016 aspexisset.

2152 4040 2480 4108 gravissima:
2527 4038 2710 4092 ultioni
2766 4038 3032 4092 hominem
3083 4039 3370 4104 subiacere
3429 4037 3714 4105 suspiravit,

2150 4133 2474 4208 imperatque
2505 4138 2558 4181 ut
2585 4143 2768 4182 secum
2798 4128 3144 4195 quoadusque
3198 4142 3392 4196 sospes
3426 4128 3716 4183 redderetur

2147 4229 2403 4274 maneret.
2459 4218 2612 4272 Dedit
2654 4231 2872 4285 operam
2908 4226 2964 4271 ut
2992 4231 3145 4271 mens
3207 4219 3474 4272 virtutum
3527 4233 3714 4274 causa:

2145 4311 2312 4365 crelos
2339 4322 2622 4377 penetrans
2664 4309 2727 4362 ad
2760 4323 2884 4362 suas
2935 4323 3120 4376 preces
3171 4324 3350 4364 rerum
3396 4310 3716 4364 Conditum:

2145 4401 2426 4455 excitaret.
2459 4400 2784 4467 l’eractoque
2812 4399 3042 4453 biduano
3079 4399 3310 4468 jejunio,
3353 4402 3544 4454 oleum
3581 4413 3714 4470 supra

2145 4495 2377 4549 membra
2404 4492 2670 4548 ulceribus
2722 4492 2872 4561 plena
2938 4493 3169 4546 etludit:
3217 4508 3462 4563 moxque
3511 4493 3715 4548 didicen
3775 4499 3778 4563 ς

465 4585 749 4652 oppressit,
804 4593 863 4635 ut
903 4598 1112 4636 sursum
1157 4592 1312 4649 caput
1344 4583 1591 4635 attollere
1638 4597 1742 4634 non
1782 4581 2036 4648 valerem,
2075 4617 2124 4676 Β
2151 4591 2385 4645 membra
2419 4603 2532 4659 post
2561 4590 2822 4643 viscerum
2857 4588 3191 4657 putredinetn
3219 4591 3520 4644 Sanitatem
3541 4589 3716 4652 κάμε.

2149 4699 2226 4747 re,
2261 4693 2314 4736 et
2353 4682 2417 4734 ad
2451 4683 2732 4750 pristinum
2763 4680 3010 4734 decorem
3066 4682 3245 4733 denuo
3301 4683 3515 4736 reverti
3543 4688 3636 4746 :91
3657 4678 3713 4734 tu

2147 4789 2307 4828 sonus
2336 4788 2477 4842 a‘ger
2527 4769 2746 4826 eﬁ'ectus
2768 4781 2871 4835 est,
2920 4781 2974 4822 ut
3004 4786 3103 4825 nec
3153 4772 3448 4842 veStigium
3493 4775 3642 4839 lejn
3673 4775 3714 4822 la

2147 4863 2264 4933 ejus
2294 4877 2516 4931 corpore
2539 4873 2843 4931 appareret.
2889 4863 3080 4930 Sicque
3102 4862 3331 4916 Creator
3359 4864 3604 4917 omnium
3627 4863 3716 4914 ιώ

2149 4953 2377 5010 favendo
2399 4953 2660 5016 subvenit,
2680 4962 2734 5006 ut
2757 4951 2974 5007 uberius
2998 4956 3178 5019 vigore
3197 4953 3466 5006 virtutum
3489 4951 3718 5012 rubenti.
3757 4963 3760 4984 ί

2146 5046 2404 5102 calcando
2438 5045 2816 5114 perfunctoria,
2851 5046 3087 5100 ctelestia
3113 5057 3336 5110 semper
3357 5043 3618 5098 studuit!
3637 5043 3720 5093 do

2149 5141 2368 5210 implere
2397 5141 2657 5209 praeconia
2687 5137 2736 5192 δ.
3035 5129 3039 5132 ’

2153 5276 2262 5331 Iulli
2303 5276 2504 5330 obitum
2537 5275 2651 5327 hrc
2686 5271 2972 5333 scribebat,
2994 5285 3114 5324 cum
3144 5269 3192 5323 ei
3226 5283 3410 5322 annos

2153 5349 2426 5412 tredecim,
2461 5359 2617 5412 supra
2670 5360 2820 5396 num.
2863 5341 2917 5402 3,
2946 5345 3142 5394 tribuat
3167 5382 3182 5404 ,
3233 5350 3291 5394 et
3341 5339 3724 5412 Ιηοιώἡϋξΰ
3757 5353 3764 5396 4

2157 5421 2251 5470 has
2295 5403 2561 5471 lioboleno
2612 5413 2825 5466 Bertulli
2867 5413 3160 5467 successori
3206 5426 3259 5463 in
3305 5412 3542 5479 prologo
3609 5403 3760 5479 Vim

2153 5488 2321 5541 sancti
2370 5484 2678 5540 Columbani
2714 5485 2989 5551 praemisso
3041 5471 3320 5551 inscribat:

2157 5558 2369 5611 Bertulli
2414 5555 2690 5618 memoria,
2715 5545 2839 5620 "qua:
2871 5555 2921 5606 iu
2953 5554 3185 5620 antiquis
3217 5545 3726 5674 Martyrum-
3755 5549 3760 5620 ᾗ

2157 5631 2416 5674 siileraliir
2445 5663 2461 5674 .
2511 5627 2561 5674 ιιι
2610 5623 2954 5674 Benedimino
3001 5623 3308 5674 celebratur
3363 5633 3468 5674 xiv
3757 5633 3760 5674 Ξ

2155 5631 2416 5681 sideratur
2445 5663 2461 5690 ,
2511 5627 2561 5679 iri
2610 5623 2954 5678 Benediclino
3001 5623 3315 5690 celebratur,
3363 5633 3468 5674 xlv

2154 5689 2454 5765 Septemb.,
2475 5711 2578 5765 quo
2601 5696 2685 5748 die
2719 5708 2934 5749 sanctus
2973 5691 3240 5765 Bertulfus
3265 5689 3434 5765 obiit,
3465 5695 3728 5758 puum

2153 5762 2455 5822 cte'uobium
2493 5762 2787 5824 'Itobiense
2835 5775 2956 5836 post
3011 5764 3226 5819 beatum
3273 5762 3530 5816 Attalum
3581 5767 3730 5814 δ..

2159 5839 2406 5895 tredecim
2438 5849 2665 5900 reXerat.

3117 5869 3795 6378 ...1
