3880 6236
157 425 278 486 Ιοῦ5

458 549 526 590 ιε
551 545 777 588 σιτιοκε
797 540 1030 586 IONACBI
1057 544 1120 583 AB
1146 541 1370 595 ARIANIS.

224 634 298 688 ιε.
327 629 632 694 Plerumque
657 627 850 681 etenim
863 624 1242 680 monachorum
1271 622 1478 689 experti
1509 636 1694 676 sumus

163 727 353 781 virtutes
394 722 632 789 ﬂagrare,
664 729 716 773 et
760 718 878 772 ideo
923 725 1096 771 ratum
1145 714 1388 768 ducimus
1418 724 1474 766 ιιι
1521 727 1586 768 ex
1617 711 1696 765 his

161 819 303 882 aliqua
323 817 714 867 interseramus.
763 806 896 862 Cum
919 805 1142 875 quodam
1167 815 1404 872 tempore
1430 801 1697 857 Blidulfus

163 908 421 979 presbyter,
480 905 629 970 cujus
680 901 924 970 superius
998 899 1308 954 memoriam
1355 898 1621 961 fecimus,
1666 911 1698 949 a

164 1007 289 1058 beato
307 1001 462 1055 Attala
478 997 541 1050 ad
558 996 741 1049 urbem
758 993 999 1047 Ticinum
1013 991 1217 1064 [Panic]
1237 991 1474 1044 directus
1492 989 1696 1054 luisset,

165 1098 311 1164 ibique
331 1090 672 1160 pervenisset,
707 1088 894 1154 viaque
925 1083 1113 1138 mediae
1166 1081 1391 1136 civitatis
1423 1081 1700 1134 ambulans

164 1190 343 1241 obvium
388 1183 567 1235 habuit
594 1177 949 1233 Ariowaldum
981 1175 1172 1229 ducem
1206 1171 1698 1239 Longobardorum,

164 1291 327 1346 genere
369 1275 631 1326 hominem
691 1267 1102 1326 nobilissimum,
1155 1275 1408 1332 generum
1460 1261 1695 1328 Agilulli,

163 1379 407 1436 cognatum
453 1359 742 1415 Adalwaldi
772 1399 786 1422 ,
825 1366 984 1412 secta
1023 1355 1228 1408 Arianre
1267 1351 1558 1416 credulum,
1611 1350 1700 1419 qui

167 1454 545 1528 postAditlwaItIi
562 1454 763 1508 obitum
784 1463 1002 1518 regnum
1023 1444 1701 1516 Longobardorumregen-

165 1556 266 1606 dum
290 1547 530 1615 suscepit.
609 1545 657 1597 Is
689 1559 813 1611 ergo
842 1556 961 1595 cum
998 1537 1279 1592 Blidulium
1310 1533 1547 1595 vidisset,
1593 1531 1695 1582 ait:

169 1641 228 1696 Ex
251 1635 543 1692 Columbani
576 1631 847 1686 monachis
875 1631 974 1683 iste
1002 1637 1102 1691 est,
1132 1625 1220 1694 qui
1244 1623 1396 1677 nobis
1426 1619 1703 1675 salutanti-

169 1735 248 1788 bus
269 1733 516 1797 denegant
563 1736 683 1794 apta
713 1723 1056 1789 reSpondere.
1113 1718 1350 1784 Cumque
1401 1717 1508 1785 jam
1561 1715 1699 1768 haud

169 1821 320 1891 procul
349 1821 572 1883 abesset,
614 1816 860 1868 deritlens
887 1814 1108 1866 salutem
1155 1807 1430 1878 praemisit.
1483 1807 1560 1858 Ad
1591 1807 1702 1859 haec

1409 411 1468 469 S.
1510 407 1732 466 BERTU
1742 407 1849 464 LFI
1895 408 2058 464 VITA

1719 528 1770 580 Α
1794 523 2031 587 repedat.
2067 522 2113 579 Is
2139 538 2266 592 ergo
2296 523 2383 592 qui
2414 537 2469 576 se
2499 535 2850 590 spontaneum
2898 524 2965 578 ad
3009 523 3110 580 hoc
3146 534 3362 593 patran-

3213 408 3368 473 4N6

1797 613 1921 666 dum
1951 627 2083 682 Opus
2110 612 2386 678 indiderat,
2438 628 2560 667 mox
2587 623 2704 682 post
2741 615 3031 668 discessum
3063 619 3312 670 monachi
3345 632 3380 673 a

1799 704 1984 759 Ticino
2013 719 2042 758 a
2095 705 2334 760 daemone
2384 706 2692 774 corripitur,
2736 713 2792 760 et
2825 706 3051 760 diversis
3087 721 3369 774 pcenarnm

1799 797 2054 852 incendiis
2079 797 2388 866 ﬂagellatur,
2416 798 2813 867 admissumque
2848 796 3051 852 facinus
3082 799 3380 852 exitiabili-

1802 899 1880 943 ter
1918 890 2213 943 coulitetur.
2286 888 2469 941 Omnis
2523 890 2747 956 papulus
2801 889 3022 943 clamat:
3071 889 3384 960 Quicunque

1804 981 1924 1034 talia
1977 980 2367 1036 Ebobiensibus
2396 981 2690 1045 monachis,
2739 996 2857 1049 qnte
2889 981 3001 1050 ipse
3049 990 3379 1050 patraverat,

1800 1079 2112 1136 commutat,
2143 1069 2302 1122 simili
2329 1069 2519 1123 ultioni
2545 1070 2837 1137 subjaceat,
2871 1080 2925 1124 et
2942 1071 3032 1138 qui
3062 1071 3384 1124 Arianorum

1801 1164 2104 1230 acquiescat
2143 1161 2576 1231 persuasionibus
2626 1161 2800 1216 talem»
2829 1163 2959 1216 iram
3003 1161 3132 1230 justi
3169 1161 3371 1218 Iudicis

1802 1254 2014 1309 sentiat.

1876 1345 1960 1398 15.
1998 1346 2146 1412 Quod
2176 1345 2381 1401 facinus
2403 1346 2589 1400 videns
2619 1346 2954 1401 Ariowaldus
2983 1345 3240 1402 divinitus
3272 1361 3385 1401 ma-

1805 1436 2125 1499 nifestatum.
2159 1438 2410 1492 confusus
2436 1449 2489 1492 et
2511 1448 2754 1492 metuens
2779 1453 2844 1492 ne
2868 1438 2965 1490 sibi
2993 1438 3190 1506 aliquid
3211 1439 3391 1492 simile

1803 1527 2030 1588 eveniat,
2051 1529 2220 1594 ipsum
2247 1543 2404 1596 quem
2437 1532 2514 1581 vis
2531 1529 2744 1582 horrida
2777 1527 3052 1595 torquebat
3086 1542 3206 1582 cum
3230 1529 3392 1581 sociis

1809 1618 1870 1670 ad
1921 1619 2130 1672 beatum
2177 1617 2404 1672 Attalum
2445 1618 2651 1687 dirigit,
2709 1631 3055 1686 precaturque
3110 1633 3205 1688 pro
3250 1632 3310 1672 se
3336 1624 3395 1672 ut

1807 1710 2142 1765 commissum
2171 1711 2364 1762 malum
2388 1710 2669 1775 ignoscant
2696 1728 2709 1774 ;
2742 1725 2804 1763 se
2830 1713 2996 1765 multo
3023 1712 3278 1766 famulatu
3308 1725 3394 1779 pa-

1808 1809 1977 1853 ratum
2009 1816 2146 1865 esse,
2196 1803 2240 1854 si
2291 1800 2406 1869 ejus
2452 1801 2589 1854 dona
2640 1801 2834 1855 vellent
2877 1803 3134 1870 recipere.
3201 1803 3398 1858 Videns

173 1875 391 1966 Itlidullus
430 1927 441 1960 :
474 1875 736 1973 Salutem,
767 1905 953 1973 inquit,
986 1875 1230 1971 optabam
1263 1896 1355 1972 [Ρ.
1382 1940 1396 1964 ,
1440 1896 1700 1968 Optarent]
1734 1875 1781 1934 Β
1813 1893 1996 1946 beatus
2023 1893 2195 1945 Attala
2227 1893 2450 1947 membri
2480 1892 2560 1946 sui
2599 1891 2825 1961 injurias
2874 1893 3125 1948 divinitus
3155 1894 3396 1948 vindica-

171 2017 308 2069 tuam,
339 2005 460 2061 situ
490 2016 596 2054 non
625 2000 728 2052 tuis
755 1998 1123 2052 seductoribus
1161 2005 1214 2049 et
1264 1993 1490 2048 veritate
1517 1991 1708 2044 alienis

171 2095 346 2149 {averes
374 2092 645 2154 doctrinis,
718 2104 849 2156 quos
875 2097 929 2141 et
955 2086 1259 2139 sacerdmes
1306 2083 1477 2136 adhuc
1503 2082 1709 2135 vocatis

173 2183 416 2239 mendacio
451 2181 551 2234 sibi
595 2181 812 2233 allatum
867 2194 1057 2232 nomen
1105 2186 1438 2243 usurpantes.
1541 2175 1710 2228 Porro

174 2277 330 2330 melius
357 2284 433 2330 est
459 2283 509 2327 lc
537 2271 856 2327 ineffabilem
887 2269 1196 2324 Trinitatem
1231 2283 1330 2320 una
1352 2266 1555 2320 Deitate
1583 2279 1712 2318 con-

177 2368 306 2431 ﬁteri,
346 2381 444 2420 non
493 2377 600 2419 tres
642 2373 953 2433 potestates,
1010 2363 1102 2418 sed
1152 2370 1258 2416 tres
1291 2375 1563 2429 personas,
1616 2374 1713 2413 nec

177 2476 308 2513 unam
340 2462 489 2513 trium
522 2461 792 2512 nominum
821 2471 1120 2526 personam,
1160 2455 1251 2508 sed
1285 2465 1390 2508 tres
1413 2453 1465 2506 in
1494 2453 1713 2506 veritate

178 2552 340 2614 Patris,
370 2560 419 2601 et
452 2549 593 2612 Filii,
626 2557 679 2601 et
726 2547 953 2613 Spiritus
981 2545 1149 2599 sancti
1183 2556 1456 2611 personas,
1485 2557 1587 2596 una
1627 2555 1714 2608 po-

179 2649 361 2702 testate,
389 2641 681 2704 voluntate,
714 2639 968 2692 essentia.

237 2729 310 2784 15.
350 2728 466 2782 Haec
487 2743 606 2781 cum
631 2728 898 2796 paulisper
922 2726 1161 2791 audiens,
1193 2739 1503 2795 progressus
1527 2723 1600 2776 ait
1622 2737 1715 2776 cur

179 2835 226 2874 se
262 2835 352 2873 non
407 2820 602 2874 habere
647 2820 802 2886 hujus
856 2817 1238 2871 incredulitatis
1285 2817 1575 2878 ministros,
1627 2817 1714 2882 qui

180 2913 404 2966 obruente
447 2912 619 2963 noctis
648 2909 875 2977 caligine
907 2909 1217 2960 redeuntem
1263 2908 1632 2968 sollicitarent,
1665 2915 1718 2960 et

184 3005 373 3058 fustibus
398 3003 479 3056 vel
503 3002 725 3055 sudibus
754 3000 996 3053 Cnllisum
1029 2999 1182 3052 morti
1223 2998 1362 3050 hunc
1395 2999 1713 3051 monachum

183 3093 446 3149 traderent?
500 3094 651 3146 Tunc
682 3106 814 3144 unus
845 3092 1088 3144 vesanior
1117 3089 1324 3143 caneris
1356 3089 1449 3149 ait,
1501 3089 1566 3142 ad
1621 3090 1718 3143 hoc

183 3203 228 3242 se
253 3187 545 3256 patrandum
581 3195 820 3251 paratum
851 3196 969 3236 esse
995 3182 1039 3234 si
1067 3183 1272 3246 jubeat.
1335 3179 1424 3233 Ille
1449 3194 1609 3233 vero:
1661 3180 1716 3233 Si

186 3278 294 3340 lure,
330 3278 507 3344 inquit,
565 3275 776 3336 feceris,
827 3271 1130 3324 muneribus
1161 3280 1212 3324 te
1241 3270 1480 3338 sequenti
1523 3270 1608 3324 die
1635 3269 1714 3323 di-

189 3370 306 3421 tabo.
364 3369 677 3435 Progressus
712 3380 838 3432 ergo
894 3366 1092 3417 socium
1147 3363 1245 3417 sibi
1293 3362 1511 3416 sceleris
1551 3361 1710 3416 alium

187 3461 380 3515 similem
395 3463 469 3514 sui
491 3461 683 3528 jungit,
710 3447 1090 3526 viamqueatris
1111 3455 1450 3510 obruentibus
1477 3455 1714 3508 tenebris

183 3551 398 3604 custodit.
426 3549 740 3604 Comnieans
761 3563 886 3613 ergo
911 3561 1001 3615 per
1014 3547 1250 3600 eamdem
1274 3549 1407 3597 viam
1424 3544 1712 3598 monachus

185 3647 230 3691 et
253 3640 526 3707 presbyter,
555 3645 610 3692 et
633 3651 666 3692 a
681 3650 828 3689 caena
858 3638 920 3688 ad
945 3651 1100 3703 quam
1122 3651 1150 3689 a
1171 3635 1394 3704 quodam
1413 3635 1714 3688 Christiano

189 3728 408 3780 invitatus
435 3727 604 3779 fuerat
635 3739 931 3793 regressus,
967 3725 1236 3793 inopinato
1265 3728 1312 3778 in
1344 3725 1595 3778 satellites
1627 3725 1710 3776 in-

187 3816 314 3880 cidit,
341 3830 715 3883 percussusque
733 3816 964 3868 cerebro
993 3829 1056 3870 ac
1083 3817 1225 3868 omni
1257 3827 1508 3881 compage
1525 3827 1714 3879 corpo-

186 3907 252 3958 ris
273 3907 460 3958 collisus
508 3907 711 3974 magnis
754 3904 967 3958 fustium
1000 3905 1185 3958 ictibus
1235 3918 1296 3957 ac
1343 3905 1559 3958 sudibus
1591 3903 1710 3972 pul-

188 4008 317 4047 satus
359 3996 563 4061 interiit,
617 3995 762 4048 nuIlo
791 4012 821 4049 e
849 3998 1044 4065 pOpulo
1091 3996 1349 4050 sentiente
1398 3996 1531 4065 (erat
1571 3994 1711 4047 enim

187 4087 368 4138 abditus
392 4088 570 4156 locus),
601 4089 696 4142 sed
720 4103 817 4142 nec
842 4091 968 4141 dare
991 4103 1174 4142 vocem
1203 4089 1440 4156 quiverat
1461 4089 1712 4154 anticipa-

190 4177 384 4229 tusloco
424 4192 450 4228 a
495 4178 702 4230 talibus.
767 4179 859 4232 Diu
890 4193 1015 4246 ergo
1046 4179 1306 4243 exanime,
1349 4186 1403 4229 ut
1432 4179 1707 4246 putabant,

188 4267 388 4322 cadaver
411 4269 667 4323 credentes
709 4271 922 4337 abeunt,
945 4273 1147 4326 auctori
1193 4272 1409 4326 sceleris
1451 4279 1708 4340 patratum

190 4354 366 4411 facinus
394 4361 646 4413 nuntiant.

256 4447 328 4500 I-i.
358 4449 583 4520 Cumque
610 4455 654 4506 is
676 4453 742 4506 ad
767 4451 916 4521 cujus
945 4452 1157 4506 domum
1191 4454 1492 4508 morabatur
1515 4458 1710 4510 morari

1814 1994 1914 2052 tas,
1948 1995 2094 2054 rogat
2118 1995 2170 2037 ut
2198 1985 2371 2040 cuncti
2406 2001 2501 2054 pro
2531 1985 2780 2050 pestifero
2801 1995 2975 2048 orent,
3000 1997 3162 2055 utque
3189 1987 3266 2040 vis
3296 1987 3396 2039 ad-

1815 2093 1980 2130 versae
2034 2079 2307 2144 potestatis
2359 2076 2554 2130 misero
2610 2076 2676 2128 ab
2736 2077 2947 2130 homine
2977 2078 3222 2144 pellatur,
3272 2093 3399 2134 nam

1815 2181 2033 2221 munera
2071 2167 2214 2231 impii
2246 2181 2308 2219 ac
2349 2165 2587 2220 haeretici
2620 2167 2848 2220 hominis
2880 2181 3146 2234 nunquam
3194 2167 3247 2220 in
3279 2183 3401 2236 per-

1816 2269 2026 2327 petuum
2049 2270 2106 2310 se
2137 2258 2407 2326 suscipere
2436 2256 2730 2324 respondit".
2776 2257 3099 2310 Cunctorum
3125 2272 3254 2327 ergo
3275 2272 3402 2313 ora-

1817 2351 2046 2405 tionibus
2079 2351 2330 2404 Dominus
2361 2351 2423 2402 ad
2459 2361 2663 2418 tempus
2688 2351 2946 2418 pepercit,
2976 2350 3213 2404 redditus
3243 2351 3396 2404 sani-

1818 2443 1909 2496 tati
1937 2444 2113 2495 statim
2145 2426 2301 2494 homo
2327 2455 2510 2507 sospes
2541 2439 2718 2506 rediit,
2745 2440 2836 2493 sed
2867 2440 2982 2492 vita:
3016 2441 3163 2494 lucro
3191 2455 3295 2494 non
3311 2440 3404 2495 diu

1818 2535 2014 2602 poritus
2036 2544 2135 2587 est.
2166 2532 2404 2600 Cumque
2431 2530 2646 2584 metatui
2685 2545 2782 2583 suo
2811 2529 3092 2593 resideret,
3121 2539 3176 2583 et
3202 2534 3268 2584 ab
3284 2531 3406 2584 aliis

1764 2667 1777 2680 κ
1816 2626 2178 2693 increparetur
2202 2639 2296 2677 cur
2326 2623 2426 2676 hoc
2443 2623 2672 2684 fecisset,
2706 2620 3005 2674 insultantis
3032 2635 3163 2675 voce
3191 2621 3318 2673 dicit
3341 2635 3406 2672 se

1819 2717 1916 2771 hoc
1945 2726 2135 2785 sponte
2161 2715 2348 2776 fecisse
2375 2716 2512 2782 quod
2539 2715 2728 2769 exinde
2755 2713 2933 2768 vellet.
2981 2713 3098 2767 Mox
3124 2721 3402 2780 correptus

1818 2813 1937 2880 igne
1969 2811 2188 2864 febrium
2222 2819 2275 2864 et
2319 2809 2455 2862 inter
2492 2823 2682 2877 pinnas
2732 2808 2961 2861 incendii
3009 2807 3242 2861 clamans
3293 2806 3400 2858 vita

1821 2903 2051 2969 privatus
2065 2911 2164 2954 est.
2186 2902 2349 2966 Quem
2375 2913 2705 2968 nequaquam
2723 2897 3123 2965 juxtaaliorum
3149 2897 3398 2966 sepulcra

1818 2991 2043 3058 sepelire
2067 2992 2179 3043 ausi
2208 3000 2350 3054 sunt,
2381 2991 2470 3042 sed
2506 2989 2688 3057 procul
2716 2989 2782 3042 ab
2806 2989 3050 3042 omnibus
3077 2987 3130 3041 in
3160 2987 3394 3059 quodam

1824 3085 2111 3150 conspicuo
2141 3084 2275 3143 loco,
2309 3098 2412 3150 quo
2440 3093 2823 3151 prmtereuntes
2851 3084 3122 3137 dicerent:
3179 3082 3273 3136 Hic
3303 3081 3398 3137 ille

1823 3179 1985 3231 miser
2032 3176 2319 3230 tumulatus
2344 3177 2506 3245 jacet,
2561 3177 2644 3244 qui
2694 3175 3074 3228 Ebobiensibus
3122 3173 3401 3227 monachis

1824 3283 1916 3322 sua
1948 3268 2158 3321 lascivia
2191 3268 2553 3320 crudelitatem
2609 3266 3016 3320 administravit.
3069 3264 3212 3337 (Huc
3242 3280 3402 3334 usque

1819 3376 1883 3413 ex
1905 3360 2090 3413 Codice
2121 3361 2430 3427 Compeud.)

2027 3488 2090 3525 Ι)Ιί
2121 3486 2363 3524 MONACIIO
2393 3486 2638 3525 HEROVEO
2680 3487 2746 3525 ΕΤ
2789 3487 3012 3525 υιτιοιιε
3047 3488 3184 3526 EJUS.

1891 3579 1976 3633 16.
2013 3579 2213 3633 Eodem
2250 3590 2484 3646 tempore
2534 3580 2824 3633 monachus
2853 3579 3128 3636 Meroveus
3157 3580 3391 3645 nomine,

1817 3684 1845 3722 a
1871 3669 2024 3723 beato
2054 3669 2223 3723 Attala
2256 3670 2537 3724 Dertonam
2569 3671 2750 3723 urbem
2777 3672 2989 3736 missus,
3013 3681 3066 3726 et
3094 3686 3247 3726 causa
3275 3672 3391 3737 ejus

1817 3760 2015 3825 negotii
2048 3770 2263 3827 proriter
2289 3762 2425 3827 quod
2461 3771 2692 3822 venerat,
2753 3762 2954 3828 longius
3001 3763 3065 3814 ab
3097 3763 3225 3815 urbe
3266 3777 3391 3828 pro-

1814 3863 2050 3916 gressus,
2083 3851 2146 3901 ad
2177 3850 2455 3917 quamdam
2487 3851 2662 3902 villam
2694 3850 2807 3903 lriae
2827 3849 2853 3874 “
2883 3851 3039 3902 ﬂuvio
3064 3850 3392 3918 adjacentem

1815 3941 2078 3995 accessit:
2137 3941 2224 3993 ubi
2277 3941 2451 3993 fanum
2482 3940 2758 4007 ,quoddam
2804 3941 3077 3995 arboribus
3127 3943 3388 3996 consitum

1817 4032 2020 4095 videns,
2049 4031 2264 4084 allatum
2297 4030 2469 4099 ignem
2497 4030 2543 4084 ei
2572 4031 3075 4100 admovitcongestis
3098 4033 3148 4084 in
3174 4033 3389 4084 modum

1817 4123 1942 4189 pirae
1973 4122 2143 4189 lignis.
2217 4124 2266 4174 Id
2317 4137 2442 4175 vero
2491 4130 2769 4175 cernentes
2801 4122 2902 4173 fani
2933 4124 3187 4186 cultores,
3220 4122 3389 4174 Mero--

1815 4227 1967 4263 veum
2001 4215 2385 4279 apprehensum
2418 4213 2610 4279 diuque
2641 4212 2868 4265 fustibus
2897 4226 3091 4264 cassum
3120 4222 3171 4265 et
3190 4213 3384 4266 ictibus

1815 4315 2092 4354 contuSum
2121 4303 2169 4353 in
2203 4303 2395 4354 ﬂumen
2430 4302 2555 4353 illud
2599 4301 2908 4370 demergere
2949 4313 3224 4356 conantur.
3282 4303 3388 4357 Sed

1816 4393 1952 4446 unda
1987 4393 2306 4445 monachum
2338 4407 2439 4444 non
2471 4406 2597 4444 ausa
2656 4392 2749 4443 frit
2804 4392 3098 4460 suscipere,
3151 4393 3271 4446 licet
3302 4392 3392 4445 ille

1817 4485 1929 4552 ejus
1954 4487 2027 4537 rei
2061 4499 2218 4551 quam
2273 4493 2507 4549 gesserat
2548 4483 2759 4536 nomine
2791 4485 2923 4536 mori
2970 4493 3184 4551 paratus
3222 4494 3385 4536 esset.

193 4540 517 4608 presbyterum
556 4554 613 4598 et
665 4547 979 4599 monachum
1027 4555 1288 4610 cerneret,
1335 4556 1578 4600 eventum
1634 4552 1709 4603 rei

1817 4575 2106 4628 Cernentes
2128 4589 2255 4641 ergo
2277 4575 2349 4627 illi
2371 4589 2473 4626 non
2493 4589 2644 4640 posse
2664 4588 2784 4627 eum
2803 4579 2984 4641 mergi,
3009 4589 3165 4641 quem
3188 4575 3396 4628 Domini

193 4633 548 4700 nesciens(erat
574 4637 714 4688 enim
737 4647 790 4689 et
814 4637 923 4705 ipse
949 4639 1221 4708 presbyter
1249 4639 1427 4692 Justus
1453 4641 1710 4710 nomine),

195 4724 362 4775 veritus
401 4739 462 4776 ne
510 4725 557 4777 in
603 4725 828 4778 Arianos
873 4729 1163 4792 incidisset,
1209 4740 1418 4799 arrepto
1469 4732 1655 4785 baculo
1685 4747 1716 4786 e

194 4821 320 4876 parte
343 4813 505 4882 dirigit
532 4813 651 4883 iter,
700 4814 1003 4882 reperitque
1046 4802 1328 4884 jacentem,
1384 4823 1486 4875 acsi
1527 4837 1715 4875 somno

193 4897 463 4966 depressum
490 4907 745 4960 suscitare
769 4917 1007 4960 cenatur.
1050 4908 1141 4961 Ille
1169 4925 1292 4963 vero
1324 4911 1463 4964 velut
1491 4928 1519 4964 a
1547 4921 1716 4968 strato

197 4989 436 5047 incolumis
456 4996 642 5062 surgit,
671 4996 754 5048 vix
803 4998 1066 5066 plagarum
1101 5000 1330 5067 vestigiis
1363 4988 1669 5067 parentibus
1700 5021 1710 5056 :

197 5085 362 5146 pariter
383 5087 443 5138 ad
470 5094 721 5140 metatum
755 5101 996 5156 pergunt.
1062 5090 1399 5159 Conquirenti
1445 5096 1567 5162 quid
1618 5097 1716 5149 hoc

197 5170 364 5239 fuisset,
395 5179 516 5230 nihil
542 5180 588 5232 ci
615 5173 885 5247 respondit
904 5194 1130 5248 unquam
1160 5183 1380 5250 suavius
1404 5185 1712 5251 accessisse,

199 5276 279 5314 nee
296 5278 516 5319 somnum
542 5270 832 5324 dulciorem
859 5271 1100 5323 habuisse
1129 5280 1369 5327 testatur.
1429 5273 1718 5341 lnterrogat

197 5348 236 5403 si
255 5351 385 5406 dolor
403 5359 591 5424 aliquot
613 5361 968 5414 membrorum
993 5362 1230 5429 attingat,
1254 5378 1578 5431 nequaquam
1603 5367 1717 5431 plus

198 5445 416 5513 sospitem
429 5445 605 5514 fuisse,
636 5462 689 5505 et
708 5455 910 5507 nescire
925 5455 1022 5508 sibi
1040 5457 1234 5524 aliquid
1256 5457 1462 5508 adversi
1477 5460 1718 5513 evenisse

201 5539 456 5606 respondit.
501 5541 732 5596 Peractis
760 5559 885 5612 ergo
907 5549 1216 5601 necessariis
1245 5545 1310 5602 ad
1342 5551 1716 5603 monasterium

263 5679 283 5703 "
316 5670 484 5751 Surius
509 5673 691 5727 scribit
719 5675 850 5751 Yrtr.
910 5676 1008 5751 _l_ria
1056 5679 1242 5751 ﬂuvius
1275 5690 1354 5734 est
1403 5681 1630 5750 Ligurim
1656 5698 1720 5738 ex

203 5747 444 5811 apennino
465 5752 634 5796 monte
650 5749 784 5811 apud
805 5749 1051 5808 Antilam,
1077 5747 1356 5803 Dertonatn
1381 5761 1433 5804 et
1453 5747 1721 5806 Castrum-

205 5803 376 5864 Navum
396 5812 550 5866 lluens
590 5803 764 5881 posiae
785 5814 837 5868 in
862 5803 1054 5869 Padum
1075 5817 1316 5884 inﬂuens,
1343 5803 1477 5891 .aIiisr
1494 5803 1718 5891 Scripia,

458 5911 719 5972 ΡΑτιιοι.
765 5911 1144 5975 LXXXVII.

1820 4665 2098 4719 clementia
2130 4673 2383 4728 servaret,
2420 4680 2573 4718 mane
2605 4667 2738 4718 inter
2767 4679 2823 4716 se
2846 4667 3234 4718 communicato
3261 4679 3392 4718 c0n-

1818 4758 1935 4811 silio
1957 4771 2114 4824 super
2136 4757 2301 4810 undas
2315 4772 2433 4810 eum
2449 4763 2807 4822 prosternunt,
2832 4756 3212 4826 materiamque
3226 4772 3388 4824 super

1819 4862 1938 4902 eum
1969 4857 2300 4911 coacervant,
2351 4857 2403 4899 ιιι
2449 4847 2661 4899 immani
2711 4847 2942 4914 pondere
2985 4847 3391 4914 deprimeretur.

1819 4936 2052 5004 Cumque
2074 4937 2122 4989 id
2155 4937 2325 4989 scelus
2351 4949 2409 4987 se
2432 4934 2539 5000 jam
2570 4933 2862 4990 confecisse
2892 4945 3153 5004 putarent,
3205 4935 3393 4989 relicto

1820 5026 1900 5096 (ut
1928 5024 2204 5096 putabant)
2233 5023 2486 5078 cadavere
2503 5026 2565 5077 ad
2596 5024 2738 5078 littus
2771 5027 3010 5080 redeunt.
3061 5025 3170 5078 Illis
3185 5025 3388 5078 abeun-

1822 5117 1958 5170 tibus
1989 5118 2260 5169 llIeroveus
2291 5116 2419 5168 nihil
2467 5117 2719 5170 molestiae
2757 5116 3010 5178 sentiens,
3043 5114 3323 5170 incolumis
3362 5131 3392 5167 a

1822 5206 1980 5261 ﬂuvio
2006 5204 2172 5271 surgit
2198 5203 2423 5273 diruptis
2454 5206 2697 5267 nexibus,
2747 5218 2928 5270 sospes
2980 5205 3260 5260 Dertouam
3312 5207 3394 5256 in-

1820 5297 2076 5366 greditur,
2108 5311 2169 5350 ac
2184 5306 2361 5363 postea
2384 5298 2448 5350 ad
2469 5300 2837 5351 monasterium
2865 5299 3016 5352 redit.
3055 5300 3187 5351 Ecce
3209 5306 3388 5350 autem

1823 5396 2040 5453 repente
2071 5387 2243 5440 divina
2263 5388 2390 5440 ultio
2422 5389 2472 5440 in
2495 5388 2606 5455 ejus
2629 5389 2962 5442 adversarios
2992 5386 3387 5442 animadvertit.

1824 5474 2085 5539 Quotquot
2110 5477 2249 5528 enim
2278 5478 2327 5529 in
2364 5491 2428 5527 co
2460 5475 2602 5527 fucre
2627 5478 2993 5540 contubernio,
3024 5473 3243 5528 diversis
3270 5482 3395 5525 sunt

1823 5564 2210 5622 calamitatibus
2267 5566 2466 5618 affecti:
2526 5566 2612 5618 alii
2647 5569 2904 5632 comitate,
2947 5567 3031 5620 alii
3083 5565 3216 5634 ignis
3263 5564 3396 5617 adu-

1826 5695 1979 5820 iulgo
2005 5697 2055 5749 la
2082 5696 2276 5752 Scrinia
2302 5695 2493 5762 dictus,
2544 5697 2708 5768 inquit
2735 5699 3000 5766 Philippus
3033 5697 3308 5753 Ferrarius
3337 5697 3394 5753 in

1873 5781 2050 5820 exine.

1873 5781 2050 5820 estne.

2809 5921 2888 5981 3ft.
