3880 6236
555 296 689 353 1087

1673 291 1860 349 tom
1897 274 2186 348 ABBATIS
2223 278 2645 352 ELNONENSIS

3614 306 3731 361 1068

550 409 739 469 stione,
760 400 966 472 quidam
989 401 1191 470 publica
1210 406 1588 465 contractione,
1615 402 1847 470 plerique
1866 403 2098 456 omnium
2126 390 2178 465 Ᾱ
2204 404 2312 457 vult
2364 404 2500 472 quod
2547 400 2985 460 clementissimus
3036 392 3174 463 Deus
3216 408 3433 473 exeunti
3475 409 3538 467 de
3565 421 3735 475 mundo

552 496 901 549 membrorum
927 487 1215 559 debilitate,
1277 492 1345 548 ita
1375 503 1432 547 ut
1478 490 1668 547 diversi
1718 492 1951 548 diversns
1980 510 2101 548 sen—

551 586 706 639 tirent
738 598 931 651 prs-nas.
1010 590 1074 637 At
1098 586 1182 637 ubi
1214 592 1582 651 compererunt
1607 583 1905 647 Mernveum
1932 585 2101 653 sospi-

547 685 651 731 tem
677 674 741 728 ad
772 668 1025 729 Bobiense
1064 675 1435 729 monasterium
1472 678 1774 741 revertisse,
1804 677 2011 745 quidam
2036 691 2101 731 ex

549 766 613 821 iis
642 778 708 822 eo
734 764 943 821 adducti
973 776 1121 831 sunt;
1152 776 1207 821 et
1234 767 1506 836 perpaucis
1534 766 1742 837 quidem
1781 769 2099 836 poenitentiae

550 856 812 912 medicina
840 855 1129 912 remedium
1159 856 1353 927 attulit,
1385 858 1568 928 reliqui
1596 872 1781 913 omnes
1810 874 1871 914 ea
1901 859 2100 915 ultione

542 936 776 1017 periere.

932 1056 997 1095 DE
1019 1056 1173 1096 OBI'I'U
1204 1056 1409 1096 AGIBODI
1439 1054 1690 1097 IONACBI.

609 1130 696 1184 l7.
737 1130 812 1186 Ita
851 1145 978 1185 sane
1009 1132 1287 1185 mirificum
1334 1132 1543 1186 famulis
1583 1134 1692 1187 suis
1732 1132 1873 1187 Deus
1910 1147 2099 1188 munus

535 1220 791 1289 impertit,
824 1234 942 1276 cum
967 1232 1084 1291 post
1112 1223 1299 1276 damna
1349 1223 1587 1292 corporis
1621 1232 1674 1277 et
1700 1234 1814 1292 post
1843 1224 2098 1293 irrogatas

534 1312 776 1383 injurias,
803 1314 922 1370 etin
946 1318 1185 1385 praesenti
1214 1316 1316 1370 vita
1338 1313 1598 1384 adiutorio
1624 1330 1721 1368 suo
1745 1329 1838 1369 eos
1860 1315 2093 1385 roborat,

536 1415 587 1459 et
644 1407 694 1459 in
736 1406 917 1461 futuro
962 1410 1078 1475 post
1133 1406 1422 1461 certamina
1486 1407 1788 1460 coronando
1814 1405 2095 1474 glorificat,

534 1509 666 1562 quos
694 1491 782 1551 hic
803 1505 1012 1564 propter
1030 1511 1222 1550 nomen
1244 1504 1396 1550 suum
1424 1496 1615 1549 illatam
1641 1496 1882 1566 injuriam
1909 1508 2096 1566 sponte

533 1587 780 1653 excipere
804 1590 980 1640 sentit.
1042 1587 1272 1642 Vidimus
1301 1602 1398 1643 nos
1424 1589 1477 1642 in
1499 1588 1683 1643 eodem
1705 1586 1950 1643 Bobiensr
1982 1604 2097 1643 mo-

532 1678 765 1730 naSterio
807 1677 963 1730 etiam
1013 1677 1232 1732 aliorum
1285 1678 1665 1732 monachorum
1700 1679 1902 1749 felicem
1929 1682 2090 1735 vitam

2204 503 2498 549 monstrare
2530 492 2693 551 voluit
2716 498 2888 566 qualis
2916 500 3097 567 postea
3143 495 3351 557 futurus
3378 514 3535 572 esset,
3576 509 3667 563 nisi
3689 522 3737 565 ut

2201 586 2443 640 ostendat
2459 601 2549 640 eos
2569 589 2829 655 quisimili
2858 586 3194 659 simplicitate
3218 590 3424 660 vivunt,
3447 605 3498 649 et
3514 596 3737 656 obedienc

2203 673 2289 728 tia:
2316 683 2369 729 et
2395 676 2785 732 mortificationi
2814 678 3109 736 voluntarie
3138 681 3509 752 subjiciuntur,
3539 687 3737 746 similem

2200 777 2507 836 exspectare
2538 768 3041 841 remunerationem,
3087 784 3143 829 et
3186 776 3373 831 aeterni
3403 772 3602 834 luminis
3637 796 3741 838 esse

2201 859 2441 915 claritate
2467 863 2767 930 potituros?

2293 966 2358 1004 DE
2383 965 2535 1006 OBITU
2564 968 2863 1009 TBBODALDI
2887 970 2953 1010 ET
2980 954 3348 1012 IADDACDARIO
3370 973 3603 1017 ΙΟΠΑΟΙΙΟ
3621 971 3642 997 ⁸

2267 1041 2357 1095 20.
2403 1042 2637 1098 Vidimus
2674 1047 2901 1101 etalium
2946 1047 3067 1102 huic
3114 1050 3439 1117 obedientia,
3486 1052 3665 1121 pietate
3701 1068 3745 1110 et

2200 1137 2621 1215 mansuetudine,
2647 1138 2873 1193 similem
2903 1141 3265 1215 Theodaldum
3298 1146 3522 1201 feliciter
3567 1164 3626 1203 ex
3658 1152 3745 1206 hac

2198 1226 2305 1281 vita
2323 1212 2629 1293 abeuntem,
2653 1240 2704 1283 et
2726 1244 2931 1284 summa
2952 1232 3109 1286 animi
3123 1235 3477 1291 exsultatione
3489 1240 3548 1291 ad
3564 1252 3742 1294 aeterna

2198 1317 2359 1371 animi
2390 1316 2575 1391 gaudia
2607 1329 2994 1387 properantem.
3053 1318 3185 1376 Cum
3217 1325 3360 1378 enim
3391 1324 3542 1380 laetus
3584 1330 3634 1382 in
3662 1346 3745 1384 suo

2197 1417 2364 1461 strato
2392 1407 2755 1477 decumberet,
2789 1421 2937 1481 rogat
2970 1422 3025 1467 ut
3054 1408 3247 1471 fratres
3274 1431 3463 1472 omnes
3508 1417 3567 1471 ad
3589 1420 3744 1489 ipsum

2199 1496 2455 1561 veniant;
2501 1498 2944 1568 iisque'omnibus
2973 1503 3276 1572 supremum
3327 1507 3442 1561 vale
3476 1504 3666 1578 dicens,
3697 1526 3747 1567 se

2196 1587 2381 1641 eadem
2404 1588 2535 1643 hora
2561 1590 2631 1642 ait
2655 1605 2684 1644 e
2706 1605 2930 1659 corpore
2954 1607 3315 1661 egressurum.
3346 1596 3458 1663 Qua
3478 1609 3642 1654 autem
3672 1617 3748 1656 ra-

2202 1676 2341 1731 tione
2370 1680 2570 1732 exitum
2600 1686 3108 1751 suum'cognoverit,
3157 1687 3309 1740 nobis
3368 1689 3747 1761 haudquaquam

533 1766 925 1835 felicioremqu’e
943 1769 1163 1832 exitum,
1193 1768 1279 1835 qui
1301 1769 1464 1821 multa
1492 1769 1739 1822 virtutum
1763 1770 1898 1823 dese
1912 1784 2084 1824 exem-

2198 1768 2361 1822 voluit
2385 1771 2636 1826 indicare.
2683 1772 2919 1841 Cumque
2937 1774 3191 1831 omnibus
3207 1778 3322 1833 vale
3343 1779 3576 1849 dixisset,
3601 1752 3743 1839 viati-

530 1857 615 1923 pla
646 1856 952 1923 praebuere;
979 1872 1007 1909 e
1036 1857 1225 1925 quibus
1250 1872 1344 1911 nos
1368 1857 1553 1913 saltem
1575 1859 1743 1927 aliqua
1776 1860 2090 1927 referemus,

535 1952 597 1996 ut
619 1944 911 1997 viventibus
963 1959 1248 2014 eorumque
1299 1947 1456 2000 vitam
1510 1948 1704 2001 imitari
1759 1949 2093 2018 cupientibus

529 2034 741 2088 uberior
769 2034 1061 2089 adhortatio
1089 2038 1325 2091 accedat.

607 2122 695 2179 i8.
739 2123 1021 2180 Monachus
1041 2128 1252 2193 quidam
1280 2127 1543 2196 Agibodus
1568 2130 1798 2197 nomine,
1836 2132 1922 2200 qui
1953 2131 2091 2187 beati

529 2216 718 2273 Attale
746 2224 979 2282 tempore
1010 2217 1308 2271 iuonialium
1342 2221 1715 2273 monasterium
1740 2221 2079 2291 gubernaret,

527 2307 582 2361 in
608 2307 855 2359 extremis
877 2306 1159 2375 angoribus
1190 2308 1407 2376 positus,
1439 2311 1520 2364 sui
1550 2312 1721 2364 exitus
1746 2313 2086 2379 ex5pe0tabat

527 2394 733 2453 horam.
794 2398 1027 2467 Cumque
1051 2399 1156 2468 jam
1182 2399 1373 2454 fratres
1403 2411 1656 2467 astarent,
1706 2404 1792 2470 qd‘i
1823 2404 2012 2458 animae
2060 2420 2091 2459 e

529 2489 739 2543 mundo"
766 2489 1011 2558 migranti
1032 2498 1275 2558 suprema
1314 2488 1484 2545 ofﬁcia
1514 2496 1901 2561 persolverent,
1933 2501 2091 2564 atque

528 2576 597 2631 de
624 2592 769 2632 more
790 2576 853 2630 ad
880 2576 1127 2645 psallendi
1160 2590 1347 2632 munus
1363 2592 1480 2633 sese
1508 2590 1884 2647 praepararent,
1908 2584 2088 2651 elapsa

531 2682 563 2721 e
584 2676 808 2736 corpore
835 2669 1027 2731 anima,
1060 2668 1188 2723 vidit
1217 2679 1469 2725 aeternam
1499 2671 1670 2725 lucem
1701 2674 1800 2725 sibi
1834 2683 2086 2741 paratam,

526 2758 797 2829 aciemque
850 2759 984 2814 miro
1031 2759 1232 2829 fulgore
1274 2762 1576 2819 micantem.
1632 2761 1759 2815 Cum
1810 2772 1982 2817 autem
2031 2779 2091 2817 ea

531 2851 737 2905 visione
765 2861 1020 2920 stuperet,
1048 2852 1349 2922 diceretque
1377 2868 1433 2908 se
1455 2868 1717 2923 nunquam
1740 2855 1897 2909 talem
1925 2856 2089 2910 solem

533 2941 745 3005 vidisse,
804 2942 885 2993 vel
942 2940 1233 2994 claritatem
1277 2954 1393 3009 quae
1439 2944 1486 2995 ei
1543 2953 1721 3008 posset
1756 2945 2088 3011 aequiparari,

528 3045 662 3085 unus
688 3045 717 3086 e
738 3030 989 3085 ctelicolis
1013 3031 1269 3085 accedens
1298 3031 1730 3099 sciscitatur-quid
1760 3032 1838 3085 sic
1866 3022 2088 3085 attonita

529 3122 815 3176 intueatur.
873 3122 961 3175 illa
987 3123 1273 3191 respondet
1293 3126 1459 3177 solem
1484 3125 1764 3178 micantem
1793 3139 1851 3178 se
1872 3125 2084 3190 intueri,

529 3212 611 3262 cui
642 3225 901 3279 nunquam
946 3211 1103 3263 alium
1152 3213 1374 3265 similem
1408 3212 1613 3265 viderit.
1679 3214 1769 3267 Ait
1811 3215 2081 3268 ctelicola:

530 3300 746 3354 Noveris
780 3310 829 3355 te
854 3301 1006 3356 hodie
1030 3313 1299 3356 venturam
1333 3304 1394 3355 ad
1423 3318 1520 3357 nos
1547 3315 1601 3359 et
1651 3306 1702 3359 iu
1731 3306 1830 3360 hac
1859 3306 2085 3361 admira-

526 3388 618 3443 bili
676 3391 791 3446 luce
844 3390 1191 3446 habitatorem
1256 3395 1553 3462 septiesque
1609 3396 1900 3451 vincentem
1957 3399 2084 3451 solis

523 3482 725 3547 lumen,
765 3480 1031 3535 Justorum
1056 3484 1229 3535 choris
1249 3485 1603 3539 inserendam.
1672 3486 1900 3540 Reversa
1929 3486 2084 3555 igitur

526 3572 645 3624 vale
694 3571 778 3625 dic
830 3572 1045 3626 fratrum
1076 3574 1317 3644 collegio,
1374 3585 1529 3644 atque
1568 3576 1639 3630 ita
1678 3590 1833 3645 porro
1888 3579 2083 3634 redibis

528 3662 590 3715 ad
619 3677 730 3715 nos.

599 3755 685 3808 19.
727 3754 952 3810 Reversa
984 3755 1137 3827 igitur
1165 3758 1335 3813 anima
1361 3760 1414 3813 in
1442 3775 1654 3829 corpus,
1685 3762 1958 3832 Agibodus
1980 3765 2082 3819 fra-

526 3847 694 3898 tribus
718 3846 955 3898 ultimum
984 3848 1097 3899 vale
1120 3848 1272 3904 dixit.
1313 3850 1545 3916 Quodam
1573 3864 1747 3907 autem
1776 3870 1805 3908 e
1836 3856 2083 3910 fratribus

526 3946 870 4002 percontante
915 3938 1142 4006 quandiu
1197 3938 1253 3993 in
1293 3954 1357 3993 eo
1402 3943 1616 4010 ancipiti
1653 3946 1795 3999 exitu
1845 3956 2081 4001 moratus

528 4037 686 4092 esset,
730 4029 779 4083 ei
829 4029 1074 4084 indicavit
1102 4029 1225 4099 quid
1257 4032 1489 4101 vidisset,
1518 4042 1569 4088 et
1590 4045 1782 4105 quanta
1815 4039 1911 4107 ipsi
1941 4052 2080 4094 esset

530 4122 741 4175 claritas
771 4125 1044 4187 promissa,
1070 4126 1313 4195 quodque
1342 4131 1525 4185 eadem
1580 4136 1708 4187 hora
1740 4135 1978 4190 obiturus
2010 4139 2079 4191 sit

525 4222 803 4281 postquam
834 4216 1075 4268 viaticum
1105 4222 1420 4286 perceperit,
1454 4233 1505 4275 et
1529 4223 1773 4278 fratribus
1798 4228 1913 4282 vale
1933 4229 2079 4283 dixc-

524 4304 612 4358 rit.
663 4304 882 4373 Sumpto
912 4306 1031 4358 inde
1059 4310 1411 4366 sacratissimo
1443 4304 1644 4367 Domini
1675 4331 1916 4384 corpore,
1958 4334 2041 4373 om
2062 4351 2074 4357 -

528 4392 685 4449 nibus
706 4396 885 4449 osculo
903 4397 1139 4463 praebito,
1170 4410 1283 4453 orat
1310 4412 1363 4454 ut
1382 4405 1657 4459 charitatis
1679 4406 1848 4461 ollicia
1867 4414 2070 4477 corpori

529 4485 849 4552 impendant.
888 4486 1065 4554 Itaque
1089 4490 1483 4554 promissionem
1506 4498 1774 4552 cmlestem
1804 4517 1923 4555 mox
1954 4505 2071 4559 finis

527 4585 841 4645 prosecutus
878 4576 986 4640 est,
1030 4579 1336 4651 felicemque
1367 4586 1589 4640 obtinuit
1618 4590 1830 4655 exitum,
1888 4610 2076 4664 magno

528 4665 606 4719 sui
630 4665 892 4719 desiderio
911 4669 1277 4735 superstitibus
1304 4674 1571 4730 derelicto.
1618 4676 1764 4732 Hunc
1786 4682 1919 4733 enim
1952 4699 2074 4737 san-

529 4764 731 4809 ctorum
757 4755 1133 4811 Hemunerator
1166 4767 1385 4827 posteris
1412 4768 1573 4821 voluit
1594 4771 1835 4838 exemplo
1860 4787 1994 4836 esse,
2021 4786 2076 4828 ut

526 4842 739 4919 qui“
750 4862 995 4902 coronam
1016 4859 1136 4904 ante
1155 4852 1347 4906 exitum
1363 4859 1668 4922 promissam
1685 4867 2072 4932 cognovissent,

523 4934 645 5001 ejus
672 4938 909 5004 puritatis
951 4947 1002 4991 et
1028 4940 1298 5008 religionis
1329 4944 1379 4997 in
1412 4950 1653 5004 omnibus
1704 4952 1991 5009 imitatores
2019 4970 2077 5010 se

527 5026 839 5091 praberent.
896 5028 1087 5084 Fuerat
1114 5034 1154 5085 is
1175 5048 1203 5085 a
1231 5049 1391 5103 puero
1419 5040 1518 5091 sub
1547 5040 1821 5109 disciplina
1852 5047 2073 5114 regulari

526 5118 782 5177 eruditus,
811 5117 907 5170 sub
921 5116 1241 5179 Columbano
1262 5142 1290 5179 a
1313 5130 1503 5182 saeculo
1529 5144 1828 5201 conversus,
1856 5138 2075 5206 simplex

528 5216 585 5257 et
608 5209 749 5261 omni
782 5208 1014 5263 bonitate
1050 5212 1186 5267 inter
1214 5218 1402 5273 fratres
1424 5224 1752 5291 conspicuus,
1780 5226 2073 5284 obedientia

531 5303 587 5346 et
619 5298 868 5363 religione
901 5300 1119 5367 pollens,
1152 5304 1391 5375 denique,
1417 5311 1561 5377 juxta
1593 5312 1735 5365 Pauli
1762 5321 2071 5373 sententiam

530 5384 579 5453 (Ι
620 5388 736 5439 Cor.
763 5393 853 5457 iv),
890 5392 1081 5445 malitia
1108 5396 1319 5450 omnino
1347 5403 1608 5467 parvulus.
1651 5404 1781 5469 Quid
1810 5410 1947 5460 enim
1976 5414 2070 5464 sibi

558 5516 754 5609 —-'I_§§'
776 5516 1066 5609 399049“?
1098 5534 1151 5609 ‘é‘
1178 5526 1533 5609 ῑξθυξῖθείιθτίίν
1560 5533 1886 5609 άμοτξιηιιιρθ
1914 5554 2069 5609 supe-

525 5586 1003 5676 rioruni‘niilerolvei.
1020 5605 1069 5673 et
1097 5586 1568 5676 agibodi,_uecnon
1594 5586 2071 5676 Lcobardiide'qdo

524 5662 730 5723 postea)
748 5655 1039 5713 'frauslatio
1054 5666 1102 5718 in
1120 5655 1381 5738 liiartyrol.
1410 5670 1601 5727 Bencd.
1627 5655 2065 5746 ééiét'riiiiiiiilﬁ

2198 1875 2316 1915 cum
2350 1863 2606 1931 poposcit.
2676 1863 2790 1946 Quo
2813 1875 3052 1937 accepto,
3082 1871 3425 1940 antiplionam
3453 1889 3563 1944 ipse
3590 1877 3748 1946 impo-

2197 1952 2302 2006 suit
2346 1952 2413 2006 ita
2444 1954 2655 2008 dicens:
2686 1944 2841 2010 Ibunt
2885 1962 3047 2013 amicti
3095 1964 3156 2014 de
3196 1964 3384 2017 virtute
3418 1969 3468 2020 in
3509 1944 3745 2031 vinctam,

2199 2045 2447 2099 videbitur
2476 2046 2613 2101 Deus
2642 2049 2852 2102 deorum
2880 2052 2932 2105 in
2963 2052 3089 2106 Sion
3121 2044 3288 2125 (Paul.
3319 2060 3565 2129 uxxm);
3597 2060 3747 2117 abso-

2202 2136 2416 2204 lutaque
2445 2138 2743 2205 antiphona:
2789 2142 3040 2207 melodia,
3068 2145 3216 2199 laztus
3249 2146 3303 2201 et
3332 2165 3528 2203 summa
3578 2150 3746 2207 hilari-

2201 2233 2309 2277 tate
2339 2224 2587 2292 refertus,
2637 2232 2863 2283 animam
2918 2232 3144 2287 reddidit
3193 2228 3449 2302 Creatori,
3508 2251 3561 2293 ut
3610 2242 3748 2296 nobis

2199 2315 2283 2385 qui
2325 2330 2606 2386 praesentes
2637 2336 2847 2377 eramus
2892 2336 3073 2392 aperte
3113 2326 3293 2381 liceret
3323 2329 3611 2399 intelligere
3637 2348 3747 2387 eum

2198 2411 2262 2465 de
2288 2412 2451 2480 gloria
2497 2414 2699 2469 caelesti
2744 2428 2796 2470 ct
2845 2418 3104 2484 promisso
3145 2422 3363 2487 praemio
3414 2438 3574 2491 usque
3624 2424 3747 2478 adeo

2195 2506 2509 2560 exsultasse.

2266 2592 2353 2649 91.
2404 2597 2551 2649 Alius
2582 2598 2870 2652 monachus
2898 2600 2994 2653 sub
3015 2600 3202 2656 abbate
3246 2598 3502 2671 Bertulfo,
3545 2608 3749 2664 nomine

2199 2684 2607 2751 Daudacharius,
2631 2704 2747 2743 cum
2769 2698 3006 2759 tempore
3027 2694 3306 2749 vindemia:
3330 2698 3603 2766 deputatus
3618 2712 3748 2755 esset

2198 2779 2363 2830 vineae
2391 2781 2769 2848 custodiendas,
2796 2800 2861 2837 ne
2890 2800 2951 2839 ea
2980 2784 3045 2840 ab
3076 2788 3259 2842 avibus
3284 2800 3336 2844 et
3369 2792 3543 2847 bestiis
3577 2794 3744 2862 aliqua

2199 2871 2387 2940 injuria
2417 2873 2494 2926 vel
2524 2873 2843 2930 detrimento
2868 2877 3189 2947 alficere;ur,
3243 2884 3416 2936 evenit
3443 2895 3497 2938 ut
3541 2887 3745 2956 triginta

2195 2964 2384 3019 fratres
2433 2968 2670 3037 ejusdem
2703 2970 2870 3026 vinea:
2912 2968 3117 3027 tuendae
3146 2990 3304 3030 causa
3336 2994 3398 3031 eo
3428 2980 3741 3035 advenirent.

2196 3055 2287 3111 lile
2313 3074 2437 3127 ergo
2464 3060 2721 3116 cbaritate
2751 3063 2934 3131 plenus
2960 3076 3075 3119 orat
3106 3078 3161 3121 ut
3202 3069 3308 3122 illic
3356 3080 3474 3138 post
3523 3074 3745 3128 laborem

2146 3138 2165 3167 '
2195 3146 2333 3201 fessa
2364 3150 2598 3205 mcnibra
2630 3153 2892 3221 reficiant,
2915 3172 3031 3211 cum
3053 3159 3178 3212 nihil
3202 3160 3343 3213 aliud
3364 3162 3571 3217 haberet
3598 3180 3744 3232 quam

2191 3254 2373 3306 parum
2425 3244 2572 3308 panis
2611 3259 2767 3312 quem
2812 3246 2862 3298 in
2906 3262 3029 3300 suos
3080 3263 3201 3301 usus
3251 3256 3429 3304 secum
3483 3256 3741 3309 attulerat.

2186 3331 2513 3413 Ubjurgante
2543 3346 2717 3389 autem
2744 3351 2863 3391 eum
2894 3341 3175 3406 pril‘pflSiIO
3207 3341 3515 3411 dicenteque
3542 3360 3611 3400 ne
3630 3348 3742 3415 quid

2187 3422 2288 3476 tale
2318 3406 2619 3489 attentaret,
2652 3426 3077 3494 quandoquidem
3132 3446 3292 3499 panes
3342 3433 3605 3490 conﬁcere
3644 3452 3739 3491 non

2185 3523 2378 3581 posset,
2408 3516 2492 3570 ille
2540 3516 2609 3569 ait
2647 3533 2657 3566 :
2694 3517 2871 3586 Larga:
2900 3533 3103 3573 mecum
3145 3523 3304 3589 dapes
3352 3536 3511 3591 sunt,
3559 3526 3740 3595 quibus

2182 3608 2383 3673 possint
2422 3609 2578 3662 etiam
2624 3609 2799 3677 plures
2844 3610 3045 3664 satiari.
3121 3611 3411 3681 Praeposito
3454 3616 3739 3673 sciscitante

2180 3708 2423 3761 quaenam
2446 3696 2548 3750 illa:
2576 3696 2681 3750 sint
2705 3698 2884 3767 dapes,
2917 3702 3201 3767 respondet
3225 3712 3434 3757 anatein
3464 3706 3561 3759 sibi
3582 3722 3608 3758 a
3639 3706 3733 3761 Do-

2181 3786 2323 3837 mino
2343 3783 2538 3838 datam.
2572 3782 2702 3839 Tum
2728 3803 2851 3842 vero
2874 3791 3211 3857 prtepositus:
3242 3790 3371 3859 Fac,
3397 3794 3583 3863 inquit,
3611 3798 3737 3851 sicut

2180 3872 2388 3932 dixisti.
2419 3876 2597 3929 Divisit
2626 3877 2798 3946 itaque
2812 3888 3020 3933 anatent
3049 3880 3563 3952 triginta'fratribus;
3590 3898 3738 3959 atque

2179 3965 2310 4019 adeo
2338 3966 2412 4019 illi
2439 3967 2680 4022 exsatiati
2723 3970 2862 4035 sunt,
2913 3982 2967 4024 ut
2995 3969 3229 4027 dicerent
3272 3991 3333 4031 se
3363 3992 3627 4046 nunquam
3665 3981 3730 4036 ita

2177 4057 2295 4111 cibo
2326 4059 2567 4126 expletos
2600 4059 2784 4117 fuisse.
2840 4064 2996 4117 Auxit
3024 4065 3168 4119 enim
3198 4066 3329 4123 ﬁdes
3355 4072 3499 4138 quod
3528 4073 3735 4141 dapibus

2134 4176 2139 4182 -
2176 4146 2375 4201 deerat.

2619 4236 2684 4275 DE
2727 4238 2995 4279 LEOPABDO
3024 4240 3290 4287 101⁵(ΑοΗο-

2244 4306 2332 4360 22.
2359 4309 2876 4383 Leopardusquoque
2898 4302 3185 4373 monachus
3197 4320 3301 4373 alio
3314 4330 3554 4393 tempore
3578 4327 3731 4381 vineae

2179 4404 2383 4453 tuendae
2410 4402 2687 4469 deputatus
2717 4406 2915 4461 invenit
2944 4408 3267 4477 vulpecuiatn
3299 4414 3509 4471 botrum
3543 4433 3724 4473 voran-

2182 4498 2305 4542 tcm.
2353 4492 2518 4555 Quam
2550 4494 2832 4563 objurgans
2857 4500 3018 4550 minis
3046 4500 3315 4556 intentatis
3348 4505 3507 4571 jussit
3534 4522 3602 4562 ne
3628 4523 3729 4561 am-

2182 4582 2316 4648 plius
2344 4585 2549 4637 vineam
2578 4587 2878 4656 attingeret.
2937 4589 3042 4645 Sed
3070 4606 3188 4646 Cum
3214 4595 3303 4650 ille
3322 4598 3559 4666 abiisset,
3589 4593 3726 4657 furax

2176 4674 2395 4729 bestiola
2436 4677 2589 4732 rediit
2617 4680 2679 4733 ad
2710 4685 2998 4752 ca‘rpeudas
3046 4702 3204 4741 uvas:
3248 4705 3378 4757 quas
3425 4694 3515 4747 ubi
3557 4706 3727 4751 contra

2174 4764 2311 4819 illius
2328 4769 2725 4835 prohibitionem
2748 4775 2992 4841 gustavit,
3020 4775 3253 4833 haerente
3273 4781 3326 4833 in
3340 4797 3433 4838 ore
3444 4781 3564 4841 cibo
3579 4790 3728 4850 vetito

2173 4863 2424 4916 exstincta
2456 4875 2573 4928 est;
2614 4880 2838 4933 moxque
2860 4868 3161 4939 Leopardus
3190 4878 3479 4932 mouachus
3527 4887 3725 4940 vineam

2174 4953 2345 5004 studio
2385 4954 2718 5021 circumiens,
2750 4960 2944 5025 reperit
2996 4963 3203 5031 vulpem
3230 4976 3492 5020 mortuam
3538 4968 3593 5022 in
3637 4979 3724 5021 ore

2176 5042 2465 5107 prohibitos
2497 5056 2760 5102 tenentem
2790 5050 2960 5105 cibos.

2244 5133 2329 5186 223.
2362 5136 2477 5190 Alio
2506 5147 2738 5206 tempore
2764 5141 2951 5195 eodem
2980 5141 3251 5212 Leopar‘do
3293 5160 3417 5203 cum
3457 5148 3719 5213 Meroveo.

2173 5228 2321 5293 cujus
2341 5243 2495 5296 supra
2516 5232 2736 5290 fecimus
2747 5238 3086 5304 mentionem,
3116 5250 3261 5311 septa
3286 5244 3458 5299 vineae
3477 5259 3542 5300 ex
3563 5248 3692 5302 abba

2177 5318 2240 5370 tis
2273 5320 2491 5385 imperio
2520 5320 2854 5392 defendente,
2886 5327 3124 5385 arborem
3153 5332 3325 5386 securi
3367 5336 3720 5401 succiderunt,

2174 5412 2332 5464 ramis
2364 5426 2537 5480 sepem
2570 5415 2876 5473 densarunt.
2929 5421 3161 5492 Dumque
3190 5424 3434 5484 arborem
3466 5439 3626 5485 totam
3646 5445 3721 5483 ra-

2170 5545 2714 5687 gﬁlgjnilléssifuptemb”
2744 5551 2849 5618 ubi,
2875 5567 2966 5622 pro
2981 5553 3258 5624 Leobardi,
3273 5554 3523 5617 cerruote
3542 5557 3720 5617 Leom-
