3880 6236
559 349 580 399 1
592 349 689 401 07!

556 565 616 598 ex
651 547 823 615 regula
853 543 988 596 beati
1015 537 1326 595 Culumbani
1350 535 1491 590 oumi
1521 535 1806 588 intentione
1842 543 1895 586 et
1929 532 2102 585 devo-

559 639 700 692 tione
747 640 1154 694 construxerat,
1209 638 1398 698 quanta
1436 638 1488 680 et
1538 625 1706 694 qualia
1757 623 1882 678 inibi
1925 637 2103 675 rerum

553 726 708 780 Sator
733 720 800 779 ob
830 723 1142 776 famularum
1173 731 1385 772 suarum
1419 714 1708 770 hortamina
1735 714 1986 782 dignatus
2015 718 2096 763 est

553 820 917 874 demonstrare
943 813 1218 868 miracula.
1247 812 1376 864 Cum
1421 809 1527 874 jam
1564 809 1701 860 duce
1726 804 1939 858 Christo
1971 802 2105 854 mul-

551 915 721 962 tarum
749 907 1038 975 puellarum
1089 916 1268 957 secum
1315 899 1596 952 adunatam
1627 894 1724 948 sub
1754 893 1983 961 regulari
2017 892 2102 944 di-

547 1004 771 1070 sciplina
801 999 1049 1055 retineret
1076 996 1369 1053 cohortem.
1402 992 1626 1062 quodam
1657 989 1707 1041 in
1739 998 1978 1054 tempore
1999 998 2101 1037 una

546 1107 577 1146 e
605 1090 874 1159 subjectis,
907 1086 1117 1142 nomine
1143 1083 1429 1141 Sisetrudis
1454 1089 1508 1141 ⁸,
1541 1078 1809 1134 celleraria
1841 1083 2105 1129 monaste-

550 1184 636 1249 rii,
665 1183 861 1236 exitum
886 1181 1004 1232 vitae
1035 1192 1129 1246 per
1157 1174 1530 1232 revelationem
1559 1169 1835 1238 cognovit,
1871 1167 2103 1235 quadra-

549 1275 799 1341 gintaque
829 1271 1030 1323 dierum
1058 1267 1226 1334 spatio
1255 1263 1556 1329 interjecto,
1599 1274 1702 1327 quo
1739 1259 1837 1312 iter
1888 1263 2100 1322 pararet

542 1361 831 1423 admonita,
865 1373 1037 1411 mores
1066 1357 1377 1425 corrigeret,
1412 1355 1568 1404 vitam
1599 1349 1937 1411 emendaret,
1965 1357 2016 1399 et
2045 1361 2103 1399 se

545 1463 602 1504 ut
630 1451 680 1504 in
706 1449 951 1503 omnibus
981 1455 1214 1516 paratam
1241 1443 1432 1496 habeat
1462 1441 1713 1505 imperat.
1745 1439 2104 1491 Transierunt

542 1541 751 1610 triginta
785 1549 838 1593 et
875 1548 1078 1604 s;,ptem
1129 1536 1241 1588 dies
1287 1534 1342 1585 in
1386 1533 1523 1585 enini
1565 1529 1814 1596 religione
1867 1525 2100 1594 peracti,

540 1631 741 1700 jejunio
783 1639 837 1683 et
872 1628 1112 1682 oratione
1152 1639 1270 1678 cum
1303 1623 1483 1675 ﬂuenti
1515 1623 1864 1687 lacrymarum
1906 1617 2100 1680 vigilia--

543 1736 761 1790 rumque
791 1719 974 1772 labore
1003 1730 1192 1784 corpus
1223 1714 1525 1770 attriverat,
1560 1719 1618 1762 ut
1659 1709 1859 1761 facilius
1895 1708 2098 1758 venturi

1656 328 1844 385 ,10Νῶ
1882 327 1969 382 ΑΒ
1982 321 2177 379 BATIS
2213 324 2651 400 ELNONENSIS.

561 465 763 510 morato
794 448 1220 519 Burgundofaraz,
1247 445 1387 514 quod
1411 444 1692 498 Evoriacas
1721 450 1936 504 vocant,
1967 438 2104 508 quod
2139 437 2187 494 Λ

3603 339 3726 394 ΝΗ.

2821 441 3043 497 CAPUT
3083 443 3145 496 ll.

2386 531 2462 585 De
2491 536 2860 588 conversatione
2894 533 3172 588 (iibitrudis
3204 544 3249 587 et
3277 537 3393 588 vita:
3421 536 3568 591 exitu.

2277 622 2328 675 ’5.
2370 623 2587 693 Aliaque
2613 640 2798 686 rursus
2823 625 3054 692 posthaec
3076 627 3244 680 oritur
3265 628 3574 686 exhortatio.
3597 631 3728 698 Qua-

2207 711 2326 764 dam
2354 711 2547 766 etenim
2581 715 2726 783 virgo
2755 714 3046 770 Gibitrudis
3076 703 3312 778 nomine.
3337 734 3524 786 genere
3551 729 3598 774 et
3621 727 3728 779 reli-

2207 799 2361 871 gione
2405 802 2633 873 nobilis,
2686 807 3046 874 supradictum
3087 810 3388 864 emnobium
3438 825 3664 867 conversa
3704 832 3728 867 a

2206 893 2398 946 saeculo
2430 896 2609 962 petiit,
2640 913 2796 965 quam
2829 901 2973 954 velut
3002 916 3188 955 munus
3216 913 3421 971 gratum
3451 918 3603 957 ovans
3631 922 3732 960 mo—

2209 984 2422 1037 nasterii
2457 986 2619 1041 Mater
2649 987 3042 1058 Burgundofara
3085 995 3303 1060 recepit.
3355 993 3480 1045 Erat
3517 995 3643 1048 enim
3687 997 3727 1048 ei

2209 1075 2666 1144 consanguinitate
2717 1081 3001 1146 proxima:
3051 1097 3168 1148 qua:
3217 1083 3345 1134 tanti
3392 1082 3584 1135 ardoris
3629 1084 3732 1150 igne

2206 1168 2544 1232 etierbuerat,
2571 1177 2627 1221 ut
2654 1171 2704 1223 in
2728 1170 2971 1224 omnibus
2996 1171 3161 1224 sancti
3183 1171 3407 1240 Spiritus
3431 1175 3585 1240 gratia
3609 1171 3651 1224 in
3677 1188 3731 1225 ea

2204 1257 2468 1311 videretur
2497 1260 2738 1328 flagrare.
2789 1261 2916 1314 Nam
2955 1276 3075 1315 cum
3105 1262 3278 1316 adhuc
3308 1246 3520 1330 paterna
3549 1263 3729 1316 detine-

2207 1362 2351 1404 retur
2378 1353 2558 1413 domo,
2589 1361 2640 1404 et
2666 1351 2869 1416 Spiritu
2902 1361 3086 1405 sancto
3115 1363 3365 1405 monente
3394 1367 3451 1405 se
3481 1353 3627 1405 cultui
3654 1366 3730 1406 re-

2204 1441 2414 1511 ligionis
2443 1443 2620 1494 dicare
2651 1444 2846 1507 vellet,
2900 1444 3125 1510 postulat
3166 1451 3367 1509 patrem
3401 1453 3730 1510 matremque,

2208 1542 2258 1584 ut
2292 1531 2388 1584 sibi
2419 1534 2707 1585 oratorium
2736 1548 2842 1602 quo
2872 1549 2966 1586 suo
2993 1533 3263 1587 Coudilori
3294 1534 3563 1588 exhiberet
3588 1534 3731 1586 famu-

2207 1624 2367 1676 latum
2393 1632 2780 1679 censtruerent.
2812 1623 2914 1678 Sed
2947 1639 3064 1677 cum
3097 1640 3236 1692 aegre
3269 1633 3510 1692 parentes
3536 1623 3730 1681 ferrent.

2202 1725 2353 1768 erant
2380 1717 2520 1769 enim
2552 1716 2708 1769 ambo
2737 1731 2801 1769 ex
2833 1731 3028 1784 genere
3055 1716 3378 1768 Francorum
3413 1715 3623 1779 nobiles,
3647 1727 3734 1768 nec

539 1810 740 1864 itineris
771 1811 908 1862 viam
937 1809 1189 1874 aperiret.
1237 1802 1506 1863 Venerunt
1552 1815 1678 1869 ergo
1718 1800 1823 1850 duo
1869 1798 2093 1865 juvenes
2127 1801 2171 1855 B
2203 1822 2416 1873 prorsus
2446 1822 2509 1860 ρο
2539 1807 2732 1860 itinere
2761 1807 2899 1873 quad
2938 1806 3002 1858 ad
3044 1821 3200 1872 regna
3241 1806 3483 1874 paducil
3509 1805 3732 1858 (ιωιοηιιη

539 1901 749 1957 candidi
778 1896 1164 1961 circutnamicti
1213 1895 1362 1946 stolis
1411 1893 1638 1945 animam
1679 1905 1708 1942 a
1745 1903 1969 1956 corpore
2011 1901 2091 1940 se-

538 2003 833 2064 gregantes,
882 2005 1103 2044 vacuum
1163 1989 1394 2041 ferentes
1442 1999 1534 2052 per
1577 1996 1793 2047 aerem,
1827 1994 1888 2032 ac
1920 1977 2098 2031 multis

537 2086 952 2141 discussiouibus
1002 2081 1308 2148 inquisitam
1359 2078 1424 2130 ad
1491 2076 1656 2129 caelos
1711 2075 2049 2139 deportantes
2079 2112 2094 2133 ,

538 2177 946 2243 permistamquc
976 2170 1227 2236 angelicis
1268 2166 1445 2219 choris
1469 2173 1522 2217 et
1549 2163 1944 2216 candidatorum
1985 2173 2098 2212 om—

539 2268 681 2320 nium
715 2267 965 2317 insertam
997 2258 1316 2314 multitudini
1348 2254 1693 2309 cohortantur
1724 2252 1872 2306 laetos
1906 2262 2096 2318 capere

538 2357 603 2408 de
631 2354 824 2406 saeculo
852 2344 1428 2416 triumphos.'(‘.umque
1469 2344 1577 2412 jam
1615 2354 1780 2395 ovans
1809 2337 1955 2392 uberi
1999 2352 2094 2389 ex-

538 2444 821 2501 Sultatione
850 2444 985 2494 inter
1013 2448 1208 2493 aeterna
1244 2437 1426 2505 gaudia
1475 2434 1750 2485 haberetur
1780 2443 1990 2494 secura,
2043 2435 2098 2481 et

538 2537 794 2603 virginum
824 2533 1000 2587 choris
1042 2532 1237 2582 inserta
1278 2523 1554 2579 excellenti
1595 2522 1760 2590 gloria
1804 2519 2095 2588 tripudians

538 2626 810 2694 gauderet,
838 2633 891 2677 et
919 2632 1040 2674 ante
1064 2627 1400 2686 conspectum
1426 2613 1700 2668 clementis
1725 2611 1925 2667 Judicis
1956 2619 2094 2662 asta-

539 2727 657 2779 ret,
699 2714 912 2781 jubetur
941 2713 1115 2764 denuo
1146 2708 1344 2762 traduci
1377 2707 1426 2758 in
1456 2719 1668 2772 corpus,
1715 2712 1767 2756 et
1813 2703 1967 2756 tertio
2005 2701 2094 2754 die

539 2805 715 2857 denuo
744 2803 938 2856 redire.
981 2803 1057 2855 Ad
1086 2815 1277 2867 corpus
1309 2815 1516 2866 rursum
1549 2797 1803 2850 revehunt
1833 2796 2096 2863 imperan-

539 2906 640 2959 tes,
674 2903 729 2947 ut
756 2908 816 2946 se
847 2893 1059 2946 uberius
1089 2903 1326 2958 paratam
1354 2902 1474 2960 post
1506 2891 1733 2943 triduum
1766 2888 1989 2952 habeat,
2036 2893 2094 2939 ut

543 2984 885 3051 quadraginta
916 2983 1120 3036 dierum
1150 2982 1379 3034 circulus
1407 2981 1706 3047 impleatur.

603 3077 657 3129 2.
701 3075 931 3128 Reversa
987 3075 1161 3140 itaque
1211 3071 1262 3125 in
1312 3085 1532 3137 corpore
1583 3070 1799 3122 Matrem
1850 3063 2090 3144 vocavit,

2201 1899 2506 1950 nitebantur
2553 1897 2793 1966 ingredi,
2847 1897 2938 1951 sed
2985 1895 3151 1951 fulciri
3205 1897 3371 1964 magis
3420 1894 3733 1948 saecularibus

2198 1988 2572 2041 desiderabant
2603 1987 3031 2056 phaleramcntis,
3065 1997 3118 2040 et
3146 1986 3213 2040 ob
3245 1987 3345 2040 hoc
3375 1986 3603 2039 sobolem
3628 1998 3731 2038 ma-

2200 2078 2274 2145 gis
2324 2076 2693 2131 desiderabant
2741 2092 2771 2132 e
2821 2078 2964 2142 filia,
3019 2091 3172 2144 quam
3225 2091 3321 2130 sua
3374 2076 3510 2130 coelo
3556 2076 3736 2128 tradere

2199 2171 2436 2233 tignora.
2471 2167 2574 2222 Sed
2606 2184 2721 2219 rum
2756 2168 3056 2220 nullatenus
3087 2167 3271 2233 puellte
3301 2166 3536 2219 animum
3562 2164 3625 2219 ab
3647 2165 3735 2219 hac

2199 2256 2492 2308 intentione
2536 2256 2813 2308 immutare
2852 2253 3126 2318 valerent,
3178 2253 3602 2321 obtemperantes
3637 2253 3738 2320 ejus

2205 2347 2360 2410 votis,
2395 2360 2608 2409 parvum
2637 2345 2920 2398 admodum
2949 2345 3216 2397 oraculum
3248 2352 3580 2398 construunt.
3607 2342 3735 2408 Quod

2202 2453 2321 2491 cum
2354 2438 2436 2491 die
2469 2446 2734 2504 noctuque
2762 2437 2930 2504 puella
2963 2437 3351 2504 frequentaret,
3394 2439 3552 2504 cmpit
3575 2445 3737 2490 contra

2202 2544 2316 2581 eam
2348 2527 2522 2581 callidi
2557 2527 2720 2579 hostis
2749 2527 2976 2581 versutia
3005 2527 3109 2579 tela
3135 2529 3339 2592 jacere,
3382 2541 3738 2596 aggressusque

2201 2629 2399 2690 est‘pcr
2426 2619 2653 2685 bajulam
2685 2617 3054 2684 impedimenta
3087 2633 3287 2683 parare,
3316 2633 3378 2670 ac
3407 2635 3473 2671 ne
3503 2629 3556 2670 ut
3581 2630 3738 2670 orato-

2196 2709 2331 2761 rium
2360 2709 2720 2772 frequentaret
2748 2707 3050 2774 prohibere.
3080 2707 3180 2761 Sed
3209 2723 3325 2762 cum
3353 2723 3412 2761 se
3441 2709 3555 2776 angi
3584 2708 3740 2776 puella

2195 2809 2464 2862 cerneret,
2506 2798 2672 2866 carpit
2696 2797 2997 2852 Conditoris
3025 2798 3355 2852 clementiam
3385 2813 3644 2866 qttmrere,
3693 2805 3742 2850 et

2195 2907 2312 2960 qua:
2344 2891 2544 2964 [For-te,
2577 2888 2665 2961 ne]
2697 2893 2793 2944 sibi
2828 2891 3172 2958 frequentiam
3204 2891 3388 2944 orandi
3420 2889 3734 2958 prohiberet,

2195 2992 2352 3049 atque
2383 2982 2557 3035 lumen
2587 2984 2781 3034 anima:
2800 2981 2959 3035 vellet
2987 2981 3347 3050 exstinguere,
3376 2982 3486 3049 ipsa
3507 2984 3579 3035 ab
3601 2991 3741 3036 teter-

2198 3084 2268 3125 no
2296 3071 2611 3137 privaretur.

541 3179 856 3230 omnemque
878 3163 1188 3214 famularum
1221 3160 1316 3214 Dei
1347 3170 1610 3214 catervam
1639 3167 1881 3223 precatur
1906 3166 1961 3207 ut
1988 3154 2096 3206 suis
2121 3129 2168 3194 (ἶ
2269 3161 2320 3212 li.
2363 3161 2468 3213 Nec
2509 3170 2708 3215 morata
2737 3161 2908 3215 divina
2941 3163 3145 3229 pietas:
3190 3177 3311 3216 mox
3344 3163 3527 3216 dolore
3555 3165 3727 3217 oculo-

540 3255 870 3311 orationibus
911 3254 957 3306 ei
999 3253 1232 3305 solamen
1263 3250 1468 3303 ferant:
1517 3259 1625 3303 tres
1654 3248 1821 3301 adhuc
1854 3246 1967 3300 dies
1997 3246 2096 3299 sibi

542 3348 660 3399 vitae
706 3353 897 3399 metam
947 3357 1250 3398 concessam
1283 3339 1445 3395 fuisse
1477 3350 1717 3395 testatur.
1769 3337 2098 3392 Atlveniente

541 3436 695 3505 igitur
723 3435 808 3490 die
839 3435 992 3489 tertia
1034 3434 1250 3487 Matrem
1293 3432 1478 3486 adesse
1523 3431 1789 3499 postulat,
1838 3442 2097 3496 suumque

541 3527 739 3580 exitum
790 3533 847 3576 ut
895 3536 1080 3576 Omnes
1121 3531 1428 3589 exspectent
1474 3529 1734 3586 precatur.
1790 3517 2100 3570 Astautibus

543 3619 719 3680 itaque
757 3612 1000 3666 omnibus
1029 3610 1150 3664 vita:
1180 3613 1377 3663 exitum
1427 3618 1478 3661 et
1521 3608 1758 3675 corporis
1789 3606 2096 3672 sospitatem

544 3705 929 3773 pollicentibus,
958 3716 1052 3755 nec
1079 3703 1128 3755 in
1157 3701 1431 3769 propatulo
1457 3699 1648 3752 habere
1674 3698 1866 3750 dictum
1899 3706 2098 3748 testan-

544 3794 679 3846 tibus
705 3833 720 3858 ,
772 3795 853 3845 illa
895 3791 1150 3858 conSpicit
1178 3791 1311 3844 duos
1338 3794 1552 3857 juvenes
1583 3786 1828 3858 superius
1857 3787 1998 3839 visos
2028 3786 2096 3838 ad

545 3898 604 3935 se
635 3882 832 3944 venire,
864 3891 915 3932 et
942 3883 984 3931 si
1010 3879 1115 3946 jam
1147 3879 1287 3932 abire
1318 3879 1494 3942 vellet,
1527 3877 1874 3929 sciscitantes.
1908 3873 1974 3926 At
2006 3872 2098 3925 illa

543 3989 750 4028 ovans:
785 3972 1013 4035 Vadam,
1046 3971 1247 4039 inquit,
1281 3971 1428 4033 hinc,
1471 3971 1664 4022 domini
1709 3968 1840 4028 mei,
1875 3966 2060 4016 vadam
2088 4003 2102 4028 ,

545 4081 640 4116 nec
667 4063 891 4129 amplius
919 4062 970 4114 in
1001 4065 1097 4113 hac
1124 4063 1230 4112 vita
1263 4059 1508 4113 mrumnis
1543 4059 1690 4125 plena
1723 4057 1977 4117 detinear,
2003 4054 2098 4108 sed

547 4155 706 4206 fulva:
735 4154 837 4205 luci
872 4154 936 4206 de
964 4167 1065 4221 qua
1095 4153 1223 4205 redii
1253 4152 1461 4205 reddar.
1484 4150 1807 4204 'Sciscitante
1835 4163 1959 4216 ergo
1992 4147 2101 4199 Ma-

559 4255 638 4297 tre
692 4243 1083 4310 Burgundol‘ara
1129 4244 1316 4311 quibus
1367 4241 1484 4294 talia
1532 4242 1866 4307 depromeret
1913 4241 2092 4294 dicta:

554 4335 703 4398 Non,
751 4337 948 4403 inquit,
995 4334 1160 4387 cernis
1187 4336 1328 4387 viros
1356 4334 1485 4386 stola
1518 4333 1722 4386 indutos
1753 4341 1925 4384 astare
1946 4373 1960 4397 ,
2008 4330 2095 4399 qui

2201 3267 2314 3304 rum
2339 3252 2580 3318 perculsa
2607 3253 2906 3306 necessario
2926 3256 3093 3307 caruit
3125 3254 3343 3314 lumine,
3365 3256 3736 3324 geminavitque

2200 3353 2474 3409 parentum
2507 3353 2705 3397 metum
2737 3343 2945 3396 Arbiter
2973 3343 3210 3397 clemens
3234 3381 3248 3405 ,
3302 3353 3602 3411 patremque
3636 3343 3741 3411 ejus

2201 3433 2440 3487 febribus
2469 3435 2742 3501 cerrtpuit.
2798 3434 2894 3498 Qui
2927 3435 3166 3502 quamvis
3198 3433 3474 3488 nobilitate
3514 3445 3707 3486 tumens
3728 3475 3741 3499 ,

2203 3534 2377 3576 tamen
2409 3539 2471 3576 ex
2507 3524 2624 3578 ruite
2661 3525 2908 3592 exemplo
2950 3525 3056 3592 jam
3089 3527 3151 3579 ad
3185 3528 3427 3580 timorem
3457 3525 3614 3579 divini
3644 3525 3744 3579 cul-

2203 3623 2285 3668 tus
2317 3615 2639 3682 anhelabat,
2695 3617 3094 3684 postulabatque
3127 3619 3284 3672 tiliam
3315 3628 3370 3671 ut
3397 3634 3492 3687 pro
3520 3619 3742 3687 genitore

2203 3705 2481 3761 Dominum
2513 3717 2628 3762 oret
2655 3752 2669 3776 ,
2721 3720 2776 3762 et
2804 3709 2847 3761 si
2875 3710 3113 3776 sospitati
3149 3725 3240 3775 per
3271 3711 3389 3778 ejus
3420 3709 3740 3762 intercessio-

2205 3812 2322 3850 nem
2372 3799 2664 3859 reddatur,
2715 3799 2765 3850 in
2815 3787 3059 3851 omnibus
3103 3815 3160 3851 se
3203 3809 3325 3866 post
3365 3800 3480 3868 ejus
3506 3799 3745 3853 voluntati

2207 3888 2524 3950 pariturum.
2576 3889 2682 3941 Nec
2729 3888 2895 3942 defuit
2943 3889 3166 3941 ﬁdeliter
3211 3891 3447 3956 poscenti
3492 3891 3628 3943 salus
3665 3888 3742 3942 diu

2206 3973 2367 4028 dilata
2393 3995 2404 4040 ;
2439 3988 2721 4046 amotoque
2752 3979 2855 4045 igni
2888 3978 3070 4041 febris,
3100 3981 3332 4046 pristinae
3365 3991 3449 4034 cst
3477 3995 3589 4034 mox
3613 3982 3747 4050 geni-

2209 4078 2292 4122 tor
2324 4070 2566 4123 redditus
2602 4071 2844 4134 sanitati,
2882 4087 2944 4125 ac
2969 4073 3222 4137 deinceps
3254 4074 3424 4139 puella
3456 4075 3670 4142 postulat
3696 4077 3746 4124 ut

2207 4159 2272 4211 ad
2319 4161 2674 4227 supradictum
2704 4161 3002 4213 coenobium
3036 4161 3219 4214 venire
3248 4173 3427 4227 queat.
3482 4164 3591 4227 Quo
3637 4176 3740 4213 cum

2208 4250 2365 4301 vitam
2418 4250 2718 4318 religiosam
2753 4251 3031 4317 permulta
3083 4267 3338 4305 annorum
3385 4254 3552 4319 spatia
3595 4267 3742 4321 pcre-

2209 4343 2369 4409 gisset
2393 4383 2406 4403 ,
2461 4343 2639 4397 evenit
2669 4353 2722 4396 ut
2752 4343 2975 4410 quodam
3011 4343 3063 4396 in
3095 4356 3334 4412 tempore
3366 4346 3575 4410 praefata
3621 4343 3745 4396 Bur-

554 4443 640 4482 me
672 4428 1047 4481 nudiustertius
1079 4426 1140 4479 ad
1169 4426 1328 4479 etelos
1358 4435 1604 4480 vexerant
1646 4434 1700 4480 et
1728 4442 1863 4479 nunc
1894 4435 2100 4494 paratos
2213 4433 2498 4501 gundofara
2534 4433 2762 4486 febribus
2808 4436 3182 4498 corriperetur,
3233 4448 3294 4484 ac
3344 4436 3611 4498 prarsentis
3641 4434 3745 4485 vita:

549 4537 669 4577 esse
700 4537 782 4574 me
812 4538 875 4574 eo
908 4523 1094 4574 itinere
1121 4520 1410 4574 reducere?
1443 4519 1642 4573 Miranti
1675 4519 1824 4573 Matri
1852 4528 1903 4574 et
1927 4519 2100 4574 omni-

557 4617 653 4668 bus
695 4615 1181 4668 cireumastantibus
1211 4613 1447 4665 ultimum
1479 4613 1594 4666 vale
1623 4613 1820 4678 dicens,
1852 4614 2097 4682 praesenti

555 4706 662 4758 vita
696 4706 895 4771 privata
937 4715 1036 4756 cst.
1086 4705 1480 4758 intendentibus
1508 4719 1632 4774 ergo
1663 4705 1712 4757 in
1742 4705 1856 4772 ejus
1897 4706 2102 4756 exitum

557 4797 820 4857 omnibus,
854 4796 1045 4848 choros
1074 4795 1337 4861 angelicas
1366 4810 1548 4848 omnes
1577 4793 1795 4848 audiunt
1821 4794 2101 4848 concinere

558 4897 611 4939 et
633 4888 798 4938 dulcia
823 4885 1173 4939 modulamina
1197 4899 1288 4952 per
1302 4900 1421 4937 aera
1441 4886 1663 4949 deferre,
1686 4895 1927 4954 metuque
1949 4885 2109 4937 simul

559 4995 619 5031 ac
652 4979 840 5042 gaudio
867 4992 1049 5030 omnes
1080 4977 1437 5042 procubuere;
1468 4991 1793 5046 egressaeque
1822 4976 1963 5030 foras
1995 4976 2108 5030 cel-

560 5067 721 5117 lulam
750 5080 850 5132 qua
878 5067 1107 5118 excubite
1139 5066 1470 5127 tenebantur,
1497 5075 1739 5131 quantum
1771 5067 1913 5120 auris
1940 5064 2103 5120 valuit

561 5159 786 5209 humana
813 5155 1120 5224 pertingere,
1145 5170 1295 5209 voces
1317 5171 1525 5222 semper
1546 5154 1804 5222 angelicas
1829 5156 2106 5210 audierunt

563 5260 829 5301 canentes.
856 5247 997 5298 Hanc
1023 5246 1238 5311 primam
1266 5231 1417 5314 hujus
1437 5245 1660 5300 cmtiobii
1683 5245 2103 5302 exhortationem

563 5338 812 5391 Dominus
845 5338 1136 5390 l'ainulabus
1165 5340 1272 5388 suis
1301 5339 1463 5391 voluit
1489 5339 1880 5400 demonstrare,
1915 5349 1970 5392 ut
2000 5355 2107 5393 cae—

565 5439 689 5480 terte
714 5443 827 5494 quae
852 5426 1159 5492 superstites
1189 5436 1381 5491 essent,
1410 5428 1553 5482 omni
1581 5429 1868 5482 intentione
1897 5429 1962 5481 ad
1992 5431 2106 5484 cul-

564 5526 676 5568 tum
709 5515 975 5579 religionis
1001 5517 1314 5581 aSpirarent.

633 5631 658 5658 ⁸
683 5622 967 5680 Sisetrudis
991 5642 1142 5685 soror
1168 5625 1267 5684 fuit
1289 5628 1458 5683 beatae
1490 5630 1859 5701 Eartongothte
1886 5633 2019 5702 virg.

2211 4525 2431 4577 nexibus
2461 4525 2770 4578 crederetur
2801 4522 3036 4576 dissolvi.
3069 4523 3194 4588 Qum
3221 4523 3516 4578 Gibitrudis
3540 4537 3744 4578 cernens

2209 4615 2426 4668 Matrem
2460 4616 2762 4668 monasterii
2801 4615 2852 4670 in
2891 4625 3129 4668 extremo
3169 4616 3390 4681 positam
3422 4631 3556 4675 esse,
3589 4615 3745 4668 Domi-

2208 4724 2332 4761 num
2363 4706 2627 4760 flebilibus
2662 4707 2894 4773 postulat
2922 4706 3140 4760 vocibus
3160 4745 3174 4769 ,
3220 4717 3276 4758 ut
3307 4707 3573 4774 antiquam
3602 4705 3738 4758 remi-

2207 4797 2420 4852 niscens
2471 4796 2885 4850 tnisericordiam
2914 4797 3130 4849 Matrem
3164 4793 3296 4846 mori
3326 4809 3427 4848 non
3458 4797 3626 4858 sinat,
3662 4792 3740 4847 sed

2210 4891 2352 4955 prius
2383 4901 2440 4939 se
2471 4887 2689 4954 recipiat
2716 4901 2777 4938 ac
2805 4886 3014 4938 sodales
3042 4900 3163 4937 suas
3189 4888 3326 4939 ctelo
3360 4889 3630 4946 recondat,
3659 4885 3746 4940 sieo

2172 5003 2185 5027 κ
2211 4992 2309 5042 que
2332 4975 2540 5026 demum
2566 4976 2780 5027 Matrem
2804 4974 3050 5041 subsequi
3072 4976 3266 5043 iubeat.
3298 4979 3560 5045 Audilque
3581 4989 3745 5030 vocem

2211 5080 2330 5132 post
2379 5067 2642 5134 lacrymas
2693 5065 2923 5132 desuper
2971 5067 3281 5120 dicentem:
3336 5067 3516 5132 Vade,
3565 5067 3743 5140 famula

2210 5158 2400 5211 Christi
2431 5198 2447 5221 ,
2495 5167 2550 5210 ut
2590 5157 2727 5210 enim
2759 5158 2936 5225 petisti
2964 5151 3260 5212 obtin’uisti.
3308 5157 3394 5210 illa
3423 5161 3618 5212 etenim
3643 5172 3745 5212 ros-

2215 5263 2306 5313 pes
2331 5247 2356 5284 δ
2383 5249 2586 5315 superis
2617 5247 2788 5300 adhuc
2815 5248 3087 5315 jungetur,
3130 5257 3183 5299 tu
3215 5263 3339 5302 vero
3369 5249 3517 5317 prius
3541 5249 3751 5310 curuis

2213 5339 2434 5391 vinrulis
2453 5341 2780 5394 dissolveris.
2815 5340 2920 5392 Nec
2947 5348 3144 5393 morata
3169 5341 3257 5394 diu
3293 5341 3440 5394 febre
3469 5341 3750 5410 corripitur,

2213 5444 2274 5482 ac
2301 5429 2558 5492 supremis
2589 5430 2765 5482 functa
2796 5429 2939 5483 horis
2975 5431 3202 5484 animam
3230 5430 3486 5486 reddidit.
3533 5433 3749 5496 Cumque

2213 5524 2318 5590 jam
2351 5532 2589 5590 suscepta
2623 5524 2690 5575 ab
2715 5522 2914 5592 angelis
2950 5537 3112 5591 super
3138 5523 3336 5577 :ethera
3365 5525 3668 5585 veheretur,
3705 5527 3752 5573 et

2285 5634 2311 5711 ις
2343 5633 2416 5711 ld_
2442 5643 2524 5711 est
2543 5673 2557 5696 ,
2605 5637 2998 5704 superstitibus.
3032 5635 3166 5692 Vide
3201 5637 3410 5709 prolog.
3434 5638 3577 5693 'Vita
3603 5632 3755 5694 sancti

2215 5703 2548 5759 Columbani.
