3820 6334
43 414 152 471 {073

1159 408 1217 480 ξ.
1261 403 1844 463 possumpossum
1887 408 2064 465 vm.

3086 421 3224 478 1074

43 541 138 588 ante
160 525 378 583 tribunal
405 524 594 580 aeterni
621 523 821 581 iudicis
851 526 1019 595 posita
1047 525 1446 580 candidatorum
1474 529 1555 594 (ut

1684 526 1868 582 iietatis
1898 529 2093 593 cultus,
2144 529 2374 586 lenitatis
2418 531 2656 588 allectus.
2707 533 2945 606 Cumque
2974 539 3224 596 omnibus

44 624 130 689 ipsa
152 628 257 685 post
276 615 566 686 referebat)
594 628 839 670 catervas
868 617 1224 683 conspiceret,
1247 631 1565 683 omnemque
1662 630 1808 688 grata
1836 633 1979 674 esset
2007 661 2022 686 ,
2069 626 2251 678 evenit
2285 634 2341 678 ut
2369 636 2550 680 contra
2582 637 2820 685 tenorem
2852 632 3048 700 regula:
3071 633 3100 672 ἲ»
3123 636 3223 688 ali-

46 715 244 767 militiam
288 710 410 765 cmli
462 720 586 763 ante
633 709 856 776 gloriam
909 709 1092 764 aeterni
1141 709 1343 764 Judieis
1394 722 1566 764 astare
1665 711 1788 778 quid
1838 721 2038 780 ageret.
2104 715 2339 785 Cumque
2388 716 2666 788 obiurgata
2715 734 2746 774 a
2797 721 3010 788 praefata
3061 723 3226 780 Matre

42 803 352 870 conspiceret,
377 801 526 855 audit
554 816 582 852 a
612 799 804 854 throno
829 814 1010 855 vocem
1043 799 1341 855 dicentem:
1369 800 1567 855 flever-

46 908 168 964 tcre,
201 895 314 964 quia
345 894 572 961 adplene
605 893 859 947 saculum
892 907 997 947 non
1018 892 1367 962 dereliquisti.
1414 893 1568 948 Scri-

45 1004 162 1059 ptum
200 999 277 1044 est
314 988 455 1044 enim
481 1003 497 1042 :
543 988 672 1039 Date
702 996 748 1040 et
775 987 975 1039 dabitur
1002 986 1138 1039 vobis
1167 985 1319 1052 (Luc.
1354 1001 1421 1046 \‘l,
1451 983 1564 1053 38),

45 1095 86 1136 et
107 1083 212 1136 alibi
238 1082 288 1134 in
313 1084 557 1135 oratione
583 1100 594 1133 :
629 1079 836 1133 Dimitte
861 1079 1006 1132 nobis
1025 1080 1190 1132 debita
1219 1087 1413 1140 nostra,
1441 1077 1566 1128 sicut

44 1187 78 1228 rt
109 1191 189 1228 nos
222 1173 519 1226 dimittimus
547 1172 858 1226 debitoribus
885 1171 1069 1224 nostris
1097 1167 1309 1236 (Matth.
1339 1183 1421 1232 vr,
1454 1167 1566 1236 12).

44 1267 135 1319 Non
159 1267 286 1321 enim
316 1263 562 1318 dimisisti
602 1263 872 1318 sodalibus
901 1271 1090 1323 totum.
1119 1261 1241 1329 quia
1272 1259 1364 1314 tibi
1397 1261 1570 1314 illatas

42 1357 276 1411 molestias
307 1356 610 1420 retinuisti;
660 1354 1004 1408 reminiscere
1051 1364 1103 1405 te
1143 1349 1423 1404 adversum
1463 1359 1570 1405 tres

41 1463 284 1517 compares
311 1449 466 1501 laesos
497 1454 741 1514 portasse
769 1446 998 1513 animos,
1027 1458 1124 1498 nec
1152 1441 1372 1496 omnino
1397 1441 1571 1496 indul-

39 1545 203 1615 gentia:
231 1541 580 1596 medicamine
611 1541 801 1595 vulnus
841 1555 908 1595 ex
948 1550 1063 1594 toto
1092 1539 1296 1592 illatum
1327 1551 1562 1592 sanasse.

39 1635 231 1702 Corrige
257 1649 383 1701 ergo
410 1647 588 1686 mores
613 1674 628 1696 ,
677 1645 940 1701 compone
978 1631 1186 1686 animos
1214 1645 1352 1694 quos
1389 1643 1572 1698 tepore

38 1729 112 1780 vel
130 1727 429 1796 negligentia
461 1725 763 1779 maculasti.

92 1818 138 1872 5.
177 1818 354 1872 llirum
384 1815 532 1870 dictu
557 1817 570 1867 l
603 1815 814 1871 rediens
842 1829 905 1870 ac
925 1815 1048 1869 vitae
1079 1814 1312 1881 pristinae
1341 1814 1569 1882 reddita,

35 1906 247 1962 tristibus
289 1906 535 1961 lamentis
585 1906 790 1960 illatam
837 1905 1165 1974 deprompsit
1214 1906 1569 1975 sententiam,

37 2009 320 2070 restituique
345 2013 502 2052 suum
530 1996 837 2061 confitetur,
861 1995 1180 2065 sodalesque
1204 2008 1358 2052 vocat
1386 1999 1576 2053 adver-

33 2106 136 2145 sum
155 2104 278 2159 quas
301 2099 474 2143 motos
495 2081 703 2142 animos
723 2087 1045 2155 deportarat,
1072 2091 1386 2156 veniamque
1410 2093 1578 2159 poscit

35 2196 91 2233 ne
117 2181 176 2234 de
204 2187 340 2233 tanta
370 2178 657 2233 dolositate
683 2179 875 2233 damna
909 2181 1148 2234 incurrat
1175 2182 1300 2234 vitm
1328 2193 1572 2247 merum;

33 2286 210 2340 sexque
237 2270 510 2325 mensibus
539 2269 755 2325 sanitati
783 2270 988 2325 reddita
1022 2279 1140 2338 post
1168 2272 1412 2338 praesenti
1445 2272 1575 2326 vixit

33 2368 77 2418 in
105 2381 229 2430 :evo,
257 2374 606 2435 correptaque
637 2374 755 2432 post
785 2363 932 2418 febre
962 2363 1102 2418 diem
1131 2363 1308 2418 exitus
1333 2363 1416 2418 sui
1443 2378 1577 2432 pra:-

35 2459 165 2524 dieit,
188 2459 473 2526 horamque
501 2457 728 2512 abeundi
755 2467 823 2512 de
850 2457 1049 2512 mundo
1082 2459 1417 2525 pranuntiat.
1448 2456 1577 2523 Quae

33 2553 92 2601 ita
123 2548 550 2603 felicem‘exitum
600 2547 842 2616 peregit,
896 2556 953 2600 ut
999 2549 1134 2600 intra
1173 2547 1425 2602 cellulam
1473 2562 1575 2614 qua

31 2652 208 2703 corpus
229 2635 439 2706 iacebat
468 2636 734 2700 exanime,
759 2635 993 2689 balsama
1020 2637 1265 2704 crederes
1291 2636 1574 2691 desudare.

31 2730 168 2796 Quod
193 2731 424 2786 omnium
455 2730 545 2801 qui
584 2745 650 2786 eo
689 2739 815 2785 tunc
858 2729 931 2784 ibi
963 2727 1156 2784 fuimus
1189 2739 1426 2796 tempore
1456 2743 1578 2782 ma-

30 2838 174 2891 gnum
200 2824 373 2893 paruit
413 2823 747 2877 miraculum.
799 2821 904 2878 Sed
948 2832 1002 2876 et
1048 2821 1316 2876 tricesimo
1343 2821 1429 2875 die
1458 2836 1574 2875 cum

27 2916 132 2982 ejus
154 2913 708 2970 commemorationem
739 2928 806 2968 ex
837 2926 984 2967 more
1009 2911 1374 2967 ecclesiastico
1397 2911 1576 2965 facere

27 3021 350 3065 conaremur,
401 3014 456 3060 et
503 3005 789 3059 missarum
839 3003 1097 3058 solemnia
1144 3001 1575 3067 celebraremus,

29 3107 158 3150 tanta
187 3095 466 3164 fragrantia
494 3096 778 3157 ecclesiam
809 3096 1071 3164 replevit,
1109 3103 1170 3148 ut
1197 3093 1433 3148 omnium
1468 3109 1574 3147 un-

1667 802 1852 859 fuisset
1871 814 1925 858 ut
1941 806 2183 860 admissae
2207 823 2357 862 noxa
2377 810 2586 878 culpam
2610 811 2795 875 lueret,
2809 821 2864 866 et
2884 815 3228 885 quoadusque

1670 895 1994 963 pmnitentim
2013 896 2306 953 interdicta
2329 915 2568 953 normam
2586 900 2854 969 implesset
2876 917 2933 957 se
2953 919 2982 957 a
3003 919 3227 973 corpore

1670 984 1880 1038 Domini
1924 989 2176 1053 privaret.
2223 988 2462 1057 Cumque
2494 989 2579 1042 illa
2611 991 2748 1044 sacri
2781 993 3019 1058 corporis
3051 994 3228 1061 priva-

1671 1077 1812 1129 tione
1843 1077 2178 1132 interdictum
2208 1080 2461 1144 audisset,
2491 1082 2748 1150 gravibus
2777 1085 2969 1136 ictuata
2996 1084 3230 1138 vulneri-

1669 1167 1767 1221 bus
1798 1166 1924 1222 ﬂere
1953 1170 2133 1236 cmpit.
2190 1170 2316 1224 Erat
2349 1171 2486 1225 enim
2513 1172 2564 1226 in
2594 1175 2880 1228 crastinum
2909 1184 3113 1229 sacrata
3145 1191 3232 1230 so-

1672 1257 1914 1312 lemnitas
1943 1260 2078 1314 beati
2106 1260 2358 1315 antistitis
2385 1263 2595 1321 Martini
2624 1265 2892 1319 transitus.

1740 1348 1792 1402 7.
1834 1349 2158 1418 Pervigilans
2185 1365 2310 1420 ergo
2340 1368 2400 1406 ea
2432 1362 2610 1420 nocte,
2638 1363 2694 1409 et
2714 1355 3035 1410 ablutionem
3062 1358 3232 1426 culpa:

1671 1453 1936 1504 exorans,
1988 1455 2056 1496 ne
2103 1443 2233 1495 tanti
2272 1442 2451 1497 damni
2497 1444 2790 1498 incurreret
2841 1460 3055 1501 causam
3103 1457 3161 1502 ut
3203 1463 3232 1499 a

1671 1546 1898 1600 corpore
1912 1532 2125 1586 Christi
2171 1549 2264 1587 sua
2291 1535 2446 1604 culpa
2473 1546 2862 1605 segregaretur,
2897 1539 3089 1592 meruit
3119 1547 3231 1592 tan-

1672 1623 1792 1677 dem
1839 1631 1960 1692 post
2007 1623 2272 1694 lacrymas
2318 1635 2375 1680 et
2415 1628 2607 1682 uberes
2652 1630 2889 1698 rugitus,
2940 1646 3002 1684 ac
3051 1631 3236 1685 crebra

1673 1713 1920 1782 suspiria,
1942 1713 2257 1768 veniabilem
2280 1717 2696 1774 consolationem
2719 1734 2748 1772 a
2770 1718 2991 1774 Domino
3016 1719 3230 1775 habere.

1676 1807 1844 1873 Vade,
1871 1809 2063 1879 inquit,
2087 1820 2140 1864 et
2168 1810 2219 1864 in
2249 1811 2346 1865 hac
2371 1812 2456 1868 die
2483 1815 2825 1871 reconciliare
2855 1816 3085 1880 Christo,
3113 1821 3234 1886 quia

1676 1898 1930 1954 delictum
1959 1916 2055 1969 pro
2079 1916 2184 1970 quo
2213 1903 2482 1968 postulasti
2508 1903 2780 1959 dimissum
2809 1917 2891 1960 est
2919 1908 3035 1972 tibi,
3062 1909 3240 1963 Matri-

1677 2008 1779 2062 que
1824 1993 2064 2046 indicans
2103 1992 2386 2062 patefacito
2415 1996 2556 2064 quod
2599 1997 2726 2052 dixi.
2776 1999 2926 2066 Quod
2958 2016 3113 2054 matre
3146 2018 3241 2069 per

1677 2087 2067 2157 confessionem
2100 2089 2348 2142 humilem
2377 2090 2521 2143 Matri
2552 2092 2813 2159 patefecit,
2841 2107 3098 2162 sacroque
3121 2108 3240 2149 cor-

1680 2179 1791 2247 pori
1839 2178 2175 2232 reconciliata
2220 2179 2515 2247 religiosam
2550 2183 2880 2245 postmodum
2913 2184 3072 2238 vitam
3113 2200 3235 2252 per—

1676 2269 1818 2336 egit,
1865 2281 1927 2322 ac
1956 2279 2074 2335 post
2111 2267 2393 2324 multorum
2421 2270 2618 2325 circula
2651 2281 2951 2340 temporum
2981 2289 3102 2328 cum
3127 2274 3235 2344 jam

1676 2374 1793 2414 eam
1839 2359 2060 2415 Creator
2109 2363 2345 2416 omnium
2393 2364 2530 2419 ctelo
2575 2363 2825 2420 condere
2855 2367 3056 2430 voluit,
3106 2368 3243 2436 ignis

1680 2454 1842 2509 febris
1869 2455 2155 2523 corripuit;
2197 2471 2424 2523 cumque
2451 2458 2502 2508 in
2534 2459 2786 2513 extremis
2813 2467 2954 2514 esset
2982 2449 3091 2513 aiti
3123 2459 3245 2514 Cito

1679 2555 1956 2600 currentes
1983 2560 2140 2600 unam
2171 2561 2201 2599 e
2228 2547 2376 2601 vobis
2407 2558 2665 2601 mortuam
2697 2561 2995 2619 segregate,
3023 2560 3182 2619 atque
3211 2566 3244 2606 a

1678 2647 1991 2692 ceterarum
2022 2639 2289 2692 consortio
2318 2637 2549 2707 dejicite,
2597 2654 2701 2694 non
2745 2641 2886 2694 enim
2916 2642 3132 2708 dignum
3161 2652 3245 2696 est

1681 2736 1738 2782 ut
1766 2742 1883 2796 quae
1913 2728 2177 2783 crucifixus
2209 2730 2404 2784 mundo
2428 2745 2532 2783 non
2555 2731 2653 2785 sibi
2677 2731 2880 2799 vivunt,
2904 2743 3167 2786 mortuam
3191 2743 3246 2787 et

1681 2837 1709 2877 a
1739 2823 1846 2876 vita
1872 2832 2198 2890 segregatam
2233 2821 2369 2875 inter
2389 2835 2449 2877 se
2475 2824 2758 2878 retineant.
2792 2826 3026 2892 Cumque
3053 2839 3246 2881 omnes

1682 2915 1820 2969 inter
1869 2929 1928 2967 se
1974 2906 2385 2982 conquirerent,
2446 2922 2502 2968 et
2552 2913 2801 2982 quidnam
2854 2915 3035 2969 dicere
3088 2899 3244 2970 vellet

1681 3005 2102 3068 sciscitarentur,
2147 3019 2245 3057 una
2291 3017 2473 3057 earum
2504 2992 2722 3058 confusa
2769 3020 2828 3058 ac
2879 3016 3082 3060 terrore
3121 3023 3240 3075 per-

1686 3095 1832 3149 culsa
1866 3095 1980 3149 solo
2009 3095 2382 3162 prosternitur,
2427 3109 2683 3165 suamque
2714 3110 2905 3149 noxam
2933 3098 3239 3164 confitetur,

28 3196 328 3252 guentorum
357 3201 422 3242 ac
447 3185 837 3256 pigmentorum
867 3186 1062 3242 odores
1086 3185 1338 3241 crederes
1364 3185 1576 3241 adesse.
1609 3212 1656 3275 ο
1685 3202 1746 3243 ac
1772 3189 1825 3242 in
1850 3189 2100 3243 omnibus
2125 3203 2183 3244 se
2205 3189 2601 3244 emendaturam
2625 3190 2920 3259 pollicetur.
2957 3191 3080 3245 Erat
3101 3194 3242 3248 enim

29 3279 202 3335 Merito
230 3281 424 3336 etesiim
469 3295 654 3334 rerum
675 3279 834 3334 Sator
861 3280 947 3334 hic
989 3278 1092 3334 sibi
1131 3280 1332 3333 dicatas
1371 3280 1579 3334 animas

31 3374 132 3427 suis
157 3373 466 3428 muneribus
495 3373 620 3427 facit
645 3371 922 3441 eﬂulgere,
948 3371 1037 3441 qui
1065 3373 1133 3426 ob
1162 3386 1314 3426 suum
1346 3385 1581 3439 amorem

27 3463 314 3520 nullatenus
338 3463 621 3519 voluerunt
647 3465 901 3518 saeculum
930 3464 1151 3534 diligere
1177 3464 1259 3518 vel
1288 3477 1492 3517 amare.

625 3552 849 3608 CAPUT
890 3553 974 3608 Ill.

343 3643 419 3698 De
450 3643 859 3700 Hercltantrndis
884 3647 988 3699 vita
1018 3653 1064 3698 et
1093 3645 1250 3699 obitu.

88 3737 139 3790 6.
177 3735 430 3803 Quaedam
478 3737 678 3791 etenim
727 3737 900 3807 puella
946 3737 1082 3791 intra
1133 3735 1368 3792 infantiae
1416 3751 1584 3791 annos

24 3826 256 3893 detenta,
279 3835 305 3864 ι
326 3827 744 3882 Hercbantrudis
775 3831 1019 3893 nomine,
1049 3827 1359 3895 parentibus
1393 3827 1586 3881 nobili-

30 3917 147 3986 bus,
166 3917 223 3972 in
244 3918 609 3988 supradictum
631 3919 1013 3972 monasterium
1039 3932 1298 3972 conversa
1324 3918 1577 3974 introivit.

27 4009 137 4074 Quo
163 4024 286 4064 cu
317 4025 411 4079 per
438 4012 637 4064 multos
665 4024 834 4064 annos
859 4009 1019 4064 vitam
1047 4007 1348 4078 religiosam
1379 4021 1581 4078 ageret,

20 4100 193 4155 evenit
229 4111 291 4155 ut
320 4101 498 4170 justus
529 4099 744 4167 Arbiter
775 4117 869 4170 per
900 4101 1175 4170 praesentis
1205 4103 1442 4169 corporis
1473 4117 1585 4169 pos-

20 4209 110 4247 nas
161 4193 392 4260 probare
434 4194 629 4258 vellet;
680 4201 930 4262 tantaque
976 4198 1156 4247 teneri.
1207 4201 1335 4246 aetas
1381 4192 1582 4261 flagella

20 4285 298 4351 sustinuit,
338 4295 397 4340 ut
431 4283 737 4354 exemplum
771 4285 823 4338 in
854 4299 915 4338 ea
946 4283 1045 4338 Job
1073 4300 1135 4336 cx
1171 4297 1448 4352 pinnarum
1481 4285 1583 4336 im-

20 4379 250 4433 manium
281 4374 618 4432 multitudine
647 4375 898 4431 crederes
937 4375 1261 4430 redmdare.
1311 4373 1418 4430 Sed
1451 4375 1582 4429 mira

20 4469 66 4523 in
91 4468 321 4538 juvenili
348 4477 508 4522 aetate
535 4467 785 4534 patientia
816 4467 1203 4533 reperit-natur,
1250 4466 1384 4520 mira
1417 4459 1586 4519 virtus

1687 3279 1883 3333 saeculo
1909 3291 2108 3332 vacans
2134 3287 2187 3331 et
2218 3279 2344 3333 foris
2384 3279 2690 3335 saecularem
2723 3281 2881 3336 vitam
2909 3282 3242 3350 desiderans,

1685 3385 1783 3426 nec
1814 3369 2204 3426 mortificatiuni
2248 3372 2465 3426 omnino
2510 3371 2779 3441 praebebat
2826 3372 3055 3427 studium
3081 3415 3096 3439 ,
3145 3373 3239 3429 sed

1685 3471 1795 3516 tota
1819 3461 2027 3516 vivebat
2046 3462 2268 3515 sacculo.
2295 3460 2536 3515 Posthzec
2559 3461 2970 3517 Herchantrudis
2994 3478 3112 3517 cum
3135 3462 3242 3532 jam

1684 3564 1788 3604 nox
1818 3559 1929 3604 atra
1962 3551 2207 3604 irruisset
2249 3559 2302 3604 et
2346 3550 2495 3619 pulsa
2527 3551 2644 3606 luce
2684 3553 2866 3608 orbem
2899 3563 3104 3609 teneret
3128 3596 3143 3621 ,
3194 3555 3243 3608 in

1683 3644 1872 3699 cellula
1917 3659 2019 3713 qua
2063 3643 2274 3714 iacebat
2320 3645 2498 3700 lumen
2525 3644 2660 3714 ignis
2688 3657 2836 3716 rogat
2884 3647 3246 3714 exstinguere.

1687 3734 1923 3803 Cumque
1970 3743 2178 3789 caetera:
2225 3734 2624 3790 sciscitarentur
2667 3737 2791 3806 quid
2839 3737 3017 3793 dicere
3048 3737 3245 3793 vellet:

1685 3826 1800 3880 Non
1831 3826 2045 3892 videtis,
2097 3827 2291 3895 inquit,
2337 3836 2564 3895 quantus
2611 3827 2862 3894 splendor
2906 3828 3151 3882 adveniat
3196 3839 3251 3883 et

1685 3919 1882 3974 choros
1911 3920 2212 3974 canentium
2247 3935 2351 3972 non
2381 3909 2619 3973 auditis?
2662 3919 2973 3986 Quaerentes
3001 3921 3105 3974 illa:
3131 3936 3249 3988 qum

1687 4009 1972 4065 concinere
1997 4009 2222 4075 audiret,
2248 4009 2332 4062 illa
2361 4011 2436 4062 ait
2460 4027 2471 4060 ε
2503 4005 2841 4063 Conﬂtemini
2871 4009 3091 4064 Domino
3117 4026 3250 4078 quo-

1687 4101 1829 4156 niam
1860 4101 2050 4166 bonus,
2081 4100 2328 4170 quoniam
2361 4098 2412 4154 in
2441 4103 2692 4154 saeculum
2722 4100 3079 4155 misericordia
3111 4101 3246 4168 ejus,

1689 4195 1770 4249 vel
1799 4204 1991 4248 caetera
2018 4209 2136 4262 qua:
2164 4193 2576 4261 subsequuntur,
2608 4192 2721 4246 llaec
2747 4193 2919 4246 omnia
2950 4206 3042 4246 ora
3069 4193 3251 4246 conci-

1686 4295 1836 4340 nunt.
1884 4283 2276 4338 Admirantibus
2305 4296 2431 4350 ergo
2459 4283 2738 4349 omnibus,
2770 4292 2872 4335 tam
2906 4283 3058 4337 Matri
3086 4298 3246 4352 quam

1687 4375 2062 4432 consodalibus
2105 4375 2345 4428 ultimum
2376 4376 2496 4427 vale
2525 4375 2708 4429 dicens
2745 4374 2922 4427 emisit
2960 4375 3207 4444 Spiritum
3234 4417 3248 4440 ,

1688 4485 1751 4525 ac
1781 4479 1898 4538 post
1929 4468 2134 4523 felicem
2166 4470 2364 4522 exitum
2394 4466 2530 4522 cmlo
2560 4466 2781 4528 reddita,
2815 4477 3009 4521 aeterna
3039 4483 3251 4535 prome-

20 4561 365 4626 humilltatla,
407 4560 542 4612 mira
587 4557 970 4623 mansuetudo,
1019 4557 1150 4610 mira
1196 4557 1398 4626 pietas,
1451 4558 1584 4611 mira
1617 4559 1666 4619 D
1691 4563 1793 4616 ruit
1821 4560 2007 4629 gaudia
2039 4558 2327 4627 possidere,
2357 4568 2410 4610 et
2436 4573 2499 4611 ex
2533 4558 2878 4626 prasenlibus
2907 4559 3079 4613 omnis
3107 4561 3251 4616 lucra

20 4653 228 4722 lenitas,
259 4653 397 4707 mira
424 4651 660 4706 cbaritas
688 4649 938 4718 pollebat.
973 4649 1044 4702 In:
1063 4662 1112 4701 δι·
1138 4662 1310 4717 prauae
1340 4649 1585 4703 incendia

20 4749 180 4802 virtus
207 4745 409 4801 anima
450 4743 735 4807 manebat,
765 4740 1042 4795 iueoncuss
1061 4755 1079 4791 ι
1109 4737 1264 4803 ﬁdes,
1296 4737 1583 4792 immobilis

20 4838 267 4902 bonitas,
320 4831 750 4902 incaparabilis
811 4831 1166 4901 lacrymaium
1225 4829 1479 4894 ubertas;
1531 4830 1584 4882 in

20 4939 276 5000 quantum
304 4941 503 4996 corpus
535 4924 804 4996 augebant
830 4937 1003 4992 poenas
1030 4923 1209 4984 illatae,
1241 4930 1442 4976 tantum
1469 4921 1586 4975 ani-

19 5037 156 5076 mam
183 5019 494 5076 latiilcabat
522 5033 646 5087 spes
683 5003 994 5088 gaudiorum
1051 5025 1106 5070 et
1154 5013 1440 5070 exsultatio
1471 5016 1585 5070 vita:

20 5125 252 5172 nierum.
282 5112 453 5168 Tanta
474 5110 716 5166 custodia
738 5110 921 5163 Matris
942 5108 1172 5162 enutrita
1199 5109 1332 5162 intra
1366 5108 1586 5163 :mnobii

20 5207 110 5262 fuit
135 5215 292 5280 septa
313 5247 331 5272 ,
361 5189 435 5260 ἰιι
462 5203 764 5259 nullatenus
793 5201 934 5255 inter
964 5215 1185 5257 sexuum
1216 5200 1419 5254 noverit
1449 5199 1589 5267 diju-

20 5299 196 5356 dicare
237 5307 506 5365 naturam,
535 5312 688 5365 mque
717 5295 856 5350 enim
890 5307 1091 5348 marem
1125 5301 1182 5347 ut
1208 5292 1463 5346 feminam
1497 5307 1591 5360 pu-

20 5389 194 5457 tabat,
243 5403 401 5458 mque
427 5388 680 5445 feminam
727 5398 785 5442 ut
823 5399 1047 5441 marem.
1104 5384 1418 5452 Exemplum
1447 5384 1589 5440 enim

19 5491 132 5537 erat
180 5479 438 5538 omnibus
484 5479 629 5534 illius
675 5478 1040 5542 conversatio,
1092 5476 1360 5543 patientiae
1398 5477 1587 5543 virtus,

87 5647 110 5675 ⁸
143 5637 571 5705 Bercantrudis,
614 5653 708 5692 seu
749 5634 1131 5705 Ereantrudis,
1181 5642 1506 5705 memoratur
1538 5634 1586 5705 in

19 5710 306 5781 Ilartyrtil.
325 5703 640 5781 licuediet1
657 5708 743 5762 die
777 5703 1022 5781 Milaii,
1073 5705 1366 5773 eodemque
1404 5703 1492 5758 die
1533 5703 1585 5755 in

20 5777 348 5836 monasterio
375 5789 572 5834 sancta
600 5778 755 5834 Fame
782 5777 993 5832 colitur.

84 5849 112 5889 δ
141 5850 302 5923 Apud
331 5850 530 5905 Bedam
555 5858 612 5904 et
639 5847 850 5906 Surium
880 5847 1108 5918 legitur:
1139 5865 1158 5899 ε
1189 5847 1313 5902 Haec
1349 5855 1585 5915 tempore

1685 4667 1874 4722 capere
1902 4651 2020 4704 vitae
2050 4662 2282 4704 aeternae.

2293 4739 2515 4795 CAPUT
2549 4739 2642 4793 ιν.

1921 4836 1993 4888 De
2023 4835 2156 4887 obitu
2186 4832 2480 4901 Auno/tedis
2507 4841 2553 4884 et
2585 4840 2738 4884 cantu
2767 4833 2994 4901 angelico

1759 4926 1811 4979 8.
1854 4927 1966 4981 Alia
1999 4919 2207 4994 quoque
2251 4939 2314 4977 eo
2358 4933 2596 4990 tempore
2623 4923 2818 4977 Christi
2852 4923 2998 4989 virgo
3039 4924 3250 4984 nomine

1675 5017 2020 5079 ‘Aunofledis,
2053 5031 2173 5068 cum
2204 5024 2470 5067 extremos
2502 5014 2695 5067 halitus
2725 5013 3041 5076 dimitteret,
3073 5025 3125 5067 et
3157 5029 3251 5081 pro

1691 5114 1883 5167 damno
1913 5110 2028 5161 vita:
2063 5107 2335 5174 praesentis
2365 5105 2508 5158 lucra
2539 5106 2835 5173 perciperet
2861 5103 2980 5156 vitae
3013 5114 3247 5167 aeternae,

1693 5205 1915 5270 lataque
1943 5217 1970 5252 a
1999 5184 2172 5252 carnis
2207 5199 2424 5252 nexibus
2448 5204 2801 5263 separaretur,
2827 5195 3027 5248 similes
3058 5196 3250 5248 meruit

1694 5297 1876 5349 exiens
1906 5294 1971 5348 de
1999 5307 2112 5345 aevo
2143 5291 2336 5344 habere
2365 5302 2549 5343 cantus
2579 5287 2658 5341 sui
2687 5286 2878 5342 exitus.
2910 5287 3039 5340 Nam
3065 5297 3251 5355 aperte

1692 5385 1906 5440 auribus
1947 5386 2118 5438 hausit
2161 5396 2279 5450 quae
2325 5380 2503 5450 procul
2548 5380 2614 5434 ab
2660 5379 2774 5448 ejus
2818 5379 3051 5432 excubiis
3090 5391 3250 5431 voces

1692 5489 2093 5549 prorumperent
2120 5497 2130 5529 :
2161 5479 2419 5544 ,Asperges
2463 5490 2543 5527 me
2584 5476 2820 5543 hyssopo,
2857 5482 2901 5524 et
2933 5470 3250 5535 mundabor;

1690 5636 1918 5705 quodam
1961 5638 2099 5689 sacri
2142 5632 2383 5705 corporis
2416 5630 2867 5705 participationem
2916 5622 3246 5705 interdictam

1690 5691 1792 5762 sibi
1827 5707 2062 5761 sentiens
2093 5691 2303 5772 propter
2335 5691 2621 5756 illusiones'
2639 5708 2952 5763 nocturnas,
3000 5691 3244 5764 gravibus

1693 5775 1939 5848 percuésa
1968 5771 2235 5830 doloribus
2265 5775 2394 5827 llere
2424 5771 2606 5841 coepit,
2631 5779 2732 5824 etc.
2769 5786 2791 5820 ι
