3880 6236
474 346 611 401 1οἷ5

1592 332 1779 389 JON/E
1823 323 2111 384 ABBATIS
2151 323 2571 383 ELNONENSIS

3561 322 3678 379 {076

471 459 660 513 lavabis
706 471 803 521 me,
830 463 876 509 et
923 452 1273 523 supcrmivem
1320 450 1608 503 dealbabor.
1668 447 1879 523 Auditni
1924 461 2029 497 meo
2060 442 2114 500 Α
2141 452 2245 504 tur,
2277 459 2339 496 ac
2370 444 2587 512 impleto
2614 440 2957 509 quadraginta
2991 440 3194 516 dierum
3224 440 3432 494 circulo
3465 440 3672 507 primum

474 549 619 602 dabis
646 547 890 619 gaudium
917 555 960 599 et
992 545 1247 609 (miltiam,
1288 553 1333 597 et
1361 542 1679 597 exsultabant
1715 558 1825 595 ossa
1859 540 2026 593 humi-

473 640 620 695 iiata.
1900 685 1941 711 δ

1096 724 1318 782 CAPUT
1354 724 1417 779 γ.

663 819 743 875 De
770 818 1038 874 Orecltilde
1066 816 1440 871 adulescentula
1467 824 1514 869 et
1541 816 1677 869 obitu
1703 818 1834 885 ejus.

547 911 601 968 9.
638 912 878 981 Cumque
906 923 1081 965 rerum
1113 906 1688 977 Repertormajestatis
1731 920 1839 958 suae
1868 919 2031 959 orna-

476 1014 709 1061 mentum
756 1002 927 1071 justas
974 1016 1066 1068 per
1102 1000 1304 1054 animas
1350 1014 1411 1053 ac
1456 1013 1672 1053 munere
1717 997 2034 1052 innocentiae

476 1094 660 1165 plenas
689 1107 783 1163 per
808 1101 1109 1147 sanctorum
1141 1106 1299 1145 voces
1329 1090 1659 1144 accumulare
1688 1103 1790 1142 non
1819 1086 2034 1157 desinit,

475 1186 721 1241 videlicet
743 1193 801 1240 ut
826 1184 1113 1241 renovandi
1138 1182 1450 1237 hortaminis
1472 1182 1741 1251 religionis
1767 1188 2039 1236 accrescat

478 1278 903 1347 supplementum
933 1318 947 1340 ,
1011 1275 1189 1331 evenit
1234 1284 1293 1328 ut
1342 1274 1643 1343 supradicto
1693 1276 1743 1327 in
1792 1274 2038 1328 coenobio

475 1368 715 1437 quaedam
744 1366 1136 1421 adulescentula
1157 1408 1171 1431 ,
1225 1365 1439 1419 nomine
1467 1363 1823 1419 Demecbildis
1854 1364 1943 1435 [In
1972 1366 2037 1416 ti-

476 1461 604 1526 tulo,
635 1455 971 1527 Orechildis],
1003 1471 1123 1511 cum
1152 1456 1406 1526 genitrice
1432 1465 1859 1513 converteretur:
1903 1458 2037 1512 mul-

475 1551 650 1614 tisque
688 1548 874 1604 diebus
903 1549 1209 1616 supradicto
1252 1549 1303 1601 in
1336 1549 1579 1603 coenobio
1609 1550 1854 1618 peractis,
1885 1551 2036 1619 geni-

477 1642 659 1695 tricem
705 1649 931 1695 tentator
958 1648 1397 1709 aggressus,est,
1445 1648 1504 1694 ut
1530 1650 1757 1707 coeptum
1787 1641 2036 1708 carpendi

476 1734 577 1786 iter
602 1731 667 1785 ad
697 1732 930 1787 cmlestia
959 1746 1115 1799 regna
1143 1732 1475 1800 praepediret.
1509 1731 1611 1785 Sed
1644 1733 1781 1800 quod
1809 1733 2035 1799 genitrix

475 1821 839 1875 imbecillitate
864 1821 1045 1875 abacta
1077 1820 1377 1890 fragilitatis
1409 1822 1839 1889 obtemperabat,
1886 1836 2035 1875 versa

476 1915 591 1969 vice
634 1914 704 1967 ob
746 1915 1007 1968 malorum
1037 1912 1493 1968 coacervationem
1538 1913 1889 1966 adolescentis
1920 1912 2037 1967 ﬁlim

474 2005 742 2073 correptio
766 2012 788 2039 ⁸
814 2004 1113 2070 dissiparet.
1161 2003 1401 2071 Cumque
1439 2002 1546 2071 jam
1582 2018 1671 2069 per
1704 2005 1863 2055 multa
1902 2013 2037 2057 tem-

479 2110 665 2163 porum
716 2093 978 2148 curricula
1029 2107 1181 2147 mens
1239 2093 1611 2147 adolescentia:
1660 2093 1810 2147 annis
1860 2093 2037 2147 dedita

456 2190 669 2250 uberes
700 2188 897 2242 fructus
929 2186 1175 2241 redderet
1207 2186 1497 2249 Conditori,
1529 2187 1753 2254 quodam
1794 2185 1881 2240 die
1910 2185 2039 2238 vidit

474 2285 641 2341 oculos
669 2291 883 2351 apertos
911 2292 964 2336 et
991 2290 1247 2335 atternnm
1274 2295 1445 2333 rerum
1468 2278 1706 2333 Satorem
1739 2279 2038 2348 aSpvctibus

475 2377 837 2445 contemplata
869 2389 1020 2440 aeque
1048 2373 1281 2428 cmlestis
1310 2372 1579 2425 clmritatis
1611 2372 1805 2426 lumine
1849 2374 2035 2426 intuita

473 2473 655 2527 audire
686 2468 915 2523 meruit:
952 2466 1078 2521 Veni
1130 2468 1193 2518 ad
1244 2480 1376 2529 nos,
1428 2474 1481 2518 et
1527 2468 1766 2532 corporis
1815 2465 2039 2518 nexibus

471 2566 717 2621 absoluta
748 2574 1001 2617 aeternam
1032 2560 1242 2627 suscipe
1270 2558 1583 2613 claritatem.
1622 2557 1771 2623 Quod
1805 2573 1922 2611 cum
1958 2558 2037 2611 hae

410 2714 415 2717 ,
476 2672 593 2727 quae
621 2657 841 2711 aderant
875 2652 1201 2708 mirarentur
1238 2650 1359 2718 quid
1407 2651 1479 2704 rei
1528 2634 1688 2718 gestae
1718 2650 1912 2705 veritas
1944 2650 2040 2703 lia-

475 2750 649 2811 beret,
682 2747 761 2803 vel
792 2746 933 2814 quod
976 2743 1309 2797 intendentes
1340 2741 1401 2793 ad
1433 2740 1624 2795 cmlum
1666 2739 1801 2795 oculi
1834 2741 2035 2809 aSpice-

475 2850 631 2902 rent,
681 2852 779 2892 nec
827 2836 1045 2889 omnino
1076 2834 1345 2905 palpebris
1374 2833 1706 2887 moventibus
1738 2831 1861 2901 quid
1894 2830 2035 2885 oculi

475 2926 959 2995 contemplarentur
990 2925 1346 2993 inspicerent,
1389 2922 1464 2976 ait
1496 2936 1553 2976 se
1580 2936 1788 2975 sursum
1821 2922 2031 2989 vocari,

476 3032 530 3075 et
560 3037 588 3075 a
620 3018 896 3090 praesentis
914 3019 1049 3072 vita:
1082 3016 1308 3071 nexibus
1336 3016 1569 3081 absolvi,
1610 3024 1724 3069 erat
1750 3016 1890 3071 enim
1921 3014 2036 3071 dies

471 3115 705 3170 Sabbati.

549 3206 631 3258 i0.
682 3202 1025 3257 illucescente
1053 3213 1179 3269 ergo
1206 3196 1257 3252 in
1287 3198 1575 3253 crastinum
1606 3198 1691 3251 die
1722 3198 2027 3264 Dominico,

472 3297 620 3353 febre
648 3290 1324 3361 correpta,adolescentula
1356 3304 1663 3359 supremum
1692 3289 2034 3357 exspectabat

475 3388 700 3442 exitum.
733 3383 932 3438 Videas
962 3383 1115 3436 anxia
1162 3381 1387 3450 genitrix
1429 3381 1818 3434 incumbentem
1864 3380 2033 3434 unicae

477 3478 640 3544 prolis
669 3476 867 3529 exitum
888 3515 902 3539 ,
931 3475 1069 3528 inter
1094 3472 1354 3542 singultus
1381 3486 1441 3525 ac
1465 3471 1692 3541 gemitus
1749 3471 1910 3525 filiam
1941 3487 2033 3540 po-

472 3573 594 3638 scit,
618 3579 674 3623 ut
701 3572 745 3623 si
778 3568 951 3622 valeat
982 3569 1286 3635 impetrare,
1314 3564 1525 3634 superis
1550 3564 1833 3629 reddatur;
1869 3573 1958 3617 aut
1986 3563 2029 3616 si

474 3679 585 3718 sum
613 3662 735 3716 vitae
767 3671 962 3716 metam
990 3660 1263 3728 suppleat,
1298 3672 1358 3711 se
1386 3658 1493 3709 cito
1522 3657 1589 3709 de
1627 3656 1726 3709 hac
1766 3657 1868 3708 vita
1915 3666 2035 3720 post

472 3771 529 3808 Si!
561 3756 750 3818 ducat,
783 3767 880 3806 nec
911 3764 1063 3819 posse
1098 3765 1156 3804 se
1186 3755 1303 3817 post
1331 3746 1445 3816 ejus
1477 3750 1651 3801 vivere
1691 3746 1913 3801 exitum.
1953 3746 2032 3800 Ad

476 3848 585 3899 haec
618 3846 708 3898 illa
735 3862 746 3897 :
777 3830 1116 3907 carnalibus,
1148 3841 1347 3908 inquit,
1378 3840 1490 3893 haec
1518 3839 1708 3892 crebro
1736 3837 2031 3905 deposcens

476 3937 759 3992 desideriis
787 3934 1114 4000 stimuleris;
1143 3947 1249 3999 ego
1275 3944 1447 3986 tamen
1479 3932 1524 3985 si
1554 3930 1766 3984 valuero
1800 3930 1899 3985 tuis
1932 3930 2030 3984 ob~

472 4028 861 4083 sacrationlbus
892 4026 1106 4087 favens,
1142 4037 1259 4095 post
1302 4026 1455 4092 digna
1496 4025 1817 4093 paenitentia:
1861 4024 2031 4076 medi-

470 4128 744 4182 camenta,
794 4127 911 4186 post
955 4134 1039 4172 me
1085 4128 1164 4183 te,
1211 4116 1421 4170 Christo
1462 4116 1703 4179 favente,
1748 4115 2029 4170 attraham.

476 4211 579 4265 Nec
608 4224 752 4264 mora
775 4250 789 4274 ,
821 4209 871 4263 in
900 4208 1157 4263 extremis
1185 4207 1329 4261 horis
1362 4206 1553 4273 posita,
1588 4205 1891 4258 monasterii
1917 4208 2030 4259 Ma-

477 4310 611 4355 trem
644 4299 891 4368 postulat.
928 4299 1165 4367 Cumque
1197 4298 1381 4351 festina
1411 4297 1574 4351 Mater
1602 4296 1665 4351 ad
1696 4312 2029 4367 egressuram

476 4395 542 4448 de
569 4392 770 4446 mundo
798 4392 1029 4446 animam
1058 4399 1325 4444 extremos
1357 4390 1584 4443 honores
1611 4390 1911 4456 dependere
1939 4389 2031 4441 ad-

2141 532 2463 585 terribilibus
2491 533 2789 586 daemonum
2822 532 3125 602 aspectibus
3152 531 3337 587 territa
3362 538 3477 595 est,
3505 531 3677 586 deinde

2136 622 2428 692 Largitoris
2458 638 2558 687 Ope
2584 624 2854 677 consolata
2886 622 3093 675 veniam
3136 636 3195 675 se
3238 622 3533 674 intercessu
3574 622 3678 675 lilia:

2136 714 2396 766 meruisse
2422 712 2639 781 fatetur,
2667 712 3008 780 animamque
3036 712 3293 779 deinceps
3320 711 3499 765 carnis
3540 711 3677 765 nexi-

2138 804 2235 859 bus
2264 805 2492 857 solutam
2524 804 2661 859 cmlo
2692 802 2942 857 reddidit.
2972 803 3181 872 Quippe
3207 802 3367 857 datur
3395 800 3605 869 intelligi
3634 811 3682 855 ut

2137 908 2255 962 qua:
2286 895 2401 947 suis
2432 895 2639 949 meritis
2668 909 2775 948 non
2802 893 2971 948 valuit
3008 892 3189 947 saeculi
3220 892 3449 945 evadere
3490 890 3682 952 ruinas,

2137 983 2438 1039 interventu
2490 984 2608 1037 tiliae
2651 984 2844 1037 meruit
2887 983 3191 1051 paenitendo
3232 982 3282 1036 in
3327 986 3493 1035 narvo
3528 980 3684 1047 spatio

2140 1091 2233 1148 per
2264 1090 2444 1145 poenas
2477 1075 2651 1129 illatas
2682 1075 2898 1129 salvari.

2755 1189 2977 1250 CAPUT
3014 1188 3105 1243 Vl.

2140 1282 2217 1335 De
2248 1282 2449 1335 Domita
2482 1288 2531 1335 et
2572 1280 2770 1363 duabus
2796 1279 3185 1363 adolescentulis
3226 1286 3272 1347 et
3312 1275 3464 1331 radio
3491 1275 3691 1339 micante

2738 1368 2789 1403 ιη
2840 1366 2925 1403 οτε
2965 1366 3070 1403 υιεο
3078 1390 3091 1402 .

2214 1467 2299 1520 ll.
2330 1466 2385 1520 Si
2417 1480 2479 1519 ea
2510 1480 2629 1533 qua!
2655 1464 2721 1519 ad
2755 1464 3045 1543 perfectum
3076 1465 3156 1517 vel
3188 1470 3534 1532 augmentum
3567 1459 3690 1515 iacta

2138 1564 2261 1609 sunt
2286 1553 2648 1623 perfecturum
2669 1593 2685 1619 ,
2716 1552 2796 1607 vel
2826 1553 2985 1607 etiam
3026 1551 3089 1604 ad
3134 1550 3563 1606 emendationem
3600 1550 3693 1605 de-

2143 1643 2497 1713 linquentium
2528 1642 2832 1704 inserimus,
2865 1655 3196 1709 nequaquam
3229 1655 3324 1693 nos
3368 1655 3474 1693 non
3521 1653 3693 1693 neces-

2144 1737 2315 1788 sarias
2349 1750 2433 1789 res
2464 1734 2729 1802 quispiam
2758 1732 2962 1803 judicet
2991 1733 3299 1801 compilare.
3343 1730 3485 1786 Nulli
3514 1732 3693 1798 quippe

2142 1828 2467 1882 dubium‘est
2492 1828 2633 1902 quod
2660 1828 2886 1881 aliorum
2914 1825 3103 1879 damna
3132 1826 3416 1901 plerosque
3439 1822 3692 1877 monendo

2140 1920 2205 1973 ad
2254 1920 2510 1985 capienda
2562 1921 2704 1973 lucra
2757 1917 3116 1987 vigilantiores
3162 1916 3408 1969 reddant.
3466 1912 3691 1979 Quadam

2140 2010 2335 2065 etenim
2365 2008 2450 2062 die
2484 2008 2758 2063 Dominico
2784 2023 2903 2062 cum
2932 2007 3215 2061 missarum
3244 2003 3506 2059 solemnia
3536 2018 3693 2071 saepe.

2142 2101 2245 2154 fata
2280 2099 2681 2169 Burgundofara
2722 2114 2841 2153 cum
2890 2097 3201 2151 famularum
3246 2095 3473 2163 collegio
3515 2108 3695 2161 exspe-

2140 2176 2309 2246 ctaret
2334 2234 2346 2257 ,
2380 2200 2433 2244 et
2458 2192 2567 2259 jam
2609 2190 2746 2245 sacri
2791 2190 3031 2261 corporis
3072 2186 3447 2241 communione
3492 2186 3695 2254 partici-

2142 2292 2431 2351 parentur;
2478 2282 2722 2352 qumdam
2763 2294 2828 2335 ex
2862 2282 2925 2333 iis
2951 2278 3165 2333 nomine
3194 2279 3426 2341 Domna,
3454 2292 3572 2329 cum
3594 2276 3693 2345 jam

2140 2388 2332 2441 corpus
2364 2372 2573 2425 Domini
2601 2372 2912 2438 accepisset,
2940 2385 2999 2425 ac
3025 2369 3331 2438 sanguinem
3376 2368 3620 2431 libasset,
3650 2376 3697 2422 et

2140 2478 2292 2517 sacro
2329 2462 2496 2517 choro
2536 2463 2733 2516 inserta
2775 2476 2893 2515 cum
2924 2460 3263 2530 comparibus
3300 2467 3550 2513 caneret:
3595 2456 3697 2511 lloc

2139 2570 2349 2617 sacrum
2380 2568 2573 2623 corpus
2617 2554 2825 2608 Domini
2853 2561 2907 2608 et
2940 2551 3237 2607 Salvatoris
3272 2553 3583 2622 sanguinem
3614 2564 3695 2603 su-

2140 2649 2269 2702 mite
2318 2647 2467 2700 vobis
2510 2646 2563 2699 in
2611 2647 2771 2700 vitam
2816 2655 3100 2710 aeternam;
3133 2646 3183 2698 in
3229 2659 3324 2699 ore
3362 2642 3695 2712 ejus-globus

2138 2741 2275 2807 ignis
2306 2738 2535 2792 candido
2584 2738 2791 2807 fulgore
2837 2737 3059 2789 rutilans
3086 2735 3354 2791 .micabat.
3396 2735 3500 2790 Sed
3526 2749 3692 2790 cuma

2140 2830 2281 2882 nulla
2317 2838 2529 2884 astante
2560 2829 2697 2896 ignis
2726 2828 3010 2883 illustratio
3041 2828 3447 2905 perspiceretur,
3475 2827 3593 2881 duae
3620 2829 3693 2879 in-

2138 2923 2353 2977 fantulae
2382 2924 2625 2977 cominus
2655 2932 2889 2978 astantes
2930 2938 3059 2992 quas
3102 2923 3401 2977 innocentia
3445 2922 3692 2977 immacu-

2139 3015 2269 3068 latas
2300 3014 2588 3082 reddebat,
2618 3015 2993 3084 conspicantur
3023 3015 3197 3069 radios
3225 3015 3292 3077 ab
3330 3029 3425 3079 ore
3459 3014 3693 3084 supradi-

2064 3137 2109 3199 Ο
2142 3118 2242 3161 ctae
2271 3107 2409 3161 inter
2430 3117 2618 3161 cantus
2642 3106 2995 3161 modulamina
3019 3106 3212 3161 eximio
3237 3106 3439 3175 fulgore
3464 3107 3686 3162 micare:

2141 3212 2237 3253 nec
2277 3212 2493 3266 prorsus
2530 3195 2688 3252 silere
2726 3197 2978 3260 scientes,
3017 3196 3195 3251 dicere
3234 3195 3486 3251 mirantes
3523 3212 3692 3265 cmpe-

2134 3296 2294 3343 runt:
2327 3289 2596 3357 Aspicite,
2644 3289 2863 3357 aspicite
2908 3289 3206 3343 rutilantem
3246 3286 3458 3357 globum
3501 3288 3564 3340 ab
3604 3303 3692 3343 ore

2137 3382 2354 3437 Domnae
2404 3382 2622 3437 micare.
2672 3382 2822 3447 Quod
2873 3396 2991 3435 cum
3036 3382 3203 3436 Mater
3243 3382 3481 3447 audiret,
3527 3384 3688 3435 incre-

2135 3476 2559 3545 pandoimperat
2585 3476 2743 3530 silere
2782 3490 2847 3529 ne
2890 3474 3139 3530 vanitatis
3181 3488 3315 3527 noxa
3360 3473 3537 3542 (sicut
3578 3464 3689 3537 post

2134 3582 2305 3626 actum
2335 3574 2459 3640 est)
2502 3572 2617 3641 ejus
2656 3587 2750 3627 cor
2791 3573 3055 3637 fuscaret,
3089 3588 3180 3640 per
3207 3571 3359 3640 cujus
3386 3584 3447 3624 os
3477 3568 3689 3623 afﬂuens

2134 3664 2299 3731 gratia
2331 3663 2506 3718 lumen
2531 3664 2783 3737 reddebat
2810 3678 3095 3719 ammnum.
3141 3663 3245 3718 Sed
3271 3660 3552 3732 fragilitate
3574 3675 3684 3715 cor-

2136 3765 2284 3823 rupta
2312 3757 2473 3824 carpit
2514 3764 2631 3825 post
2672 3756 2897 3823 Spiritus
2937 3758 3103 3809 sancti
3145 3754 3290 3809 lucra
3330 3754 3575 3810 elationis
3613 3751 3687 3807 vel

2134 3847 2400 3915 superbia:
2426 3848 2670 3901 stimulos
2696 3860 2897 3913 amare,
2924 3849 3271 3903 contumacia
3298 3846 3498 3902 crimen
3530 3847 3688 3901 incur-

2134 3954 2273 4002 rere,
2301 3940 2615 4007 arrogantiae
2642 3929 2978 4008 supercilium
3004 3936 3274 4008 praeferre,
3300 3939 3369 3992 ita
3396 3947 3455 3992 ut
3477 3937 3686 3991 Matrem

2137 4036 2547 4092 contemneret,
2592 4029 2799 4081 sodales
2832 4028 3129 4094 despiceret
3157 4036 3211 4081 et
3238 4029 3475 4081 omnium
3504 4028 3693 4081 monita

2137 4127 2437 4187 sperneret.
2468 4118 2577 4171 Nec
2605 4134 2775 4184 mora,
2801 4118 2949 4174 febre
2968 4128 3213 4190 correpta
3238 4134 3299 4174 ac
3328 4120 3381 4173 in
3406 4128 3693 4175 extremum

2137 4210 2361 4264 deducta
2385 4252 2399 4275 ,
2444 4222 2543 4263 nec
2584 4198 2661 4263 sic
2702 4210 2903 4264 studuit
2943 4211 3249 4265 emendare.
3293 4210 3385 4274 Ha:
3415 4225 3545 4265 vero
3582 4226 3694 4280 qua

2140 4301 2411 4363 viderant,
2448 4316 2549 4354 una
2581 4316 2762 4356 earum
2797 4302 3011 4355 nomine
3037 4303 3372 4370 Ansitrudis,
3403 4303 3586 4359 dolore
3611 4318 3694 4357 ca-

2140 4398 2265 4465 pitis
2285 4436 2299 4459 ,
2325 4396 2427 4449 alia
2459 4396 2604 4451 febre
2628 4389 2870 4468 correpia
2894 4440 2908 4463 ,
2937 4408 3097 4466 atque
3124 4399 3187 4453 ad
3212 4409 3510 4455 extremum
3538 4399 3695 4454 dedu-

478 4485 743 4549 venisset,
774 4492 832 4537 ut
858 4481 1120 4549 conspicit
1142 4496 1259 4535 eam
1290 4479 1459 4547 puclla
1482 4521 1495 4544 ,
1525 4494 1693 4534 ovans
1718 4479 2030 4548 gratulatur,
2059 4483 2119 4550 Ῑ)
2139 4499 2561 4559 σιω-ευρτθῐηωῃ
2588 4500 2898 4557 exspectant
2919 4492 3137 4545 exitum.
3162 4489 3402 4562 Cumque
3420 4491 3532 4563 iam
3557 4494 3695 4548 θαα-

477 4594 538 4632 ac
563 4580 609 4631 ei
636 4576 988 4644 omnibusque
1015 4574 1312 4629 vaiedieens
1334 4573 1643 4643 genitricem
1675 4572 2033 4638 commendat,

476 4671 614 4722 inter
658 4682 775 4735 quae
822 4665 1052 4735 postulat
1097 4673 1150 4717 ut
1192 4666 1455 4717 silentium
1502 4664 1750 4719 habeant.
1797 4664 2037 4733 Cumque

472 4774 657 4816 omnes
697 4760 834 4813 iacto
876 4759 1083 4813 silentio
1112 4757 1489 4827 exspectabant
1526 4759 1715 4811 animae
1743 4771 2033 4826 egressum,

477 4850 561 4902 illa
606 4849 714 4901 ait:
760 4848 889 4901 Date
932 4850 1134 4911 locum,
1168 4846 1388 4901 Greater
1432 4861 1582 4899 meus
1622 4847 1687 4899 ad
1728 4862 1810 4899 me
1852 4850 2030 4913 venit,

475 4937 720 4993 Salvator
766 4952 917 4991 meus
961 4936 1029 4989 ad
1073 4952 1156 4990 me
1201 4945 1481 5004 properat,
1526 4937 1852 5005 imperatque
1886 4937 2033 4991 Matri

478 5042 533 5084 ut
563 5031 888 5086 Dominicam
920 5031 1213 5083 orationem
1242 5030 1657 5101 Symbolumque
1686 5030 1861 5085 dicere
1883 5029 2035 5100 juva-

479 5132 592 5186 μοι,
627 5122 749 5191 quia
782 5123 890 5189 ipsa
935 5120 1284 5179 trementibus
1326 5123 1473 5177 labiis
1504 5123 1757 5177 immobili
1790 5124 2036 5177 alfamine

478 5216 782 5284 exprimere
832 5214 994 5268 verba
1043 5215 1304 5282 nequiret.
1344 5215 1549 5280 Quibus
1598 5216 1826 5283 peractis
1873 5218 2036 5270 nimia

479 5306 785 5362 ammniute
822 5318 885 5358 ac
925 5304 1275 5359 illustrations
1304 5303 1492 5358 cellula
1522 5305 1780 5358 renitente
1806 5306 2034 5359 animam

480 5412 645 5451 ovans
675 5396 906 5450 reddidit
935 5398 1193 5451 Creatori.
1226 5397 1330 5451 Nec
1359 5410 1505 5450 mora
1546 5397 1775 5465 genitrix
1816 5398 2039 5467 corripi-

482 5500 586 5554 tur,
616 5488 1073 5559 quadragintaque
1096 5488 1302 5543 dierum
1340 5491 1512 5557 spatio
1542 5502 1764 5557 corpore
1804 5488 2039 5557 ﬂagella-

553 5657 575 5683 ·
614 5646 915 5715 Legendum
958 5649 1125 5709 forte,
1164 5648 1467 5716 dissipabat.
1516 5647 1875 5713 Corrigendus
1910 5660 2038 5716 ergo

484 5718 632 5771 Beda:
661 5729 715 5772 et
744 5717 881 5775 Surii
913 5728 1085 5776 textus
1117 5718 1197 5772 his
1226 5722 1399 5772 verbis
1427 5734 1709 5786 expressus
1737 5734 1751 5770 :
1785 5719 2037 5772 malorum

2140 4591 2257 4633 sent
2300 4581 2565 4634 sodalium
2607 4580 2879 4646 cohortes,
2907 4590 2960 4635 et
2999 4582 3063 4635 ad
3098 4582 3353 4650 psallendi
3384 4582 3615 4640 officiunt
3642 4583 3693 4639 in

2138 4684 2323 4724 eorum
2351 4670 2493 4723 exitu
2526 4686 2583 4727 se
2616 4680 2998 4749 praepararent,
3024 4672 3183 4739 coepit
3208 4685 3311 4729 una
3339 4685 3523 4725 earum
3553 4672 3694 4725 inau-

2138 4760 2247 4815 dita
2277 4763 2494 4816 auribus
2524 4764 2767 4817 humanis
2796 4778 2858 4818 ac
2886 4764 3064 4827 dulcia
3100 4764 3460 4829 modulamina
3490 4765 3577 4835 pio
3601 4777 3692 4823 ore

2137 4868 2358 4917 canere,
2391 4869 2545 4911 orare
2582 4854 2925 4915 Conditorem
2967 4857 3114 4910 miris
3140 4855 3514 4921 sermunibus,
3546 4855 3692 4913 inan-

2137 4947 2262 5001 ditis
2303 4946 2592 5017 precibus,
2637 4948 2995 5004 ineﬂ‘ahilibus
3040 4949 3423 5015 sacramentis.
3462 4950 3695 5023 odorque

2137 5042 2292 5095 simul
2314 5042 2559 5095 cellulam
2588 5032 2799 5111 replens
2824 5043 2969 5100 mira:
2994 5027 3288 5102 suavitatis.
3316 5029 3549 5113 Eratque
3572 5045 3692 5099 hora

2138 5131 2241 5185 diei
2288 5145 2458 5197 nona,
2502 5146 2605 5203 qua
2650 5131 2781 5185 odor
2825 5132 3069 5185 cellulam
3109 5133 3429 5202 repleverat.
3473 5132 3695 5193 Balsami

2134 5224 2271 5279 odor
2300 5224 2562 5299 fragrabat
2588 5239 2618 5277 e
2649 5233 2895 5295 pectore,
2927 5226 3110 5295 sicque
3136 5239 3228 5297 per
3257 5233 3419 5279 totam
3451 5238 3697 5296 sum

2139 5313 2370 5367 nientem
2411 5320 2620 5367 noctem
2642 5352 2657 5377 ,
2686 5313 2764 5367 sic
2804 5328 2897 5390 per
2925 5314 3334 5384 subsequentem
3363 5314 3504 5370 diem
3535 5327 3695 5389 usque

2140 5406 2204 5459 ad
2233 5406 2391 5460 aliam
2423 5405 2604 5457 horam
2628 5418 2824 5463 nouam
2848 5444 2863 5470 ,
2887 5414 2945 5459 ut
2965 5406 3143 5461 odoris
3161 5407 3398 5464 suavitas
3426 5415 3487 5465 et
3511 5415 3695 5463 cantu

2139 5496 2494 5549 modulamina
2538 5506 2959 5563 perseverarent.
2999 5496 3198 5552 Deinde
3231 5497 3453 5554 Matrem
3502 5512 3697 5555 auem

2956 5590 2981 5597 ‘

2138 5650 2563 5729 coacervationem
2597 5650 2933 5713 adolescentis
2961 5654 3083 5723 ﬁlia:
3109 5669 3196 5709 car
3222 5653 3520 5728 dissipavit.
3551 5646 3703 5728 quid:

2138 5725 2477 5789 sequentibus
2507 5730 2779 5791 repugnat.
