3820 6338
104 452 218 511 1977

1219 451 1280 515 s.
1314 439 1900 519 BUBGUNDOFABAZ
1936 461 2118 520 VITA.

3149 484 3285 540 {078

99 573 307 634 placant,
324 576 490 632 seque
508 563 746 622 abituras
773 563 1078 634 pradicant,
1102 566 1400 638 amissoque
1421 568 1614 624 deinde
1638 569 1695 634 Δ
1717 570 1784 640 de
1821 583 1998 628 vestro
2035 575 2257 646 collegio
2291 578 2648 651 migraverunt
2681 587 2749 642 ad
2776 589 2988 647 colos?
3018 593 3272 661 (ιω-ει..

99 655 256 724 spiritu
282 671 398 710 cum
427 657 548 724 ejus
575 657 866 714 amissione
894 659 1118 715 recessit
1143 672 1197 716 et
1225 662 1360 716 odor
1389 661 1622 730 fragran-

100 753 183 812 tia).
221 749 320 804 [ioc
357 764 553 818 nempe
587 749 948 808 indubitanter
975 751 1303 807 credendum
1335 764 1449 820 est,
1483 752 1625 822 quod

94 843 285 911 gloriam
320 841 457 898 hanc
495 843 619 897 boni
657 843 830 898 exitus
870 857 991 912 quat
1028 845 1145 899 ista:
1187 845 1382 899 habere
1409 853 1623 900 merue-

95 942 223 998 runt,
244 933 536 1002 supradicta
568 933 771 1002 Domita
801 934 1106 999 habuisset,
1136 936 1180 990 si
1211 951 1306 1006 per
1337 936 1620 991 elationem

91 1024 372 1092 arrogantia
404 1023 593 1079 vitium
623 1025 854 1079 serendo
883 1041 987 1082 non
1019 1025 1360 1098 perdidisset,

644 1114 872 1171 CAPUT
913 1115 1021 1170 VII.

147 1203 212 1256 De
238 1203 488 1259 Wilsr'rula
513 1214 558 1258 et
589 1207 853 1277 prophetia
881 1209 1013 1278 ejus,
1042 1216 1088 1260 et
1115 1218 1268 1261 cantu
1297 1207 1544 1276 angelica.

139 1293 211 1347 i2.
229 1295 444 1365 Aliaque
459 1295 714 1364 deinceps
738 1299 1034 1354 hortamina
1057 1298 1210 1366 hujus
1230 1299 1412 1367 gloriae
1430 1312 1620 1366 supra-

83 1386 201 1440 dicto
217 1388 447 1443 cmnobio
471 1387 651 1447 adorta
676 1397 822 1456 sunt,
846 1398 902 1441 ut
923 1404 1015 1457 per
1036 1389 1426 1456 apparitionem
1454 1389 1621 1456 pieta-

84 1478 136 1528 tis
154 1476 325 1538 divinae
344 1477 553 1540 uberius
574 1487 886 1532 amarentur
904 1478 1044 1532 lucra
1067 1477 1188 1531 vitae
1209 1489 1442 1532 aeternae.
1461 1476 1619 1543 Qua:-

78 1567 180 1620 ilam
200 1568 386 1632 etenim
415 1585 477 1632 ex
503 1585 699 1640 genere
727 1570 998 1625 Sarranum
1026 1569 1340 1626 Willesinda
1374 1573 1617 1640 nomine,

77 1656 116 1707 in
141 1672 308 1715 eorum
333 1661 657 1728 monasterio
682 1671 764 1714 est
788 1676 1063 1729 conversa.
1088 1662 1204 1730 Quo
1223 1678 1342 1718 cum
1365 1679 1457 1733 per
1481 1664 1616 1719 mul-

76 1759 146 1800 tos
169 1763 324 1808 annos
347 1751 508 1804 vitam
541 1753 846 1822 religiosam
871 1754 1100 1821 egisset,
1128 1755 1351 1825 quadam
1379 1755 1463 1810 die
1491 1757 1615 1811 dum

75 1845 117 1895 in
147 1844 339 1912 hortum
369 1843 504 1911 intra
536 1845 846 1916 monasterii
873 1854 1022 1919 septa
1053 1847 1352 1923 laboraret,
1378 1861 1498 1905 cum
1529 1863 1618 1903 so-

1728 670 1913 731 tesque
1942 665 2046 721 illa:
2075 668 2120 720 si
2147 682 2494 740 agnosceret,
2529 675 2822 746 increpanti
2859 695 2991 738 voce
3023 685 3087 740 ad
3123 703 3280 744 unam

1725 772 1909 813 earum
1937 759 2276 820 Ansitrndem
2305 767 2516 824 nomine
2544 770 2773 839 loquitur
2797 790 2810 824 :
2839 772 2937 830 Vel
2964 785 3048 845 tu,
3083 778 3281 849 inquit,

1727 863 1835 918 non
1871 853 2115 922 agnoscis
2151 867 2388 918 sororem
2427 867 2569 917 tuam
2604 860 2871 918 Ansildem
2895 907 2909 930 ,
2937 881 3056 935 qua
3083 868 3281 927 dudum

1677 969 1682 975 ι
1725 941 1791 997 ad
1821 942 1989 998 celos
2030 945 2305 1014 migravit,
2343 950 2738 1013 candidatarum
2776 957 2950 1013 choris
2986 960 3284 1018 insertam?

1724 1030 1850 1086 Haec
1891 1047 2019 1103 ergo
2067 1034 2250 1097 dicens
2296 1041 2466 1094 anima
2515 1057 2543 1095 a
2593 1057 2753 1102 carne
2795 1049 2972 1116 elapsa
3015 1061 3135 1119 est;
3181 1069 3282 1122 qua

1723 1137 1940 1193 egressa
1962 1165 1978 1187 ,
2007 1136 2193 1182 cantus
2229 1131 2496 1198 angelicus
2531 1150 2648 1189 mox
2687 1148 2770 1195 est
2805 1140 2856 1198 in
2896 1156 3017 1199 aere
3051 1143 3280 1203 auditus.

1723 1213 1857 1303 l‘lam
1900 1217 2141 1286 quaedam
2183 1233 2364 1276 earum
2404 1222 2608 1293 longius
2641 1243 2672 1281 e
2705 1228 2893 1284 cellula
2941 1246 3043 1301 qua
3091 1249 3282 1303 corpus

1712 1299 1930 1374 'jacebat
1962 1310 2204 1365 exanime
2238 1310 2447 1372 fuerant
2483 1331 2808 1388 progressae,
2859 1299 3078 1380 audiunt
3120 1299 3284 1394 ango-

1725 1394 1896 1451 lornm
1926 1408 2094 1454 cretus
2122 1415 2214 1468 per
2240 1417 2362 1458 uera
2391 1407 2704 1466 resultantes
2729 1419 2886 1480 atque
2908 1424 3158 1470 canentes
3177 1432 3284 1481 ;-ex

1724 1501 1831 1553 quo
1875 1497 2043 1555 cantu.
2087 1506 2460 1561 compererunt
2498 1497 2813 1558 Wilsindam
2843 1505 3022 1561 carnis
3061 1507 3283 1562 nexibus

1722 1579 1994 1650 solutam;
2034 1595 2419 1655 currentesque
2452 1601 2762 1658 repererunt
2798 1597 3034 1652 membra
3069 1597 3282 1662 iuncta,

1721 1678 1880 1739 atque
1916 1686 2159 1728 sororum
2196 1687 2393 1732 costum
2418 1668 2785 1751 exsequiarum
2833 1684 3008 1740 officia
3059 1687 3286 1755 implen-

1727 1775 1831 1820 tem
1857 1782 1870 1831 ;
1909 1779 2306 1837 agnoscuntque
2339 1773 2670 1838 psallentium
2699 1785 2893 1832 emtum
2922 1794 3038 1848 quat
3065 1795 3160 1850 per
3192 1797 3288 1836 au-

1727 1873 1815 1913 ras
1843 1860 2120 1916 audierant
2147 1876 2500 1933 concrepare,
2526 1865 2643 1936 ejus
2670 1871 3097 1937 supplementum
3124 1874 3288 1931 fuisse

73 1933 260 1999 ilalibus
287 1935 455 2005 locuta
485 1945 606 1992 est:
636 1936 756 1990 Cito
785 1937 997 2004 anellis
1025 1951 1142 2004 quae
1169 1937 1220 1991 in
1254 1938 1351 1992 hac
1377 1953 1500 1991 area
1527 1953 1614 1993 ex-
1644 1938 1694 2001 B
1719 1951 2114 2019 exsequiarum,

75 2026 271 2084 colimus
300 2042 399 2082 una
431 2028 566 2082 itura
598 2039 676 2094 est
708 2044 723 2094 ;
754 2036 812 2082 et
840 2028 962 2082 ideo
993 2038 1200 2098 paratas
1235 2042 1353 2084 esse
1383 2028 1607 2093 debere,

69 2135 127 2174 ne
162 2120 484 2191 negligentia:
520 2123 815 2185 tepiditatis
846 2125 1054 2194 pariant
1081 2124 1272 2179 damna
1306 2127 1426 2180 vita:
1453 2137 1610 2181 acter-

69 2226 157 2264 na).
185 2212 413 2284 Cumque
447 2213 554 2268 illae
584 2223 873 2282 quererent
913 2230 1029 2284 qua:
1066 2225 1239 2278 esset,
1281 2233 1608 2286 nequaquam

67 2318 287 2371 promere
315 2306 510 2372 voluit,
546 2323 644 2364 uec
675 2316 878 2371 morata
907 2311 996 2375 diu
1023 2309 1265 2378 corporis
1295 2311 1606 2366 infirmitate

65 2403 284 2465 correpta
319 2405 418 2455 est.
457 2398 589 2465 Qua
626 2413 749 2456 cum
782 2399 1013 2454 diversis
1041 2401 1398 2456 anxietatibus
1425 2419 1610 2473 agere-

67 2497 161 2555 tur,
190 2491 345 2558 coepit
375 2490 492 2551 laeta
528 2493 596 2560 ad
625 2492 822 2552 crelum
851 2493 1030 2549 vultus
1057 2495 1288 2558 reierre,
1323 2506 1374 2559 et
1405 2497 1610 2565 ignotas

65 2579 155 2634 sibi
191 2579 379 2635 dudum
408 2581 802 2653 Scripturarqm
831 2575 1049 2654 paginas
1076 2599 1360 2649 enarrare,
1388 2601 1608 2642 exorsa-

65 2684 154 2734 que
178 2684 208 2726 a
233 2671 690 2742 principio_libros
730 2673 896 2743 Moysi
934 2690 1030 2745 per
1058 2677 1302 2730 ordinem
1335 2678 1561 2732 recitare
1582 2716 1599 2742 ,

65 2761 422 2840 Evangeliique
457 2764 637 2831 vitalia
677 2776 1008 2832 sacramento
1059 2781 1122 2822 ac
1169 2768 1458 2837 apostolica
1488 2778 1608 2838 post

65 2861 284 2911 veterum
334 2854 649 2910 documenta
710 2871 959 2922 narrare,
1012 2872 1307 2928 omnesque
1356 2859 1608 2929 deinceps

52 2947 334 3018 Scriptum
362 2963 424 3005 ex
454 2947 644 3008 ordine
670 2963 1005 3014 memorare,
1037 2951 1302 3020 simulque
1331 2949 1508 3007 dicere
1541 2967 1608 3004 ne

53 3049 103 3086 se
128 3049 240 3104 qua
267 3039 580 3106 superStites
609 3049 923 3107 remaneant
950 3039 1177 3096 tristitiao
1206 3039 1466 3106 subdant,
1500 3043 1605 3096 cito

50 3143 104 3178 ex
143 3142 321 3184 eorum
359 3130 680 3190 adversariis
718 3132 992 3203 dominum
1029 3133 1284 3188 ultionem
1323 3134 1602 3195 daturum,

52 3218 243 3287 sibique
282 3224 595 3291 promissam
633 3238 756 3287 esse
808 3223 946 3279 hanc
992 3225 1406 3280 consolationem
1456 3225 1607 3279 datu-

52 3327 174 3364 ram.
211 3311 336 3372 Erat
367 3314 506 3368 enim
545 3315 885 3372 adversarius
913 3316 1260 3379 monasterii,
1298 3317 1400 3387 liga
1435 3320 1603 3373 ποωε-

49 3417 106 3451 ne
127 3440 143 3465 ,
171 3401 249 3456 vir
278 3402 329 3457 in
360 3402 556 3460 saeculo
586 3402 830 3461 sublimis
851 3442 866 3468 ,
895 3403 983 3458 cui
1015 3403 1341 3474 Dagnbertus
1373 3407 1603 3462 moriens

44 3495 198 3548 ltiium
249 3489 571 3560 Clodoveum
627 3509 746 3561 cuiq
804 3508 969 3565 regno
1016 3495 1498 3549 commendaverat.
1555 3495 1604 3547 ls

45 3599 166 3655 ergo
195 3586 575 3650 adversabatur
605 3585 913 3656 supradicto
941 3586 1207 3656 coenobio,
1242 3590 1604 3657 terminosque

41 3675 268 3740 i-iolabat
296 3686 345 3744 ι,
371 3683 695 3750 omnemque
729 3676 990 3747 familiam
1022 3677 1138 3755 ejus
1175 3679 1598 3738 circummanen-

38 3777 135 3832 tem
157 3779 468 3844 quacunque
496 3777 703 3837 poterat
723 3769 1004 3832 occasione
1032 3770 1468 3840 perseQrtehatur.
1497 3771 1602 3827 Sed

33 3871 133 3911 non
159 3857 246 3924 diu
269 3868 457 3932 empta:
483 3860 790 3929 pertinaciae
819 3861 1015 3935 potitus
1040 3870 1120 3914 est
1146 3870 1303 3925 voto;
1332 3875 1452 3923 nam
1479 3877 1603 3915 mox

31 3963 140 4018 priet
161 3953 477 4023 mantissam
498 3955 753 4020 ultionem
775 3969 1055 4026 percussus
1075 3953 1297 4020 interiit.
1318 3955 1619 4026 Coepitque.

30 4042 220 4110 deinde
239 4045 538 4118 orationes,
570 4058 632 4110 ac
663 4046 1070 4118 deprecationes
1097 4061 1320 4116 quaeque
1348 4047 1601 4115 sacerdo-

27 4145 130 4193 tum
147 4131 834 4212 oliicjﬁepromuntmqlci
855 4137 1215 4208 modulamine
1232 4151 1447 4193 canere.
1471 4140 1603 4208 Quae

27 4243 140 4294 cum
169 4226 524 4297 vehementer
549 4228 871 4298 mirarentur
899 4242 1020 4303 quas
1045 4228 1318 4296 astabant,
1349 4243 1508 4283 unam
1535 4245 1603 4284 ex

25 4318 317 4388 astantibus
345 4316 578 4388 allocuta
607 4326 689 4374 est
714 4335 730 4375 :
765 4319 938 4394 Ejice,
978 4319 1182 4393 inquit,
1225 4319 1366 4389 foras
1386 4361 1402 4386 ,
1431 4321 1598 4391 ejice,

29 4410 164 4481 iacta
193 4410 529 4496 quisquilias.
560 4409 799 4485 Quinque
827 4410 945 4465 aliae
972 4411 1343 4490 conquirerent
1371 4397 1504 4486 quid"
1522 4413 1602 4466 di-

25 4513 145 4554 cere
174 4498 375 4570 vellet,
400 4498 523 4554 ait:
555 4498 669 4552 Non
705 4499 898 4566 aspicis
926 4498 1138 4568 quantis
1169 4500 1421 4571 sordibus
1454 4517 1603 4557 men-

22 4601 120 4644 tem
145 4586 344 4662 habeat
365 4595 677 4656 occupatam
704 4596 760 4644 et
783 4602 1052 4660 emunitam
1075 4631 1089 4654 ,
1117 4603 1216 4645 nec
1261 4592 1480 4650 omnino
1510 4605 1604 4660 per

22 4681 412 4748 confessionem
451 4669 686 4762 pectoris
732 4682 817 4736 sui
865 4673 1044 4735 aream
1095 4696 1319 4767 purgare
1357 4681 1589 4750 studuit,

22 4789 170 4840 quam
205 4775 264 4829 in
300 4774 500 4830 Iaculo
534 4773 708 4828 adhuc
748 4771 928 4848 posita
964 4773 1268 4845 priusquam
1310 4775 1412 4830 huc
1446 4775 1592 4831 clau-

22 4867 252 4930 teretur.
288 4868 434 4921 omni
463 4863 722 4935 spurcitia
759 4865 1086 4930 maculavit?
1123 4865 1376 4921 Perculsa
1413 4877 1591 4932 metu,

22 4957 335 5032 verecundi;
361 4967 606 5034 correpta
626 4998 644 5034 η
673 4966 731 5029 ει
753 4972 784 5026 ρ
811 4957 1011 5024 lumine
1039 4956 1269 5029 Spiritus
1292 4960 1461 5013 sancti
1499 4959 1592 5014 de-

22 5048 284 5118 prehensa,
305 5045 394 5122 cui
416 5048 541 5120 talia
566 5048 900 5119 dicebantur.
927 5049 1042 5105 solo
1063 5050 1439 5118 prosternitur,
1458 5052 1594 5105 celac

22 5147 174 5212 taque
199 5135 332 5206 vitia
359 5137 514 5207 latri
543 5153 636 5218 per
660 5137 1054 5200 confessionem
1085 5140 1298 5211 prodit,
1330 5142 1597 5212 erupitque

22 5231 262 5308 postbge
303 5245 429 5310 qua
473 5231 596 5287 vitae
637 5231 840 5287 exitum
891 5234 1235 5302 exspectabat
1270 5248 1491 5305 rogare,
1545 5242 1600 5288 ut

22 5323 185 5394 spatio
209 5321 354 5396 fleto
379 5323 554 5396 locum
584 5323 919 5392 venientibus
941 5323 1152 5382 darent.
1175 5326 1325 5394 Quod
1356 5337 1476 5379 cum
1505 5324 1599 5379 ob-

22 5425 420 5492 temperarent,
450 5417 606 5496 hil’ri
633 5420 780 5476 vultu
799 5461 816 5488 ,
841 5422 1124 5492 capiteque
1148 5422 1402 5476 inclinato
1422 5419 1594 5477 dicit:

21 5509 355 5576 Benedieite,
387 5509 616 5565 dominae
644 5525 800 5579 mea,
831 5511 1149 5579 benedicite,
1179 5511 1407 5568 dominas
1439 5527 1596 5567 mea).

22 5601 460 5672 Inquirenteaque
479 5615 598 5672 qua
621 5601 868 5657 astabant
891 5603 1083 5670 quibus
1109 5603 1332 5659 salutem
1363 5604 1595 5670 praemit-

22 5701 182 5762 ,ει-ει,
219 5693 537 5766 respondit:
575 5693 691 5760 Non
719 5695 942 5752 cernitis
975 5688 1195 5752 sorores
1232 5704 1441 5750 vestras
1474 5709 1593 5765 qua:

2315 2044 2540 2102 CAPUT
2568 2046 2699 2106 Vill.

1931 2157 2006 2210 De
2037 2158 2346 2214 Leudeberta
2375 2171 2422 2215 et
2449 2163 2635 2217 uisione
2662 2162 2802 2220 Petri
2826 2168 3064 2236 apostoli.

1789 2248 1874 2306 15.
1921 2248 2044 2304 Post
2098 2250 2195 2304 has
2243 2267 2448 2306 rursum
2496 2253 2708 2308 uberius
2757 2256 2972 2314 Bonitas
3001 2275 3280 2316 munerum

1713 2354 1930 2393 suorum
1984 2343 2222 2409 congerit
2288 2344 2672 2411 supplementa,
2707 2344 2966 2418 aliamque
3018 2351 3278 2418 virginem

1713 2431 2095 2486 Leudebertam
2123 2433 2356 2496 nomine,
2389 2428 2602 2489 monitis
2625 2438 2924 2493 salubribus
2953 2453 3014 2493 ac
3037 2441 3275 2495 celestis

1715 2527 1973 2594 prosapia:
2002 2525 2330 2580 documentis
2362 2529 2570 2584 munire
2600 2544 2703 2583 non
2733 2530 2956 2586 distulit.
2993 2531 3122 2585 Nam
3150 2525 3270 2586 cuan

1711 2623 1950 2669 sanctam
2003 2617 2054 2669 in
2109 2617 2296 2671 eodem
2346 2619 2591 2673 ctenobio
2652 2634 2744 2688 per
2775 2622 2948 2691 aliqua
2981 2632 3277 2692 temporum

1711 2707 1880 2772 spatia
1909 2707 2066 2762 vitam
2107 2717 2305 2778 ageret,
2337 2725 2429 2778 per
2455 2725 2694 2777 seper-em
2741 2727 2856 2767 eam
2913 2712 3053 2768 Deus
3095 2715 3281 2771 admo-

1710 2810 1839 2851 nere
1870 2813 1973 2852 non
1999 2799 2252 2867 odistulit,
2297 2812 2354 2854 ut
2374 2803 2440 2878 ad
2469 2804 2586 2857 vita:
2613 2805 2810 2860 exitum
2859 2804 3170 2871 paratiorem
3223 2821 3279 2861 se

1710 2889 1948 2946 efficeret
1980 2910 1992 2944 :
2030 2891 2306 2961 aiebatque
2358 2896 2406 2948 ei
2441 2910 2536 2948 vox
2569 2912 2688 2950 cum
2734 2911 2894 2965 sopor
2943 2897 3176 2952 membra
3207 2898 3279 2952 la-

1713 2989 1908 3046 xasset,
1941 2990 1996 3034 ut
2022 2996 2080 3054 se
2108 2995 2136 3034 a
2166 2982 2479 3050 supradictae
2512 2984 2690 3038 Matris
2732 2985 2945 3040 monitis
2974 2985 3274 3041 nullatenus

1710 3071 1964 3139 deviaret,
1992 3073 2112 3140 quia
2150 3072 2256 3128 cito
2285 3087 2314 3126 a
2343 3076 2547 3143 superis
2590 3085 2925 3146 segregatum
2974 3088 3137 3132 esset.
3169 3077 3276 3133 Nec

1710 3163 1917 3219 distulit
1965 3163 2053 3219 diu
2106 3167 2349 3234 promissi
2409 3170 2644 3221 muneris
2702 3169 2941 3239 Largitor
3012 3168 3273 3238 benignus

1633 3283 1683 3349 α
1711 3253 1907 3309 denunt
1935 3258 2284 3320 accumulare,
2317 3258 2674 3327 corripuitque
2722 3258 3050 3327 agritudine,
3100 3257 3165 3312 ae'
3210 3260 3261 3312 in

1712 3347 1986 3416 propatulo
2031 3349 2094 3400 ad
2126 3363 2430 3414 supremum
2480 3351 2677 3404 exitum
2706 3351 2966 3419 perduxit.
3009 3353 3121 3418 Quo
3150 3367 3271 3406 cum

1703 3446 1814 3515 jam
1837 3447 1902 3501 ad
1936 3457 2203 3501 extremos
2231 3457 2335 3501 tam
2355 3447 2530 3502 Mater
2558 3464 2710 3516 quam
2738 3449 2946 3505 sodales
2982 3447 3271 3518 rependere

1708 3546 1946 3590 astarent
1976 3537 2225 3601 honores,
2279 3538 2453 3593 subito
2497 3549 2613 3606 post
2646 3541 2854 3608 longum
2883 3539 3149 3603 silentium
3182 3555 3274 3594 νου

1707 3642 1823 3682 cem
1855 3629 2044 3697 premit
2067 3643 2128 3681 ac
2175 3628 2336 3681 dicit:
2391 3630 2500 3696 Qua
2544 3632 2690 3692 liora,
2725 3631 2956 3713 gloriose
3001 3633 3271 3700 apostolo-

1709 3735 1826 3775 rum
1854 3721 2098 3790 princeps
2127 3721 2300 3783 Petre,
2327 3722 2404 3776 vis
2439 3732 2493 3775 ut
2522 3721 2740 3776 eamus?
2783 3724 2930 3790 Quod
2977 3736 3098 3777 eum
3151 3724 3272 3776 athe

1706 3813 1831 3882 quid
1863 3822 2042 3882 ageret
2091 3826 2248 3868 nosse
2295 3812 2510 3878 vellent,
2558 3813 2644 3867 illa
2669 3812 2884 3881 inquit:
2935 3811 3047 3866 Non
3081 3811 3272 3866 videtis

1705 3911 1982 3968 patronum
2011 3912 2243 3955 vestrum
2275 3904 2631 3970 apostolorum
2676 3904 2960 3971 principem
2994 3905 3135 3977 inter
3176 3919 3270 3957 vos

1703 3999 1895 4054 astare,
1921 4000 1974 4044 et
2003 4005 2086 4044 me
2111 3992 2177 4045 de
2204 3991 2300 4044 hac
2331 3993 2432 4045 vita
2461 3992 2653 4046 ducere
2685 3992 2862 4046 velle?
2892 3991 2987 4046 Vix
3030 3994 3144 4049 hac
3184 3993 3270 4046 di-

1704 4099 1831 4140 cere
1881 4083 2060 4151 licuit,
2095 4085 2244 4138 lretos
2288 4099 2473 4140 omnes
2501 4086 3018 4152 circumexspectant
3053 4085 3260 4150 vultus,

1705 4188 2081 4246 extremosque
2127 4176 2325 4231 dimisit
2383 4176 2597 4241 halitus,
2651 4191 2975 4244 superasque
3025 4175 3266 4245 linquens

1704 4283 1882 4333 auras,
1906 4269 1972 4322 ad
2003 4280 2199 4323 aeterna
2229 4269 2418 4338 gaudia
2448 4278 2530 4322 est
2559 4279 2828 4338 provecta.
2859 4268 2990 4321 Nam
3031 4267 3152 4322 ideo
3177 4282 3267 4321 re-

1703 4377 1819 4415 rum
1852 4363 2011 4416 Sator
2041 4371 2158 4430 post
2185 4362 2335 4431 longa
2357 4361 2562 4415 silentia
2607 4363 2658 4414 in
2697 4363 2830 4413 hunc
2882 4374 3063 4414 vocem
3116 4361 3266 4414 ﬂebi-

1704 4456 1805 4510 lem
1823 4470 2132 4525 promovere
2159 4457 2383 4525 linguam
2411 4455 2670 4522 permisit,
2697 4462 2754 4509 nt
2769 4453 2900 4509 alias
2921 4454 2984 4507 ad
3004 4452 3120 4523 ejus
3140 4453 3266 4506 vitae

1704 4553 1950 4620 exempla
2003 4563 2334 4620 provocaret,
2403 4559 2455 4603 et
2517 4557 2689 4602 tantas
2749 4561 3021 4602 munerum
3087 4545 3266 4613 copias

1627 4630 1911 4714 nsuperis
1958 4644 2366 4710 demonstraret,
2407 4642 2595 4711 quibus
2641 4642 2705 4694 ab
2754 4640 2851 4692 hac
2899 4638 3014 4691 luce
3060 4637 3113 4690 in
3167 4650 3264 4692 suo

1697 4737 1886 4790 timore
1916 4735 2001 4789 vel
2031 4748 2212 4788 amore
2239 4728 2529 4805 migrantes
2550 4733 2717 4786 ditare
2751 4744 2856 4785 non
2885 4727 3106 4784 desinit.

1926 4825 1928 4827 ’
2317 4835 2660 4903 CAPUTlx.

1695 4962 1773 5023 De
1820 4962 2217 5032 delinquentium
2268 4960 2584 5033 correptione
2625 4964 2673 5013 et
2714 4957 3041 5025 damnatione
3084 4955 3264 5028 fugiti-

2383 5045 2560 5083 uarum
2567 5070 2581 5084 ο
2861 5087 2872 5095 _
3179 5073 3186 5078 -

1776 5143 1864 5202 Η.
1889 5143 2214 5213 Eti'erbuerat
2243 5151 2426 5210 contra
2455 5141 2590 5203 hanc
2617 5141 2820 5222 plebem
2848 5137 3044 5207 Christi
3074 5137 3263 5207 nequi-

1708 5240 1775 5308 tia
1829 5236 2103 5307 diabolicae
2150 5234 2394 5307 fraudis;
2451 5245 2502 5302 et
2531 5233 2657 5287 dum
2715 5230 2918 5300 pollere
2977 5230 3260 5283 virtutibus

1703 5339 1964 5397 cerneret,
1991 5342 2270 5400 aggressus
2299 5336 2382 5396 est
2415 5325 2787 5395 tentationibus
2818 5323 3082 5394 maculare
3110 5335 3260 5387 quas-

1702 5419 1825 5476 dam
1870 5434 1934 5474 ex
1963 5417 2046 5484 his
2071 5433 2200 5486 quas
2221 5431 2351 5487 nova
2375 5415 2706 5485 conversatio
2740 5414 2898 5468 rudes
2923 5410 3194 5474 reddebat,
3225 5426 3257 5465 a

1701 5518 2010 5566 czeterarum
2034 5509 2350 5565 continentia
2377 5506 2518 5559 nisus
2558 5506 2807 5569 evellere,
2836 5517 2899 5558 ac
2947 5510 3092 5571 septa
3142 5500 3257 5554 Mo-

1701 5606 1915 5659 nasterii
1940 5605 2141 5662 violare
2166 5611 2368 5658 tentare
2392 5616 2407 5664 ;
2453 5600 2896 5668 praecipitavitque
2925 5584 3251 5650 exitiabilem

1702 5697 1860 5752 vitam
1887 5700 2063 5770 saculi
2093 5696 2414 5767 desiderare,
2447 5708 2509 5748 ac
2537 5694 2721 5748 canino
2758 5704 2905 5743 more
2951 5686 3129 5741 relicta
3178 5686 3255 5737 vi-

75 5838 106 5870 a
141 5824 500 5904 Primum
547 5827 699 5902 ,λειω
733 5829 933 5888 homini
994 5831 1082 5902 pio
1150 5844 1427 5903 perperam
1466 5829 1664 5904 import!
1705 5843 1886 5896 censet
1919 5832 2182 5904 Adrianus
2217 5829 2487 5896 Valesius,
2527 5828 2578 5880 in
2616 5825 2739 5881 Rer.
2779 5822 2965 5878 Franc.
3007 5817 3097 5878 lib.
3138 5831 3205 5868 xx
3234 5851 3254 5881 ,

22 5919 126 5969 reg.
169 5899 300 5958 158.
