  <div class='ocr_page' id='page_1' title='image "/cluster/home/n/w/nwhite01/storage/ocr_20150623/87-88/uva.x000827073/547.png"; bbox 0 0 3880 6236; ppageno 0'>
   <div class='ocr_carea' id='block_1_1' title="bbox 479 306 623 366">
    <p class='ocr_par' dir='ltr' id='par_1_1' title="bbox 479 306 623 366">
     <span class='ocr_line' id='line_1_1' title="bbox 479 306 623 366; baseline 0 0"><span class='ocrx_word' id='word_1_1' title='bbox 479 306 623 366; x_wconf 67' lang='grc'><strong>1079</strong></span> 
     </span>
    </p>
   </div>
   <div class='ocr_carea' id='block_1_2' title="bbox 1603 312 2569 375">
    <p class='ocr_par' dir='ltr' id='par_1_2' title="bbox 1603 312 2569 375">
     <span class='ocr_line' id='line_1_2' title="bbox 1603 312 2569 375; baseline 0.006 -6"><span class='ocrx_word' id='word_1_2' title='bbox 1603 312 1792 369; x_wconf 67' lang='grc' dir='ltr'><strong>ΙΟΝᾸΞ</strong></span> <span class='ocrx_word' id='word_1_3' title='bbox 1830 313 2115 374; x_wconf 79' lang='lat' dir='ltr'><strong>ABBATIS</strong></span> <span class='ocrx_word' id='word_1_4' title='bbox 2150 316 2569 375; x_wconf 81' lang='lat' dir='ltr'><strong>ELNONENSIS</strong></span> 
     </span>
    </p>
   </div>
   <div class='ocr_carea' id='block_1_3' title="bbox 3580 327 3702 384">
    <p class='ocr_par' dir='ltr' id='par_1_3' title="bbox 3580 327 3702 384">
     <span class='ocr_line' id='line_1_3' title="bbox 3580 327 3702 384; baseline 0.025 -3"><span class='ocrx_word' id='word_1_5' title='bbox 3580 327 3702 384; x_wconf 66' lang='lat'><strong>£080</strong></span> 
     </span>
    </p>
   </div>
   <div class='ocr_carea' id='block_1_4' title="bbox 494 404 3703 506">
    <p class='ocr_par' dir='ltr' id='par_1_4' title="bbox 494 404 3703 506">
     <span class='ocr_line' id='line_1_4' title="bbox 494 404 3703 506; baseline 0.005 -25"><span class='ocrx_word' id='word_1_6' title='bbox 494 439 707 481; x_wconf 91' lang='lat' dir='ltr'><strong>scerum</strong></span> <span class='ocrx_word' id='word_1_7' title='bbox 735 404 1053 493; x_wconf 37' lang='lat' dir='ltr'><strong>pu&#39;trimenta</strong></span> <span class='ocrx_word' id='word_1_8' title='bbox 1072 424 1248 479; x_wconf 92' lang='lat' dir='ltr'><strong>denuo</strong></span> <span class='ocrx_word' id='word_1_9' title='bbox 1271 439 1482 481; x_wconf 83' lang='lat' dir='ltr'><strong>sumere</strong></span> <span class='ocrx_word' id='word_1_10' title='bbox 1502 426 1656 481; x_wconf 82' lang='lat' dir='ltr'><strong>velle.</strong></span> <span class='ocrx_word' id='word_1_11' title='bbox 1687 427 1926 497; x_wconf 80' lang='lat' dir='ltr'><strong>Cumque</strong></span> <span class='ocrx_word' id='word_1_12' title='bbox 1949 430 2058 498; x_wconf 87' lang='lat' dir='ltr'><strong>jam</strong></span> <span class='ocrx_word' id='word_1_13' title='bbox 2087 438 2139 495; x_wconf 73' lang='grc' dir='ltr'><strong>Α</strong></span> <span class='ocrx_word' id='word_1_14' title='bbox 2164 432 2453 488; x_wconf 81' lang='lat' dir='ltr'><strong>fessionem</strong></span> <span class='ocrx_word' id='word_1_15' title='bbox 2475 434 2680 488; x_wconf 76' lang='lat' dir='ltr'><strong>facinus</strong></span> <span class='ocrx_word' id='word_1_16' title='bbox 2712 434 2970 502; x_wconf 91' lang='lat' dir='ltr'><strong>pandant.</strong></span> <span class='ocrx_word' id='word_1_17' title='bbox 2997 436 3240 506; x_wconf 83' lang='lat' dir='ltr'><strong>Cumque</strong></span> <span class='ocrx_word' id='word_1_18' title='bbox 3269 437 3525 493; x_wconf 90' lang='lat' dir='ltr'><strong>obdurato</strong></span> <span class='ocrx_word' id='word_1_19' title='bbox 3561 441 3703 497; x_wconf 87' lang='lat' dir='ltr'><strong>corde</strong></span> 
     </span>
    </p>
   </div>
   <div class='ocr_carea' id='block_1_5' title="bbox 488 516 2061 587">
    <p class='ocr_par' dir='ltr' id='par_1_5' title="bbox 488 516 2061 587">
     <span class='ocr_line' id='line_1_5' title="bbox 488 516 2061 587; baseline 0.004 -18"><span class='ocrx_word' id='word_1_20' title='bbox 488 532 591 586; x_wconf 87' lang='lat' dir='ltr'><strong>per</strong></span> <span class='ocrx_word' id='word_1_21' title='bbox 637 531 829 585; x_wconf 88' lang='lat' dir='ltr'><strong>opacas</strong></span> <span class='ocrx_word' id='word_1_22' title='bbox 855 516 1070 572; x_wconf 88' lang='lat' dir='ltr'><strong>umbras</strong></span> <span class='ocrx_word' id='word_1_23' title='bbox 1100 518 1413 587; x_wconf 92' lang='lat' dir='ltr'><strong>silentiaque</strong></span> <span class='ocrx_word' id='word_1_24' title='bbox 1443 520 1601 572; x_wconf 76' lang='lat' dir='ltr'><strong>fusca:</strong></span> <span class='ocrx_word' id='word_1_25' title='bbox 1631 520 1802 573; x_wconf 91' lang='lat' dir='ltr'><strong>noctis</strong></span> <span class='ocrx_word' id='word_1_26' title='bbox 1848 522 1913 574; x_wconf 90' lang='lat' dir='ltr'><strong>ad</strong></span> <span class='ocrx_word' id='word_1_27' title='bbox 1961 522 2061 575; x_wconf 81' lang='lat' dir='ltr'><strong>im—</strong></span> 
     </span>
    </p>
   </div>
   <div class='ocr_carea' id='block_1_6' title="bbox 488 608 2059 681">
    <p class='ocr_par' dir='ltr' id='par_1_6' title="bbox 488 608 2059 681">
     <span class='ocr_line' id='line_1_6' title="bbox 488 608 2059 681; baseline 0.003 -19"><span class='ocrx_word' id='word_1_28' title='bbox 488 622 649 663; x_wconf 85' lang='lat' dir='ltr'><strong>mane</strong></span> <span class='ocrx_word' id='word_1_29' title='bbox 690 608 1067 677; x_wconf 86' lang='lat' dir='ltr'><strong>perficiendum</strong></span> <span class='ocrx_word' id='word_1_30' title='bbox 1116 609 1397 663; x_wconf 85' lang='lat' dir='ltr'><strong>consilium</strong></span> <span class='ocrx_word' id='word_1_31' title='bbox 1446 613 1765 679; x_wconf 91' lang='lat' dir='ltr'><strong>aspirarent,</strong></span> <span class='ocrx_word' id='word_1_32' title='bbox 1816 622 1871 667; x_wconf 90' lang='lat' dir='ltr'><strong>et</strong></span> <span class='ocrx_word' id='word_1_33' title='bbox 1910 624 2059 681; x_wconf 88' lang='lat' dir='ltr'><strong>septa</strong></span> 
     </span>
    </p>
   </div>
   <div class='ocr_carea' id='block_1_7' title="bbox 490 697 2059 768">
    <p class='ocr_par' dir='ltr' id='par_1_7' title="bbox 490 697 2059 768">
     <span class='ocr_line' id='line_1_7' title="bbox 490 697 2059 768; baseline 0.003 -15"><span class='ocrx_word' id='word_1_34' title='bbox 490 697 797 753; x_wconf 72' lang='lat' dir='ltr'><strong>monasterii</strong></span> <span class='ocrx_word' id='word_1_35' title='bbox 830 714 924 767; x_wconf 91' lang='lat' dir='ltr'><strong>per</strong></span> <span class='ocrx_word' id='word_1_36' title='bbox 950 699 1201 768; x_wconf 74' lang='lat' dir='ltr'><strong>repagula</strong></span> <span class='ocrx_word' id='word_1_37' title='bbox 1230 702 1384 754; x_wconf 63' lang='lat' dir='ltr'><strong>scalae</strong></span> <span class='ocrx_word' id='word_1_38' title='bbox 1408 702 1670 757; x_wconf 90' lang='lat' dir='ltr'><strong>transilire</strong></span> <span class='ocrx_word' id='word_1_39' title='bbox 1718 712 2059 768; x_wconf 86' lang='lat' dir='ltr'><strong>conarentur,</strong></span> 
     </span>
    </p>
   </div>
   <div class='ocr_carea' id='block_1_8' title="bbox 490 774 2058 860">
    <p class='ocr_par' dir='ltr' id='par_1_8' title="bbox 490 774 2058 860">
     <span class='ocr_line' id='line_1_8' title="bbox 490 774 2058 860; baseline 0.002 -17"><span class='ocrx_word' id='word_1_40' title='bbox 490 790 725 844; x_wconf 86' lang='lat' dir='ltr'><strong>subitoa</strong></span> <span class='ocrx_word' id='word_1_41' title='bbox 757 789 931 842; x_wconf 88' lang='lat' dir='ltr'><strong>medio</strong></span> <span class='ocrx_word' id='word_1_42' title='bbox 979 789 1273 843; x_wconf 89' lang='lat' dir='ltr'><strong>dormitorii</strong></span> <span class='ocrx_word' id='word_1_43' title='bbox 1322 806 1494 846; x_wconf 82' lang='lat' dir='ltr'><strong>massa</strong></span> <span class='ocrx_word' id='word_1_44' title='bbox 1547 774 1686 860; x_wconf 84' lang='lat' dir='ltr'><strong>ignis</strong></span> <span class='ocrx_word' id='word_1_45' title='bbox 1743 793 1796 845; x_wconf 92' lang='lat' dir='ltr'><strong>in</strong></span> <span class='ocrx_word' id='word_1_46' title='bbox 1843 793 2058 847; x_wconf 91' lang='lat' dir='ltr'><strong>modum</strong></span> 
     </span>
    </p>
   </div>
   <div class='ocr_carea' id='block_1_9' title="bbox 491 880 2058 951">
    <p class='ocr_par' dir='ltr' id='par_1_9' title="bbox 491 880 2058 951">
     <span class='ocr_line' id='line_1_9' title="bbox 491 880 2058 951; baseline 0.001 -18"><span class='ocrx_word' id='word_1_47' title='bbox 491 880 660 933; x_wconf 86' lang='lat' dir='ltr'><strong>modii</strong></span> <span class='ocrx_word' id='word_1_48' title='bbox 690 895 906 950; x_wconf 86' lang='lat' dir='ltr'><strong>egressa</strong></span> <span class='ocrx_word' id='word_1_49' title='bbox 942 890 1104 934; x_wconf 90' lang='lat' dir='ltr'><strong>totam</strong></span> <span class='ocrx_word' id='word_1_50' title='bbox 1143 882 1357 935; x_wconf 91' lang='lat' dir='ltr'><strong>domum</strong></span> <span class='ocrx_word' id='word_1_51' title='bbox 1384 884 1726 950; x_wconf 82' lang='lat' dir='ltr'><strong>perlustravit</strong></span> <span class='ocrx_word' id='word_1_52' title='bbox 1750 892 1911 951; x_wconf 90' lang='lat' dir='ltr'><strong>atque</strong></span> <span class='ocrx_word' id='word_1_53' title='bbox 1940 884 2058 937; x_wconf 86' lang='lat' dir='ltr'><strong>illu-</strong></span> 
     </span>
    </p>
   </div>
   <div class='ocr_carea' id='block_1_10' title="bbox 490 974 2091 1049">
    <p class='ocr_par' dir='ltr' id='par_1_10' title="bbox 490 974 2091 1049">
     <span class='ocr_line' id='line_1_10' title="bbox 490 974 2091 1049; baseline 0.001 -22"><span class='ocrx_word' id='word_1_54' title='bbox 490 975 732 1039; x_wconf 89' lang='lat' dir='ltr'><strong>minavit,</strong></span> <span class='ocrx_word' id='word_1_55' title='bbox 762 986 824 1027; x_wconf 88' lang='lat' dir='ltr'><strong>ac</strong></span> <span class='ocrx_word' id='word_1_56' title='bbox 874 982 991 1041; x_wconf 91' lang='lat' dir='ltr'><strong>post</strong></span> <span class='ocrx_word' id='word_1_57' title='bbox 1040 974 1091 1027; x_wconf 92' lang='lat' dir='ltr'><strong>in</strong></span> <span class='ocrx_word' id='word_1_58' title='bbox 1148 984 1255 1028; x_wconf 89' lang='lat' dir='ltr'><strong>tres</strong></span> <span class='ocrx_word' id='word_1_59' title='bbox 1306 975 1471 1028; x_wconf 90' lang='lat' dir='ltr'><strong>divisa</strong></span> <span class='ocrx_word' id='word_1_60' title='bbox 1518 976 1703 1043; x_wconf 80' lang='lat' dir='ltr'><strong>globos</strong></span> <span class='ocrx_word' id='word_1_61' title='bbox 1755 991 1848 1044; x_wconf 92' lang='lat' dir='ltr'><strong>per</strong></span> <span class='ocrx_word' id='word_1_62' title='bbox 1893 978 2091 1049; x_wconf 63' lang='lat' dir='ltr'><strong>ostio-~</strong></span> 
     </span>
    </p>
   </div>
   <div class='ocr_carea' id='block_1_11' title="bbox 489 1067 2055 1137">
    <p class='ocr_par' dir='ltr' id='par_1_11' title="bbox 489 1067 2055 1137">
     <span class='ocr_line' id='line_1_11' title="bbox 489 1067 2055 1137; baseline 0.001 -17"><span class='ocrx_word' id='word_1_63' title='bbox 489 1082 606 1120; x_wconf 88' lang='lat' dir='ltr'><strong>rum</strong></span> <span class='ocrx_word' id='word_1_64' title='bbox 654 1077 859 1120; x_wconf 84' lang='lat' dir='ltr'><strong>meatus</strong></span> <span class='ocrx_word' id='word_1_65' title='bbox 881 1081 1001 1119; x_wconf 90' lang='lat' dir='ltr'><strong>cum</strong></span> <span class='ocrx_word' id='word_1_66' title='bbox 1033 1082 1223 1135; x_wconf 87' lang='lat' dir='ltr'><strong>magno</strong></span> <span class='ocrx_word' id='word_1_67' title='bbox 1275 1068 1492 1121; x_wconf 92' lang='lat' dir='ltr'><strong>tonitrui</strong></span> <span class='ocrx_word' id='word_1_68' title='bbox 1516 1067 1722 1135; x_wconf 86' lang='lat' dir='ltr'><strong>fragore</strong></span> <span class='ocrx_word' id='word_1_69' title='bbox 1776 1083 2055 1137; x_wconf 82' lang='lat' dir='ltr'><strong>progressa</strong></span> 
     </span>
    </p>
   </div>
   <div class='ocr_carea' id='block_1_12' title="bbox 490 1157 2059 1227">
    <p class='ocr_par' dir='ltr' id='par_1_12' title="bbox 490 1157 2059 1227">
     <span class='ocr_line' id='line_1_12' title="bbox 490 1157 2059 1227; baseline 0 -15"><span class='ocrx_word' id='word_1_70' title='bbox 490 1169 593 1212; x_wconf 87' lang='lat' dir='ltr'><strong>est.</strong></span> <span class='ocrx_word' id='word_1_71' title='bbox 624 1157 865 1212; x_wconf 84' lang='lat' dir='ltr'><strong>Totidem</strong></span> <span class='ocrx_word' id='word_1_72' title='bbox 898 1160 1091 1213; x_wconf 91' lang='lat' dir='ltr'><strong>etenim</strong></span> <span class='ocrx_word' id='word_1_73' title='bbox 1124 1159 1253 1213; x_wconf 89' lang='lat' dir='ltr'><strong>ostia</strong></span> <span class='ocrx_word' id='word_1_74' title='bbox 1294 1160 1484 1213; x_wconf 89' lang='lat' dir='ltr'><strong>domus</strong></span> <span class='ocrx_word' id='word_1_75' title='bbox 1513 1160 1763 1223; x_wconf 85' lang='lat' dir='ltr'><strong>habebat,</strong></span> <span class='ocrx_word' id='word_1_76' title='bbox 1800 1174 1893 1227; x_wconf 93' lang='lat' dir='ltr'><strong>per</strong></span> <span class='ocrx_word' id='word_1_77' title='bbox 1925 1174 2059 1227; x_wconf 87' lang='lat' dir='ltr'><strong>quos</strong></span> 
     </span>
    </p>
   </div>
   <div class='ocr_carea' id='block_1_13' title="bbox 491 1250 2063 1320">
    <p class='ocr_par' dir='ltr' id='par_1_13' title="bbox 491 1250 2063 1320">
     <span class='ocr_line' id='line_1_13' title="bbox 491 1250 2063 1320; baseline -0.001 -16"><span class='ocrx_word' id='word_1_78' title='bbox 491 1264 618 1304; x_wconf 87' lang='lat' dir='ltr'><strong>suos</strong></span> <span class='ocrx_word' id='word_1_79' title='bbox 650 1250 785 1320; x_wconf 85' lang='lat' dir='ltr'><strong>ignis</strong></span> <span class='ocrx_word' id='word_1_80' title='bbox 831 1252 1017 1319; x_wconf 82' lang='lat' dir='ltr'><strong>globos</strong></span> <span class='ocrx_word' id='word_1_81' title='bbox 1049 1252 1325 1318; x_wconf 89' lang='lat' dir='ltr'><strong>proferret.</strong></span> <span class='ocrx_word' id='word_1_82' title='bbox 1371 1252 1471 1317; x_wconf 82' lang='lat' dir='ltr'><strong>Qui</strong></span> <span class='ocrx_word' id='word_1_83' title='bbox 1515 1253 1729 1305; x_wconf 89' lang='lat' dir='ltr'><strong>tonitrui</strong></span> <span class='ocrx_word' id='word_1_84' title='bbox 1776 1251 1959 1320; x_wconf 79' lang='lat' dir='ltr'><strong>fragor</strong></span> <span class='ocrx_word' id='word_1_85' title='bbox 2010 1260 2063 1303; x_wconf 90' lang='lat' dir='ltr'><strong>et</strong></span> 
     </span>
    </p>
   </div>
   <div class='ocr_carea' id='block_1_14' title="bbox 426 1341 2059 1411">
    <p class='ocr_par' dir='ltr' id='par_1_14' title="bbox 426 1341 2059 1411">
     <span class='ocr_line' id='line_1_14' title="bbox 426 1341 2059 1411; baseline 0.002 -17"><span class='ocrx_word' id='word_1_86' title='bbox 426 1348 427 1351; x_wconf 68' lang='lat'>‘</span> <span class='ocrx_word' id='word_1_87' title='bbox 493 1341 820 1396; x_wconf 83' lang='lat' dir='ltr'><strong>dormientes</strong></span> <span class='ocrx_word' id='word_1_88' title='bbox 848 1343 1113 1407; x_wconf 81' lang='lat' dir='ltr'><strong>excitavit,</strong></span> <span class='ocrx_word' id='word_1_89' title='bbox 1147 1354 1198 1397; x_wconf 92' lang='lat' dir='ltr'><strong>et</strong></span> <span class='ocrx_word' id='word_1_90' title='bbox 1223 1344 1554 1411; x_wconf 75' lang='lat' dir='ltr'><strong>egredientes</strong></span> <span class='ocrx_word' id='word_1_91' title='bbox 1585 1345 1888 1398; x_wconf 88' lang='lat' dir='ltr'><strong>monasterii</strong></span> <span class='ocrx_word' id='word_1_92' title='bbox 1910 1353 2059 1411; x_wconf 89' lang='lat' dir='ltr'><strong>septa</strong></span> 
     </span>
    </p>
   </div>
   <div class='ocr_carea' id='block_1_15' title="bbox 493 1432 2058 1505">
    <p class='ocr_par' dir='ltr' id='par_1_15' title="bbox 493 1432 2058 1505">
     <span class='ocr_line' id='line_1_15' title="bbox 493 1432 2058 1505; baseline 0.002 -22"><span class='ocrx_word' id='word_1_93' title='bbox 493 1434 743 1497; x_wconf 88' lang='lat' dir='ltr'><strong>correxit,</strong></span> <span class='ocrx_word' id='word_1_94' title='bbox 776 1442 829 1487; x_wconf 92' lang='lat' dir='ltr'><strong>et</strong></span> <span class='ocrx_word' id='word_1_95' title='bbox 868 1449 983 1485; x_wconf 71' lang='lat' dir='ltr'><strong>cum</strong></span> <span class='ocrx_word' id='word_1_96' title='bbox 1016 1434 1144 1505; x_wconf 35' lang='lat' dir='ltr'><strong>‘jam</strong></span> <span class='ocrx_word' id='word_1_97' title='bbox 1194 1432 1386 1486; x_wconf 85' lang='lat' dir='ltr'><strong>vallum</strong></span> <span class='ocrx_word' id='word_1_98' title='bbox 1432 1435 1592 1502; x_wconf 87' lang='lat' dir='ltr'><strong>pedes</strong></span> <span class='ocrx_word' id='word_1_99' title='bbox 1647 1436 1836 1503; x_wconf 66' lang='lat' dir='ltr'><strong>aliqua:</strong></span> <span class='ocrx_word' id='word_1_100' title='bbox 1880 1450 2058 1488; x_wconf 88' lang='lat' dir='ltr'><strong>earum</strong></span> 
     </span>
    </p>
   </div>
   <div class='ocr_carea' id='block_1_16' title="bbox 494 1518 2060 1592">
    <p class='ocr_par' dir='ltr' id='par_1_16' title="bbox 494 1518 2060 1592">
     <span class='ocr_line' id='line_1_16' title="bbox 494 1518 2060 1592; baseline 0.004 -21"><span class='ocrx_word' id='word_1_101' title='bbox 494 1518 848 1588; x_wconf 83' lang='lat' dir='ltr'><strong>trajecissént,</strong></span> <span class='ocrx_word' id='word_1_102' title='bbox 879 1531 931 1575; x_wconf 91' lang='lat' dir='ltr'><strong>et</strong></span> <span class='ocrx_word' id='word_1_103' title='bbox 990 1531 1133 1575; x_wconf 90' lang='lat' dir='ltr'><strong>tanto</strong></span> <span class='ocrx_word' id='word_1_104' title='bbox 1168 1522 1376 1591; x_wconf 81' lang='lat' dir='ltr'><strong>fragore</strong></span> <span class='ocrx_word' id='word_1_105' title='bbox 1403 1526 1698 1590; x_wconf 69' lang='lat' dir='ltr'><strong>perterrita:</strong></span> <span class='ocrx_word' id='word_1_106' title='bbox 1748 1525 1883 1577; x_wconf 64' lang='lat' dir='ltr'><strong>intra</strong></span> <span class='ocrx_word' id='word_1_107' title='bbox 1913 1534 2060 1592; x_wconf 89' lang='lat' dir='ltr'><strong>septa</strong></span> 
     </span>
    </p>
   </div>
   <div class='ocr_carea' id='block_1_17' title="bbox 476 1610 2061 1682">
    <p class='ocr_par' dir='ltr' id='par_1_17' title="bbox 476 1610 2061 1682">
     <span class='ocr_line' id='line_1_17' title="bbox 476 1610 2061 1682; baseline 0.004 -21"><span class='ocrx_word' id='word_1_108' title='bbox 476 1610 692 1665; x_wconf 79' lang='lat' dir='ltr'><strong>vellent</strong></span> <span class='ocrx_word' id='word_1_109' title='bbox 721 1610 939 1676; x_wconf 89' lang='lat' dir='ltr'><strong>referre,</strong></span> <span class='ocrx_word' id='word_1_110' title='bbox 972 1612 1116 1665; x_wconf 91' lang='lat' dir='ltr'><strong>velut</strong></span> <span class='ocrx_word' id='word_1_111' title='bbox 1138 1613 1350 1677; x_wconf 88' lang='lat' dir='ltr'><strong>plumbo</strong></span> <span class='ocrx_word' id='word_1_112' title='bbox 1380 1624 1694 1682; x_wconf 80' lang='lat' dir='ltr'><strong>aggravatos</strong></span> <span class='ocrx_word' id='word_1_113' title='bbox 1733 1628 2061 1682; x_wconf 88' lang='lat' dir='ltr'><strong>nequaquam</strong></span> 
     </span>
    </p>
   </div>
   <div class='ocr_carea' id='block_1_18' title="bbox 491 1702 2061 1771">
    <p class='ocr_par' dir='ltr' id='par_1_18' title="bbox 491 1702 2061 1771">
     <span class='ocr_line' id='line_1_18' title="bbox 491 1702 2061 1771; baseline 0.004 -20"><span class='ocrx_word' id='word_1_114' title='bbox 491 1702 741 1753; x_wconf 86' lang='lat' dir='ltr'><strong>valebant</strong></span> <span class='ocrx_word' id='word_1_115' title='bbox 782 1703 1058 1769; x_wconf 87' lang='lat' dir='ltr'><strong>reducere,</strong></span> <span class='ocrx_word' id='word_1_116' title='bbox 1089 1703 1211 1770; x_wconf 85' lang='lat' dir='ltr'><strong>quia</strong></span> <span class='ocrx_word' id='word_1_117' title='bbox 1249 1704 1493 1757; x_wconf 87' lang='lat' dir='ltr'><strong>diabolus</strong></span> <span class='ocrx_word' id='word_1_118' title='bbox 1537 1718 1636 1771; x_wconf 92' lang='lat' dir='ltr'><strong>qua</strong></span> <span class='ocrx_word' id='word_1_119' title='bbox 1683 1704 1895 1757; x_wconf 88' lang='lat' dir='ltr'><strong>valebat</strong></span> <span class='ocrx_word' id='word_1_120' title='bbox 1948 1714 2061 1757; x_wconf 86' lang='lat' dir='ltr'><strong>arte</strong></span> 
     </span>
    </p>
   </div>
   <div class='ocr_carea' id='block_1_19' title="bbox 2164 524 3703 600">
    <p class='ocr_par' dir='ltr' id='par_1_19' title="bbox 2164 524 3703 600">
     <span class='ocr_line' id='line_1_19' title="bbox 2164 524 3703 600; baseline 0.008 -23"><span class='ocrx_word' id='word_1_121' title='bbox 2164 524 2291 577; x_wconf 91' lang='lat' dir='ltr'><strong>nihil</strong></span> <span class='ocrx_word' id='word_1_122' title='bbox 2316 526 2533 578; x_wconf 91' lang='lat' dir='ltr'><strong>remedii</strong></span> <span class='ocrx_word' id='word_1_123' title='bbox 2556 539 2747 594; x_wconf 81' lang='lat' dir='ltr'><strong>capere</strong></span> <span class='ocrx_word' id='word_1_124' title='bbox 2780 526 2996 593; x_wconf 87' lang='lat' dir='ltr'><strong>vellent,</strong></span> <span class='ocrx_word' id='word_1_125' title='bbox 3051 528 3187 583; x_wconf 91' lang='lat' dir='ltr'><strong>inter</strong></span> <span class='ocrx_word' id='word_1_126' title='bbox 3237 530 3441 600; x_wconf 84' lang='lat' dir='ltr'><strong>ﬂagella</strong></span> <span class='ocrx_word' id='word_1_127' title='bbox 3496 532 3703 590; x_wconf 87' lang='lat' dir='ltr'><strong>clamare</strong></span> 
     </span>
    </p>
   </div>
   <div class='ocr_carea' id='block_1_20' title="bbox 2162 618 3703 693">
    <p class='ocr_par' dir='ltr' id='par_1_20' title="bbox 2162 618 3703 693">
     <span class='ocr_line' id='line_1_20' title="bbox 2162 618 3703 693; baseline 0.005 -21"><span class='ocrx_word' id='word_1_128' title='bbox 2162 630 2435 684; x_wconf 70' lang='lat' dir='ltr'><strong>cmperunt</strong></span> <span class='ocrx_word' id='word_1_129' title='bbox 2463 637 2477 671; x_wconf 88' lang='lat'><strong>:</strong></span> <span class='ocrx_word' id='word_1_130' title='bbox 2509 618 2779 673; x_wconf 90' lang='lat' dir='ltr'><strong>Sustinete</strong></span> <span class='ocrx_word' id='word_1_131' title='bbox 2812 618 3107 687; x_wconf 86' lang='lat' dir='ltr'><strong>paululum,</strong></span> <span class='ocrx_word' id='word_1_132' title='bbox 3140 623 3425 689; x_wconf 86' lang='lat' dir='ltr'><strong>sustinete,</strong></span> <span class='ocrx_word' id='word_1_133' title='bbox 3456 639 3549 678; x_wconf 87' lang='lat' dir='ltr'><strong>nec</strong></span> <span class='ocrx_word' id='word_1_134' title='bbox 3577 641 3703 693; x_wconf 83' lang='lat' dir='ltr'><strong>pror-</strong></span> 
     </span>
    </p>
   </div>
   <div class='ocr_carea' id='block_1_21' title="bbox 2161 709 3704 782">
    <p class='ocr_par' dir='ltr' id='par_1_21' title="bbox 2161 709 3704 782">
     <span class='ocr_line' id='line_1_21' title="bbox 2161 709 3704 782; baseline 0.003 -19"><span class='ocrx_word' id='word_1_135' title='bbox 2161 724 2254 763; x_wconf 89' lang='lat' dir='ltr'><strong>sus</strong></span> <span class='ocrx_word' id='word_1_136' title='bbox 2279 717 2623 777; x_wconf 81' lang='lat' dir='ltr'><strong>expectantes</strong></span> <span class='ocrx_word' id='word_1_137' title='bbox 2653 721 2858 773; x_wconf 77' lang='lat' dir='ltr'><strong>urgete.</strong></span> <span class='ocrx_word' id='word_1_138' title='bbox 2894 709 3137 779; x_wconf 88' lang='lat' dir='ltr'><strong>Cumque</strong></span> <span class='ocrx_word' id='word_1_139' title='bbox 3166 712 3286 765; x_wconf 74' lang='lat' dir='ltr'><strong>alia:</strong></span> <span class='ocrx_word' id='word_1_140' title='bbox 3345 713 3657 782; x_wconf 83' lang='lat' dir='ltr'><strong>inquirerent</strong></span> <span class='ocrx_word' id='word_1_141' title='bbox 3681 732 3704 768; x_wconf 88' lang='lat' dir='ltr'><strong>a</strong></span> 
     </span>
    </p>
   </div>
   <div class='ocr_carea' id='block_1_22' title="bbox 2162 801 3707 873">
    <p class='ocr_par' dir='ltr' id='par_1_22' title="bbox 2162 801 3707 873">
     <span class='ocr_line' id='line_1_22' title="bbox 2162 801 3707 873; baseline 0.005 -19"><span class='ocrx_word' id='word_1_142' title='bbox 2162 801 2348 867; x_wconf 88' lang='lat' dir='ltr'><strong>quibus</strong></span> <span class='ocrx_word' id='word_1_143' title='bbox 2364 801 2612 856; x_wconf 88' lang='lat' dir='ltr'><strong>sustineri</strong></span> <span class='ocrx_word' id='word_1_144' title='bbox 2637 808 2911 870; x_wconf 76' lang='lat' dir='ltr'><strong>rogarent,</strong></span> <span class='ocrx_word' id='word_1_145' title='bbox 2943 802 3133 856; x_wconf 89' lang='lat' dir='ltr'><strong>aiunt:</strong></span> <span class='ocrx_word' id='word_1_146' title='bbox 3161 802 3275 857; x_wconf 79' lang='lat' dir='ltr'><strong>Non</strong></span> <span class='ocrx_word' id='word_1_147' title='bbox 3299 805 3531 873; x_wconf 83' lang='lat' dir='ltr'><strong>aspicitis</strong></span> <span class='ocrx_word' id='word_1_148' title='bbox 3548 807 3707 861; x_wconf 80' lang='lat' dir='ltr'><strong>turbas</strong></span> 
     </span>
    </p>
   </div>
   <div class='ocr_carea' id='block_1_23' title="bbox 2163 890 3710 963">
    <p class='ocr_par' dir='ltr' id='par_1_23' title="bbox 2163 890 3710 963">
     <span class='ocr_line' id='line_1_23' title="bbox 2163 890 3710 963; baseline 0.003 -17"><span class='ocrx_word' id='word_1_149' title='bbox 2163 890 2472 959; x_wconf 68' lang='lat' dir='ltr'><strong>lEthiopum</strong></span> <span class='ocrx_word' id='word_1_150' title='bbox 2503 891 2927 957; x_wconf 87' lang='lat' dir='ltr'><strong>adventantium,</strong></span> <span class='ocrx_word' id='word_1_151' title='bbox 2958 909 3079 963; x_wconf 67' lang='lat' dir='ltr'><strong>qua:</strong></span> <span class='ocrx_word' id='word_1_152' title='bbox 3110 909 3207 948; x_wconf 87' lang='lat' dir='ltr'><strong>nos</strong></span> <span class='ocrx_word' id='word_1_153' title='bbox 3228 908 3417 963; x_wconf 87' lang='lat' dir='ltr'><strong>rapere</strong></span> <span class='ocrx_word' id='word_1_154' title='bbox 3461 906 3513 951; x_wconf 88' lang='lat' dir='ltr'><strong>et</strong></span> <span class='ocrx_word' id='word_1_155' title='bbox 3562 897 3710 951; x_wconf 84' lang='lat' dir='ltr'><strong>abdu-</strong></span> 
     </span>
    </p>
   </div>
   <div class='ocr_carea' id='block_1_24' title="bbox 2162 984 3707 1056">
    <p class='ocr_par' dir='ltr' id='par_1_24' title="bbox 2162 984 3707 1056">
     <span class='ocr_line' id='line_1_24' title="bbox 2162 984 3707 1056; baseline 0.004 -19"><span class='ocrx_word' id='word_1_156' title='bbox 2162 998 2285 1039; x_wconf 88' lang='lat' dir='ltr'><strong>cere</strong></span> <span class='ocrx_word' id='word_1_157' title='bbox 2314 985 2542 1038; x_wconf 86' lang='lat' dir='ltr'><strong>volunt?</strong></span> <span class='ocrx_word' id='word_1_158' title='bbox 2591 984 2833 1053; x_wconf 86' lang='lat' dir='ltr'><strong>Cumque</strong></span> <span class='ocrx_word' id='word_1_159' title='bbox 2885 985 2997 1041; x_wconf 60' lang='lat' dir='ltr'><strong>hare</strong></span> <span class='ocrx_word' id='word_1_160' title='bbox 3049 1003 3167 1056; x_wconf 76' lang='lat' dir='ltr'><strong>quae</strong></span> <span class='ocrx_word' id='word_1_161' title='bbox 3222 989 3445 1043; x_wconf 89' lang='lat' dir='ltr'><strong>aderant</strong></span> <span class='ocrx_word' id='word_1_162' title='bbox 3498 990 3707 1043; x_wconf 89' lang='lat' dir='ltr'><strong>terribile</strong></span> 
     </span>
    </p>
   </div>
   <div class='ocr_carea' id='block_1_25' title="bbox 2162 1076 3705 1147">
    <p class='ocr_par' dir='ltr' id='par_1_25' title="bbox 2162 1076 3705 1147">
     <span class='ocr_line' id='line_1_25' title="bbox 2162 1076 3705 1147; baseline 0.002 -18"><span class='ocrx_word' id='word_1_163' title='bbox 2162 1076 2303 1129; x_wconf 89' lang='lat' dir='ltr'><strong>dictu</strong></span> <span class='ocrx_word' id='word_1_164' title='bbox 2337 1076 2678 1142; x_wconf 88' lang='lat' dir='ltr'><strong>mirarentur,</strong></span> <span class='ocrx_word' id='word_1_165' title='bbox 2704 1078 2922 1131; x_wconf 91' lang='lat' dir='ltr'><strong>audiunt</strong></span> <span class='ocrx_word' id='word_1_166' title='bbox 2955 1077 3217 1146; x_wconf 87' lang='lat' dir='ltr'><strong>fragorem</strong></span> <span class='ocrx_word' id='word_1_167' title='bbox 3268 1093 3427 1147; x_wconf 62' lang='lat' dir='ltr'><strong>supra</strong></span> <span class='ocrx_word' id='word_1_168' title='bbox 3486 1079 3705 1133; x_wconf 87' lang='lat' dir='ltr'><strong>cellulam</strong></span> 
     </span>
    </p>
   </div>
   <div class='ocr_carea' id='block_1_26' title="bbox 2162 1168 3709 1238">
    <p class='ocr_par' dir='ltr' id='par_1_26' title="bbox 2162 1168 3709 1238">
     <span class='ocr_line' id='line_1_26' title="bbox 2162 1168 3709 1238; baseline 0.001 -17"><span class='ocrx_word' id='word_1_169' title='bbox 2162 1176 2214 1221; x_wconf 90' lang='lat' dir='ltr'><strong>et</strong></span> <span class='ocrx_word' id='word_1_170' title='bbox 2246 1177 2547 1236; x_wconf 82' lang='lat' dir='ltr'><strong>tegumenta</strong></span> <span class='ocrx_word' id='word_1_171' title='bbox 2574 1171 2936 1235; x_wconf 88' lang='lat' dir='ltr'><strong>personantia,</strong></span> <span class='ocrx_word' id='word_1_172' title='bbox 2993 1168 3298 1235; x_wconf 90' lang='lat' dir='ltr'><strong>ostiutnque</strong></span> <span class='ocrx_word' id='word_1_173' title='bbox 3326 1168 3529 1222; x_wconf 58' lang='lat' dir='ltr'><strong>cellulae</strong></span> <span class='ocrx_word' id='word_1_174' title='bbox 3580 1179 3709 1238; x_wconf 85' lang='lat' dir='ltr'><strong>pate-</strong></span> 
     </span>
    </p>
   </div>
   <div class='ocr_carea' id='block_1_27' title="bbox 2162 1261 3711 1329">
    <p class='ocr_par' dir='ltr' id='par_1_27' title="bbox 2162 1261 3711 1329">
     <span class='ocr_line' id='line_1_27' title="bbox 2162 1261 3711 1329; baseline 0.001 -16"><span class='ocrx_word' id='word_1_175' title='bbox 2162 1262 2354 1315; x_wconf 88' lang='lat' dir='ltr'><strong>factum</strong></span> <span class='ocrx_word' id='word_1_176' title='bbox 2381 1261 2451 1326; x_wconf 93' lang='lat' dir='ltr'><strong>vi,</strong></span> <span class='ocrx_word' id='word_1_177' title='bbox 2484 1263 2553 1314; x_wconf 89' lang='lat' dir='ltr'><strong>ita</strong></span> <span class='ocrx_word' id='word_1_178' title='bbox 2578 1272 2631 1315; x_wconf 91' lang='lat' dir='ltr'><strong>ut</strong></span> <span class='ocrx_word' id='word_1_179' title='bbox 2660 1262 3018 1329; x_wconf 85' lang='lat' dir='ltr'><strong>nigresceutes</strong></span> <span class='ocrx_word' id='word_1_180' title='bbox 3055 1263 3275 1315; x_wconf 87' lang='lat' dir='ltr'><strong>umbras</strong></span> <span class='ocrx_word' id='word_1_181' title='bbox 3328 1269 3499 1315; x_wconf 89' lang='lat' dir='ltr'><strong>astare</strong></span> <span class='ocrx_word' id='word_1_182' title='bbox 3544 1276 3711 1315; x_wconf 75' lang='lat' dir='ltr'><strong>cerne-</strong></span> 
     </span>
    </p>
   </div>
   <div class='ocr_carea' id='block_1_28' title="bbox 2162 1352 3709 1419">
    <p class='ocr_par' dir='ltr' id='par_1_28' title="bbox 2162 1352 3709 1419">
     <span class='ocr_line' id='line_1_28' title="bbox 2162 1352 3709 1419; baseline -0.002 -13"><span class='ocrx_word' id='word_1_183' title='bbox 2162 1361 2298 1419; x_wconf 85' lang='lat' dir='ltr'><strong>rent,</strong></span> <span class='ocrx_word' id='word_1_184' title='bbox 2356 1361 2408 1406; x_wconf 92' lang='lat' dir='ltr'><strong>et</strong></span> <span class='ocrx_word' id='word_1_185' title='bbox 2451 1367 2609 1407; x_wconf 89' lang='lat' dir='ltr'><strong>voces</strong></span> <span class='ocrx_word' id='word_1_186' title='bbox 2655 1353 2843 1405; x_wconf 85' lang='lat' dir='ltr'><strong>crebro</strong></span> <span class='ocrx_word' id='word_1_187' title='bbox 2893 1368 2984 1406; x_wconf 90' lang='lat' dir='ltr'><strong>eas</strong></span> <span class='ocrx_word' id='word_1_188' title='bbox 3035 1352 3329 1406; x_wconf 83' lang='lat' dir='ltr'><strong>clamantes</strong></span> <span class='ocrx_word' id='word_1_189' title='bbox 3372 1367 3464 1418; x_wconf 90' lang='lat' dir='ltr'><strong>per</strong></span> <span class='ocrx_word' id='word_1_190' title='bbox 3511 1352 3709 1405; x_wconf 88' lang='lat' dir='ltr'><strong>nomina</strong></span> 
     </span>
    </p>
   </div>
   <div class='ocr_carea' id='block_1_29' title="bbox 2162 1441 3711 1511">
    <p class='ocr_par' dir='ltr' id='par_1_29' title="bbox 2162 1441 3711 1511">
     <span class='ocr_line' id='line_1_29' title="bbox 2162 1441 3711 1511; baseline 0 -17"><span class='ocrx_word' id='word_1_191' title='bbox 2162 1442 2426 1507; x_wconf 83' lang='lat' dir='ltr'><strong>audirent,</strong></span> <span class='ocrx_word' id='word_1_192' title='bbox 2460 1442 2528 1494; x_wconf 91' lang='lat' dir='ltr'><strong>ita</strong></span> <span class='ocrx_word' id='word_1_193' title='bbox 2555 1452 2610 1494; x_wconf 91' lang='lat' dir='ltr'><strong>ttt</strong></span> <span class='ocrx_word' id='word_1_194' title='bbox 2654 1441 2737 1494; x_wconf 78' lang='lat' dir='ltr'><strong>vix</strong></span> <span class='ocrx_word' id='word_1_195' title='bbox 2767 1456 2888 1508; x_wconf 76' lang='lat' dir='ltr'><strong>qua:</strong></span> <span class='ocrx_word' id='word_1_196' title='bbox 2936 1441 3157 1495; x_wconf 90' lang='lat' dir='ltr'><strong>aderant</strong></span> <span class='ocrx_word' id='word_1_197' title='bbox 3181 1442 3334 1511; x_wconf 87' lang='lat' dir='ltr'><strong>signo</strong></span> <span class='ocrx_word' id='word_1_198' title='bbox 3359 1442 3528 1495; x_wconf 88' lang='lat' dir='ltr'><strong>crucis</strong></span> <span class='ocrx_word' id='word_1_199' title='bbox 3557 1457 3711 1495; x_wconf 81' lang='lat' dir='ltr'><strong>arma-</strong></span> 
     </span>
    </p>
   </div>
   <div class='ocr_carea' id='block_1_30' title="bbox 2164 1532 3715 1599">
    <p class='ocr_par' dir='ltr' id='par_1_30' title="bbox 2164 1532 3715 1599">
     <span class='ocr_line' id='line_1_30' title="bbox 2164 1532 3715 1599; baseline 0.001 -14"><span class='ocrx_word' id='word_1_200' title='bbox 2164 1542 2231 1585; x_wconf 62' lang='lat' dir='ltr'><strong>tae</strong></span> <span class='ocrx_word' id='word_1_201' title='bbox 2263 1532 2326 1584; x_wconf 91' lang='lat' dir='ltr'><strong>ad</strong></span> <span class='ocrx_word' id='word_1_202' title='bbox 2360 1533 2614 1599; x_wconf 82' lang='lat' dir='ltr'><strong>psallendi</strong></span> <span class='ocrx_word' id='word_1_203' title='bbox 2644 1532 2876 1587; x_wconf 82' lang='lat' dir='ltr'><strong>ofﬁciunt</strong></span> <span class='ocrx_word' id='word_1_204' title='bbox 2905 1534 3130 1588; x_wconf 83' lang='lat' dir='ltr'><strong>detentae</strong></span> <span class='ocrx_word' id='word_1_205' title='bbox 3155 1533 3361 1588; x_wconf 86' lang='lat' dir='ltr'><strong>valeant</strong></span> <span class='ocrx_word' id='word_1_206' title='bbox 3384 1544 3571 1590; x_wconf 88' lang='lat' dir='ltr'><strong>astare.</strong></span> <span class='ocrx_word' id='word_1_207' title='bbox 3594 1535 3715 1589; x_wconf 84' lang='lat' dir='ltr'><strong>Tan-</strong></span> 
     </span>
    </p>
   </div>
   <div class='ocr_carea' id='block_1_31' title="bbox 2165 1622 3717 1696">
    <p class='ocr_par' dir='ltr' id='par_1_31' title="bbox 2165 1622 3717 1696">
     <span class='ocr_line' id='line_1_31' title="bbox 2165 1622 3717 1696; baseline 0.003 -22"><span class='ocrx_word' id='word_1_208' title='bbox 2165 1622 2201 1675; x_wconf 92' lang='lat' dir='ltr'><strong>ti</strong></span> <span class='ocrx_word' id='word_1_209' title='bbox 2227 1622 2424 1676; x_wconf 84' lang='lat' dir='ltr'><strong>doloris</strong></span> <span class='ocrx_word' id='word_1_210' title='bbox 2445 1632 2600 1693; x_wconf 87' lang='lat' dir='ltr'><strong>atque</strong></span> <span class='ocrx_word' id='word_1_211' title='bbox 2642 1625 2890 1680; x_wconf 74' lang='lat' dir='ltr'><strong>mteroris</strong></span> <span class='ocrx_word' id='word_1_212' title='bbox 2934 1634 3127 1681; x_wconf 81' lang='lat' dir='ltr'><strong>eventu</strong></span> <span class='ocrx_word' id='word_1_213' title='bbox 3152 1625 3322 1682; x_wconf 77' lang='lat' dir='ltr'><strong>Mater</strong></span> <span class='ocrx_word' id='word_1_214' title='bbox 3354 1635 3526 1696; x_wconf 85' lang='lat' dir='ltr'><strong>urget,</strong></span> <span class='ocrx_word' id='word_1_215' title='bbox 3561 1635 3614 1679; x_wconf 91' lang='lat' dir='ltr'><strong>ut</strong></span> <span class='ocrx_word' id='word_1_216' title='bbox 3638 1641 3717 1693; x_wconf 82' lang='lat' dir='ltr'><strong>per</strong></span> 
     </span>
    </p>
   </div>
   <div class='ocr_carea' id='block_1_32' title="bbox 2164 1700 3713 1783">
    <p class='ocr_par' dir='ltr' id='par_1_32' title="bbox 2164 1700 3713 1783">
     <span class='ocr_line' id='line_1_32' title="bbox 2164 1700 3713 1783; baseline 0.003 -19"><span class='ocrx_word' id='word_1_217' title='bbox 2164 1700 2550 1769; x_wconf 81' lang='lat' dir='ltr'><strong>confessionem</strong></span> <span class='ocrx_word' id='word_1_218' title='bbox 2582 1716 2811 1781; x_wconf 87' lang='lat' dir='ltr'><strong>pandant</strong></span> <span class='ocrx_word' id='word_1_219' title='bbox 2836 1716 2985 1782; x_wconf 90' lang='lat' dir='ltr'><strong>vitia,</strong></span> <span class='ocrx_word' id='word_1_220' title='bbox 3011 1725 3066 1770; x_wconf 91' lang='lat' dir='ltr'><strong>et</strong></span> <span class='ocrx_word' id='word_1_221' title='bbox 3084 1716 3223 1770; x_wconf 90' lang='lat' dir='ltr'><strong>sacri</strong></span> <span class='ocrx_word' id='word_1_222' title='bbox 3236 1718 3475 1783; x_wconf 90' lang='lat' dir='ltr'><strong>corporis</strong></span> <span class='ocrx_word' id='word_1_223' title='bbox 3495 1731 3713 1770; x_wconf 79' lang='lat' dir='ltr'><strong>commu-</strong></span> 
     </span>
    </p>
   </div>
   <div class='ocr_carea' id='block_1_33' title="bbox 492 1782 2073 1875">
    <p class='ocr_par' dir='ltr' id='par_1_33' title="bbox 492 1794 2060 1867">
     <span class='ocr_line' id='line_1_33' title="bbox 492 1794 2060 1867; baseline 0 -18"><span class='ocrx_word' id='word_1_224' title='bbox 492 1794 739 1849; x_wconf 84' lang='lat' dir='ltr'><strong>studebat</strong></span> <span class='ocrx_word' id='word_1_225' title='bbox 759 1811 1062 1867; x_wconf 80' lang='lat' dir='ltr'><strong>aggravare,</strong></span> <span class='ocrx_word' id='word_1_226' title='bbox 1091 1812 1223 1865; x_wconf 88' lang='lat' dir='ltr'><strong>quas</strong></span> <span class='ocrx_word' id='word_1_227' title='bbox 1249 1796 1423 1849; x_wconf 85' lang='lat' dir='ltr'><strong>divina</strong></span> <span class='ocrx_word' id='word_1_228' title='bbox 1445 1795 1708 1864; x_wconf 88' lang='lat' dir='ltr'><strong>correptio</strong></span> <span class='ocrx_word' id='word_1_229' title='bbox 1731 1811 2060 1864; x_wconf 86' lang='lat' dir='ltr'><strong>nequaquam</strong></span> 
     </span>
    </p>
   </div>
   <div class='ocr_carea' id='block_1_34' title="bbox 2177 1782 3717 1875">
    <p class='ocr_par' dir='ltr' id='par_1_34' title="bbox 2177 1808 3717 1875">
     <span class='ocr_line' id='line_1_34' title="bbox 2177 1808 3717 1875; baseline 0.001 -14"><span class='ocrx_word' id='word_1_230' title='bbox 2177 1809 2328 1862; x_wconf 90' lang='lat' dir='ltr'><strong>nione</strong></span> <span class='ocrx_word' id='word_1_231' title='bbox 2363 1809 2700 1863; x_wconf 86' lang='lat' dir='ltr'><strong>roborentur.</strong></span> <span class='ocrx_word' id='word_1_232' title='bbox 2736 1810 2802 1861; x_wconf 80' lang='lat' dir='ltr'><strong>At</strong></span> <span class='ocrx_word' id='word_1_233' title='bbox 2824 1808 2925 1862; x_wconf 68' lang='lat' dir='ltr'><strong>illa‘.</strong></span> <span class='ocrx_word' id='word_1_234' title='bbox 2953 1808 3133 1862; x_wconf 86' lang='lat' dir='ltr'><strong>audita</strong></span> <span class='ocrx_word' id='word_1_235' title='bbox 3152 1809 3297 1862; x_wconf 81' lang='lat' dir='ltr'><strong>sacri</strong></span> <span class='ocrx_word' id='word_1_236' title='bbox 3318 1808 3559 1875; x_wconf 88' lang='lat' dir='ltr'><strong>corporis</strong></span> <span class='ocrx_word' id='word_1_237' title='bbox 3581 1824 3717 1862; x_wconf 86' lang='lat' dir='ltr'><strong>men-</strong></span> 
     </span>
    </p>
   </div>
   <div class='ocr_carea' id='block_1_35' title="bbox 492 1888 2062 1959">
    <p class='ocr_par' dir='ltr' id='par_1_35' title="bbox 492 1888 2062 1959">
     <span class='ocr_line' id='line_1_35' title="bbox 492 1888 2062 1959; baseline 0.001 -19"><span class='ocrx_word' id='word_1_238' title='bbox 492 1890 702 1944; x_wconf 88' lang='lat' dir='ltr'><strong>sinebat</strong></span> <span class='ocrx_word' id='word_1_239' title='bbox 730 1888 923 1956; x_wconf 91' lang='lat' dir='ltr'><strong>perire.</strong></span> <span class='ocrx_word' id='word_1_240' title='bbox 951 1890 1199 1944; x_wconf 58' lang='lat' dir='ltr'><strong>Confusa</strong></span> <span class='ocrx_word' id='word_1_241' title='bbox 1225 1905 1351 1959; x_wconf 86' lang='lat' dir='ltr'><strong>ergo</strong></span> <span class='ocrx_word' id='word_1_242' title='bbox 1372 1890 1558 1959; x_wconf 88' lang='lat' dir='ltr'><strong>culpas</strong></span> <span class='ocrx_word' id='word_1_243' title='bbox 1604 1898 1915 1957; x_wconf 88' lang='lat' dir='ltr'><strong>agnoscunt,</strong></span> <span class='ocrx_word' id='word_1_244' title='bbox 1949 1890 2062 1942; x_wconf 83' lang='lat' dir='ltr'><strong>Ma-</strong></span> 
     </span>
    </p>
   </div>
   <div class='ocr_carea' id='block_1_36' title="bbox 492 1986 1752 2054">
    <p class='ocr_par' dir='ltr' id='par_1_36' title="bbox 492 1986 1752 2054">
     <span class='ocr_line' id='line_1_36' title="bbox 492 1986 1752 2054; baseline 0 -17"><span class='ocrx_word' id='word_1_245' title='bbox 492 1986 670 2051; x_wconf 90' lang='lat' dir='ltr'><strong>trique</strong></span> <span class='ocrx_word' id='word_1_246' title='bbox 701 2000 932 2039; x_wconf 67' lang='lat' dir='ltr'><strong>reversa:</strong></span> <span class='ocrx_word' id='word_1_247' title='bbox 958 2002 1052 2054; x_wconf 92' lang='lat' dir='ltr'><strong>per</strong></span> <span class='ocrx_word' id='word_1_248' title='bbox 1080 1986 1471 2040; x_wconf 83' lang='lat' dir='ltr'><strong>confessionem</strong></span> <span class='ocrx_word' id='word_1_249' title='bbox 1505 1986 1752 2052; x_wconf 90' lang='lat' dir='ltr'><strong>produnt.</strong></span> 
     </span>
    </p>
   </div>
   <div class='ocr_carea' id='block_1_37' title="bbox 570 2068 2064 2150">
    <p class='ocr_par' dir='ltr' id='par_1_37' title="bbox 570 2068 2064 2150">
     <span class='ocr_line' id='line_1_37' title="bbox 570 2068 2064 2150; baseline -0.002 -20"><span class='ocrx_word' id='word_1_250' title='bbox 570 2076 968 2150; x_wconf 71' lang='lat' dir='ltr'><strong>15.Aggressus</strong></span> <span class='ocrx_word' id='word_1_251' title='bbox 987 2079 1240 2147; x_wconf 90' lang='lat' dir='ltr'><strong>deinceps</strong></span> <span class='ocrx_word' id='word_1_252' title='bbox 1254 2079 1393 2133; x_wconf 77' lang='lat' dir='ltr'><strong>alias</strong></span> <span class='ocrx_word' id='word_1_253' title='bbox 1422 2078 1554 2132; x_wconf 90' lang='lat' dir='ltr'><strong>duas</strong></span> <span class='ocrx_word' id='word_1_254' title='bbox 1582 2079 1829 2144; x_wconf 90' lang='lat' dir='ltr'><strong>antiquus</strong></span> <span class='ocrx_word' id='word_1_255' title='bbox 1855 2068 2064 2144; x_wconf 86' lang='lat' dir='ltr'><strong>anguis,</strong></span> 
     </span>
    </p>
   </div>
   <div class='ocr_carea' id='block_1_38' title="bbox 495 2158 2069 2240">
    <p class='ocr_par' dir='ltr' id='par_1_38' title="bbox 495 2158 2069 2240">
     <span class='ocr_line' id='line_1_38' title="bbox 495 2158 2069 2240; baseline -0.003 -17"><span class='ocrx_word' id='word_1_256' title='bbox 495 2183 628 2240; x_wconf 89' lang='lat' dir='ltr'><strong>quas</strong></span> <span class='ocrx_word' id='word_1_257' title='bbox 649 2172 896 2223; x_wconf 90' lang='lat' dir='ltr'><strong>noviores</strong></span> <span class='ocrx_word' id='word_1_258' title='bbox 917 2184 979 2223; x_wconf 90' lang='lat' dir='ltr'><strong>ac</strong></span> <span class='ocrx_word' id='word_1_259' title='bbox 1005 2158 1172 2223; x_wconf 86' lang='lat' dir='ltr'><strong>multo</strong></span> <span class='ocrx_word' id='word_1_260' title='bbox 1194 2168 1573 2223; x_wconf 85' lang='lat' dir='ltr'><strong>imbecilliores</strong></span> <span class='ocrx_word' id='word_1_261' title='bbox 1594 2166 1929 2222; x_wconf 84' lang='lat' dir='ltr'><strong>conversatio</strong></span> <span class='ocrx_word' id='word_1_262' title='bbox 1954 2166 2069 2221; x_wconf 90' lang='lat' dir='ltr'><strong>red-</strong></span> 
     </span>
    </p>
   </div>
   <div class='ocr_carea' id='block_1_39' title="bbox 494 2258 2065 2327">
    <p class='ocr_par' dir='ltr' id='par_1_39' title="bbox 494 2258 2065 2327">
     <span class='ocr_line' id='line_1_39' title="bbox 494 2258 2065 2327; baseline -0.003 -14"><span class='ocrx_word' id='word_1_263' title='bbox 494 2259 677 2325; x_wconf 89' lang='lat' dir='ltr'><strong>debat,</strong></span> <span class='ocrx_word' id='word_1_264' title='bbox 727 2267 930 2314; x_wconf 89' lang='lat' dir='ltr'><strong>tentare</strong></span> <span class='ocrx_word' id='word_1_265' title='bbox 959 2259 1237 2326; x_wconf 89' lang='lat' dir='ltr'><strong>compulit,</strong></span> <span class='ocrx_word' id='word_1_266' title='bbox 1291 2261 1515 2327; x_wconf 89' lang='lat' dir='ltr'><strong>primum</strong></span> <span class='ocrx_word' id='word_1_267' title='bbox 1567 2274 1634 2314; x_wconf 92' lang='lat' dir='ltr'><strong>ne</strong></span> <span class='ocrx_word' id='word_1_268' title='bbox 1680 2258 2065 2314; x_wconf 90' lang='lat' dir='ltr'><strong>confessionem</strong></span> 
     </span>
    </p>
   </div>
   <div class='ocr_carea' id='block_1_40' title="bbox 493 2350 2069 2422">
    <p class='ocr_par' dir='ltr' id='par_1_40' title="bbox 493 2350 2069 2422">
     <span class='ocr_line' id='line_1_40' title="bbox 493 2350 2069 2422; baseline -0.001 -17"><span class='ocrx_word' id='word_1_269' title='bbox 493 2368 680 2409; x_wconf 86' lang='lat' dir='ltr'><strong>veram</strong></span> <span class='ocrx_word' id='word_1_270' title='bbox 709 2366 1042 2421; x_wconf 86' lang='lat' dir='ltr'><strong>nequaquam</strong></span> <span class='ocrx_word' id='word_1_271' title='bbox 1060 2352 1127 2407; x_wconf 89' lang='lat' dir='ltr'><strong>ab</strong></span> <span class='ocrx_word' id='word_1_272' title='bbox 1155 2366 1246 2405; x_wconf 92' lang='lat' dir='ltr'><strong>ore</strong></span> <span class='ocrx_word' id='word_1_273' title='bbox 1270 2362 1598 2422; x_wconf 83' lang='lat' dir='ltr'><strong>promerent.</strong></span> <span class='ocrx_word' id='word_1_274' title='bbox 1629 2351 1756 2405; x_wconf 86' lang='lat' dir='ltr'><strong>Erat</strong></span> <span class='ocrx_word' id='word_1_275' title='bbox 1778 2350 1918 2404; x_wconf 88' lang='lat' dir='ltr'><strong>enim</strong></span> <span class='ocrx_word' id='word_1_276' title='bbox 1940 2363 2069 2403; x_wconf 61' lang='lat'><strong>000‘,</strong></span> 
     </span>
    </p>
   </div>
   <div class='ocr_carea' id='block_1_41' title="bbox 496 2442 2066 2512">
    <p class='ocr_par' dir='ltr' id='par_1_41' title="bbox 496 2442 2066 2512">
     <span class='ocr_line' id='line_1_41' title="bbox 496 2442 2066 2512; baseline -0.004 -13"><span class='ocrx_word' id='word_1_277' title='bbox 496 2442 792 2499; x_wconf 87' lang='lat' dir='ltr'><strong>suetudinis</strong></span> <span class='ocrx_word' id='word_1_278' title='bbox 820 2442 1219 2509; x_wconf 90' lang='lat' dir='ltr'><strong>monasterii,ut</strong></span> <span class='ocrx_word' id='word_1_279' title='bbox 1254 2454 1334 2498; x_wconf 92' lang='lat' dir='ltr'><strong>ter</strong></span> <span class='ocrx_word' id='word_1_280' title='bbox 1369 2444 1421 2497; x_wconf 92' lang='lat' dir='ltr'><strong>in</strong></span> <span class='ocrx_word' id='word_1_281' title='bbox 1447 2445 1534 2498; x_wconf 89' lang='lat' dir='ltr'><strong>die</strong></span> <span class='ocrx_word' id='word_1_282' title='bbox 1559 2458 1654 2512; x_wconf 88' lang='lat' dir='ltr'><strong>per</strong></span> <span class='ocrx_word' id='word_1_283' title='bbox 1681 2442 2066 2496; x_wconf 89' lang='lat' dir='ltr'><strong>confessionem</strong></span> 
     </span>
    </p>
   </div>
   <div class='ocr_carea' id='block_1_42' title="bbox 500 2534 2069 2604">
    <p class='ocr_par' dir='ltr' id='par_1_42' title="bbox 500 2534 2069 2604">
     <span class='ocr_line' id='line_1_42' title="bbox 500 2534 2069 2604; baseline -0.001 -18"><span class='ocrx_word' id='word_1_284' title='bbox 500 2542 529 2570; x_wconf 74' lang='grc'><strong><em>⁸</em></strong></span> <span class='ocrx_word' id='word_1_285' title='bbox 547 2550 873 2604; x_wconf 64' lang='lat' dir='ltr'><strong>unaquaeque</strong></span> <span class='ocrx_word' id='word_1_286' title='bbox 895 2550 1078 2590; x_wconf 90' lang='lat' dir='ltr'><strong>earum</strong></span> <span class='ocrx_word' id='word_1_287' title='bbox 1108 2545 1340 2589; x_wconf 87' lang='lat' dir='ltr'><strong>mentem</strong></span> <span class='ocrx_word' id='word_1_288' title='bbox 1371 2545 1637 2601; x_wconf 80' lang='lat' dir='ltr'><strong>purgaret,</strong></span> <span class='ocrx_word' id='word_1_289' title='bbox 1655 2542 1708 2589; x_wconf 90' lang='lat' dir='ltr'><strong>et</strong></span> <span class='ocrx_word' id='word_1_290' title='bbox 1728 2534 2069 2603; x_wconf 87' lang='lat' dir='ltr'><strong>qualemcun-</strong></span> 
     </span>
    </p>
   </div>
   <div class='ocr_carea' id='block_1_43' title="bbox 503 2624 2068 2695">
    <p class='ocr_par' dir='ltr' id='par_1_43' title="bbox 503 2624 2068 2695">
     <span class='ocr_line' id='line_1_43' title="bbox 503 2624 2068 2695; baseline 0.001 -18"><span class='ocrx_word' id='word_1_291' title='bbox 503 2641 605 2694; x_wconf 91' lang='lat' dir='ltr'><strong>que</strong></span> <span class='ocrx_word' id='word_1_292' title='bbox 636 2640 818 2695; x_wconf 88' lang='lat' dir='ltr'><strong>rugam</strong></span> <span class='ocrx_word' id='word_1_293' title='bbox 845 2641 993 2680; x_wconf 89' lang='lat' dir='ltr'><strong>mens</strong></span> <span class='ocrx_word' id='word_1_294' title='bbox 1028 2626 1310 2694; x_wconf 86' lang='lat' dir='ltr'><strong>fragilitate</strong></span> <span class='ocrx_word' id='word_1_295' title='bbox 1333 2626 1661 2693; x_wconf 84' lang='lat' dir='ltr'><strong>attraxisset,</strong></span> <span class='ocrx_word' id='word_1_296' title='bbox 1711 2627 1793 2693; x_wconf 88' lang='lat' dir='ltr'><strong>pia</strong></span> <span class='ocrx_word' id='word_1_297' title='bbox 1843 2624 2068 2693; x_wconf 90' lang='lat' dir='ltr'><strong>proditio</strong></span> 
     </span>
    </p>
   </div>
   <div class='ocr_carea' id='block_1_44' title="bbox 503 2714 2066 2783">
    <p class='ocr_par' dir='ltr' id='par_1_44' title="bbox 503 2714 2066 2783">
     <span class='ocr_line' id='line_1_44' title="bbox 503 2714 2066 2783; baseline -0.001 -14"><span class='ocrx_word' id='word_1_298' title='bbox 503 2716 764 2770; x_wconf 90' lang='lat' dir='ltr'><strong>ablueret.</strong></span> <span class='ocrx_word' id='word_1_299' title='bbox 798 2714 851 2769; x_wconf 81' lang='lat' dir='ltr'><strong>In</strong></span> <span class='ocrx_word' id='word_1_300' title='bbox 883 2715 1020 2769; x_wconf 89' lang='lat' dir='ltr'><strong>hanc</strong></span> <span class='ocrx_word' id='word_1_301' title='bbox 1049 2730 1175 2783; x_wconf 80' lang='lat' dir='ltr'><strong>ergo</strong></span> <span class='ocrx_word' id='word_1_302' title='bbox 1202 2715 1377 2769; x_wconf 81' lang='lat' dir='ltr'><strong>labem</strong></span> <span class='ocrx_word' id='word_1_303' title='bbox 1407 2724 1612 2770; x_wconf 90' lang='lat' dir='ltr'><strong>mentes</strong></span> <span class='ocrx_word' id='word_1_304' title='bbox 1642 2714 2066 2783; x_wconf 81' lang='lat' dir='ltr'><strong>supradictarum</strong></span> 
     </span>
    </p>
   </div>
   <div class='ocr_carea' id='block_1_45' title="bbox 500 2806 2065 2877">
    <p class='ocr_par' dir='ltr' id='par_1_45' title="bbox 500 2806 2065 2877">
     <span class='ocr_line' id='line_1_45' title="bbox 500 2806 2065 2877; baseline -0.001 -15"><span class='ocrx_word' id='word_1_305' title='bbox 500 2808 794 2877; x_wconf 84' lang='lat' dir='ltr'><strong>puellarum</strong></span> <span class='ocrx_word' id='word_1_306' title='bbox 824 2806 1018 2861; x_wconf 83' lang='lat' dir='ltr'><strong>diaboli</strong></span> <span class='ocrx_word' id='word_1_307' title='bbox 1059 2808 1229 2875; x_wconf 86' lang='lat' dir='ltr'><strong>jacula</strong></span> <span class='ocrx_word' id='word_1_308' title='bbox 1259 2807 1642 2871; x_wconf 88' lang='lat' dir='ltr'><strong>demerseraut,</strong></span> <span class='ocrx_word' id='word_1_309' title='bbox 1668 2818 1721 2860; x_wconf 89' lang='lat' dir='ltr'><strong>ut</strong></span> <span class='ocrx_word' id='word_1_310' title='bbox 1745 2807 1884 2861; x_wconf 89' lang='lat' dir='ltr'><strong>nulla</strong></span> <span class='ocrx_word' id='word_1_311' title='bbox 1933 2822 2065 2861; x_wconf 90' lang='lat' dir='ltr'><strong>con-</strong></span> 
     </span>
    </p>
   </div>
   <div class='ocr_carea' id='block_1_46' title="bbox 498 2899 2067 2969">
    <p class='ocr_par' dir='ltr' id='par_1_46' title="bbox 498 2899 2067 2969">
     <span class='ocr_line' id='line_1_46' title="bbox 498 2899 2067 2969; baseline 0.001 -17"><span class='ocrx_word' id='word_1_312' title='bbox 498 2899 662 2953; x_wconf 86' lang='lat' dir='ltr'><strong>fessio</strong></span> <span class='ocrx_word' id='word_1_313' title='bbox 692 2914 811 2953; x_wconf 89' lang='lat' dir='ltr'><strong>vera</strong></span> <span class='ocrx_word' id='word_1_314' title='bbox 842 2901 909 2953; x_wconf 86' lang='lat' dir='ltr'><strong>ab</strong></span> <span class='ocrx_word' id='word_1_315' title='bbox 935 2914 1027 2953; x_wconf 91' lang='lat' dir='ltr'><strong>ore</strong></span> <span class='ocrx_word' id='word_1_316' title='bbox 1051 2899 1312 2969; x_wconf 85' lang='lat' dir='ltr'><strong>prodiret,</strong></span> <span class='ocrx_word' id='word_1_317' title='bbox 1352 2914 1443 2955; x_wconf 89' lang='lat' dir='ltr'><strong>seu</strong></span> <span class='ocrx_word' id='word_1_318' title='bbox 1479 2915 1598 2966; x_wconf 77' lang='lat' dir='ltr'><strong>qua:</strong></span> <span class='ocrx_word' id='word_1_319' title='bbox 1650 2899 1700 2952; x_wconf 91' lang='lat' dir='ltr'><strong>in</strong></span> <span class='ocrx_word' id='word_1_320' title='bbox 1749 2900 1847 2953; x_wconf 90' lang='lat' dir='ltr'><strong>hoc</strong></span> <span class='ocrx_word' id='word_1_321' title='bbox 1875 2900 2067 2953; x_wconf 78' lang='lat' dir='ltr'><strong>saeculo</strong></span> 
     </span>
    </p>
   </div>
   <div class='ocr_carea' id='block_1_47' title="bbox 504 2990 2071 3059">
    <p class='ocr_par' dir='ltr' id='par_1_47' title="bbox 504 2990 2071 3059">
     <span class='ocr_line' id='line_1_47' title="bbox 504 2990 2071 3059; baseline -0.003 -13"><span class='ocrx_word' id='word_1_322' title='bbox 504 2992 905 3055; x_wconf 89' lang='lat' dir='ltr'><strong>commiserant,</strong></span> <span class='ocrx_word' id='word_1_323' title='bbox 962 3005 1054 3044; x_wconf 92' lang='lat' dir='ltr'><strong>seu</strong></span> <span class='ocrx_word' id='word_1_324' title='bbox 1108 3007 1225 3058; x_wconf 67' lang='lat' dir='ltr'><strong>qua:</strong></span> <span class='ocrx_word' id='word_1_325' title='bbox 1277 2991 1581 3059; x_wconf 86' lang='lat' dir='ltr'><strong>quotidiana</strong></span> <span class='ocrx_word' id='word_1_326' title='bbox 1614 2990 1878 3058; x_wconf 28' lang='lat' dir='ltr'><strong>fragilitas.</strong></span> <span class='ocrx_word' id='word_1_327' title='bbox 1910 3000 2071 3043; x_wconf 83' lang='lat' dir='ltr'><strong>attra-</strong></span> 
     </span>
    </p>
   </div>
   <div class='ocr_carea' id='block_1_48' title="bbox 500 3078 2068 3149">
    <p class='ocr_par' dir='ltr' id='par_1_48' title="bbox 500 3078 2068 3149">
     <span class='ocr_line' id='line_1_48' title="bbox 500 3078 2068 3149; baseline -0.003 -13"><span class='ocrx_word' id='word_1_328' title='bbox 500 3083 681 3148; x_wconf 89' lang='lat' dir='ltr'><strong>hebat,</strong></span> <span class='ocrx_word' id='word_1_329' title='bbox 708 3082 790 3136; x_wconf 89' lang='lat' dir='ltr'><strong>vel</strong></span> <span class='ocrx_word' id='word_1_330' title='bbox 813 3081 864 3135; x_wconf 91' lang='lat' dir='ltr'><strong>in</strong></span> <span class='ocrx_word' id='word_1_331' title='bbox 892 3082 1236 3149; x_wconf 88' lang='lat' dir='ltr'><strong>cogitatione,</strong></span> <span class='ocrx_word' id='word_1_332' title='bbox 1268 3081 1349 3135; x_wconf 89' lang='lat' dir='ltr'><strong>vel</strong></span> <span class='ocrx_word' id='word_1_333' title='bbox 1377 3081 1428 3134; x_wconf 90' lang='lat' dir='ltr'><strong>iu</strong></span> <span class='ocrx_word' id='word_1_334' title='bbox 1459 3095 1724 3144; x_wconf 86' lang='lat' dir='ltr'><strong>sermone,</strong></span> <span class='ocrx_word' id='word_1_335' title='bbox 1750 3081 1828 3134; x_wconf 90' lang='lat' dir='ltr'><strong>vel</strong></span> <span class='ocrx_word' id='word_1_336' title='bbox 1862 3078 1914 3132; x_wconf 92' lang='lat' dir='ltr'><strong>in</strong></span> <span class='ocrx_word' id='word_1_337' title='bbox 1947 3095 2068 3148; x_wconf 84' lang='lat' dir='ltr'><strong>ope-</strong></span> 
     </span>
    </p>
   </div>
   <div class='ocr_carea' id='block_1_49' title="bbox 504 3173 2069 3243">
    <p class='ocr_par' dir='ltr' id='par_1_49' title="bbox 504 3173 2069 3243">
     <span class='ocr_line' id='line_1_49' title="bbox 504 3173 2069 3243; baseline -0.003 -12"><span class='ocrx_word' id='word_1_338' title='bbox 504 3191 584 3241; x_wconf 89' lang='lat' dir='ltr'><strong>re,</strong></span> <span class='ocrx_word' id='word_1_339' title='bbox 611 3189 679 3230; x_wconf 93' lang='lat' dir='ltr'><strong>ne</strong></span> <span class='ocrx_word' id='word_1_340' title='bbox 707 3190 828 3229; x_wconf 88' lang='lat' dir='ltr'><strong>vera</strong></span> <span class='ocrx_word' id='word_1_341' title='bbox 860 3175 1126 3229; x_wconf 85' lang='lat' dir='ltr'><strong>confessio</strong></span> <span class='ocrx_word' id='word_1_342' title='bbox 1164 3190 1259 3243; x_wconf 92' lang='lat' dir='ltr'><strong>per</strong></span> <span class='ocrx_word' id='word_1_343' title='bbox 1306 3173 1625 3243; x_wconf 76' lang='lat' dir='ltr'><strong>poenitentiae</strong></span> <span class='ocrx_word' id='word_1_344' title='bbox 1680 3173 2069 3227; x_wconf 87' lang='lat' dir='ltr'><strong>medicamenta</strong></span> 
     </span>
    </p>
   </div>
   <div class='ocr_carea' id='block_1_50' title="bbox 504 3262 2071 3333">
    <p class='ocr_par' dir='ltr' id='par_1_50' title="bbox 504 3262 2071 3333">
     <span class='ocr_line' id='line_1_50' title="bbox 504 3262 2071 3333; baseline -0.002 -12"><span class='ocrx_word' id='word_1_345' title='bbox 504 3281 695 3321; x_wconf 84' lang='lat' dir='ltr'><strong>rursus</strong></span> <span class='ocrx_word' id='word_1_346' title='bbox 745 3267 993 3321; x_wconf 86' lang='lat' dir='ltr'><strong>redderet</strong></span> <span class='ocrx_word' id='word_1_347' title='bbox 1041 3266 1299 3333; x_wconf 89' lang='lat' dir='ltr'><strong>sospitati.</strong></span> <span class='ocrx_word' id='word_1_348' title='bbox 1354 3262 1590 3332; x_wconf 82' lang='lat' dir='ltr'><strong>Cumque</strong></span> <span class='ocrx_word' id='word_1_349' title='bbox 1621 3263 1830 3318; x_wconf 88' lang='lat' dir='ltr'><strong>lethifer</strong></span> <span class='ocrx_word' id='word_1_350' title='bbox 1886 3265 2071 3333; x_wconf 83' lang='lat' dir='ltr'><strong>anguis</strong></span> 
     </span>
    </p>
   </div>
   <div class='ocr_carea' id='block_1_51' title="bbox 505 3354 2074 3427">
    <p class='ocr_par' dir='ltr' id='par_1_51' title="bbox 505 3354 2074 3427">
     <span class='ocr_line' id='line_1_51' title="bbox 505 3354 2074 3427; baseline 0 -17"><span class='ocrx_word' id='word_1_351' title='bbox 505 3357 760 3427; x_wconf 88' lang='lat' dir='ltr'><strong>paulatim</strong></span> <span class='ocrx_word' id='word_1_352' title='bbox 805 3355 965 3412; x_wconf 89' lang='lat' dir='ltr'><strong>corda</strong></span> <span class='ocrx_word' id='word_1_353' title='bbox 1016 3354 1325 3409; x_wconf 89' lang='lat' dir='ltr'><strong>obdurando</strong></span> <span class='ocrx_word' id='word_1_354' title='bbox 1378 3356 1521 3409; x_wconf 91' lang='lat' dir='ltr'><strong>virus</strong></span> <span class='ocrx_word' id='word_1_355' title='bbox 1543 3355 1837 3420; x_wconf 86' lang='lat' dir='ltr'><strong>infudisset,</strong></span> <span class='ocrx_word' id='word_1_356' title='bbox 1871 3364 1923 3410; x_wconf 90' lang='lat' dir='ltr'><strong>et</strong></span> <span class='ocrx_word' id='word_1_357' title='bbox 1975 3354 2074 3410; x_wconf 92' lang='lat' dir='ltr'><strong>sibi</strong></span> 
     </span>
    </p>
   </div>
   <div class='ocr_carea' id='block_1_52' title="bbox 505 3448 2071 3518">
    <p class='ocr_par' dir='ltr' id='par_1_52' title="bbox 505 3448 2071 3518">
     <span class='ocr_line' id='line_1_52' title="bbox 505 3448 2071 3518; baseline -0.002 -16"><span class='ocrx_word' id='word_1_358' title='bbox 505 3449 757 3518; x_wconf 90' lang='lat' dir='ltr'><strong>deceptas</strong></span> <span class='ocrx_word' id='word_1_359' title='bbox 784 3463 879 3503; x_wconf 88' lang='lat' dir='ltr'><strong>sua</strong></span> <span class='ocrx_word' id='word_1_360' title='bbox 935 3449 1165 3517; x_wconf 89' lang='lat' dir='ltr'><strong>nequitia</strong></span> <span class='ocrx_word' id='word_1_361' title='bbox 1218 3459 1420 3504; x_wconf 89' lang='lat' dir='ltr'><strong>mentes</strong></span> <span class='ocrx_word' id='word_1_362' title='bbox 1472 3464 1655 3518; x_wconf 88' lang='lat' dir='ltr'><strong>parere</strong></span> <span class='ocrx_word' id='word_1_363' title='bbox 1707 3448 2071 3515; x_wconf 89' lang='lat' dir='ltr'><strong>comperisset,</strong></span> 
     </span>
    </p>
   </div>
   <div class='ocr_carea' id='block_1_53' title="bbox 505 3542 2076 3613">
    <p class='ocr_par' dir='ltr' id='par_1_53' title="bbox 505 3542 2076 3613">
     <span class='ocr_line' id='line_1_53' title="bbox 505 3542 2076 3613; baseline -0.003 -16"><span class='ocrx_word' id='word_1_364' title='bbox 505 3557 790 3613; x_wconf 83' lang='lat' dir='ltr'><strong>aggressus</strong></span> <span class='ocrx_word' id='word_1_365' title='bbox 817 3551 983 3597; x_wconf 87' lang='lat' dir='ltr'><strong>estut</strong></span> <span class='ocrx_word' id='word_1_366' title='bbox 1007 3542 1231 3610; x_wconf 88' lang='lat' dir='ltr'><strong>quadam</strong></span> <span class='ocrx_word' id='word_1_367' title='bbox 1287 3553 1440 3597; x_wconf 92' lang='lat' dir='ltr'><strong>nocte</strong></span> <span class='ocrx_word' id='word_1_368' title='bbox 1483 3550 1632 3595; x_wconf 82' lang='lat' dir='ltr'><strong>extra</strong></span> <span class='ocrx_word' id='word_1_369' title='bbox 1688 3550 1835 3609; x_wconf 85' lang='lat' dir='ltr'><strong>septa</strong></span> <span class='ocrx_word' id='word_1_370' title='bbox 1888 3554 2076 3593; x_wconf 88' lang='lat' dir='ltr'><strong>mona-</strong></span> 
     </span>
    </p>
   </div>
   <div class='ocr_carea' id='block_1_54' title="bbox 502 3630 2077 3703">
    <p class='ocr_par' dir='ltr' id='par_1_54' title="bbox 502 3630 2077 3703">
     <span class='ocr_line' id='line_1_54' title="bbox 502 3630 2077 3703; baseline -0.003 -17"><span class='ocrx_word' id='word_1_371' title='bbox 502 3634 654 3687; x_wconf 89' lang='lat' dir='ltr'><strong>sterii</strong></span> <span class='ocrx_word' id='word_1_372' title='bbox 705 3645 1002 3700; x_wconf 68' lang='lat' dir='ltr'><strong>progressa:</strong></span> <span class='ocrx_word' id='word_1_373' title='bbox 1058 3631 1235 3703; x_wconf 87' lang='lat' dir='ltr'><strong>fugam</strong></span> <span class='ocrx_word' id='word_1_374' title='bbox 1293 3632 1609 3702; x_wconf 87' lang='lat' dir='ltr'><strong>arriperent,</strong></span> <span class='ocrx_word' id='word_1_375' title='bbox 1664 3642 1718 3687; x_wconf 91' lang='lat' dir='ltr'><strong>et</strong></span> <span class='ocrx_word' id='word_1_376' title='bbox 1760 3630 1824 3684; x_wconf 88' lang='lat' dir='ltr'><strong>ad</strong></span> <span class='ocrx_word' id='word_1_377' title='bbox 1868 3632 2077 3700; x_wconf 87' lang='lat' dir='ltr'><strong>propria</strong></span> 
     </span>
    </p>
   </div>
   <div class='ocr_carea' id='block_1_55' title="bbox 502 3723 2080 3803">
    <p class='ocr_par' dir='ltr' id='par_1_55' title="bbox 502 3723 2080 3803">
     <span class='ocr_line' id='line_1_55' title="bbox 502 3723 2080 3803; baseline -0.002 -24"><span class='ocrx_word' id='word_1_378' title='bbox 502 3738 751 3779; x_wconf 86' lang='lat' dir='ltr'><strong>remeare</strong></span> <span class='ocrx_word' id='word_1_379' title='bbox 795 3724 1011 3803; x_wconf 71' lang='lat' dir='ltr'><strong>vellent.</strong></span> <span class='ocrx_word' id='word_1_380' title='bbox 1045 3724 1288 3793; x_wconf 91' lang='lat' dir='ltr'><strong>Cumque</strong></span> <span class='ocrx_word' id='word_1_381' title='bbox 1317 3741 1411 3795; x_wconf 91' lang='lat' dir='ltr'><strong>per</strong></span> <span class='ocrx_word' id='word_1_382' title='bbox 1454 3725 1675 3779; x_wconf 87' lang='lat' dir='ltr'><strong>densam</strong></span> <span class='ocrx_word' id='word_1_383' title='bbox 1706 3733 1915 3778; x_wconf 91' lang='lat' dir='ltr'><strong>noctem</strong></span> <span class='ocrx_word' id='word_1_384' title='bbox 1968 3723 2080 3778; x_wconf 88' lang='lat' dir='ltr'><strong>abt-</strong></span> 
     </span>
    </p>
   </div>
   <div class='ocr_carea' id='block_1_56' title="bbox 460 3813 2076 3885">
    <p class='ocr_par' dir='ltr' id='par_1_56' title="bbox 460 3813 2076 3885">
     <span class='ocr_line' id='line_1_56' title="bbox 460 3813 2076 3885; baseline -0.002 -15"><span class='ocrx_word' id='word_1_385' title='bbox 460 3854 463 3855; x_wconf 48' lang='grc' dir='ltr'><em>ν</em></span> <span class='ocrx_word' id='word_1_386' title='bbox 506 3824 651 3882; x_wconf 88' lang='lat' dir='ltr'><strong>rent,</strong></span> <span class='ocrx_word' id='word_1_387' title='bbox 680 3829 780 3870; x_wconf 90' lang='lat' dir='ltr'><strong>nec</strong></span> <span class='ocrx_word' id='word_1_388' title='bbox 810 3830 1027 3884; x_wconf 87' lang='lat' dir='ltr'><strong>prorsus</strong></span> <span class='ocrx_word' id='word_1_389' title='bbox 1052 3830 1147 3885; x_wconf 91' lang='lat' dir='ltr'><strong>pro</strong></span> <span class='ocrx_word' id='word_1_390' title='bbox 1168 3814 1433 3871; x_wconf 91' lang='lat' dir='ltr'><strong>densitate</strong></span> <span class='ocrx_word' id='word_1_391' title='bbox 1458 3814 1701 3884; x_wconf 88' lang='lat' dir='ltr'><strong>caliginis</strong></span> <span class='ocrx_word' id='word_1_392' title='bbox 1722 3813 1863 3868; x_wconf 89' lang='lat' dir='ltr'><strong>viam</strong></span> <span class='ocrx_word' id='word_1_393' title='bbox 1889 3823 2076 3868; x_wconf 89' lang='lat' dir='ltr'><strong>tenere</strong></span> 
     </span>
    </p>
   </div>
   <div class='ocr_carea' id='block_1_57' title="bbox 505 3904 2078 3975">
    <p class='ocr_par' dir='ltr' id='par_1_57' title="bbox 505 3904 2078 3975">
     <span class='ocr_line' id='line_1_57' title="bbox 505 3904 2078 3975; baseline -0.002 -15"><span class='ocrx_word' id='word_1_394' title='bbox 505 3906 820 3975; x_wconf 87' lang='lat' dir='ltr'><strong>quivissent,</strong></span> <span class='ocrx_word' id='word_1_395' title='bbox 852 3908 1020 3963; x_wconf 88' lang='lat' dir='ltr'><strong>astitit</strong></span> <span class='ocrx_word' id='word_1_396' title='bbox 1066 3906 1131 3961; x_wconf 90' lang='lat' dir='ltr'><strong>ad</strong></span> <span class='ocrx_word' id='word_1_397' title='bbox 1176 3908 1365 3961; x_wconf 66' lang='lat' dir='ltr'><strong>laevam</strong></span> <span class='ocrx_word' id='word_1_398' title='bbox 1397 3906 1661 3974; x_wconf 86' lang='lat' dir='ltr'><strong>diabolus,</strong></span> <span class='ocrx_word' id='word_1_399' title='bbox 1707 3920 1771 3960; x_wconf 88' lang='lat' dir='ltr'><strong>ac</strong></span> <span class='ocrx_word' id='word_1_400' title='bbox 1819 3904 1999 3959; x_wconf 89' lang='lat' dir='ltr'><strong>lumen</strong></span> <span class='ocrx_word' id='word_1_401' title='bbox 2026 3904 2078 3957; x_wconf 89' lang='lat' dir='ltr'><strong>in</strong></span> 
     </span>
    </p>
   </div>
   <div class='ocr_carea' id='block_1_58' title="bbox 510 3998 2081 4068">
    <p class='ocr_par' dir='ltr' id='par_1_58' title="bbox 510 3998 2081 4068">
     <span class='ocr_line' id='line_1_58' title="bbox 510 3998 2081 4068; baseline -0.004 -13"><span class='ocrx_word' id='word_1_402' title='bbox 510 4000 725 4055; x_wconf 86' lang='lat' dir='ltr'><strong>modum</strong></span> <span class='ocrx_word' id='word_1_403' title='bbox 752 4000 983 4055; x_wconf 73' lang='lat' dir='ltr'><strong>lucernae</strong></span> <span class='ocrx_word' id='word_1_404' title='bbox 1012 4008 1129 4053; x_wconf 90' lang='lat' dir='ltr'><strong>arte</strong></span> <span class='ocrx_word' id='word_1_405' title='bbox 1151 4013 1254 4068; x_wconf 89' lang='lat' dir='ltr'><strong>qua</strong></span> <span class='ocrx_word' id='word_1_406' title='bbox 1281 3998 1793 4060; x_wconf 85' lang='lat' dir='ltr'><strong>valuitassitnilavit,</strong></span> <span class='ocrx_word' id='word_1_407' title='bbox 1814 4004 2081 4051; x_wconf 82' lang='lat' dir='ltr'><strong>monstra-</strong></span> 
     </span>
    </p>
   </div>
   <div class='ocr_carea' id='block_1_59' title="bbox 504 4088 2079 4158">
    <p class='ocr_par' dir='ltr' id='par_1_59' title="bbox 504 4088 2079 4158">
     <span class='ocr_line' id='line_1_59' title="bbox 504 4088 2079 4158; baseline -0.003 -13"><span class='ocrx_word' id='word_1_408' title='bbox 504 4101 689 4157; x_wconf 81' lang='lat' dir='ltr'><strong>vitque</strong></span> <span class='ocrx_word' id='word_1_409' title='bbox 712 4089 849 4145; x_wconf 85' lang='lat' dir='ltr'><strong>viam</strong></span> <span class='ocrx_word' id='word_1_410' title='bbox 898 4090 964 4144; x_wconf 90' lang='lat' dir='ltr'><strong>ad</strong></span> <span class='ocrx_word' id='word_1_411' title='bbox 1010 4091 1192 4146; x_wconf 64' lang='lat' dir='ltr'><strong>saculi</strong></span> <span class='ocrx_word' id='word_1_412' title='bbox 1247 4088 1497 4144; x_wconf 89' lang='lat' dir='ltr'><strong>reducem</strong></span> <span class='ocrx_word' id='word_1_413' title='bbox 1535 4102 1600 4143; x_wconf 88' lang='lat' dir='ltr'><strong>ac</strong></span> <span class='ocrx_word' id='word_1_414' title='bbox 1656 4089 2079 4158; x_wconf 87' lang='lat' dir='ltr'><strong>tergiversationi</strong></span> 
     </span>
    </p>
   </div>
   <div class='ocr_carea' id='block_1_60' title="bbox 503 4177 2081 4249">
    <p class='ocr_par' dir='ltr' id='par_1_60' title="bbox 503 4177 2081 4249">
     <span class='ocr_line' id='line_1_60' title="bbox 503 4177 2081 4249; baseline -0.002 -14"><span class='ocrx_word' id='word_1_415' title='bbox 503 4183 648 4237; x_wconf 88' lang='lat' dir='ltr'><strong>vires</strong></span> <span class='ocrx_word' id='word_1_416' title='bbox 673 4179 903 4235; x_wconf 87' lang='lat' dir='ltr'><strong>advexit.</strong></span> <span class='ocrx_word' id='word_1_417' title='bbox 936 4177 1179 4249; x_wconf 89' lang='lat' dir='ltr'><strong>Cumque</strong></span> <span class='ocrx_word' id='word_1_418' title='bbox 1206 4180 1271 4233; x_wconf 91' lang='lat' dir='ltr'><strong>ad</strong></span> <span class='ocrx_word' id='word_1_419' title='bbox 1302 4180 1473 4234; x_wconf 88' lang='lat' dir='ltr'><strong>locum</strong></span> <span class='ocrx_word' id='word_1_420' title='bbox 1504 4178 1867 4247; x_wconf 85' lang='lat' dir='ltr'><strong>pervenissent</strong></span> <span class='ocrx_word' id='word_1_421' title='bbox 1918 4178 2081 4233; x_wconf 87' lang='lat' dir='ltr'><strong>desti—</strong></span> 
     </span>
    </p>
   </div>
   <div class='ocr_carea' id='block_1_61' title="bbox 509 4266 2082 4338">
    <p class='ocr_par' dir='ltr' id='par_1_61' title="bbox 509 4266 2082 4338">
     <span class='ocr_line' id='line_1_61' title="bbox 509 4266 2082 4338; baseline -0.003 -12"><span class='ocrx_word' id='word_1_422' title='bbox 509 4281 717 4335; x_wconf 88' lang='lat' dir='ltr'><strong>natum,</strong></span> <span class='ocrx_word' id='word_1_423' title='bbox 745 4269 1190 4338; x_wconf 86' lang='lat' dir='ltr'><strong>subsequentibus</strong></span> <span class='ocrx_word' id='word_1_424' title='bbox 1218 4267 1622 4337; x_wconf 87' lang='lat' dir='ltr'><strong>inquisitoribus</strong></span> <span class='ocrx_word' id='word_1_425' title='bbox 1642 4268 1801 4323; x_wconf 90' lang='lat' dir='ltr'><strong>nullis</strong></span> <span class='ocrx_word' id='word_1_426' title='bbox 1822 4266 2082 4322; x_wconf 88' lang='lat' dir='ltr'><strong>obstanti-</strong></span> 
     </span>
    </p>
   </div>
   <div class='ocr_carea' id='block_1_62' title="bbox 511 4358 2076 4431">
    <p class='ocr_par' dir='ltr' id='par_1_62' title="bbox 511 4358 2076 4431">
     <span class='ocr_line' id='line_1_62' title="bbox 511 4358 2076 4431; baseline -0.004 -12"><span class='ocrx_word' id='word_1_427' title='bbox 511 4364 615 4419; x_wconf 87' lang='lat' dir='ltr'><strong>bus</strong></span> <span class='ocrx_word' id='word_1_428' title='bbox 652 4363 717 4417; x_wconf 92' lang='lat' dir='ltr'><strong>ad</strong></span> <span class='ocrx_word' id='word_1_429' title='bbox 752 4360 1027 4431; x_wconf 65' lang='lat' dir='ltr'><strong>praefatum</strong></span> <span class='ocrx_word' id='word_1_430' title='bbox 1057 4360 1357 4417; x_wconf 71' lang='lat' dir='ltr'><strong>coenobium</strong></span> <span class='ocrx_word' id='word_1_431' title='bbox 1404 4372 1583 4430; x_wconf 86' lang='lat' dir='ltr'><strong>rugata</strong></span> <span class='ocrx_word' id='word_1_432' title='bbox 1612 4358 1790 4415; x_wconf 90' lang='lat' dir='ltr'><strong>fronte</strong></span> <span class='ocrx_word' id='word_1_433' title='bbox 1838 4361 2076 4416; x_wconf 87' lang='lat' dir='ltr'><strong>redeunt.</strong></span> 
     </span>
    </p>
   </div>
   <div class='ocr_carea' id='block_1_63' title="bbox 2093 3131 2147 3197">
    <p class='ocr_par' dir='ltr' id='par_1_63' title="bbox 2093 3131 2147 3197">
     <span class='ocr_line' id='line_1_63' title="bbox 2093 3131 2147 3197; baseline 0 0"><span class='ocrx_word' id='word_1_434' title='bbox 2093 3131 2147 3197; x_wconf 87' lang='lat' dir='ltr'><strong>C</strong></span> 
     </span>
    </p>
   </div>
   <div class='ocr_carea' id='block_1_64' title="bbox 2169 1898 3720 1968">
    <p class='ocr_par' dir='ltr' id='par_1_64' title="bbox 2169 1898 3720 1968">
     <span class='ocr_line' id='line_1_64' title="bbox 2169 1898 3720 1968; baseline -0.001 -15"><span class='ocrx_word' id='word_1_435' title='bbox 2169 1902 2342 1965; x_wconf 89' lang='lat' dir='ltr'><strong>tione,</strong></span> <span class='ocrx_word' id='word_1_436' title='bbox 2395 1900 2601 1968; x_wconf 90' lang='lat' dir='ltr'><strong>garrire</strong></span> <span class='ocrx_word' id='word_1_437' title='bbox 2645 1899 2890 1954; x_wconf 89' lang='lat' dir='ltr'><strong>dentibus</strong></span> <span class='ocrx_word' id='word_1_438' title='bbox 2947 1914 3010 1953; x_wconf 91' lang='lat' dir='ltr'><strong>ac</strong></span> <span class='ocrx_word' id='word_1_439' title='bbox 3061 1898 3305 1955; x_wconf 88' lang='lat' dir='ltr'><strong>frendere</strong></span> <span class='ocrx_word' id='word_1_440' title='bbox 3358 1909 3625 1967; x_wconf 63' lang='lat' dir='ltr'><strong>coeperunt</strong></span> <span class='ocrx_word' id='word_1_441' title='bbox 3674 1909 3720 1952; x_wconf 91' lang='lat' dir='ltr'><strong>et</strong></span> 
     </span>
    </p>
   </div>
   <div class='ocr_carea' id='block_1_65' title="bbox 2166 1991 3719 2059">
    <p class='ocr_par' dir='ltr' id='par_1_65' title="bbox 2166 1991 3719 2059">
     <span class='ocr_line' id='line_1_65' title="bbox 2166 1991 3719 2059; baseline -0.001 -13"><span class='ocrx_word' id='word_1_442' title='bbox 2166 1991 2452 2046; x_wconf 88' lang='lat' dir='ltr'><strong>stridentes</strong></span> <span class='ocrx_word' id='word_1_443' title='bbox 2490 1993 2708 2047; x_wconf 91' lang='lat' dir='ltr'><strong>dicere:</strong></span> <span class='ocrx_word' id='word_1_444' title='bbox 2742 1993 2894 2057; x_wconf 85' lang='lat' dir='ltr'><strong>Cras,</strong></span> <span class='ocrx_word' id='word_1_445' title='bbox 2938 2006 3090 2058; x_wconf 90' lang='lat' dir='ltr'><strong>cras;</strong></span> <span class='ocrx_word' id='word_1_446' title='bbox 3140 2000 3195 2047; x_wconf 91' lang='lat' dir='ltr'><strong>et</strong></span> <span class='ocrx_word' id='word_1_447' title='bbox 3240 1992 3448 2047; x_wconf 89' lang='lat' dir='ltr'><strong>interim</strong></span> <span class='ocrx_word' id='word_1_448' title='bbox 3497 1991 3719 2059; x_wconf 85' lang='lat' dir='ltr'><strong>supradi-</strong></span> 
     </span>
    </p>
   </div>
   <div class='ocr_carea' id='block_1_66' title="bbox 2173 2081 3719 2153">
    <p class='ocr_par' dir='ltr' id='par_1_66' title="bbox 2173 2081 3719 2153">
     <span class='ocr_line' id='line_1_66' title="bbox 2173 2081 3719 2153; baseline -0.003 -16"><span class='ocrx_word' id='word_1_449' title='bbox 2173 2094 2314 2138; x_wconf 90' lang='lat' dir='ltr'><strong>ctam</strong></span> <span class='ocrx_word' id='word_1_450' title='bbox 2338 2099 2521 2139; x_wconf 89' lang='lat' dir='ltr'><strong>vocem</strong></span> <span class='ocrx_word' id='word_1_451' title='bbox 2550 2093 2789 2153; x_wconf 89' lang='lat' dir='ltr'><strong>repetere</strong></span> <span class='ocrx_word' id='word_1_452' title='bbox 2816 2101 2831 2139; x_wconf 89' lang='lat'><strong>:</strong></span> <span class='ocrx_word' id='word_1_453' title='bbox 2859 2084 3201 2150; x_wconf 81' lang='lat' dir='ltr'><strong>Exspectate,</strong></span> <span class='ocrx_word' id='word_1_454' title='bbox 3224 2091 3547 2150; x_wconf 79' lang='lat' dir='ltr'><strong>exspectate,</strong></span> <span class='ocrx_word' id='word_1_455' title='bbox 3576 2081 3719 2135; x_wconf 84' lang='lat' dir='ltr'><strong>susti-</strong></span> 
     </span>
    </p>
   </div>
   <div class='ocr_carea' id='block_1_67' title="bbox 2169 2175 3725 2244">
    <p class='ocr_par' dir='ltr' id='par_1_67' title="bbox 2169 2175 3725 2244">
     <span class='ocr_line' id='line_1_67' title="bbox 2169 2175 3725 2244; baseline -0.002 -15"><span class='ocrx_word' id='word_1_456' title='bbox 2169 2189 2291 2230; x_wconf 89' lang='lat' dir='ltr'><strong>nete</strong></span> <span class='ocrx_word' id='word_1_457' title='bbox 2332 2176 2627 2244; x_wconf 85' lang='lat' dir='ltr'><strong>paululum,</strong></span> <span class='ocrx_word' id='word_1_458' title='bbox 2679 2176 2955 2229; x_wconf 86' lang='lat' dir='ltr'><strong>sustinete.</strong></span> <span class='ocrx_word' id='word_1_459' title='bbox 3013 2175 3156 2233; x_wconf 87' lang='lat' dir='ltr'><strong>Inter</strong></span> <span class='ocrx_word' id='word_1_460' title='bbox 3196 2189 3328 2244; x_wconf 87' lang='lat' dir='ltr'><strong>quas</strong></span> <span class='ocrx_word' id='word_1_461' title='bbox 3354 2187 3513 2229; x_wconf 86' lang='lat' dir='ltr'><strong>voces</strong></span> <span class='ocrx_word' id='word_1_462' title='bbox 3553 2182 3725 2228; x_wconf 84' lang='lat' dir='ltr'><strong>extre-</strong></span> 
     </span>
    </p>
   </div>
   <div class='ocr_carea' id='block_1_68' title="bbox 2170 2266 2931 2343">
    <p class='ocr_par' dir='ltr' id='par_1_68' title="bbox 2170 2266 2931 2343">
     <span class='ocr_line' id='line_1_68' title="bbox 2170 2266 2931 2343; baseline 0.001 -23"><span class='ocrx_word' id='word_1_463' title='bbox 2170 2282 2312 2343; x_wconf 85' lang='lat' dir='ltr'><strong>mum</strong></span> <span class='ocrx_word' id='word_1_464' title='bbox 2343 2266 2568 2319; x_wconf 88' lang='lat' dir='ltr'><strong>halitum</strong></span> <span class='ocrx_word' id='word_1_465' title='bbox 2593 2266 2931 2321; x_wconf 84' lang='lat' dir='ltr'><strong>dimiserunt.</strong></span> 
     </span>
    </p>
   </div>
   <div class='ocr_carea' id='block_1_69' title="bbox 2243 2357 3723 2428">
    <p class='ocr_par' dir='ltr' id='par_1_69' title="bbox 2243 2357 3723 2428">
     <span class='ocr_line' id='line_1_69' title="bbox 2243 2357 3723 2428; baseline 0.001 -20"><span class='ocrx_word' id='word_1_466' title='bbox 2243 2357 2330 2410; x_wconf 85' lang='lat' dir='ltr'><strong>l7.</strong></span> <span class='ocrx_word' id='word_1_467' title='bbox 2375 2358 2522 2425; x_wconf 86' lang='lat' dir='ltr'><strong>Quas</strong></span> <span class='ocrx_word' id='word_1_468' title='bbox 2549 2372 2670 2411; x_wconf 91' lang='lat' dir='ltr'><strong>cum</strong></span> <span class='ocrx_word' id='word_1_469' title='bbox 2702 2358 2754 2412; x_wconf 91' lang='lat' dir='ltr'><strong>in</strong></span> <span class='ocrx_word' id='word_1_470' title='bbox 2791 2359 3016 2428; x_wconf 88' lang='lat' dir='ltr'><strong>collegio</strong></span> <span class='ocrx_word' id='word_1_471' title='bbox 3057 2367 3368 2413; x_wconf 73' lang='lat' dir='ltr'><strong>cteterarum</strong></span> <span class='ocrx_word' id='word_1_472' title='bbox 3415 2371 3723 2426; x_wconf 86' lang='lat' dir='ltr'><strong>nequaquam</strong></span> 
     </span>
    </p>
   </div>
   <div class='ocr_carea' id='block_1_70' title="bbox 2166 2448 3736 2520">
    <p class='ocr_par' dir='ltr' id='par_1_70' title="bbox 2166 2448 3736 2520">
     <span class='ocr_line' id='line_1_70' title="bbox 2166 2448 3736 2520; baseline -0.001 -17"><span class='ocrx_word' id='word_1_473' title='bbox 2166 2448 2337 2503; x_wconf 91' lang='lat' dir='ltr'><strong>Mater</strong></span> <span class='ocrx_word' id='word_1_474' title='bbox 2362 2451 2669 2505; x_wconf 86' lang='lat' dir='ltr'><strong>monasterii</strong></span> <span class='ocrx_word' id='word_1_475' title='bbox 2689 2451 2921 2518; x_wconf 91' lang='lat' dir='ltr'><strong>sepelire</strong></span> <span class='ocrx_word' id='word_1_476' title='bbox 2953 2461 3123 2515; x_wconf 87' lang='lat' dir='ltr'><strong>ratum</strong></span> <span class='ocrx_word' id='word_1_477' title='bbox 3149 2450 3389 2515; x_wconf 89' lang='lat' dir='ltr'><strong>duceret,</strong></span> <span class='ocrx_word' id='word_1_478' title='bbox 3419 2450 3736 2520; x_wconf 70' lang='lat' dir='ltr'><strong>segregatim&#39;</strong></span> 
     </span>
    </p>
   </div>
   <div class='ocr_carea' id='block_1_71' title="bbox 2171 2537 3723 2611">
    <p class='ocr_par' dir='ltr' id='par_1_71' title="bbox 2171 2537 3723 2611">
     <span class='ocr_line' id='line_1_71' title="bbox 2171 2537 3723 2611; baseline 0.001 -17"><span class='ocrx_word' id='word_1_479' title='bbox 2171 2540 2466 2595; x_wconf 85' lang='lat' dir='ltr'><strong>humandas</strong></span> <span class='ocrx_word' id='word_1_480' title='bbox 2519 2540 2570 2594; x_wconf 90' lang='lat' dir='ltr'><strong>in</strong></span> <span class='ocrx_word' id='word_1_481' title='bbox 2626 2554 2920 2596; x_wconf 85' lang='lat' dir='ltr'><strong>extremum</strong></span> <span class='ocrx_word' id='word_1_482' title='bbox 2976 2542 3309 2611; x_wconf 87' lang='lat' dir='ltr'><strong>sepeliendas</strong></span> <span class='ocrx_word' id='word_1_483' title='bbox 3362 2537 3489 2597; x_wconf 84' lang='lat' dir='ltr'><strong>foris</strong></span> <span class='ocrx_word' id='word_1_484' title='bbox 3535 2541 3723 2611; x_wconf 81' lang='lat' dir='ltr'><strong>jubet:</strong></span> 
     </span>
    </p>
   </div>
   <div class='ocr_carea' id='block_1_72' title="bbox 2170 2634 3725 2704">
    <p class='ocr_par' dir='ltr' id='par_1_72' title="bbox 2170 2634 3725 2704">
     <span class='ocr_line' id='line_1_72' title="bbox 2170 2634 3725 2704; baseline 0.001 -18"><span class='ocrx_word' id='word_1_485' title='bbox 2170 2648 2330 2701; x_wconf 88' lang='lat' dir='ltr'><strong>supra</strong></span> <span class='ocrx_word' id='word_1_486' title='bbox 2361 2648 2582 2701; x_wconf 90' lang='lat' dir='ltr'><strong>quarum</strong></span> <span class='ocrx_word' id='word_1_487' title='bbox 2610 2634 2843 2689; x_wconf 93' lang='lat' dir='ltr'><strong>tumulos</strong></span> <span class='ocrx_word' id='word_1_488' title='bbox 2875 2635 3064 2703; x_wconf 88' lang='lat' dir='ltr'><strong>globus</strong></span> <span class='ocrx_word' id='word_1_489' title='bbox 3097 2636 3229 2704; x_wconf 85' lang='lat' dir='ltr'><strong>ignis</strong></span> <span class='ocrx_word' id='word_1_490' title='bbox 3258 2634 3310 2688; x_wconf 92' lang='lat' dir='ltr'><strong>in</strong></span> <span class='ocrx_word' id='word_1_491' title='bbox 3360 2634 3572 2688; x_wconf 87' lang='lat' dir='ltr'><strong>modum</strong></span> <span class='ocrx_word' id='word_1_492' title='bbox 3618 2635 3725 2703; x_wconf 54' lang='lat' dir='ltr'><strong>cly-</strong></span> 
     </span>
    </p>
   </div>
   <div class='ocr_carea' id='block_1_73' title="bbox 2172 2720 3716 2792">
    <p class='ocr_par' dir='ltr' id='par_1_73' title="bbox 2172 2720 3716 2792">
     <span class='ocr_line' id='line_1_73' title="bbox 2172 2720 3716 2792; baseline 0 -17"><span class='ocrx_word' id='word_1_493' title='bbox 2172 2722 2257 2791; x_wconf 90' lang='lat' dir='ltr'><strong>pei</strong></span> <span class='ocrx_word' id='word_1_494' title='bbox 2283 2723 2416 2775; x_wconf 89' lang='lat' dir='ltr'><strong>intra</strong></span> <span class='ocrx_word' id='word_1_495' title='bbox 2477 2720 2756 2776; x_wconf 88' lang='lat' dir='ltr'><strong>triennium</strong></span> <span class='ocrx_word' id='word_1_496' title='bbox 2788 2737 2931 2791; x_wconf 63' lang='lat' dir='ltr'><strong>saepe</strong></span> <span class='ocrx_word' id='word_1_497' title='bbox 2972 2724 3234 2792; x_wconf 90' lang='lat' dir='ltr'><strong>apparuit,</strong></span> <span class='ocrx_word' id='word_1_498' title='bbox 3268 2724 3561 2791; x_wconf 68' lang='lat' dir='ltr'><strong>praesertim</strong></span> <span class='ocrx_word' id='word_1_499' title='bbox 3589 2723 3716 2789; x_wconf 83' lang='lat' dir='ltr'><strong>Qua-</strong></span> 
     </span>
    </p>
   </div>
   <div class='ocr_carea' id='block_1_74' title="bbox 2098 2813 3725 2890">
    <p class='ocr_par' dir='ltr' id='par_1_74' title="bbox 2098 2813 3725 2890">
     <span class='ocr_line' id='line_1_74' title="bbox 2098 2813 3725 2890; baseline 0.002 -24"><span class='ocrx_word' id='word_1_500' title='bbox 2098 2880 2111 2890; x_wconf 36' lang='lat'><em>,</em></span> <span class='ocrx_word' id='word_1_501' title='bbox 2171 2814 2480 2880; x_wconf 82' lang='lat' dir='ltr'><strong>dragesitnae</strong></span> <span class='ocrx_word' id='word_1_502' title='bbox 2506 2813 2693 2869; x_wconf 89' lang='lat' dir='ltr'><strong>diebus</strong></span> <span class='ocrx_word' id='word_1_503' title='bbox 2726 2829 2891 2882; x_wconf 84' lang='lat' dir='ltr'><strong>usque</strong></span> <span class='ocrx_word' id='word_1_504' title='bbox 2920 2814 2985 2867; x_wconf 90' lang='lat' dir='ltr'><strong>ad</strong></span> <span class='ocrx_word' id='word_1_505' title='bbox 3014 2816 3301 2869; x_wconf 90' lang='lat' dir='ltr'><strong>adventum</strong></span> <span class='ocrx_word' id='word_1_506' title='bbox 3323 2815 3492 2871; x_wconf 88' lang='lat' dir='ltr'><strong>sancti</strong></span> <span class='ocrx_word' id='word_1_507' title='bbox 3526 2815 3725 2870; x_wconf 65' lang='lat' dir='ltr'><strong>Pascha</strong></span> 
     </span>
    </p>
   </div>
   <div class='ocr_carea' id='block_1_75' title="bbox 2172 2906 3731 2977">
    <p class='ocr_par' dir='ltr' id='par_1_75' title="bbox 2172 2906 3731 2977">
     <span class='ocr_line' id='line_1_75' title="bbox 2172 2906 3731 2977; baseline 0.004 -20"><span class='ocrx_word' id='word_1_508' title='bbox 2172 2906 2255 2959; x_wconf 90' lang='lat' dir='ltr'><strong>vel</strong></span> <span class='ocrx_word' id='word_1_509' title='bbox 2282 2907 2439 2960; x_wconf 89' lang='lat' dir='ltr'><strong>etiatn</strong></span> <span class='ocrx_word' id='word_1_510' title='bbox 2494 2906 2669 2976; x_wconf 86' lang='lat' dir='ltr'><strong>vigilia</strong></span> <span class='ocrx_word' id='word_1_511' title='bbox 2702 2907 2902 2961; x_wconf 79' lang='lat' dir='ltr'><strong>Natalis</strong></span> <span class='ocrx_word' id='word_1_512' title='bbox 2932 2908 3136 2961; x_wconf 88' lang='lat' dir='ltr'><strong>Domini</strong></span> <span class='ocrx_word' id='word_1_513' title='bbox 3183 2908 3474 2964; x_wconf 89' lang='lat' dir='ltr'><strong>ferventior</strong></span> <span class='ocrx_word' id='word_1_514' title='bbox 3525 2924 3731 2977; x_wconf 87' lang='lat' dir='ltr'><strong>appare—</strong></span> 
     </span>
    </p>
   </div>
   <div class='ocr_carea' id='block_1_76' title="bbox 2172 2998 3711 3065">
    <p class='ocr_par' dir='ltr' id='par_1_76' title="bbox 2172 2998 3711 3065">
     <span class='ocr_line' id='line_1_76' title="bbox 2172 2998 3711 3065; baseline 0.001 -15"><span class='ocrx_word' id='word_1_515' title='bbox 2172 2998 2281 3063; x_wconf 87' lang='lat' dir='ltr'><strong>bat,</strong></span> <span class='ocrx_word' id='word_1_516' title='bbox 2335 2998 2595 3065; x_wconf 90' lang='lat' dir='ltr'><strong>simulque</strong></span> <span class='ocrx_word' id='word_1_517' title='bbox 2649 3011 2805 3052; x_wconf 88' lang='lat' dir='ltr'><strong>voces</strong></span> <span class='ocrx_word' id='word_1_518' title='bbox 2879 3000 3246 3053; x_wconf 76' lang='lat' dir='ltr'><strong>tumultuantis</strong></span> <span class='ocrx_word' id='word_1_519' title='bbox 3306 3002 3474 3053; x_wconf 73' lang='lat' dir='ltr'><strong>turbae</strong></span> <span class='ocrx_word' id='word_1_520' title='bbox 3548 3000 3711 3053; x_wconf 70' lang='lat' dir='ltr'><strong>multa:</strong></span> 
     </span>
    </p>
   </div>
   <div class='ocr_carea' id='block_1_77' title="bbox 2173 3088 3723 3158">
    <p class='ocr_par' dir='ltr' id='par_1_77' title="bbox 2173 3088 3723 3158">
     <span class='ocr_line' id='line_1_77' title="bbox 2173 3088 3723 3158; baseline 0 -16"><span class='ocrx_word' id='word_1_521' title='bbox 2173 3090 2544 3156; x_wconf 87' lang='lat' dir='ltr'><strong>personabant.</strong></span> <span class='ocrx_word' id='word_1_522' title='bbox 2579 3088 2718 3143; x_wconf 84' lang='lat' dir='ltr'><strong>inter</strong></span> <span class='ocrx_word' id='word_1_523' title='bbox 2747 3104 2877 3158; x_wconf 90' lang='lat' dir='ltr'><strong>quas</strong></span> <span class='ocrx_word' id='word_1_524' title='bbox 2907 3090 3024 3144; x_wconf 64' lang='lat' dir='ltr'><strong>dum</strong></span> <span class='ocrx_word' id='word_1_525' title='bbox 3063 3090 3328 3144; x_wconf 79' lang='lat' dir='ltr'><strong>ululantes</strong></span> <span class='ocrx_word' id='word_1_526' title='bbox 3364 3090 3723 3158; x_wconf 87' lang='lat' dir='ltr'><strong>erumpebant,</strong></span> 
     </span>
    </p>
   </div>
   <div class='ocr_carea' id='block_1_78' title="bbox 2176 3178 3729 3233">
    <p class='ocr_par' dir='ltr' id='par_1_78' title="bbox 2176 3178 3729 3233">
     <span class='ocr_line' id='line_1_78' title="bbox 2176 3178 3729 3233; baseline 0.001 -2"><span class='ocrx_word' id='word_1_527' title='bbox 2176 3180 2324 3233; x_wconf 88' lang='lat' dir='ltr'><strong>velut</strong></span> <span class='ocrx_word' id='word_1_528' title='bbox 2350 3179 2400 3231; x_wconf 90' lang='lat' dir='ltr'><strong>in</strong></span> <span class='ocrx_word' id='word_1_529' title='bbox 2451 3180 2728 3233; x_wconf 90' lang='lat' dir='ltr'><strong>tormentis</strong></span> <span class='ocrx_word' id='word_1_530' title='bbox 2758 3192 3010 3233; x_wconf 82' lang='lat' dir='ltr'><strong>resonare</strong></span> <span class='ocrx_word' id='word_1_531' title='bbox 3054 3178 3228 3232; x_wconf 83' lang='lat' dir='ltr'><strong>solent</strong></span> <span class='ocrx_word' id='word_1_532' title='bbox 3261 3196 3273 3231; x_wconf 90' lang='lat'><strong>:</strong></span> <span class='ocrx_word' id='word_1_533' title='bbox 3302 3178 3393 3232; x_wconf 71' lang='lat' dir='ltr'><strong>Vae</strong></span> <span class='ocrx_word' id='word_1_534' title='bbox 3446 3178 3611 3232; x_wconf 80' lang='lat' dir='ltr'><strong>mihi!</strong></span> <span class='ocrx_word' id='word_1_535' title='bbox 3657 3193 3729 3233; x_wconf 67' lang='lat' dir='ltr'><strong>va:</strong></span> 
     </span>
    </p>
   </div>
   <div class='ocr_carea' id='block_1_79' title="bbox 2178 3267 3731 3337">
    <p class='ocr_par' dir='ltr' id='par_1_79' title="bbox 2178 3267 3731 3337">
     <span class='ocr_line' id='line_1_79' title="bbox 2178 3267 3731 3337; baseline -0.002 -13"><span class='ocrx_word' id='word_1_536' title='bbox 2178 3269 2343 3324; x_wconf 88' lang='lat' dir='ltr'><strong>mihi!</strong></span> <span class='ocrx_word' id='word_1_537' title='bbox 2379 3284 2459 3324; x_wconf 74' lang='lat' dir='ltr'><strong>va:</strong></span> <span class='ocrx_word' id='word_1_538' title='bbox 2507 3268 2670 3323; x_wconf 85' lang='lat' dir='ltr'><strong>mihi!</strong></span> <span class='ocrx_word' id='word_1_539' title='bbox 2720 3269 2957 3324; x_wconf 79' lang='lat' dir='ltr'><strong>Cernetis</strong></span> <span class='ocrx_word' id='word_1_540' title='bbox 3009 3271 3185 3337; x_wconf 90' lang='lat' dir='ltr'><strong>itaque</strong></span> <span class='ocrx_word' id='word_1_541' title='bbox 3233 3267 3400 3322; x_wconf 80' lang='lat' dir='ltr'><strong>Mater</strong></span> <span class='ocrx_word' id='word_1_542' title='bbox 3447 3268 3731 3323; x_wconf 85' lang='lat' dir='ltr'><strong>monasterii</strong></span> 
     </span>
    </p>
   </div>
   <div class='ocr_carea' id='block_1_80' title="bbox 2174 3357 3721 3430">
    <p class='ocr_par' dir='ltr' id='par_1_80' title="bbox 2174 3357 3721 3430">
     <span class='ocr_line' id='line_1_80' title="bbox 2174 3357 3721 3430; baseline -0.001 -16"><span class='ocrx_word' id='word_1_543' title='bbox 2174 3359 2372 3430; x_wconf 84' lang='lat' dir='ltr'><strong>justam</strong></span> <span class='ocrx_word' id='word_1_544' title='bbox 2395 3360 2714 3413; x_wconf 90' lang='lat' dir='ltr'><strong>sententiam</strong></span> <span class='ocrx_word' id='word_1_545' title='bbox 2746 3374 2775 3412; x_wconf 92' lang='lat' dir='ltr'><strong>a</strong></span> <span class='ocrx_word' id='word_1_546' title='bbox 2800 3357 2949 3428; x_wconf 88' lang='lat' dir='ltr'><strong>justo</strong></span> <span class='ocrx_word' id='word_1_547' title='bbox 2974 3358 3159 3414; x_wconf 85' lang='lat' dir='ltr'><strong>Judice</strong></span> <span class='ocrx_word' id='word_1_548' title='bbox 3186 3373 3345 3427; x_wconf 88' lang='lat' dir='ltr'><strong>super</strong></span> <span class='ocrx_word' id='word_1_549' title='bbox 3375 3358 3591 3427; x_wconf 85' lang='lat' dir='ltr'><strong>injustas</strong></span> <span class='ocrx_word' id='word_1_550' title='bbox 3620 3360 3721 3413; x_wconf 86' lang='lat' dir='ltr'><strong>ani-</strong></span> 
     </span>
    </p>
   </div>
   <div class='ocr_carea' id='block_1_81' title="bbox 2180 3448 3734 3515">
    <p class='ocr_par' dir='ltr' id='par_1_81' title="bbox 2180 3448 3734 3515">
     <span class='ocr_line' id='line_1_81' title="bbox 2180 3448 3734 3515; baseline -0.001 -12"><span class='ocrx_word' id='word_1_551' title='bbox 2180 3465 2294 3503; x_wconf 90' lang='lat' dir='ltr'><strong>mas</strong></span> <span class='ocrx_word' id='word_1_552' title='bbox 2319 3450 2540 3515; x_wconf 81' lang='lat' dir='ltr'><strong>illatam,</strong></span> <span class='ocrx_word' id='word_1_553' title='bbox 2572 3448 2903 3505; x_wconf 84' lang='lat' dir='ltr'><strong>manifestius</strong></span> <span class='ocrx_word' id='word_1_554' title='bbox 2931 3451 3298 3504; x_wconf 87' lang='lat' dir='ltr'><strong>damnatarum</strong></span> <span class='ocrx_word' id='word_1_555' title='bbox 3327 3450 3641 3504; x_wconf 87' lang='lat' dir='ltr'><strong>sententiam</strong></span> <span class='ocrx_word' id='word_1_556' title='bbox 3661 3460 3734 3504; x_wconf 87' lang='lat' dir='ltr'><strong>est</strong></span> 
     </span>
    </p>
   </div>
   <div class='ocr_carea' id='block_1_82' title="bbox 2179 3542 3735 3613">
    <p class='ocr_par' dir='ltr' id='par_1_82' title="bbox 2179 3542 3735 3613">
     <span class='ocr_line' id='line_1_82' title="bbox 2179 3542 3735 3613; baseline -0.001 -17"><span class='ocrx_word' id='word_1_557' title='bbox 2179 3556 2422 3613; x_wconf 87' lang='lat' dir='ltr'><strong>aggressa</strong></span> <span class='ocrx_word' id='word_1_558' title='bbox 2468 3542 2750 3610; x_wconf 89' lang='lat' dir='ltr'><strong>comperiri</strong></span> <span class='ocrx_word' id='word_1_559' title='bbox 2779 3560 2793 3608; x_wconf 91' lang='lat'>;</span> <span class='ocrx_word' id='word_1_560' title='bbox 2825 3544 3189 3613; x_wconf 87' lang='lat' dir='ltr'><strong>accedensque</strong></span> <span class='ocrx_word' id='word_1_561' title='bbox 3239 3544 3305 3596; x_wconf 90' lang='lat' dir='ltr'><strong>ad</strong></span> <span class='ocrx_word' id='word_1_562' title='bbox 3358 3544 3630 3607; x_wconf 88' lang='lat' dir='ltr'><strong>tumulum,</strong></span> <span class='ocrx_word' id='word_1_563' title='bbox 3653 3557 3735 3595; x_wconf 84' lang='lat' dir='ltr'><strong>ex-</strong></span> 
     </span>
    </p>
   </div>
   <div class='ocr_carea' id='block_1_83' title="bbox 2180 3624 3728 3705">
    <p class='ocr_par' dir='ltr' id='par_1_83' title="bbox 2180 3624 3728 3705">
     <span class='ocr_line' id='line_1_83' title="bbox 2180 3624 3728 3705; baseline 0.003 -21"><span class='ocrx_word' id='word_1_564' title='bbox 2180 3636 2476 3703; x_wconf 84' lang='lat' dir='ltr'><strong>perimento</strong></span> <span class='ocrx_word' id='word_1_565' title='bbox 2528 3635 2718 3702; x_wconf 67' lang='lat' dir='ltr'><strong>quaerit</strong></span> <span class='ocrx_word' id='word_1_566' title='bbox 2767 3634 2812 3688; x_wconf 93' lang='lat' dir='ltr'><strong>si</strong></span> <span class='ocrx_word' id='word_1_567' title='bbox 2867 3624 3127 3690; x_wconf 75' lang='lat' dir='ltr'><strong>cadavera</strong></span> <span class='ocrx_word' id='word_1_568' title='bbox 3178 3638 3423 3705; x_wconf 87' lang='lat' dir='ltr'><strong>quamvis</strong></span> <span class='ocrx_word' id='word_1_569' title='bbox 3469 3635 3728 3705; x_wconf 88' lang='lat' dir='ltr'><strong>putredine</strong></span> 
     </span>
    </p>
   </div>
   <div class='ocr_carea' id='block_1_84' title="bbox 2179 3726 3726 3799">
    <p class='ocr_par' dir='ltr' id='par_1_84' title="bbox 2179 3726 3726 3799">
     <span class='ocr_line' id='line_1_84' title="bbox 2179 3726 3726 3799; baseline 0.001 -17"><span class='ocrx_word' id='word_1_570' title='bbox 2179 3736 2429 3795; x_wconf 88' lang='lat' dir='ltr'><strong>corrupta</strong></span> <span class='ocrx_word' id='word_1_571' title='bbox 2459 3727 2511 3781; x_wconf 88' lang='lat' dir='ltr'><strong>itt</strong></span> <span class='ocrx_word' id='word_1_572' title='bbox 2542 3726 2787 3796; x_wconf 84' lang='lat' dir='ltr'><strong>sepulcro</strong></span> <span class='ocrx_word' id='word_1_573' title='bbox 2839 3737 3109 3783; x_wconf 91' lang='lat' dir='ltr'><strong>maneant.</strong></span> <span class='ocrx_word' id='word_1_574' title='bbox 3164 3729 3391 3799; x_wconf 89' lang='lat' dir='ltr'><strong>Jamque</strong></span> <span class='ocrx_word' id='word_1_575' title='bbox 3438 3731 3629 3785; x_wconf 78' lang='lat' dir='ltr'><strong>mensis</strong></span> <span class='ocrx_word' id='word_1_576' title='bbox 3669 3745 3726 3783; x_wconf 79' lang='lat' dir='ltr'><strong>ex</strong></span> 
     </span>
    </p>
   </div>
   <div class='ocr_carea' id='block_1_85' title="bbox 2179 3822 3727 3902">
    <p class='ocr_par' dir='ltr' id='par_1_85' title="bbox 2179 3822 3727 3902">
     <span class='ocr_line' id='line_1_85' title="bbox 2179 3822 3727 3902; baseline 0.001 -26"><span class='ocrx_word' id='word_1_577' title='bbox 2179 3836 2283 3892; x_wconf 91' lang='lat' dir='ltr'><strong>quo</strong></span> <span class='ocrx_word' id='word_1_578' title='bbox 2330 3822 2508 3876; x_wconf 88' lang='lat' dir='ltr'><strong>functa</strong></span> <span class='ocrx_word' id='word_1_579' title='bbox 2570 3836 2792 3889; x_wconf 90' lang='lat' dir='ltr'><strong>corpora</strong></span> <span class='ocrx_word' id='word_1_580' title='bbox 2823 3823 3037 3902; x_wconf 72' lang='lat' dir='ltr'><strong>condita</strong></span> <span class='ocrx_word' id='word_1_581' title='bbox 3084 3834 3235 3877; x_wconf 88' lang='lat' dir='ltr'><strong>erant</strong></span> <span class='ocrx_word' id='word_1_582' title='bbox 3289 3826 3634 3889; x_wconf 63' lang='lat' dir='ltr'><strong>praeterierat,</strong></span> <span class='ocrx_word' id='word_1_583' title='bbox 3680 3832 3727 3877; x_wconf 88' lang='lat' dir='ltr'><strong>et</strong></span> 
     </span>
    </p>
   </div>
   <div class='ocr_carea' id='block_1_86' title="bbox 2181 3913 3735 3985">
    <p class='ocr_par' dir='ltr' id='par_1_86' title="bbox 2181 3913 3735 3985">
     <span class='ocr_line' id='line_1_86' title="bbox 2181 3913 3735 3985; baseline 0 -19"><span class='ocrx_word' id='word_1_584' title='bbox 2181 3928 2309 3967; x_wconf 91' lang='lat' dir='ltr'><strong>ecce</strong></span> <span class='ocrx_word' id='word_1_585' title='bbox 2338 3913 2537 3980; x_wconf 89' lang='lat' dir='ltr'><strong>reperit</strong></span> <span class='ocrx_word' id='word_1_586' title='bbox 2586 3913 2806 3967; x_wconf 89' lang='lat' dir='ltr'><strong>interius</strong></span> <span class='ocrx_word' id='word_1_587' title='bbox 2851 3914 3157 3981; x_wconf 90' lang='lat' dir='ltr'><strong>sepulcrum</strong></span> <span class='ocrx_word' id='word_1_588' title='bbox 3188 3914 3312 3985; x_wconf 90' lang='lat' dir='ltr'><strong>igne</strong></span> <span class='ocrx_word' id='word_1_589' title='bbox 3341 3926 3605 3979; x_wconf 78' lang='lat' dir='ltr'><strong>exustum,</strong></span> <span class='ocrx_word' id='word_1_590' title='bbox 3650 3928 3735 3967; x_wconf 89' lang='lat' dir='ltr'><strong>nec</strong></span> 
     </span>
    </p>
   </div>
   <div class='ocr_carea' id='block_1_87' title="bbox 2179 4003 3737 4075">
    <p class='ocr_par' dir='ltr' id='par_1_87' title="bbox 2179 4003 3737 4075">
     <span class='ocr_line' id='line_1_87' title="bbox 2179 4003 3737 4075; baseline 0.001 -18"><span class='ocrx_word' id='word_1_591' title='bbox 2179 4003 2467 4073; x_wconf 89' lang='lat' dir='ltr'><strong>quidquam</strong></span> <span class='ocrx_word' id='word_1_592' title='bbox 2494 4012 2651 4057; x_wconf 60' lang='lat' dir='ltr'><strong>terra:</strong></span> <span class='ocrx_word' id='word_1_593' title='bbox 2677 4004 2874 4058; x_wconf 90' lang='lat' dir='ltr'><strong>residui</strong></span> <span class='ocrx_word' id='word_1_594' title='bbox 2896 4019 3179 4073; x_wconf 84' lang='lat' dir='ltr'><strong>superesse</strong></span> <span class='ocrx_word' id='word_1_595' title='bbox 3225 4006 3510 4061; x_wconf 88' lang='lat' dir='ltr'><strong>cadaveris</strong></span> <span class='ocrx_word' id='word_1_596' title='bbox 3564 4014 3737 4075; x_wconf 67' lang='lat' dir='ltr'><strong>prater</strong></span> 
     </span>
    </p>
   </div>
   <div class='ocr_carea' id='block_1_88' title="bbox 2180 4098 3737 4170">
    <p class='ocr_par' dir='ltr' id='par_1_88' title="bbox 2180 4098 3737 4170">
     <span class='ocr_line' id='line_1_88' title="bbox 2180 4098 3737 4170; baseline 0 -16"><span class='ocrx_word' id='word_1_597' title='bbox 2180 4099 2391 4155; x_wconf 87' lang='lat' dir='ltr'><strong>favillas</strong></span> <span class='ocrx_word' id='word_1_598' title='bbox 2419 4100 2669 4154; x_wconf 90' lang='lat' dir='ltr'><strong>vestium.</strong></span> <span class='ocrx_word' id='word_1_599' title='bbox 2700 4098 2892 4154; x_wconf 81' lang='lat' dir='ltr'><strong>Mansit</strong></span> <span class='ocrx_word' id='word_1_600' title='bbox 2940 4099 3119 4170; x_wconf 89' lang='lat' dir='ltr'><strong>itaque</strong></span> <span class='ocrx_word' id='word_1_601' title='bbox 3165 4116 3258 4170; x_wconf 89' lang='lat' dir='ltr'><strong>per</strong></span> <span class='ocrx_word' id='word_1_602' title='bbox 3289 4102 3570 4157; x_wconf 87' lang='lat' dir='ltr'><strong>triennium</strong></span> <span class='ocrx_word' id='word_1_603' title='bbox 3596 4102 3737 4155; x_wconf 69' lang='lat' dir='ltr'><strong>illata</strong></span> 
     </span>
    </p>
   </div>
   <div class='ocr_carea' id='block_1_89' title="bbox 2180 4192 3731 4258">
    <p class='ocr_par' dir='ltr' id='par_1_89' title="bbox 2180 4192 3731 4258">
     <span class='ocr_line' id='line_1_89' title="bbox 2180 4192 3731 4258; baseline 0.001 -11"><span class='ocrx_word' id='word_1_604' title='bbox 2180 4193 2456 4248; x_wconf 65' lang='lat' dir='ltr'><strong>sententiae</strong></span> <span class='ocrx_word' id='word_1_605' title='bbox 2482 4193 2761 4258; x_wconf 81' lang='lat' dir='ltr'><strong>severitas,</strong></span> <span class='ocrx_word' id='word_1_606' title='bbox 2788 4203 2845 4247; x_wconf 90' lang='lat' dir='ltr'><strong>ut</strong></span> <span class='ocrx_word' id='word_1_607' title='bbox 2870 4203 3040 4247; x_wconf 89' lang='lat' dir='ltr'><strong>terror</strong></span> <span class='ocrx_word' id='word_1_608' title='bbox 3077 4192 3446 4247; x_wconf 89' lang='lat' dir='ltr'><strong>damnatarum</strong></span> <span class='ocrx_word' id='word_1_609' title='bbox 3506 4197 3731 4249; x_wconf 83' lang='lat' dir='ltr'><strong>timorem</strong></span> 
     </span>
    </p>
   </div>
   <div class='ocr_carea' id='block_1_90' title="bbox 2180 4281 3727 4358">
    <p class='ocr_par' dir='ltr' id='par_1_90' title="bbox 2180 4281 3727 4358">
     <span class='ocr_line' id='line_1_90' title="bbox 2180 4281 3727 4358; baseline 0.003 -19"><span class='ocrx_word' id='word_1_610' title='bbox 2180 4281 2442 4354; x_wconf 65' lang='lat' dir='ltr'><strong>praeberet</strong></span> <span class='ocrx_word' id='word_1_611' title='bbox 2486 4286 2745 4342; x_wconf 89' lang='lat' dir='ltr'><strong>sodalium</strong></span> <span class='ocrx_word' id='word_1_612' title='bbox 2793 4288 3196 4353; x_wconf 89' lang='lat' dir='ltr'><strong>remanentium,</strong></span> <span class='ocrx_word' id='word_1_613' title='bbox 3226 4298 3479 4358; x_wconf 85' lang='lat' dir='ltr'><strong>essetque</strong></span> <span class='ocrx_word' id='word_1_614' title='bbox 3524 4301 3727 4357; x_wconf 83' lang='lat' dir='ltr'><strong>correp-</strong></span> 
     </span>
    </p>
   </div>
   <div class='ocr_carea' id='block_1_91' title="bbox 2181 4381 3738 4452">
    <p class='ocr_par' dir='ltr' id='par_1_91' title="bbox 2181 4381 3738 4452">
     <span class='ocr_line' id='line_1_91' title="bbox 2181 4381 3738 4452; baseline 0.001 -19"><span class='ocrx_word' id='word_1_615' title='bbox 2181 4382 2253 4433; x_wconf 88' lang='lat' dir='ltr'><strong>tio</strong></span> <span class='ocrx_word' id='word_1_616' title='bbox 2284 4381 2571 4435; x_wconf 72' lang='lat' dir='ltr'><strong>viventium</strong></span> <span class='ocrx_word' id='word_1_617' title='bbox 2604 4396 2757 4449; x_wconf 72' lang='lat' dir='ltr'><strong>ptena</strong></span> <span class='ocrx_word' id='word_1_618' title='bbox 2793 4381 2938 4435; x_wconf 90' lang='lat' dir='ltr'><strong>illata</strong></span> <span class='ocrx_word' id='word_1_619' title='bbox 2966 4390 3325 4448; x_wconf 89' lang='lat' dir='ltr'><strong>mortuarum;</strong></span> <span class='ocrx_word' id='word_1_620' title='bbox 3376 4392 3437 4438; x_wconf 90' lang='lat' dir='ltr'><strong>et</strong></span> <span class='ocrx_word' id='word_1_621' title='bbox 3484 4396 3547 4437; x_wconf 80' lang='lat' dir='ltr'><strong>ex</strong></span> <span class='ocrx_word' id='word_1_622' title='bbox 3592 4381 3738 4452; x_wconf 85' lang='lat' dir='ltr'><strong>negli-</strong></span> 
     </span>
    </p>
   </div>
   <div class='ocr_carea' id='block_1_92' title="bbox 584 4451 2073 4547">
    <p class='ocr_par' dir='ltr' id='par_1_92' title="bbox 584 4451 2073 4521">
     <span class='ocr_line' id='line_1_92' title="bbox 584 4451 2073 4521; baseline -0.001 -15"><span class='ocrx_word' id='word_1_623' title='bbox 584 4454 668 4508; x_wconf 84' lang='grc'><strong>16.</strong></span> <span class='ocrx_word' id='word_1_624' title='bbox 720 4457 838 4521; x_wconf 78' lang='lat' dir='ltr'><strong>Quo</strong></span> <span class='ocrx_word' id='word_1_625' title='bbox 861 4468 979 4508; x_wconf 89' lang='lat' dir='ltr'><strong>cum</strong></span> <span class='ocrx_word' id='word_1_626' title='bbox 1014 4451 1295 4517; x_wconf 87' lang='lat' dir='ltr'><strong>redissent,</strong></span> <span class='ocrx_word' id='word_1_627' title='bbox 1326 4459 1549 4521; x_wconf 87' lang='lat' dir='ltr'><strong>actoque</strong></span> <span class='ocrx_word' id='word_1_628' title='bbox 1605 4451 1928 4507; x_wconf 88' lang='lat' dir='ltr'><strong>scrutamine</strong></span> <span class='ocrx_word' id='word_1_629' title='bbox 1960 4465 2073 4519; x_wconf 74' lang='lat' dir='ltr'><strong>qua!</strong></span> 
     </span>
    </p>
   </div>
   <div class='ocr_carea' id='block_1_93' title="bbox 2177 4451 3732 4547">
    <p class='ocr_par' dir='ltr' id='par_1_93' title="bbox 2180 4451 3732 4546">
     <span class='ocr_line' id='line_1_93' title="bbox 2180 4451 3732 4546; baseline -0.001 -17"><span class='ocrx_word' id='word_1_630' title='bbox 2180 4472 2353 4544; x_wconf 88' lang='lat' dir='ltr'><strong>gentia</strong></span> <span class='ocrx_word' id='word_1_631' title='bbox 2384 4474 2466 4529; x_wconf 92' lang='lat' dir='ltr'><strong>vel</strong></span> <span class='ocrx_word' id='word_1_632' title='bbox 2520 4483 2704 4543; x_wconf 89' lang='lat' dir='ltr'><strong>tepore</strong></span> <span class='ocrx_word' id='word_1_633' title='bbox 2743 4474 2851 4529; x_wconf 90' lang='lat' dir='ltr'><strong>imo</strong></span> <span class='ocrx_word' id='word_1_634' title='bbox 2904 4474 3098 4530; x_wconf 86' lang='lat' dir='ltr'><strong>duritia</strong></span> <span class='ocrx_word' id='word_1_635' title='bbox 3145 4476 3346 4531; x_wconf 86' lang='lat' dir='ltr'><strong>mentis</strong></span> <span class='ocrx_word' id='word_1_636' title='bbox 3396 4451 3732 4546; x_wconf 84' lang='lat' dir='ltr'><strong>pereuntium,</strong></span> 
     </span>
    </p>
   </div>
   <div class='ocr_carea' id='block_1_94' title="bbox 514 4543 2078 4615">
    <p class='ocr_par' dir='ltr' id='par_1_94' title="bbox 514 4543 2078 4615">
     <span class='ocr_line' id='line_1_94' title="bbox 514 4543 2078 4615; baseline -0.004 -13"><span class='ocrx_word' id='word_1_637' title='bbox 514 4562 674 4603; x_wconf 88' lang='lat' dir='ltr'><strong>causa</strong></span> <span class='ocrx_word' id='word_1_638' title='bbox 699 4545 1003 4601; x_wconf 91' lang='lat' dir='ltr'><strong>discedendi</strong></span> <span class='ocrx_word' id='word_1_639' title='bbox 1033 4546 1320 4615; x_wconf 84' lang='lat' dir='ltr'><strong>coegisset,</strong></span> <span class='ocrx_word' id='word_1_640' title='bbox 1361 4544 1688 4615; x_wconf 87' lang='lat' dir='ltr'><strong>respondent</strong></span> <span class='ocrx_word' id='word_1_641' title='bbox 1712 4560 1772 4600; x_wconf 90' lang='lat' dir='ltr'><strong>se</strong></span> <span class='ocrx_word' id='word_1_642' title='bbox 1819 4544 1932 4599; x_wconf 90' lang='lat' dir='ltr'><strong>fore</strong></span> <span class='ocrx_word' id='word_1_643' title='bbox 1964 4543 2078 4599; x_wconf 89' lang='lat' dir='ltr'><strong>telis</strong></span> 
     </span>
    </p>
   </div>
   <div class='ocr_carea' id='block_1_95' title="bbox 512 4637 2083 4707">
    <p class='ocr_par' dir='ltr' id='par_1_95' title="bbox 512 4637 2083 4707">
     <span class='ocr_line' id='line_1_95' title="bbox 512 4637 2083 4707; baseline -0.003 -12"><span class='ocrx_word' id='word_1_644' title='bbox 512 4639 816 4696; x_wconf 86' lang='lat' dir='ltr'><strong>stimulatas</strong></span> <span class='ocrx_word' id='word_1_645' title='bbox 836 4638 1053 4701; x_wconf 90' lang='lat' dir='ltr'><strong>diaboli,</strong></span> <span class='ocrx_word' id='word_1_646' title='bbox 1080 4645 1135 4692; x_wconf 91' lang='lat' dir='ltr'><strong>et</strong></span> <span class='ocrx_word' id='word_1_647' title='bbox 1160 4645 1366 4691; x_wconf 88' lang='lat' dir='ltr'><strong>mentes</strong></span> <span class='ocrx_word' id='word_1_648' title='bbox 1388 4652 1715 4707; x_wconf 87' lang='lat' dir='ltr'><strong>nequaquam</strong></span> <span class='ocrx_word' id='word_1_649' title='bbox 1737 4637 1932 4692; x_wconf 86' lang='lat' dir='ltr'><strong>habere</strong></span> <span class='ocrx_word' id='word_1_650' title='bbox 1960 4652 2083 4706; x_wconf 88' lang='lat' dir='ltr'><strong>pos-</strong></span> 
     </span>
    </p>
   </div>
   <div class='ocr_carea' id='block_1_96' title="bbox 505 4730 2082 4803">
    <p class='ocr_par' dir='ltr' id='par_1_96' title="bbox 505 4730 2082 4803">
     <span class='ocr_line' id='line_1_96' title="bbox 505 4730 2082 4803; baseline -0.004 -13"><span class='ocrx_word' id='word_1_651' title='bbox 505 4750 570 4791; x_wconf 84' lang='lat' dir='ltr'><strong>se</strong></span> <span class='ocrx_word' id='word_1_652' title='bbox 593 4734 841 4787; x_wconf 88' lang='lat' dir='ltr'><strong>directas.</strong></span> <span class='ocrx_word' id='word_1_653' title='bbox 864 4730 991 4803; x_wconf 73' lang='lat' dir='ltr'><strong>Quae</strong></span> <span class='ocrx_word' id='word_1_654' title='bbox 1016 4730 1107 4785; x_wconf 90' lang='lat' dir='ltr'><strong>dtu</strong></span> <span class='ocrx_word' id='word_1_655' title='bbox 1134 4731 1259 4783; x_wconf 93' lang='lat' dir='ltr'><strong>dum</strong></span> <span class='ocrx_word' id='word_1_656' title='bbox 1285 4730 1353 4783; x_wconf 88' lang='lat' dir='ltr'><strong>ab</strong></span> <span class='ocrx_word' id='word_1_657' title='bbox 1378 4730 1524 4784; x_wconf 91' lang='lat' dir='ltr'><strong>omni</strong></span> <span class='ocrx_word' id='word_1_658' title='bbox 1549 4731 1959 4798; x_wconf 87' lang='lat' dir='ltr'><strong>congregatione</strong></span> <span class='ocrx_word' id='word_1_659' title='bbox 1983 4731 2082 4784; x_wconf 86' lang='lat' dir='ltr'><strong>ob-</strong></span> 
     </span>
    </p>
   </div>
   <div class='ocr_carea' id='block_1_97' title="bbox 506 4822 2084 4897">
    <p class='ocr_par' dir='ltr' id='par_1_97' title="bbox 506 4822 2084 4897">
     <span class='ocr_line' id='line_1_97' title="bbox 506 4822 2084 4897; baseline -0.001 -18"><span class='ocrx_word' id='word_1_660' title='bbox 506 4827 873 4897; x_wconf 89' lang='lat' dir='ltr'><strong>jurgarentur,</strong></span> <span class='ocrx_word' id='word_1_661' title='bbox 930 4832 983 4876; x_wconf 90' lang='lat' dir='ltr'><strong>et</strong></span> <span class='ocrx_word' id='word_1_662' title='bbox 1039 4838 1369 4893; x_wconf 89' lang='lat' dir='ltr'><strong>nequaquam</strong></span> <span class='ocrx_word' id='word_1_663' title='bbox 1421 4832 1728 4877; x_wconf 89' lang='lat' dir='ltr'><strong>cunctarum</strong></span> <span class='ocrx_word' id='word_1_664' title='bbox 1804 4822 2084 4889; x_wconf 89' lang='lat' dir='ltr'><strong>proliceret</strong></span> 
     </span>
    </p>
   </div>
   <div class='ocr_carea' id='block_1_98' title="bbox 512 4913 2084 4986">
    <p class='ocr_par' dir='ltr' id='par_1_98' title="bbox 512 4913 2084 4986">
     <span class='ocr_line' id='line_1_98' title="bbox 512 4913 2084 4986; baseline -0.003 -13"><span class='ocrx_word' id='word_1_665' title='bbox 512 4918 807 4986; x_wconf 84' lang='lat' dir='ltr'><strong>correptio,</strong></span> <span class='ocrx_word' id='word_1_666' title='bbox 840 4913 1016 4970; x_wconf 86' lang='lat' dir='ltr'><strong>divina</strong></span> <span class='ocrx_word' id='word_1_667' title='bbox 1071 4915 1271 4969; x_wconf 89' lang='lat' dir='ltr'><strong>ultione</strong></span> <span class='ocrx_word' id='word_1_668' title='bbox 1316 4916 1485 4971; x_wconf 58' lang='lat' dir='ltr'><strong>amba</strong></span> <span class='ocrx_word' id='word_1_669' title='bbox 1545 4927 1809 4982; x_wconf 85' lang='lat' dir='ltr'><strong>percussae</strong></span> <span class='ocrx_word' id='word_1_670' title='bbox 1867 4914 2084 4968; x_wconf 90' lang='lat' dir='ltr'><strong>meritas</strong></span> 
     </span>
    </p>
   </div>
   <div class='ocr_carea' id='block_1_99' title="bbox 509 5007 2086 5077">
    <p class='ocr_par' dir='ltr' id='par_1_99' title="bbox 509 5007 2086 5077">
     <span class='ocr_line' id='line_1_99' title="bbox 509 5007 2086 5077; baseline -0.003 -14"><span class='ocrx_word' id='word_1_671' title='bbox 509 5008 659 5063; x_wconf 73' lang='lat' dir='ltr'><strong>luere</strong></span> <span class='ocrx_word' id='word_1_672' title='bbox 685 5010 914 5063; x_wconf 89' lang='lat' dir='ltr'><strong>didicere</strong></span> <span class='ocrx_word' id='word_1_673' title='bbox 945 5022 1151 5077; x_wconf 75' lang='lat' dir='ltr'><strong>poenas.</strong></span> <span class='ocrx_word' id='word_1_674' title='bbox 1209 5007 1447 5077; x_wconf 90' lang='lat' dir='ltr'><strong>Cumque</strong></span> <span class='ocrx_word' id='word_1_675' title='bbox 1491 5010 1645 5063; x_wconf 85' lang='lat' dir='ltr'><strong>auxia</strong></span> <span class='ocrx_word' id='word_1_676' title='bbox 1677 5008 1844 5062; x_wconf 85' lang='lat' dir='ltr'><strong>Mater</strong></span> <span class='ocrx_word' id='word_1_677' title='bbox 1883 5021 2086 5059; x_wconf 83' lang='lat' dir='ltr'><strong>.tnona-</strong></span> 
     </span>
    </p>
   </div>
   <div class='ocr_carea' id='block_1_100' title="bbox 509 5092 2087 5169">
    <p class='ocr_par' dir='ltr' id='par_1_100' title="bbox 509 5092 2087 5169">
     <span class='ocr_line' id='line_1_100' title="bbox 509 5092 2087 5169; baseline -0.003 -15"><span class='ocrx_word' id='word_1_678' title='bbox 509 5101 662 5154; x_wconf 89' lang='lat' dir='ltr'><strong>sterii</strong></span> <span class='ocrx_word' id='word_1_679' title='bbox 711 5100 1077 5169; x_wconf 67' lang='lat' dir='ltr'><strong>saepeprzefata</strong></span> <span class='ocrx_word' id='word_1_680' title='bbox 1133 5109 1414 5169; x_wconf 63' lang='lat' dir='ltr'><strong>quareret,</strong></span> <span class='ocrx_word' id='word_1_681' title='bbox 1470 5092 1585 5169; x_wconf 81' lang='lat' dir='ltr'><strong>quae</strong></span> <span class='ocrx_word' id='word_1_682' title='bbox 1641 5115 1809 5169; x_wconf 61' lang='lat' dir='ltr'><strong>pennae</strong></span> <span class='ocrx_word' id='word_1_683' title='bbox 1878 5096 2087 5152; x_wconf 88' lang='lat' dir='ltr'><strong>occasio</strong></span> 
     </span>
    </p>
   </div>
   <div class='ocr_carea' id='block_1_101' title="bbox 517 5191 2085 5260">
    <p class='ocr_par' dir='ltr' id='par_1_101' title="bbox 517 5191 2085 5260">
     <span class='ocr_line' id='line_1_101' title="bbox 517 5191 2085 5260; baseline -0.002 -15"><span class='ocrx_word' id='word_1_684' title='bbox 517 5192 679 5255; x_wconf 85' lang='lat' dir='ltr'><strong>foret,</strong></span> <span class='ocrx_word' id='word_1_685' title='bbox 736 5200 791 5243; x_wconf 89' lang='lat' dir='ltr'><strong>et</strong></span> <span class='ocrx_word' id='word_1_686' title='bbox 834 5192 1135 5260; x_wconf 75' lang='lat' dir='ltr'><strong>nullatenus</strong></span> <span class='ocrx_word' id='word_1_687' title='bbox 1190 5192 1464 5246; x_wconf 89' lang='lat' dir='ltr'><strong>veritatem</strong></span> <span class='ocrx_word' id='word_1_688' title='bbox 1516 5192 1815 5259; x_wconf 82' lang='lat' dir='ltr'><strong>exprimere</strong></span> <span class='ocrx_word' id='word_1_689' title='bbox 1865 5191 2085 5254; x_wconf 87' lang='lat' dir='ltr'><strong>valeret,</strong></span> 
     </span>
    </p>
   </div>
   <div class='ocr_carea' id='block_1_102' title="bbox 513 5280 2091 5351">
    <p class='ocr_par' dir='ltr' id='par_1_102' title="bbox 513 5280 2091 5351">
     <span class='ocr_line' id='line_1_102' title="bbox 513 5280 2091 5351; baseline 0.001 -16"><span class='ocrx_word' id='word_1_690' title='bbox 513 5282 759 5338; x_wconf 82' lang='lat' dir='ltr'><strong>hortatur</strong></span> <span class='ocrx_word' id='word_1_691' title='bbox 789 5280 977 5335; x_wconf 86' lang='lat' dir='ltr'><strong>iterato</strong></span> <span class='ocrx_word' id='word_1_692' title='bbox 1015 5290 1074 5335; x_wconf 90' lang='lat' dir='ltr'><strong>ut</strong></span> <span class='ocrx_word' id='word_1_693' title='bbox 1116 5285 1254 5337; x_wconf 85' lang='lat' dir='ltr'><strong>inter</strong></span> <span class='ocrx_word' id='word_1_694' title='bbox 1282 5296 1560 5351; x_wconf 89' lang='lat' dir='ltr'><strong>supremas</strong></span> <span class='ocrx_word' id='word_1_695' title='bbox 1612 5282 1770 5336; x_wconf 92' lang='lat' dir='ltr'><strong>horas</strong></span> <span class='ocrx_word' id='word_1_696' title='bbox 1820 5298 1911 5350; x_wconf 91' lang='lat' dir='ltr'><strong>per</strong></span> <span class='ocrx_word' id='word_1_697' title='bbox 1964 5298 2091 5337; x_wconf 88' lang='lat' dir='ltr'><strong>con—</strong></span> 
     </span>
    </p>
   </div>
   <div class='ocr_carea' id='block_1_103' title="bbox 592 5418 2091 5488">
    <p class='ocr_par' dir='ltr' id='par_1_103' title="bbox 592 5418 2091 5488">
     <span class='ocr_line' id='line_1_103' title="bbox 592 5418 2091 5488; baseline 0.001 -16"><span class='ocrx_word' id='word_1_698' title='bbox 592 5433 614 5457; x_wconf 78' lang='grc' dir='ltr'><strong><em>υ</em></strong></span> <span class='ocrx_word' id='word_1_699' title='bbox 650 5421 762 5473; x_wconf 84' lang='grc' dir='ltr'><strong>Νυη</strong></span> <span class='ocrx_word' id='word_1_700' title='bbox 795 5421 1262 5485; x_wconf 83' lang='lat' dir='ltr'><strong>sacramentalem,</strong></span> <span class='ocrx_word' id='word_1_701' title='bbox 1292 5420 1550 5488; x_wconf 90' lang='lat' dir='ltr'><strong>siquidem</strong></span> <span class='ocrx_word' id='word_1_702' title='bbox 1575 5434 1636 5473; x_wconf 92' lang='lat' dir='ltr'><strong>ea</strong></span> <span class='ocrx_word' id='word_1_703' title='bbox 1666 5418 1817 5472; x_wconf 81' lang='lat' dir='ltr'><strong>Matri</strong></span> <span class='ocrx_word' id='word_1_704' title='bbox 1865 5434 1958 5473; x_wconf 90' lang='lat' dir='ltr'><strong>seu</strong></span> <span class='ocrx_word' id='word_1_705' title='bbox 1998 5420 2091 5473; x_wconf 89' lang='lat' dir='ltr'><strong>ab-</strong></span> 
     </span>
    </p>
   </div>
   <div class='ocr_carea' id='block_1_104' title="bbox 520 5490 2091 5558">
    <p class='ocr_par' dir='ltr' id='par_1_104' title="bbox 520 5490 2091 5558">
     <span class='ocr_line' id='line_1_104' title="bbox 520 5490 2091 5558; baseline -0.001 -15"><span class='ocrx_word' id='word_1_706' title='bbox 520 5492 731 5544; x_wconf 63' lang='lat' dir='ltr'><strong>batissa:</strong></span> <span class='ocrx_word' id='word_1_707' title='bbox 791 5494 970 5558; x_wconf 81' lang='lat' dir='ltr'><strong>fiebat,</strong></span> <span class='ocrx_word' id='word_1_708' title='bbox 996 5490 1086 5543; x_wconf 87' lang='lat' dir='ltr'><strong>sed</strong></span> <span class='ocrx_word' id='word_1_709' title='bbox 1119 5492 1467 5557; x_wconf 80' lang='lat' dir='ltr'><strong>spiritualem,</strong></span> <span class='ocrx_word' id='word_1_710' title='bbox 1492 5506 1593 5557; x_wconf 89' lang='lat' dir='ltr'><strong>qua</strong></span> <span class='ocrx_word' id='word_1_711' title='bbox 1619 5507 1678 5542; x_wconf 80' lang='lat' dir='ltr'><strong>ex</strong></span> <span class='ocrx_word' id='word_1_712' title='bbox 1715 5490 1927 5543; x_wconf 87' lang='lat' dir='ltr'><strong>Patrum</strong></span> <span class='ocrx_word' id='word_1_713' title='bbox 1960 5505 2091 5556; x_wconf 65' lang='lat' dir='ltr'><strong>prae-</strong></span> 
     </span>
    </p>
   </div>
   <div class='ocr_carea' id='block_1_105' title="bbox 519 5562 2091 5631">
    <p class='ocr_par' dir='ltr' id='par_1_105' title="bbox 519 5562 2091 5631">
     <span class='ocr_line' id='line_1_105' title="bbox 519 5562 2091 5631; baseline 0.001 -18"><span class='ocrx_word' id='word_1_714' title='bbox 519 5564 721 5628; x_wconf 78' lang='lat' dir='ltr'><strong>scripto</strong></span> <span class='ocrx_word' id='word_1_715' title='bbox 748 5563 991 5615; x_wconf 78' lang='lat' dir='ltr'><strong>monachi</strong></span> <span class='ocrx_word' id='word_1_716' title='bbox 1031 5562 1423 5631; x_wconf 58' lang='lat' dir='ltr'><strong>(cogitationes</strong></span> <span class='ocrx_word' id='word_1_717' title='bbox 1453 5562 1620 5614; x_wconf 76' lang='lat' dir='ltr'><strong>malas</strong></span> <span class='ocrx_word' id='word_1_718' title='bbox 1643 5562 1783 5613; x_wconf 80' lang='lat' dir='ltr'><strong>cordi</strong></span> <span class='ocrx_word' id='word_1_719' title='bbox 1814 5575 1911 5613; x_wconf 88' lang='lat' dir='ltr'><strong>suo</strong></span> <span class='ocrx_word' id='word_1_720' title='bbox 1935 5562 2091 5614; x_wconf 81' lang='lat' dir='ltr'><strong>adve-</strong></span> 
     </span>
    </p>
   </div>
   <div class='ocr_carea' id='block_1_106' title="bbox 518 5633 2093 5699">
    <p class='ocr_par' dir='ltr' id='par_1_106' title="bbox 518 5633 2093 5699">
     <span class='ocr_line' id='line_1_106' title="bbox 518 5633 2093 5699; baseline 0 -15"><span class='ocrx_word' id='word_1_721' title='bbox 518 5633 746 5693; x_wconf 81' lang='lat' dir='ltr'><strong>nientes,</strong></span> <span class='ocrx_word' id='word_1_722' title='bbox 774 5636 852 5684; x_wconf 82' lang='lat' dir='ltr'><strong>vel</strong></span> <span class='ocrx_word' id='word_1_723' title='bbox 882 5636 1015 5686; x_wconf 87' lang='lat' dir='ltr'><strong>mala</strong></span> <span class='ocrx_word' id='word_1_724' title='bbox 1050 5650 1076 5685; x_wconf 89' lang='lat' dir='ltr'><strong>a</strong></span> <span class='ocrx_word' id='word_1_725' title='bbox 1101 5648 1159 5685; x_wconf 85' lang='lat' dir='ltr'><strong>se</strong></span> <span class='ocrx_word' id='word_1_726' title='bbox 1186 5636 1447 5685; x_wconf 83' lang='lat' dir='ltr'><strong>absconse</strong></span> <span class='ocrx_word' id='word_1_727' title='bbox 1478 5633 1761 5684; x_wconf 87' lang='lat' dir='ltr'><strong>commissa</strong></span> <span class='ocrx_word' id='word_1_728' title='bbox 1797 5647 1889 5699; x_wconf 89' lang='lat' dir='ltr'><strong>per</strong></span> <span class='ocrx_word' id='word_1_729' title='bbox 1920 5633 2093 5684; x_wconf 86' lang='lat' dir='ltr'><strong>humi-</strong></span> 
     </span>
    </p>
   </div>
   <div class='ocr_carea' id='block_1_107' title="bbox 517 5701 2092 5771">
    <p class='ocr_par' dir='ltr' id='par_1_107' title="bbox 517 5701 2092 5771">
     <span class='ocr_line' id='line_1_107' title="bbox 517 5701 2092 5771; baseline 0 -17"><span class='ocrx_word' id='word_1_730' title='bbox 517 5702 623 5755; x_wconf 85' lang='lat' dir='ltr'><strong>lem</strong></span> <span class='ocrx_word' id='word_1_731' title='bbox 674 5703 1060 5757; x_wconf 80' lang='lat' dir='ltr'><strong>confessionem</strong></span> <span class='ocrx_word' id='word_1_732' title='bbox 1095 5724 1113 5756; x_wconf 78' lang='grc' dir='ltr'><strong><em>ι</em></strong></span> <span class='ocrx_word' id='word_1_733' title='bbox 1142 5705 1159 5771; x_wconf 90' lang='grc'>(</span> <span class='ocrx_word' id='word_1_734' title='bbox 1187 5714 1241 5755; x_wconf 93' lang='lat' dir='ltr'><strong>ut</strong></span> <span class='ocrx_word' id='word_1_735' title='bbox 1271 5714 1485 5757; x_wconf 88' lang='lat' dir='ltr'><strong>sanctus</strong></span> <span class='ocrx_word' id='word_1_736' title='bbox 1514 5702 1668 5755; x_wconf 88' lang='lat' dir='ltr'><strong>Pater</strong></span> <span class='ocrx_word' id='word_1_737' title='bbox 1696 5701 2010 5757; x_wconf 84' lang='lat' dir='ltr'><strong>Benedictus</strong></span> <span class='ocrx_word' id='word_1_738' title='bbox 2043 5705 2092 5756; x_wconf 90' lang='lat' dir='ltr'><strong>in</strong></span> 
     </span>
    </p>
   </div>
   <div class='ocr_carea' id='block_1_108' title="bbox 518 5773 2096 5844">
    <p class='ocr_par' dir='ltr' id='par_1_108' title="bbox 518 5773 2096 5844">
     <span class='ocr_line' id='line_1_108' title="bbox 518 5773 2096 5844; baseline -0.001 -16"><span class='ocrx_word' id='word_1_739' title='bbox 518 5775 723 5843; x_wconf 68' lang='lat' dir='ltr'><strong>regulae</strong></span> <span class='ocrx_word' id='word_1_740' title='bbox 775 5788 891 5843; x_wconf 88' lang='lat' dir='ltr'><strong>cap.</strong></span> <span class='ocrx_word' id='word_1_741' title='bbox 925 5775 952 5825; x_wconf 90' lang='lat'><strong>7</strong></span> <span class='ocrx_word' id='word_1_742' title='bbox 988 5773 1253 5844; x_wconf 81' lang='lat' dir='ltr'><strong>loquitur)</strong></span> <span class='ocrx_word' id='word_1_743' title='bbox 1306 5774 1443 5828; x_wconf 82' lang='lat' dir='ltr'><strong>Patri</strong></span> <span class='ocrx_word' id='word_1_744' title='bbox 1475 5773 1737 5841; x_wconf 89' lang='lat' dir='ltr'><strong>spirituali</strong></span> <span class='ocrx_word' id='word_1_745' title='bbox 1769 5774 2008 5828; x_wconf 84' lang='lat' dir='ltr'><strong>revelant</strong></span> <span class='ocrx_word' id='word_1_746' title='bbox 2034 5788 2096 5827; x_wconf 88' lang='lat' dir='ltr'><strong>ac</strong></span> 
     </span>
    </p>
   </div>
   <div class='ocr_carea' id='block_1_109' title="bbox 2182 4567 3734 4639">
    <p class='ocr_par' dir='ltr' id='par_1_109' title="bbox 2182 4567 3734 4639">
     <span class='ocr_line' id='line_1_109' title="bbox 2182 4567 3734 4639; baseline -0.002 -18"><span class='ocrx_word' id='word_1_747' title='bbox 2182 4568 2323 4621; x_wconf 89' lang='lat' dir='ltr'><strong>salus</strong></span> <span class='ocrx_word' id='word_1_748' title='bbox 2386 4584 2449 4622; x_wconf 85' lang='lat' dir='ltr'><strong>ex</strong></span> <span class='ocrx_word' id='word_1_749' title='bbox 2502 4568 2758 4637; x_wconf 89' lang='lat' dir='ltr'><strong>religione</strong></span> <span class='ocrx_word' id='word_1_750' title='bbox 2808 4583 2871 4623; x_wconf 86' lang='lat' dir='ltr'><strong>ac</strong></span> <span class='ocrx_word' id='word_1_751' title='bbox 2917 4567 3112 4639; x_wconf 87' lang='lat' dir='ltr'><strong>vigoris</strong></span> <span class='ocrx_word' id='word_1_752' title='bbox 3156 4569 3336 4623; x_wconf 91' lang='lat' dir='ltr'><strong>studio</strong></span> <span class='ocrx_word' id='word_1_753' title='bbox 3386 4568 3734 4638; x_wconf 86' lang='lat' dir='ltr'><strong>propinaretur</strong></span> 
     </span>
    </p>
   </div>
   <div class='ocr_carea' id='block_1_110' title="bbox 2182 4661 2548 4730">
    <p class='ocr_par' dir='ltr' id='par_1_110' title="bbox 2182 4661 2548 4730">
     <span class='ocr_line' id='line_1_110' title="bbox 2182 4661 2548 4730; baseline 0.003 -15"><span class='ocrx_word' id='word_1_754' title='bbox 2182 4661 2548 4730; x_wconf 87' lang='lat' dir='ltr'><strong>superstitum.</strong></span> 
     </span>
    </p>
   </div>
   <div class='ocr_carea' id='block_1_111' title="bbox 2813 4729 3136 4786">
    <p class='ocr_par' dir='ltr' id='par_1_111' title="bbox 2813 4729 3136 4786">
     <span class='ocr_line' id='line_1_111' title="bbox 2813 4729 3136 4786; baseline -0.006 0"><span class='ocrx_word' id='word_1_755' title='bbox 2813 4729 3037 4786; x_wconf 84' lang='lat' dir='ltr'><strong>CAPUT</strong></span> <span class='ocrx_word' id='word_1_756' title='bbox 3067 4731 3136 4786; x_wconf 71' lang='grc' dir='ltr'><strong>Χ.</strong></span> 
     </span>
    </p>
   </div>
   <div class='ocr_carea' id='block_1_112' title="bbox 2302 4825 3537 4896">
    <p class='ocr_par' dir='ltr' id='par_1_112' title="bbox 2302 4825 3537 4896">
     <span class='ocr_line' id='line_1_112' title="bbox 2302 4825 3537 4896; baseline -0.005 -13"><span class='ocrx_word' id='word_1_757' title='bbox 2302 4868 2315 4882; x_wconf 86' lang='grc'><strong>.</strong></span> <span class='ocrx_word' id='word_1_758' title='bbox 2401 4828 2477 4883; x_wconf 87' lang='lat' dir='ltr'><strong>De</strong></span> <span class='ocrx_word' id='word_1_759' title='bbox 2502 4828 2639 4881; x_wconf 80' lang='lat' dir='ltr'><strong>obitu</strong></span> <span class='ocrx_word' id='word_1_760' title='bbox 2668 4825 3089 4896; x_wconf 74' lang='lat' dir='ltr'><strong>Landeberga-et</strong></span> <span class='ocrx_word' id='word_1_761' title='bbox 3116 4832 3269 4880; x_wconf 80' lang='lat' dir='ltr'><strong>cantu</strong></span> <span class='ocrx_word' id='word_1_762' title='bbox 3289 4825 3537 4895; x_wconf 80' lang='lat' dir='ltr'><strong>angelico.</strong></span> 
     </span>
    </p>
   </div>
   <div class='ocr_carea' id='block_1_113' title="bbox 2259 4919 3739 4989">
    <p class='ocr_par' dir='ltr' id='par_1_113' title="bbox 2259 4919 3739 4989">
     <span class='ocr_line' id='line_1_113' title="bbox 2259 4919 3739 4989; baseline -0.004 -14"><span class='ocrx_word' id='word_1_763' title='bbox 2259 4919 2348 4975; x_wconf 82' lang='grc'><strong>18.</strong></span> <span class='ocrx_word' id='word_1_764' title='bbox 2400 4919 2719 4989; x_wconf 83' lang='lat' dir='ltr'><strong>interposito</strong></span> <span class='ocrx_word' id='word_1_765' title='bbox 2758 4919 2947 4973; x_wconf 87' lang='lat' dir='ltr'><strong>deinde</strong></span> <span class='ocrx_word' id='word_1_766' title='bbox 2993 4929 3290 4987; x_wconf 88' lang='lat' dir='ltr'><strong>temporum</strong></span> <span class='ocrx_word' id='word_1_767' title='bbox 3350 4919 3522 4989; x_wconf 87' lang='lat' dir='ltr'><strong>spatio</strong></span> <span class='ocrx_word' id='word_1_768' title='bbox 3556 4930 3739 4987; x_wconf 62' lang='lat' dir='ltr'><strong>,rursut</strong></span> 
     </span>
    </p>
   </div>
   <div class='ocr_carea' id='block_1_114' title="bbox 2188 5008 3739 5078">
    <p class='ocr_par' dir='ltr' id='par_1_114' title="bbox 2188 5008 3739 5078">
     <span class='ocr_line' id='line_1_114' title="bbox 2188 5008 3739 5078; baseline -0.002 -15"><span class='ocrx_word' id='word_1_769' title='bbox 2188 5010 2563 5063; x_wconf 85' lang='lat' dir='ltr'><strong>consolationis</strong></span> <span class='ocrx_word' id='word_1_770' title='bbox 2626 5010 2884 5063; x_wconf 89' lang='lat' dir='ltr'><strong>solamina</strong></span> <span class='ocrx_word' id='word_1_771' title='bbox 2943 5008 3272 5078; x_wconf 85' lang='lat' dir='ltr'><strong>prodierunt.</strong></span> <span class='ocrx_word' id='word_1_772' title='bbox 3341 5010 3471 5062; x_wconf 82' lang='lat' dir='ltr'><strong>Nam</strong></span> <span class='ocrx_word' id='word_1_773' title='bbox 3519 5008 3739 5077; x_wconf 57' lang='lat' dir='ltr'><strong>quaedam</strong></span> 
     </span>
    </p>
   </div>
   <div class='ocr_carea' id='block_1_115' title="bbox 2190 5099 3742 5174">
    <p class='ocr_par' dir='ltr' id='par_1_115' title="bbox 2190 5099 3742 5174">
     <span class='ocr_line' id='line_1_115' title="bbox 2190 5099 3742 5174; baseline 0 -22"><span class='ocrx_word' id='word_1_774' title='bbox 2190 5102 2359 5171; x_wconf 85' lang='lat' dir='ltr'><strong>virgo,</strong></span> <span class='ocrx_word' id='word_1_775' title='bbox 2394 5101 2605 5154; x_wconf 87' lang='lat' dir='ltr'><strong>nomine</strong></span> <span class='ocrx_word' id='word_1_776' title='bbox 2643 5099 3007 5174; x_wconf 86' lang='lat' dir='ltr'><strong>Laudeberga,</strong></span> <span class='ocrx_word' id='word_1_777' title='bbox 3038 5100 3284 5169; x_wconf 90' lang='lat' dir='ltr'><strong>cumjam</strong></span> <span class='ocrx_word' id='word_1_778' title='bbox 3333 5107 3601 5154; x_wconf 84' lang='lat' dir='ltr'><strong>extremas</strong></span> <span class='ocrx_word' id='word_1_779' title='bbox 3628 5113 3742 5167; x_wconf 48' lang='lat' dir='ltr'><strong>pra»</strong></span> 
     </span>
    </p>
   </div>
   <div class='ocr_carea' id='block_1_116' title="bbox 2188 5191 3742 5257">
    <p class='ocr_par' dir='ltr' id='par_1_116' title="bbox 2188 5191 3742 5257">
     <span class='ocr_line' id='line_1_116' title="bbox 2188 5191 3742 5257; baseline -0.005 -9"><span class='ocrx_word' id='word_1_780' title='bbox 2188 5194 2353 5248; x_wconf 90' lang='lat' dir='ltr'><strong>sentis</strong></span> <span class='ocrx_word' id='word_1_781' title='bbox 2419 5192 2539 5245; x_wconf 60' lang='lat' dir='ltr'><strong>vita;</strong></span> <span class='ocrx_word' id='word_1_782' title='bbox 2588 5201 2923 5257; x_wconf 76' lang='lat' dir='ltr'><strong>exspectaret</strong></span> <span class='ocrx_word' id='word_1_783' title='bbox 2974 5192 3214 5246; x_wconf 86' lang='lat' dir='ltr'><strong>amittere</strong></span> <span class='ocrx_word' id='word_1_784' title='bbox 3262 5191 3461 5257; x_wconf 88' lang='lat' dir='ltr'><strong>horas,</strong></span> <span class='ocrx_word' id='word_1_785' title='bbox 3514 5191 3742 5257; x_wconf 88' lang='lat' dir='ltr'><strong>omnique</strong></span> 
     </span>
    </p>
   </div>
   <div class='ocr_carea' id='block_1_117' title="bbox 2190 5281 3740 5349">
    <p class='ocr_par' dir='ltr' id='par_1_117' title="bbox 2190 5281 3740 5349">
     <span class='ocr_line' id='line_1_117' title="bbox 2190 5281 3740 5349; baseline -0.004 -11"><span class='ocrx_word' id='word_1_786' title='bbox 2190 5286 2512 5338; x_wconf 80' lang='lat' dir='ltr'><strong>anxietatum</strong></span> <span class='ocrx_word' id='word_1_787' title='bbox 2571 5281 2710 5335; x_wconf 91' lang='lat' dir='ltr'><strong>mole</strong></span> <span class='ocrx_word' id='word_1_788' title='bbox 2756 5283 2976 5349; x_wconf 84' lang='lat' dir='ltr'><strong>vallata,</strong></span> <span class='ocrx_word' id='word_1_789' title='bbox 3033 5284 3221 5339; x_wconf 86' lang='lat' dir='ltr'><strong>validis</strong></span> <span class='ocrx_word' id='word_1_790' title='bbox 3272 5285 3469 5339; x_wconf 86' lang='lat' dir='ltr'><strong>ictuata</strong></span> <span class='ocrx_word' id='word_1_791' title='bbox 3522 5281 3740 5336; x_wconf 88' lang='lat' dir='ltr'><strong>dolorum</strong></span> 
     </span>
    </p>
   </div>
   <div class='ocr_carea' id='block_1_118' title="bbox 2198 5417 3740 5491">
    <p class='ocr_par' dir='ltr' id='par_1_118' title="bbox 2198 5417 3740 5491">
     <span class='ocr_line' id='line_1_118' title="bbox 2198 5417 3740 5491; baseline -0.004 -17"><span class='ocrx_word' id='word_1_792' title='bbox 2198 5423 2455 5491; x_wconf 86' lang='lat' dir='ltr'><strong>detegunt</strong></span> <span class='ocrx_word' id='word_1_793' title='bbox 2487 5423 2551 5477; x_wconf 85' lang='lat' dir='ltr'><strong>ad</strong></span> <span class='ocrx_word' id='word_1_794' title='bbox 2594 5420 2871 5475; x_wconf 90' lang='lat' dir='ltr'><strong>concilium</strong></span> <span class='ocrx_word' id='word_1_795' title='bbox 2932 5431 2985 5473; x_wconf 89' lang='lat' dir='ltr'><strong>et</strong></span> <span class='ocrx_word' id='word_1_796' title='bbox 3043 5418 3335 5474; x_wconf 86' lang='lat' dir='ltr'><strong>remedium</strong></span> <span class='ocrx_word' id='word_1_797' title='bbox 3392 5417 3740 5491; x_wconf 78' lang='lat' dir='ltr'><strong>obtinendum.</strong></span> 
     </span>
    </p>
   </div>
   <div class='ocr_carea' id='block_1_119' title="bbox 2201 5487 3745 5555">
    <p class='ocr_par' dir='ltr' id='par_1_119' title="bbox 2201 5487 3745 5555">
     <span class='ocr_line' id='line_1_119' title="bbox 2201 5487 3745 5555; baseline -0.005 -9"><span class='ocrx_word' id='word_1_798' title='bbox 2201 5487 2425 5546; x_wconf 51' lang='lat' dir='ltr'><strong>Sanctus</strong></span> <span class='ocrx_word' id='word_1_799' title='bbox 2448 5494 2829 5555; x_wconf 82' lang='lat' dir='ltr'><strong>Colttmbantts,</strong></span> <span class='ocrx_word' id='word_1_800' title='bbox 2862 5491 2913 5544; x_wconf 86' lang='lat' dir='ltr'><strong>in</strong></span> <span class='ocrx_word' id='word_1_801' title='bbox 2944 5491 3249 5551; x_wconf 67' lang='grc' dir='ltr'><strong>Ρωηῐιειηη</strong></span> <span class='ocrx_word' id='word_1_802' title='bbox 3301 5503 3420 5555; x_wconf 78' lang='lat' dir='ltr'><strong>cap.</strong></span> <span class='ocrx_word' id='word_1_803' title='bbox 3456 5487 3515 5543; x_wconf 76' lang='lat' dir='ltr'><strong>l:</strong></span> <span class='ocrx_word' id='word_1_804' title='bbox 3551 5509 3570 5542; x_wconf 71' lang='grc' dir='ltr'><strong>ε</strong></span> <span class='ocrx_word' id='word_1_805' title='bbox 3607 5489 3745 5544; x_wconf 85' lang='lat' dir='ltr'><strong>Detur</strong></span> 
     </span>
    </p>
   </div>
   <div class='ocr_carea' id='block_1_120' title="bbox 2199 5560 3740 5626">
    <p class='ocr_par' dir='ltr' id='par_1_120' title="bbox 2199 5560 3740 5626">
     <span class='ocr_line' id='line_1_120' title="bbox 2199 5560 3740 5626; baseline -0.004 -9"><span class='ocrx_word' id='word_1_806' title='bbox 2199 5565 2467 5617; x_wconf 66' lang='lat' dir='ltr'><strong>confessio</strong></span> <span class='ocrx_word' id='word_1_807' title='bbox 2510 5577 2635 5618; x_wconf 89' lang='lat' dir='ltr'><strong>ante</strong></span> <span class='ocrx_word' id='word_1_808' title='bbox 2659 5576 2919 5626; x_wconf 89' lang='lat' dir='ltr'><strong>mensam,</strong></span> <span class='ocrx_word' id='word_1_809' title='bbox 2951 5574 3074 5616; x_wconf 87' lang='lat' dir='ltr'><strong>ante</strong></span> <span class='ocrx_word' id='word_1_810' title='bbox 3098 5560 3368 5612; x_wconf 89' lang='lat' dir='ltr'><strong>introitum</strong></span> <span class='ocrx_word' id='word_1_811' title='bbox 3426 5561 3740 5619; x_wconf 85' lang='lat' dir='ltr'><strong>lectulortttn,</strong></span> 
     </span>
    </p>
   </div>
   <div class='ocr_carea' id='block_1_121' title="bbox 2202 5632 3745 5701">
    <p class='ocr_par' dir='ltr' id='par_1_121' title="bbox 2202 5632 3745 5701">
     <span class='ocr_line' id='line_1_121' title="bbox 2202 5632 3745 5701; baseline -0.004 -16"><span class='ocrx_word' id='word_1_812' title='bbox 2202 5637 2281 5687; x_wconf 75' lang='lat' dir='ltr'><strong>vel</strong></span> <span class='ocrx_word' id='word_1_813' title='bbox 2316 5636 2612 5701; x_wconf 81' lang='lat' dir='ltr'><strong>cuicunque</strong></span> <span class='ocrx_word' id='word_1_814' title='bbox 2644 5635 2804 5687; x_wconf 76' lang='lat' dir='ltr'><strong>fuerit</strong></span> <span class='ocrx_word' id='word_1_815' title='bbox 2836 5634 2988 5686; x_wconf 81' lang='lat' dir='ltr'><strong>facile</strong></span> <span class='ocrx_word' id='word_1_816' title='bbox 3043 5632 3186 5685; x_wconf 84' lang='lat' dir='ltr'><strong>dare.</strong></span> <span class='ocrx_word' id='word_1_817' title='bbox 3214 5650 3231 5682; x_wconf 77' lang='grc' dir='ltr'><strong><em>ι</em></strong></span> <span class='ocrx_word' id='word_1_818' title='bbox 3266 5632 3365 5694; x_wconf 81' lang='lat' dir='ltr'><strong>Qui</strong></span> <span class='ocrx_word' id='word_1_819' title='bbox 3401 5640 3598 5698; x_wconf 85' lang='lat' dir='ltr'><strong>tamen,</strong></span> <span class='ocrx_word' id='word_1_820' title='bbox 3644 5644 3745 5697; x_wconf 84' lang='lat' dir='ltr'><strong>cap.</strong></span> 
     </span>
    </p>
   </div>
   <div class='ocr_carea' id='block_1_122' title="bbox 2198 5702 3581 5774">
    <p class='ocr_par' dir='ltr' id='par_1_122' title="bbox 2198 5702 3581 5774">
     <span class='ocr_line' id='line_1_122' title="bbox 2198 5702 3581 5774; baseline -0.001 -17"><span class='ocrx_word' id='word_1_821' title='bbox 2198 5706 2289 5774; x_wconf 68' lang='lat'><strong>29,</strong></span> <span class='ocrx_word' id='word_1_822' title='bbox 2323 5705 2533 5773; x_wconf 86' lang='lat' dir='ltr'><strong>culpam</strong></span> <span class='ocrx_word' id='word_1_823' title='bbox 2569 5724 2586 5755; x_wconf 72' lang='grc' dir='ltr'>α</span> <span class='ocrx_word' id='word_1_824' title='bbox 2625 5702 3187 5761; x_wconf 77' lang='lat' dir='ltr'><strong>saccrdoti‘fateutlam</strong></span> <span class='ocrx_word' id='word_1_825' title='bbox 3214 5721 3233 5754; x_wconf 74' lang='grc' dir='ltr'>ι</span> <span class='ocrx_word' id='word_1_826' title='bbox 3271 5703 3581 5771; x_wconf 69' lang='lat' dir='ltr'><strong>praescribit.</strong></span> 
     </span>
    </p>
   </div>
  </div>
