3820 6328
105 362 257 419 ιοιι

1293 361 1352 418 8.
1393 354 1973 418 Βυιιςυκῡοηκᾱς
2017 357 2200 414 νιτΑ.

3218 373 3361 430 1082

101 476 360 533 Stimulis
399 468 767 532 tantummodo
822 471 999 529 exitus
1034 470 1153 527 vita:
1183 473 1524 541 exspectabat
1562 471 1703 527 sola-
1732 471 1783 531 ,Α
1812 477 1951 522 tanta
1974 470 2207 524 suavitas
2245 470 2425 526 odoris
2452 470 2693 527 cellulam
2725 475 2960 545 replevit,
2995 479 3101 533 acsi
3130 478 3364 538 balsama

104 582 273 623 men.
319 567 559 636 Cumque
607 568 716 633 jam
781 567 995 620 adesset
1058 563 1263 620 vocatio
1324 579 1414 632 per
1458 564 1705 617 silentem

110 670 371 725 noctem,
401 671 458 713 et
484 673 668 714 omnes
690 674 809 727 quae
827 672 1023 727 aegram
1053 657 1315 713 excubare
1334 656 1590 711 curabant
1615 669 1706 709 so—

114 766 262 821 pore
298 752 565 819 depressae
591 764 839 805 somnum
868 750 1176 818 carpebant,
1208 765 1312 803 una
1344 746 1706 802 tantummodo

112 842 449 910 zgritudine
494 841 626 895 fessa
676 843 893 896 nomine
922 839 1253 895 Gernomeda
1300 842 1425 896 inibi
1458 841 1591 894 inter
1621 853 1708 894 so-

113 932 282 987 dales
308 931 526 1000 pervigil
551 940 901 986 remanserat.
932 931 1168 1000 Cumque
1191 944 1338 1000 ergo,
1370 939 1424 985 ut
1454 929 1707 993 diximus,

114 1033 409 1077 extremos
431 1032 765 1092 exSpectaret
785 1023 979 1086 exitus,
1005 1021 1171 1075 nubes
1191 1021 1351 1076 densa
1373 1032 1530 1090 atque
1551 1018 1711 1074 rutilo

114 1110 527 1180 quodaminodo
582 1112 785 1180 fulgore
824 1112 1089 1181 permista
1119 1121 1343 1166 stratum
1370 1110 1598 1178 operuit,
1642 1109 1713 1163 si-

118 1204 361 1273 mulque
382 1217 537 1257 voces
562 1188 866 1256 canentium
897 1202 1093 1256 audita:
1118 1212 1275 1271 atque
1300 1200 1709 1257 exsultantium:

116 1291 416 1347 Cantemus
484 1290 745 1359 Domino,
801 1293 1018 1360 gloriose
1078 1294 1208 1346 enim
1264 1294 1575 1363 glori/ianus
1619 1304 1709 1347 est.

121 1381 203 1436 Ut
258 1398 389 1451 ergo
433 1383 636 1437 audivit
682 1382 1017 1436 Geruomeda
1075 1384 1373 1437 canentium
1428 1398 1714 1452 personare

120 1490 323 1539 voces,
350 1477 509 1543 cmpit
550 1477 702 1529 anxia
750 1476 986 1529 excitare
1030 1474 1257 1528 sodales.
1291 1472 1396 1529 Sed
1425 1490 1543 1527 cum
1572 1475 1714 1527 nullo

118 1568 299 1621 modo
332 1582 629 1635 quanquam
661 1570 894 1622 excitare
926 1568 1208 1637 potuisset,
1255 1570 1505 1623 attentius
1555 1570 1714 1622 linem

118 1648 212 1715 rei
241 1664 594 1730 exspectavit,
623 1678 723 1728 qua
758 1661 1007 1730 paulatim
1033 1663 1225 1715 nubem
1255 1662 1322 1714 ab
1350 1670 1515 1715 strato
1535 1660 1714 1714 suble-

122 1750 280 1818 vari,
308 1752 573 1819 simulque
592 1752 820 1805 animam
843 1765 871 1803 a
902 1765 1124 1819 corpore
1161 1750 1349 1805 abduci
1382 1750 1529 1802 vidit.
1556 1750 1714 1802 Cum-

114 1857 236 1907 que
262 1841 376 1908 jam
410 1841 462 1894 in
490 1841 656 1894 altum
687 1842 855 1895 nubes
882 1842 1087 1896 eleveta
1111 1840 1313 1906 fuisset,
1343 1849 1397 1893 et
1421 1839 1534 1906 ejus
1555 1853 1710 1893 aures

102 1933 447 1985 'caueutium
474 1947 629 1987 voces
658 1948 763 1986 non
795 1914 1058 1997 audirent,
1087 1942 1195 1986 tum
1222 1933 1434 1986 demum
1464 1944 1603 2001 thng
1626 1946 1713 1985 so-

120 2022 289 2076 dales
319 2026 553 2076 excitare
595 2021 781 2087 valuit,
819 2037 880 2075 ac
922 2031 980 2074 ut
1008 2031 1265 2090 correptae
1293 2021 1497 2075 debitos
1527 2030 1713 2073 cantus

122 2116 505 2185 persolverent
552 2115 781 2179 monuit;
838 2116 1053 2183 ipsaque
1099 2128 1193 2179 per
1232 2121 1433 2180 septem
1464 2112 1711 2179 deinceps

114 2207 250 2260 dies
273 2207 525 2275 gravibus
554 2205 776 2261 febrium
819 2208 1014 2260 ictuata
1047 2204 1487 2274 correptionibus,
1527 2201 1713 2258 octavo

117 2298 221 2352 die
243 2299 411 2352 vitam
437 2297 623 2352 ﬁnivit.

764 2385 988 2441 CAPUT
1013 2385 1107 2440 XI.

344 2478 423 2531 De
448 2479 714 2547 afﬂuentia
737 2479 837 2530 olei
858 2488 903 2530 et
922 2493 1068 2545 aque
1094 2479 1505 2531 commutatione.

206 2568 302 2622 i9.
349 2568 590 2622 Posthac
615 2568 770 2637 igitur
795 2568 1046 2622 bonitatis
1086 2582 1147 2622 ac
1191 2567 1429 2622 muneris
1451 2566 1718 2621 institutor

117 2674 333 2715 rursus
362 2659 571 2728 pietatis
595 2673 705 2713 sua:
735 2674 954 2713 munera
991 2659 1169 2729 largiri
1191 2674 1295 2713 non
1328 2660 1547 2713 distulit.
1589 2660 1717 2713 Nam

118 2754 386 2824 quaedam
420 2754 590 2821 puella
634 2752 852 2808 nomine
894 2752 1156 2807 Blitltildis
1185 2754 1324 2807 intra
1351 2753 1721 2807 adolescentia:

120 2861 312 2902 annos
350 2846 401 2897 in
431 2842 731 2910 supradicto
761 2843 1006 2897 ctenobio
1028 2852 1109 2897 est
1138 2858 1415 2897 conversa.
1450 2844 1578 2907 Quae
1600 2859 1718 2896 cum

114 2940 221 2994 diu
252 2936 515 3005 regularis
566 2934 859 3002 disciplinae
902 2933 1123 2987 habenis
1178 2932 1415 2988 confecta
1466 2932 1720 2987 immobili

118 3029 406 3085 desiderio
459 3027 694 3081 caelestia
744 3025 959 3095 praemia
1012 3026 1368 3091 desideraret,
1432 3025 1610 3091 evenit
1666 3033 1722 3078 ut

110 3124 313 3192 justus
343 3119 555 3174 Arbiter
580 3118 776 3187 justam
807 3118 1033 3170 animam
1064 3115 1281 3185 justitite
1326 3116 1479 3184 copia
1511 3117 1720 3184 plenam

121 3214 293 3269 aclis
316 3212 545 3265 condere
572 3210 747 3263 vellet.
774 3208 1011 3275 Cumque
1034 3209 1142 3276 jam
1186 3210 1240 3262 in
1281 3207 1529 3262 extremis
1555 3208 1721 3275 posita

122 3308 323 3361 lumen
366 3312 608 3371 posceret
642 3301 875 3355 noctium
903 3316 997 3370 per
1025 3302 1391 3356 successiones
1430 3316 1610 3356 coram
1666 3316 1725 3356 se

113 3395 383 3461 accendi,
413 3405 469 3450 et
488 3410 651 3450 sacra:
673 3394 921 3451 lectionis
944 3395 1213 3464 praeconia
1242 3404 1365 3447 ante
1385 3408 1444 3447 se
1468 3395 1594 3463 legi,
1622 3408 1723 3447 una

115 3505 325 3548 earum
345 3502 461 3557 quze
486 3486 812 3540 assistebant
841 3500 935 3540 vas
961 3485 1230 3553 quoddam
1256 3485 1377 3541 oleo
1403 3486 1725 3556 lymphaque

114 3585 416 3654 replesset,
449 3595 633 3635 omnes
662 3594 825 3648 sopor
850 3579 1119 3649 Oppressit
1135 3588 1156 3632 :‘
1178 3580 1360 3648 sicque
1389 3577 1558 3634 noctis
1584 3590 1725 3634 meta

114 3677 383 3747 trajecta,
406 3672 604 3743 absque
631 3672 895 3727 sodalium
916 3673 1179 3728 solamine
1207 3686 1345 3742 aegra
1365 3681 1576 3729 noctem
1601 3688 1722 3741 per-

114 3766 270 3837 egit.
339 3764 531 3819 liuenti
570 3778 696 3832 ergo
747 3763 855 3818 diei
893 3764 1211 3832 crepusculo
1266 3776 1386 3817 cum
1441 3763 1725 3817 matutinas

114 3857 325 3914 laudes
367 3855 592 3910 Domino
642 3854 985 3919 cecinissent,
1036 3854 1227 3908 intuita
1256 3853 1525 3908 lucernam
1564 3867 1723 3923 quam

112 3952 256 4007 oleo
305 3949 626 4020 lymphaque
671 3949 980 4018 oppleverat
1028 3947 1079 4001 in
1147 3946 1285 4001 lacte
1321 3956 1721 4014 commutatam,

110 4041 330 4112 qtuerit
358 4040 784 4108 experimentum
816 4050 993 4093 utrum
1030 4038 1129 4092 hoc
1158 4030 1418 4108 quispiam
1463 4038 1723 4093 sodalium

110 4143 534 4193 commutasset.
566 4132 677 4186 like
720 4130 967 4200 inquiunt
995 4148 1008 4182 :
1042 4132 1123 4184 An
1153 4131 1328 4185 nescis
1358 4130 1477 4199 quia
1521 4130 1605 4183 hic
1646 4132 1726 4181 lac

112 4243 241 4287 non
268 4225 470 4282 fuerit?
501 4223 653 4278 Tunc
678 4237 819 4292 aegra
846 4222 948 4275 ait:
974 4219 1314 4289 Nequaquam
1346 4228 1373 4256 ι
1396 4224 1497 4276 hoc
1528 4221 1609 4275 lac
1628 4235 1724 4275 oro

120 4329 379 4376 vestram
436 4319 670 4375 animam
734 4316 1053 4380 cinisumite,
1112 4329 1175 4369 ac
1224 4313 1492 4383 inquirere
1544 4314 1721 4368 sinite.

107 4412 376 4480 Cumque
433 4410 534 4464 illa:
578 4409 830 4464 attentius
869 4420 1195 4478 cognoscere
1232 4405 1447 4470 vellent,
1500 4404 1722 4459 Matrem

115 4510 354 4571 vocant,
411 4502 593 4569 reique
628 4514 842 4554 causam
874 4498 1127 4553 indicant.
1160 4498 1250 4553 Illa
1295 4499 1472 4567 itaque
1498 4506 1554 4552 ut
1594 4497 1725 4553 dili-

113 4598 348 4671 gentius
385 4603 751 4668 cognosceret,
792 4594 967 4649 oleum
1018 4607 1049 4648 a
1091 4594 1226 4648 lacte
1253 4607 1503 4662 separare
1552 4592 1718 4661 jubet.

109 4692 377 4763 Cumque
434 4695 804 4761 segregassent
847 4687 1022 4742 oleum
1056 4702 1084 4740 a
1114 4686 1251 4757 lacte
1294 4697 1350 4740 et
1393 4686 1520 4739 nihil
1563 4700 1723 4755 super

110 4787 319 4857 specie
345 4782 496 4837 lactis
519 4780 891 4846 remansisset,
909 4777 1259 4847 cmpitoleum
1280 4778 1453 4832 denuo
1481 4791 1724 4832 crescere

114 4874 437 4933 ctuberius
468 4886 655 4925 avase
708 4884 945 4923 manare.
1002 4867 1152 4922 Tunc
1207 4868 1420 4922 demum
1480 4868 1562 4921 bze
1607 4882 1723 4935 quae

115 4968 385 5026 astabant
412 4965 504 5020 Dei
533 4965 785 5018 virtutem
815 4976 1132 5032 cognovere,
1163 4960 1303 5028 quod
1352 4959 1526 5015 studio
1578 4959 1723 5014 omni

114 5059 470 5127 collegerunt
511 5066 566 5111 et
622 5054 691 5109 de
747 5053 1001 5107 industria
1066 5052 1301 5106 sacrario
1353 5049 1722 5106 condiderunt.

116 5152 335 5209 Testes
380 5160 503 5203 sunt
556 5147 713 5217 hujus
761 5146 835 5201 rei
895 5145 1332 5213 Burgundofara,
1390 5145 1728 5213 pontifexque

128 5239 442 5303 leidensis
488 5239 657 5304 urbis,
693 5248 765 5293 ‘et
806 5236 1180 5291 Waldebertus
1223 5235 1354 5289 abba
1386 5234 1729 5290 Luxoviensis

124 5333 407 5396 mobii.
465 5332 595 5387 Nam
621 5341 677 5386 et
702 5346 857 5398 aegra:
883 5329 1127 5400 quaedam
1158 5343 1276 5398 quae
1305 5328 1372 5383 de
1398 5329 1581 5384 eodem
1612 5328 1730 5383 oleo

133 5442 281 5499 sunt
308 5437 626 5495 attrectatte,
658 5426 901 5497 pristinas
932 5432 1056 5478 sunt
1085 5422 1297 5477 sanitati
1327 5422 1573 5486 redditae;
1619 5420 1727 5474 Bli-

132 5522 332 5581 thildis
352 5534 485 5576 vero
509 5504 661 5575 omni
678 5515 1011 5588 jucunditate
1034 5515 1235 5584 repleta
1264 5512 1471 5569 felicem
1502 5526 1733 5580 praesto-

128 5617 361 5676 lahtur
386 5614 615 5669 exitum.
650 5612 779 5679 Quae
808 5623 929 5663 cum
972 5606 1113 5661 ctelo
1140 5606 1370 5660 animam
1396 5605 1731 5670 reddidisset,

210 5764 241 5795 ⁸
270 5752 433 5813 Satio
452 5751 552 5807 hoc
576 5750 782 5817 labore;
801 5750 1009 5839 forsan,
1031 5746 1127 5803 hoc
1156 5749 1301 5804 lacte.

1806 559 1932 614 inibi
1987 563 2231 614 crederes
2266 554 2547 617 desudare.
2601 563 2734 629 Quid
2782 565 2879 620 hoc
2935 567 3089 622 fuerit
3139 581 3193 624 ut
3232 573 3366 630 banc

1811 663 2112 705 creaturam
2141 666 2290 719 aqua:
2316 652 2367 705 in
2398 652 2546 708 lactis
2567 656 2798 724 speciem
2827 667 3075 724 verteret,
3095 658 3175 715 vei
3190 664 3366 720 oleum

1806 740 2019 796 ﬂuendo
2046 742 2393 811 multiplicare
2421 745 2651 812 iuberet,
2708 746 2807 801 nisi
2847 748 2965 816 quia
2997 750 3264 805 miseratio
3290 754 3367 807 di-

1810 834 1931 886 vina
1961 834 2081 888 aliis
2107 835 2389 889 ostendere
2416 836 2585 890 voluit
2626 838 2853 906 qualiter
2880 840 3177 908 supradicta
3219 854 3373 900 nocte

1808 922 1985 977 divina
2009 924 2292 983 clementia
2327 940 2525 996 aegram
2554 928 2820 981 visitavit?
2869 930 2932 982 Et
2957 930 3081 985 dum
3110 933 3193 986 illa
3218 934 3375 1003 soda-

1810 1015 1947 1070 libus
1978 1016 2144 1071 noluit
2171 1017 2405 1073 indicare
2433 1018 2558 1088 quid
2588 1019 3053 1086 vidisset,virtutis
3080 1037 3187 1080 sua:
3206 1026 3375 1083 omni-

1813 1117 2000 1175 potens
2024 1106 2339 1163 visitationis
2366 1112 2649 1179 vestigium
2676 1112 2905 1181 reliquit.

2405 1220 2630 1276 CAPUT
2652 1222 2769 1279 XII.

2094 1318 2169 1375 De
2191 1320 2347 1375 bestia
2365 1321 2418 1374 in
2449 1324 2846 1393 transgressione
2872 1327 2970 1380 cibi
2994 1330 3122 1383 visa.

1884 1408 1971 1461 20.
2006 1409 2136 1463 Dum
2168 1402 2474 1481 magnarum
2507 1429 2681 1469 rerum
2707 1416 2773 1470 ob
2797 1416 2921 1471 boni
2948 1420 3119 1473 meriti
3173 1423 3385 1491 religio-

1816 1500 2003 1569 nisque
2034 1502 2268 1556 studium
2323 1506 2634 1561 collatarum
2680 1508 2928 1565 miracula
2980 1527 3083 1567 non
3112 1514 3383 1571 omisimus

1819 1593 2030 1646 tradere
2078 1596 2394 1661 posteritati,
2427 1597 2689 1666 simulque
2719 1617 2837 1669 qua
2865 1602 2931 1657 ad
2961 1612 3216 1661 terrorem
3239 1608 3386 1663 dura:

1816 1694 1872 1737 et
1894 1684 2096 1753 ignavas
2127 1686 2286 1740 menti
2313 1687 2573 1757 profuisse
2619 1693 2972 1757 comperimus
3013 1694 3257 1753 intimare
3296 1713 3387 1752 cu-

1815 1788 2019 1828 ramus.
2051 1776 2305 1842 Quaadam
2338 1780 2534 1833 etenim
2562 1783 2733 1849 puella
2765 1785 2952 1841 nobilis
2981 1801 3176 1855 genere
3203 1790 3268 1843 ad
3300 1804 3388 1845 su—

1818 1866 2114 1932 pradictum
2146 1870 2447 1925 coenobium
2478 1875 2734 1943 regularis
2780 1876 3070 1947 discipline
3106 1882 3237 1936 colla
3265 1884 3390 1938 sub-

1814 1952 2031 2013 mittere
2058 1960 2221 2024 venit,
2263 1962 2356 2016 sed
2399 1962 2550 2018 bona:
2577 1967 2697 2021 vitae
2740 1967 2993 2026 intentam
3026 1988 3089 2027 ac
3119 1975 3387 2045 religionis

1814 2047 2041 2104 fortnam
2073 2065 2347 2119 aggressus
2375 2054 2581 2123 anguis,
2640 2056 2815 2112 denuo
2840 2074 2933 2127 per
2960 2065 3393 2133 transgressionis

1816 2142 2004 2195 vitium
2029 2142 2095 2197 de
2122 2146 2364 2207 paradiso
2382 2145 2610 2201 evellere
2637 2149 2901 2204 excitavit.
2916 2150 3064 2205 Gulae
3078 2154 3388 2209 aviditatem

1816 2248 1873 2285 ac
1924 2234 2149 2287 esuriem
2182 2236 2375 2290 furtivo
2404 2239 2527 2293 cibo
2571 2252 2818 2308 aggressa
2851 2249 2933 2295 est
2978 2244 3203 2299 satiare:
3237 2230 3380 2313 quod

1819 2327 2026 2381 facinus
2046 2341 2142 2395 per
2159 2332 2327 2396 spatia
2357 2339 2652 2398 temporum
2677 2348 2779 2387 non
2801 2334 3127 2403 deprehensa
3151 2338 3393 2405 patravit,

1819 2433 1917 2472 nec
1941 2432 2156 2483 prorsus
2184 2419 2335 2473 alicui
2365 2435 2429 2475 ex
2458 2421 2725 2476 sodalibus
2754 2420 3070 2491 patefactum
3103 2436 3203 2482 est.
3231 2427 3395 2483 Cum-

1820 2522 1923 2578 que
1963 2525 2091 2579 ergo
2121 2511 2209 2564 diu
2236 2511 2371 2581 gulae
2403 2512 2625 2566 aviditas
2654 2514 2880 2569 animam
2912 2518 3221 2584 macularet,
3253 2518 3401 2574 dedit

1821 2602 1995 2672 justus
2050 2603 2263 2658 Arbiter
2308 2605 2508 2673 justam
2558 2609 2876 2663 sententiam
2926 2625 3084 2678 super
3145 2611 3391 2680 injustam

1824 2695 2077 2764 animam,
2092 2696 2346 2766 corripuit
2361 2700 2729 2766 gravissimum
2755 2701 2954 2757 facinus
2970 2718 3122 2773 poena
3140 2703 3389 2774 graviori,

1827 2801 1888 2839 ac
1915 2799 2075 2853 super
2103 2784 2267 2839 fessos
2304 2795 2449 2838 artus
2492 2786 2740 2841 excitavit
2768 2788 2948 2843 odium
2994 2790 3121 2845 liciti
3149 2791 3275 2856 cibi,
3300 2804 3401 2845 nec

1832 2875 2041 2929 valebat
2067 2875 2273 2929 turbata
2305 2891 2453 2929 mens
2478 2876 2619 2931 aliud
2649 2877 2932 2945 quidquam
2984 2896 3141 2949 quam
3172 2881 3403 2939 furfures

1831 2967 2153 3036 frondesque
2183 2978 2238 3020 et
2270 2968 2549 3022 herbarum
2578 2971 2861 3037 agrestium
2892 2972 3168 3027 misturam
3221 2973 3401 3030 edere.

1832 3057 2072 3127 Cumque
2095 3056 2204 3126 jam
2225 3072 2319 3125 per
2348 3057 2462 3112 dies
2491 3059 2683 3113 multos
2713 3059 2827 3114 hac
2851 3060 2980 3115 ultio
2994 3075 3151 3130 super
3173 3060 3401 3117 animam

1748 3164 1796 3227 ρ
1833 3147 2247 3219 transgressione
2264 3148 2537 3215 deceptam
2570 3158 2825 3213 maneret,
2839 3150 2938 3204 etsi
2953 3149 3079 3205 hora
3096 3149 3401 3205 refectionis

1832 3244 2196 3312 supradictum
2225 3244 2399 3297 cibum
2429 3242 2616 3297 adduci
2665 3244 2977 3311 postularet,
3011 3243 3141 3298 vidit
3167 3246 3400 3313 speciem

1828 3335 1945 3403 apri
1991 3335 2165 3404 magni
2194 3348 2371 3388 secum
2408 3320 2711 3401 comedere,
2764 3345 2818 3389 et
2842 3349 2991 3390 more
3036 3350 3265 3390 cmnosz
3290 3334 3401 3391 suis

1828 3421 1975 3477 cibos
1996 3424 2223 3490 grunnio
2247 3422 2524 3476 ventilare.
2552 3423 2619 3475 At
2644 3423 2729 3477 illa
2762 3423 3030 3492 pavefacta
3060 3425 3405 3494 interrogavit

1828 3528 1947 3582 quae
1999 3523 2160 3567 esset.
2216 3506 2507 3579 Respondit
2554 3512 2751 3567 bestia:
2798 3514 2880 3568 An
2924 3513 3098 3569 nescis
3131 3515 3253 3583 quia
3304 3529 3405 3585 ego

1827 3605 1983 3660 sum?
2025 3605 2173 3660 cibos
2199 3619 2333 3675 quos
2378 3619 2543 3674 usque
2580 3603 2740 3659 modo
2785 3618 2883 3675 per
2928 3606 3407 3677 transgressionem

1833 3697 2134 3762 comedisti,
2194 3705 2365 3751 tecum
2421 3712 2519 3766 ego
2571 3695 2803 3762 comedi,
2852 3704 2904 3752 et
2930 3697 3122 3752 amodo
3151 3700 3286 3753 scias
3312 3714 3408 3767 per

1833 3790 1959 3841 anni
1987 3788 2242 3841 circulum
2276 3788 2416 3840 hunc
2445 3787 2622 3840 cibum
2651 3787 2893 3842 habebis.
2941 3788 3235 3842 Permansit
3280 3804 3409 3859 ergo

1831 3880 1981 3934 cibus
2008 3893 2103 3949 per
2130 3879 2386 3933 vertentis
2416 3878 2551 3945 ,anni
2597 3888 2815 3945 metam,
2871 3893 2970 3934 nec
3023 3894 3239 3949 prorsus
3260 3880 3407 3937 aliud

1826 3968 2020 4024 edebat
2072 3983 2228 4039 quam
2274 3967 2502 4023 furfures
2529 3968 2849 4038 frondesque
2876 3968 3126 4023 arborum
3152 3977 3243 4024 aut
3270 3968 3405 4025 her-

1827 4063 2010 4117 barum
2044 4063 2354 4132 agrestium,
2387 4072 2438 4117 et
2482 4063 2621 4117 [meis
2648 4077 2768 4132 quae
2809 4078 2873 4119 ex
2898 4063 3138 4119 cervisiae
3173 4064 3407 4133 reliquiis

1827 4156 2121 4223 projicitur.
2155 4155 2289 4221 Quid
2316 4155 2456 4209 enim
2504 4155 2663 4209 fuerit
2708 4165 2765 4209 ut
2812 4155 3006 4210 diaboli
3036 4170 3163 4210 voce
3204 4158 3407 4226 fragilis

1824 4263 1975 4303 mens
2020 4246 2227 4302 misera:
2271 4248 2710 4319 transgressionis
2754 4248 2965 4303 conscia
3013 4249 3404 4321 objurgaretur,

1825 4343 1927 4398 nisi
1946 4345 2067 4413 quia
2092 4345 2433 4411 praesentium
2458 4359 2730 4411 pinnarum
2754 4342 3055 4418 immanitas
3081 4361 3185 4401 non
3209 4349 3406 4403 sineret

1826 4435 2055 4489 animam
2093 4435 2431 4503 postmodum
2461 4434 2780 4490 cruciatibus
2825 4436 3085 4501 damnari,
3128 4444 3181 4488 et
3231 4436 3405 4490 divina

1756 4520 1810 4582 D
1833 4526 2000 4595 pietas
2042 4525 2209 4579 voluit
2258 4541 2351 4594 per
2398 4540 2521 4581 eum
2552 4525 2870 4594 improperia
2901 4525 3285 4579 consentientis
3313 4528 3405 4581 de—

1831 4633 2102 4690 promere,
2130 4632 2225 4687 per
2250 4632 2408 4687 quem
2438 4616 2611 4690 fuerat
2637 4610 2989 4684 transgressio
3012 4627 3324 4685 propagata;
3355 4626 3410 4671 et

1827 4716 1967 4767 hunc
1989 4710 2186 4767 habere
2212 4710 2466 4781 judicem,
2490 4708 2637 4777 cujus
2662 4706 2996 4761 suasionibus
3030 4707 3180 4761 malis
3208 4708 3297 4762 diu
3312 4706 3407 4762 de-

1760 4846 1766 4855 .
1826 4810 1977 4869 cepta
1988 4800 2530 4869 obtemperaverat,ut
2544 4807 2663 4866 post
2680 4810 2862 4865 pinnas
2877 4795 3049 4851 illatas
3064 4806 3407 4866 cognosceret

1827 4909 1931 4950 non
1948 4894 2157 4949 diabolo
2183 4893 2278 4949 sed
2304 4890 2541 4947 Creatori
2561 4892 2756 4959 debere
2783 4899 3077 4944 creaturam
3094 4889 3329 4944 obedire.

2412 4979 2637 5037 CAPUT
2666 4978 2806 5034 XIII.

1833 5078 1990 5146 (Qun?
2035 5085 2308 5146 sequuntur
2358 5078 2626 5146 desumth
2665 5090 2726 5127 ea:
2755 5082 2888 5146 tanta
2931 5086 2967 5146 ll
2995 5069 3147 5123 Bedw
3173 5080 3218 5123 et
3252 5070 3405 5146 Suria

1902 5142 2107 5213 desunt,
2147 5150 2200 5201 in
2238 5164 2330 5201 ms.
2393 5142 2555 5199 Co‘dd’.
2590 5142 2891 5213 Compend.,
2936 5142 2987 5193 in
3036 5158 3134 5213 quo
3178 5144 3407 5213 superio-

1902 5222 2040 5272 ribus
2068 5211 2375 5271 continenter
2420 5212 2847 5285 subjiciturﬁVita
2876 5213 3034 5266 sancti
3058 5211 3271 5285 Bertulﬁ
3312 5213 3400 5261 ab-

1906 5291 2033 5342 batis
2059 5288 2340 5342 Bobiensia.
2366 5280 2687 5358 Certe'Jonas
2718 5284 2898 5350 ubique
2926 5285 3047 5335 dunt
3070 5283 3132 5333 de
3158 5280 3407 5358 .Burgun-

1904 5362 2085 5427 dofara
2114 5359 2335 5426 loquitur
2366 5373 2477 5411 eam
2523 5357 2596 5407 uti
2624 5356 2866 5427 visentem
2915 5369 3107 5427 semper
3135 5351 3401 5427 designare

1905 5420 2137 5483 videtur:
2179 5420 2209 5479 't
2270 5428 2435 5482 Testes
2476 5436 2612 5488 sunt,
2667 5426 2830 5493 inquit
2886 5440 2999 5489 cap.
3032 5423 3115 5493 Il,
3150 5420 3304 5487 hujus
3330 5422 3405 5493 rei

1908 5499 2342 5569 Burgundofara;
2400 5516 2418 5547 ι
2454 5512 2571 5569 _quo
2630 5490 2829 5547 nouiine
2879 5492 3220 5569 simpliciter,”
3260 5490 3407 5542 nullo

1909 5562 2107 5635 addito,
2141 5562 2238 5623 nisi
2283 5573 2410 5635 forte
2441 5566 2647 5626 Matris,
2679 5583 2788 5617 eam
2836 5563 3014 5630 ubique
3043 5562 3296 5635 nppellat,
3353 5570 3405 5635 ut

1904 5629 2173 5695 verisimile
2202 5629 2432 5693 videatur
2458 5654 2515 5689 ea
2540 5652 2654 5706 qua:
2676 5644 2945 5703 sequuntur
2970 5631 3230 5684 subdilitia
3252 5629 3403 5696 esse.)

1906 5737 1996 5791 21.
2040 5733 2297 5789 Similiter
2343 5730 2443 5785 alia
2486 5730 2659 5800 puella
2693 5727 2902 5782 nomine
2928 5722 3256 5779 Baractrudis
3283 5736 3401 5777 cum
