  <div class='ocr_page' id='page_1' title='image "/cluster/home/n/w/nwhite01/storage/ocr_20150623/87-88/uva.x000827073/549.png"; bbox 0 0 3820 6330; ppageno 0'>
   <div class='ocr_carea' id='block_1_1' title="bbox 475 417 611 476">
    <p class='ocr_par' dir='ltr' id='par_1_1' title="bbox 475 417 611 476">
     <span class='ocr_line' id='line_1_1' title="bbox 475 417 611 476; baseline -0.051 0"><span class='ocrx_word' id='word_1_1' title='bbox 475 417 611 476; x_wconf 71' lang='grc'><strong>1033</strong></span> 
     </span>
    </p>
   </div>
   <div class='ocr_carea' id='block_1_2' title="bbox 1604 401 2589 498">
    <p class='ocr_par' dir='ltr' id='par_1_2' title="bbox 1604 401 2589 498">
     <span class='ocr_line' id='line_1_2' title="bbox 1604 401 2589 498; baseline 0.002 -27"><span class='ocrx_word' id='word_1_2' title='bbox 1604 413 1797 498; x_wconf 65' lang='lat' dir='ltr'><strong>tona:</strong></span> <span class='ocrx_word' id='word_1_3' title='bbox 1838 413 2132 489; x_wconf 80' lang='lat' dir='ltr'><strong>ABBATIS</strong></span> <span class='ocrx_word' id='word_1_4' title='bbox 2172 401 2589 477; x_wconf 73' lang='lat' dir='ltr'><strong>ELNONENSIS</strong></span> 
     </span>
    </p>
   </div>
   <div class='ocr_carea' id='block_1_3' title="bbox 3562 410 3667 471">
    <p class='ocr_par' dir='ltr' id='par_1_3' title="bbox 3562 410 3667 471">
     <span class='ocr_line' id='line_1_3' title="bbox 3562 410 3667 471; baseline 0.01 -3"><span class='ocrx_word' id='word_1_5' title='bbox 3562 410 3667 471; x_wconf 64' lang='grc'><strong>1934</strong></span> 
     </span>
    </p>
   </div>
   <div class='ocr_carea' id='block_1_4' title="bbox 471 528 3667 607">
    <p class='ocr_par' dir='ltr' id='par_1_4' title="bbox 471 528 3667 607">
     <span class='ocr_line' id='line_1_4' title="bbox 471 528 3667 607; baseline -0.003 -10"><span class='ocrx_word' id='word_1_6' title='bbox 471 544 558 598; x_wconf 90' lang='lat' dir='ltr'><strong>diu</strong></span> <span class='ocrx_word' id='word_1_7' title='bbox 591 542 641 594; x_wconf 88' lang='lat' dir='ltr'><strong>in</strong></span> <span class='ocrx_word' id='word_1_8' title='bbox 667 537 965 607; x_wconf 87' lang='lat' dir='ltr'><strong>supradicto</strong></span> <span class='ocrx_word' id='word_1_9' title='bbox 984 537 1226 592; x_wconf 69' lang='lat' dir='ltr'><strong>coenobio</strong></span> <span class='ocrx_word' id='word_1_10' title='bbox 1253 545 1678 600; x_wconf 84' lang='lat' dir='ltr'><strong>conversaretur,</strong></span> <span class='ocrx_word' id='word_1_11' title='bbox 1735 544 1787 589; x_wconf 88' lang='lat' dir='ltr'><strong>et</strong></span> <span class='ocrx_word' id='word_1_12' title='bbox 1832 531 2105 607; x_wconf 52' lang='lat' dir='ltr'><strong>nequa-’5</strong></span> <span class='ocrx_word' id='word_1_13' title='bbox 2133 536 2333 589; x_wconf 71' lang='lat' dir='ltr'><strong>ratione</strong></span> <span class='ocrx_word' id='word_1_14' title='bbox 2370 532 2748 586; x_wconf 87' lang='lat' dir='ltr'><strong>convalescens</strong></span> <span class='ocrx_word' id='word_1_15' title='bbox 2805 528 2998 584; x_wconf 81' lang='lat' dir='ltr'><strong>melius</strong></span> <span class='ocrx_word' id='word_1_16' title='bbox 3039 528 3242 583; x_wconf 87' lang='lat' dir='ltr'><strong>habere</strong></span> <span class='ocrx_word' id='word_1_17' title='bbox 3288 530 3474 596; x_wconf 73' lang='lat' dir='ltr'><strong>cntpit,</strong></span> <span class='ocrx_word' id='word_1_18' title='bbox 3524 543 3572 583; x_wconf 84' lang='lat' dir='ltr'><strong>et</strong></span> <span class='ocrx_word' id='word_1_19' title='bbox 3610 533 3667 587; x_wconf 84' lang='lat' dir='ltr'><strong>ita</strong></span> 
     </span>
    </p>
   </div>
   <div class='ocr_carea' id='block_1_5' title="bbox 470 629 2037 705">
    <p class='ocr_par' dir='ltr' id='par_1_5' title="bbox 470 629 2037 705">
     <span class='ocr_line' id='line_1_5' title="bbox 470 629 2037 705; baseline -0.004 -15"><span class='ocrx_word' id='word_1_20' title='bbox 470 650 627 705; x_wconf 88' lang='lat' dir='ltr'><strong>quam</strong></span> <span class='ocrx_word' id='word_1_21' title='bbox 672 632 926 703; x_wconf 75' lang='lat' dir='ltr'><strong>regularis</strong></span> <span class='ocrx_word' id='word_1_22' title='bbox 953 631 1247 700; x_wconf 73' lang='lat' dir='ltr'><strong>disciplinae</strong></span> <span class='ocrx_word' id='word_1_23' title='bbox 1298 630 1444 683; x_wconf 91' lang='lat' dir='ltr'><strong>omni</strong></span> <span class='ocrx_word' id='word_1_24' title='bbox 1488 638 1681 683; x_wconf 91' lang='lat' dir='ltr'><strong>conatu</strong></span> <span class='ocrx_word' id='word_1_25' title='bbox 1732 629 2037 684; x_wconf 87' lang='lat' dir='ltr'><strong>intenderet</strong></span> 
     </span>
    </p>
   </div>
   <div class='ocr_carea' id='block_1_6' title="bbox 470 719 2038 795">
    <p class='ocr_par' dir='ltr' id='par_1_6' title="bbox 470 719 2038 795">
     <span class='ocr_line' id='line_1_6' title="bbox 470 719 2038 795; baseline -0.004 -15"><span class='ocrx_word' id='word_1_26' title='bbox 470 733 735 795; x_wconf 62' lang='lat' dir='ltr'><strong>pracepta</strong></span> <span class='ocrx_word' id='word_1_27' title='bbox 760 736 992 787; x_wconf 87' lang='lat' dir='ltr'><strong>servare,</strong></span> <span class='ocrx_word' id='word_1_28' title='bbox 1011 721 1153 775; x_wconf 84' lang='lat' dir='ltr'><strong>misit</strong></span> <span class='ocrx_word' id='word_1_29' title='bbox 1168 719 1408 775; x_wconf 83' lang='lat' dir='ltr'><strong>diabolus</strong></span> <span class='ocrx_word' id='word_1_30' title='bbox 1424 720 1473 774; x_wconf 90' lang='lat' dir='ltr'><strong>in</strong></span> <span class='ocrx_word' id='word_1_31' title='bbox 1490 731 1718 774; x_wconf 84' lang='lat' dir='ltr'><strong>mentem</strong></span> <span class='ocrx_word' id='word_1_32' title='bbox 1745 730 2038 788; x_wconf 85' lang='lat' dir='ltr'><strong>transgres-</strong></span> 
     </span>
    </p>
   </div>
   <div class='ocr_carea' id='block_1_7' title="bbox 470 810 2035 893">
    <p class='ocr_par' dir='ltr' id='par_1_7' title="bbox 470 810 2035 893">
     <span class='ocr_line' id='line_1_7' title="bbox 470 810 2035 893; baseline -0.006 -19"><span class='ocrx_word' id='word_1_33' title='bbox 470 820 618 893; x_wconf 59' lang='lat' dir='ltr'><strong>sione</strong></span> <span class='ocrx_word' id='word_1_34' title='bbox 646 825 941 893; x_wconf 90' lang='lat' dir='ltr'><strong>correptam</strong></span> <span class='ocrx_word' id='word_1_35' title='bbox 973 825 1026 867; x_wconf 87' lang='grc' dir='ltr'><strong>ιιι</strong></span> <span class='ocrx_word' id='word_1_36' title='bbox 1057 828 1279 883; x_wconf 64' lang='lat' dir='ltr'><strong>quaeque</strong></span> <span class='ocrx_word' id='word_1_37' title='bbox 1312 813 1575 881; x_wconf 88' lang='lat' dir='ltr'><strong>potuisset</strong></span> <span class='ocrx_word' id='word_1_38' title='bbox 1633 810 1773 865; x_wconf 87' lang='lat' dir='ltr'><strong>furto</strong></span> <span class='ocrx_word' id='word_1_39' title='bbox 1825 827 2035 880; x_wconf 87' lang='lat' dir='ltr'><strong>rapere,</strong></span> 
     </span>
    </p>
   </div>
   <div class='ocr_carea' id='block_1_8' title="bbox 469 902 2037 977">
    <p class='ocr_par' dir='ltr' id='par_1_8' title="bbox 469 902 2037 977">
     <span class='ocr_line' id='line_1_8' title="bbox 469 902 2037 977; baseline -0.004 -12"><span class='ocrx_word' id='word_1_40' title='bbox 469 908 679 965; x_wconf 75' lang='lat' dir='ltr'><strong>occulte</strong></span> <span class='ocrx_word' id='word_1_41' title='bbox 702 906 1025 963; x_wconf 88' lang='lat' dir='ltr'><strong>comederet.</strong></span> <span class='ocrx_word' id='word_1_42' title='bbox 1063 904 1190 973; x_wconf 65' lang='lat' dir='ltr'><strong>Quae</strong></span> <span class='ocrx_word' id='word_1_43' title='bbox 1216 918 1337 959; x_wconf 84' lang='lat' dir='ltr'><strong>cum</strong></span> <span class='ocrx_word' id='word_1_44' title='bbox 1368 904 1457 957; x_wconf 91' lang='lat' dir='ltr'><strong>diu</strong></span> <span class='ocrx_word' id='word_1_45' title='bbox 1490 904 1585 957; x_wconf 85' lang='lat' dir='ltr'><strong>hac</strong></span> <span class='ocrx_word' id='word_1_46' title='bbox 1617 902 2037 977; x_wconf 75' lang='lat' dir='ltr'><strong>transgressione</strong></span> 
     </span>
    </p>
   </div>
   <div class='ocr_carea' id='block_1_9' title="bbox 466 994 2040 1067">
    <p class='ocr_par' dir='ltr' id='par_1_9' title="bbox 466 994 2040 1067">
     <span class='ocr_line' id='line_1_9' title="bbox 466 994 2040 1067; baseline -0.005 -10"><span class='ocrx_word' id='word_1_47' title='bbox 466 1004 695 1063; x_wconf 87' lang='lat' dir='ltr'><strong>animam</strong></span> <span class='ocrx_word' id='word_1_48' title='bbox 723 999 1032 1066; x_wconf 70' lang='lat' dir='ltr'><strong>macularet,</strong></span> <span class='ocrx_word' id='word_1_49' title='bbox 1059 997 1205 1053; x_wconf 91' lang='lat' dir='ltr'><strong>dedit</strong></span> <span class='ocrx_word' id='word_1_50' title='bbox 1226 998 1423 1067; x_wconf 81' lang='lat' dir='ltr'><strong>justam</strong></span> <span class='ocrx_word' id='word_1_51' title='bbox 1454 996 1709 1051; x_wconf 82' lang='lat' dir='ltr'><strong>ultionem</strong></span> <span class='ocrx_word' id='word_1_52' title='bbox 1750 994 1823 1060; x_wconf 68' lang='lat' dir='ltr'><strong>ile</strong></span> <span class='ocrx_word' id='word_1_53' title='bbox 1852 1011 1912 1049; x_wconf 85' lang='lat' dir='ltr'><strong>ea</strong></span> <span class='ocrx_word' id='word_1_54' title='bbox 1938 998 2040 1049; x_wconf 79' lang='lat' dir='ltr'><strong>Ar-</strong></span> 
     </span>
    </p>
   </div>
   <div class='ocr_carea' id='block_1_10' title="bbox 469 1086 2039 1162">
    <p class='ocr_par' dir='ltr' id='par_1_10' title="bbox 469 1086 2039 1162">
     <span class='ocr_line' id='line_1_10' title="bbox 469 1086 2039 1162; baseline -0.003 -16"><span class='ocrx_word' id='word_1_55' title='bbox 469 1094 603 1154; x_wconf 87' lang='lat' dir='ltr'><strong>biter</strong></span> <span class='ocrx_word' id='word_1_56' title='bbox 613 1095 807 1162; x_wconf 86' lang='lat' dir='ltr'><strong>justus.</strong></span> <span class='ocrx_word' id='word_1_57' title='bbox 830 1088 1127 1160; x_wconf 85' lang='lat' dir='ltr'><strong>Corripitur</strong></span> <span class='ocrx_word' id='word_1_58' title='bbox 1146 1090 1287 1145; x_wconf 90' lang='lat' dir='ltr'><strong>enim</strong></span> <span class='ocrx_word' id='word_1_59' title='bbox 1310 1088 1684 1157; x_wconf 82' lang='lat' dir='ltr'><strong>repenteignis</strong></span> <span class='ocrx_word' id='word_1_60' title='bbox 1706 1086 1960 1152; x_wconf 80' lang='lat' dir='ltr'><strong>febribus,</strong></span> <span class='ocrx_word' id='word_1_61' title='bbox 1976 1102 2039 1141; x_wconf 87' lang='lat' dir='ltr'><strong>ac</strong></span> 
     </span>
    </p>
   </div>
   <div class='ocr_carea' id='block_1_11' title="bbox 467 1177 2040 1251">
    <p class='ocr_par' dir='ltr' id='par_1_11' title="bbox 467 1177 2040 1251">
     <span class='ocr_line' id='line_1_11' title="bbox 467 1177 2040 1251; baseline -0.005 -13"><span class='ocrx_word' id='word_1_62' title='bbox 467 1186 603 1238; x_wconf 90' lang='lat' dir='ltr'><strong>inter</strong></span> <span class='ocrx_word' id='word_1_63' title='bbox 634 1181 871 1236; x_wconf 89' lang='lat' dir='ltr'><strong>incendia</strong></span> <span class='ocrx_word' id='word_1_64' title='bbox 894 1183 1123 1236; x_wconf 84' lang='lat' dir='ltr'><strong>clamare</strong></span> <span class='ocrx_word' id='word_1_65' title='bbox 1149 1181 1337 1251; x_wconf 73' lang='lat' dir='ltr'><strong>cmpit:</strong></span> <span class='ocrx_word' id='word_1_66' title='bbox 1372 1179 1461 1233; x_wconf 75' lang='lat' dir='ltr'><strong>Va:</strong></span> <span class='ocrx_word' id='word_1_67' title='bbox 1484 1178 1641 1232; x_wconf 90' lang='lat' dir='ltr'><strong>mihi!</strong></span> <span class='ocrx_word' id='word_1_68' title='bbox 1670 1194 1747 1232; x_wconf 68' lang='lat' dir='ltr'><strong>vae</strong></span> <span class='ocrx_word' id='word_1_69' title='bbox 1778 1178 1937 1231; x_wconf 85' lang='lat' dir='ltr'><strong>mihi!</strong></span> <span class='ocrx_word' id='word_1_70' title='bbox 1972 1177 2040 1230; x_wconf 90' lang='lat' dir='ltr'><strong>Et</strong></span> 
     </span>
    </p>
   </div>
   <div class='ocr_carea' id='block_1_12' title="bbox 468 1269 2036 1343">
    <p class='ocr_par' dir='ltr' id='par_1_12' title="bbox 468 1269 2036 1343">
     <span class='ocr_line' id='line_1_12' title="bbox 468 1269 2036 1343; baseline -0.005 -16"><span class='ocrx_word' id='word_1_71' title='bbox 468 1283 585 1343; x_wconf 89' lang='lat' dir='ltr'><strong>post</strong></span> <span class='ocrx_word' id='word_1_72' title='bbox 614 1274 708 1327; x_wconf 87' lang='lat' dir='ltr'><strong>has</strong></span> <span class='ocrx_word' id='word_1_73' title='bbox 734 1287 884 1343; x_wconf 81' lang='lat' dir='ltr'><strong>voces</strong></span> <span class='ocrx_word' id='word_1_74' title='bbox 906 1280 976 1325; x_wconf 84' lang='lat' dir='ltr'><strong>Ita</strong></span> <span class='ocrx_word' id='word_1_75' title='bbox 1003 1273 1170 1339; x_wconf 90' lang='lat' dir='ltr'><strong>sopita</strong></span> <span class='ocrx_word' id='word_1_76' title='bbox 1194 1272 1380 1339; x_wconf 88' lang='lat' dir='ltr'><strong>jacuit,</strong></span> <span class='ocrx_word' id='word_1_77' title='bbox 1402 1279 1459 1325; x_wconf 92' lang='lat' dir='ltr'><strong>ut</strong></span> <span class='ocrx_word' id='word_1_78' title='bbox 1480 1280 1683 1323; x_wconf 87' lang='lat' dir='ltr'><strong>mortua</strong></span> <span class='ocrx_word' id='word_1_79' title='bbox 1712 1269 2036 1321; x_wconf 85' lang='lat' dir='ltr'><strong>abomnibus</strong></span> 
     </span>
    </p>
   </div>
   <div class='ocr_carea' id='block_1_13' title="bbox 468 1346 2035 1430">
    <p class='ocr_par' dir='ltr' id='par_1_13' title="bbox 468 1346 2035 1430">
     <span class='ocr_line' id='line_1_13' title="bbox 468 1346 2035 1430; baseline -0.002 -16"><span class='ocrx_word' id='word_1_80' title='bbox 468 1363 795 1417; x_wconf 84' lang='lat' dir='ltr'><strong>crederetur.</strong></span> <span class='ocrx_word' id='word_1_81' title='bbox 825 1362 1061 1430; x_wconf 91' lang='lat' dir='ltr'><strong>Cumque</strong></span> <span class='ocrx_word' id='word_1_82' title='bbox 1101 1346 1218 1430; x_wconf 82' lang='lat' dir='ltr'><strong>post</strong></span> <span class='ocrx_word' id='word_1_83' title='bbox 1248 1360 1467 1415; x_wconf 88' lang='lat' dir='ltr'><strong>multum</strong></span> <span class='ocrx_word' id='word_1_84' title='bbox 1519 1359 1766 1413; x_wconf 88' lang='lat' dir='ltr'><strong>horarum</strong></span> <span class='ocrx_word' id='word_1_85' title='bbox 1808 1360 2035 1425; x_wconf 80' lang='lat' dir='ltr'><strong>spatium</strong></span> 
     </span>
    </p>
   </div>
   <div class='ocr_carea' id='block_1_14' title="bbox 464 1449 2032 1517">
    <p class='ocr_par' dir='ltr' id='par_1_14' title="bbox 464 1449 2032 1517">
     <span class='ocr_line' id='line_1_14' title="bbox 464 1449 2032 1517; baseline -0.002 -14"><span class='ocrx_word' id='word_1_86' title='bbox 464 1455 779 1516; x_wconf 84' lang='lat' dir='ltr'><strong>anbelaret,</strong></span> <span class='ocrx_word' id='word_1_87' title='bbox 831 1451 988 1507; x_wconf 80' lang='lat' dir='ltr'><strong>febris</strong></span> <span class='ocrx_word' id='word_1_88' title='bbox 1040 1452 1106 1505; x_wconf 87' lang='lat' dir='ltr'><strong>ab</strong></span> <span class='ocrx_word' id='word_1_89' title='bbox 1145 1451 1263 1517; x_wconf 80' lang='lat' dir='ltr'><strong>igne</strong></span> <span class='ocrx_word' id='word_1_90' title='bbox 1316 1459 1499 1505; x_wconf 84' lang='lat' dir='ltr'><strong>vexata</strong></span> <span class='ocrx_word' id='word_1_91' title='bbox 1549 1449 1779 1504; x_wconf 86' lang='lat' dir='ltr'><strong>clamare</strong></span> <span class='ocrx_word' id='word_1_92' title='bbox 1840 1450 2032 1515; x_wconf 56' lang='lat' dir='ltr'><strong>cu&#39;pit:</strong></span> 
     </span>
    </p>
   </div>
   <div class='ocr_carea' id='block_1_15' title="bbox 467 1540 2036 1609">
    <p class='ocr_par' dir='ltr' id='par_1_15' title="bbox 467 1540 2036 1609">
     <span class='ocr_line' id='line_1_15' title="bbox 467 1540 2036 1609; baseline -0.003 -13"><span class='ocrx_word' id='word_1_93' title='bbox 467 1543 653 1598; x_wconf 78' lang='lat' dir='ltr'><strong>Veniat</strong></span> <span class='ocrx_word' id='word_1_94' title='bbox 698 1543 890 1597; x_wconf 72' lang='lat' dir='ltr'><strong>Mater!</strong></span> <span class='ocrx_word' id='word_1_95' title='bbox 952 1545 1131 1597; x_wconf 88' lang='lat' dir='ltr'><strong>veniat</strong></span> <span class='ocrx_word' id='word_1_96' title='bbox 1173 1543 1374 1596; x_wconf 77' lang='lat' dir='ltr'><strong>Mater!</strong></span> <span class='ocrx_word' id='word_1_97' title='bbox 1433 1540 1653 1595; x_wconf 85' lang='lat' dir='ltr'><strong>Coneito</strong></span> <span class='ocrx_word' id='word_1_98' title='bbox 1701 1556 1827 1609; x_wconf 85' lang='lat' dir='ltr'><strong>ergo</strong></span> <span class='ocrx_word' id='word_1_99' title='bbox 1873 1542 2036 1609; x_wconf 79' lang='lat' dir='ltr'><strong>gradu</strong></span> 
     </span>
    </p>
   </div>
   <div class='ocr_carea' id='block_1_16' title="bbox 439 1629 2038 1715">
    <p class='ocr_par' dir='ltr' id='par_1_16' title="bbox 439 1629 2038 1715">
     <span class='ocr_line' id='line_1_16' title="bbox 439 1629 2038 1715; baseline -0.003 -27"><span class='ocrx_word' id='word_1_100' title='bbox 439 1629 578 1702; x_wconf 57' lang='lat' dir='ltr'><strong>quas</strong></span> <span class='ocrx_word' id='word_1_101' title='bbox 620 1633 898 1715; x_wconf 57' lang='lat' dir='ltr'><strong>audierant</strong></span> <span class='ocrx_word' id='word_1_102' title='bbox 939 1632 1154 1687; x_wconf 71' lang='lat' dir='ltr'><strong>Matrem</strong></span> <span class='ocrx_word' id='word_1_103' title='bbox 1197 1632 1503 1686; x_wconf 83' lang='lat' dir='ltr'><strong>monasterii</strong></span> <span class='ocrx_word' id='word_1_104' title='bbox 1542 1633 1749 1686; x_wconf 81' lang='lat' dir='ltr'><strong>beatam</strong></span> <span class='ocrx_word' id='word_1_105' title='bbox 1799 1632 2038 1698; x_wconf 82' lang='lat' dir='ltr'><strong>Burgun-</strong></span> 
     </span>
    </p>
   </div>
   <div class='ocr_carea' id='block_1_17' title="bbox 461 1721 2039 1795">
    <p class='ocr_par' dir='ltr' id='par_1_17' title="bbox 461 1721 2039 1795">
     <span class='ocr_line' id='line_1_17' title="bbox 461 1721 2039 1795; baseline -0.004 -14"><span class='ocrx_word' id='word_1_106' title='bbox 461 1724 704 1781; x_wconf 79' lang='lat' dir='ltr'><strong>dofaram</strong></span> <span class='ocrx_word' id='word_1_107' title='bbox 732 1733 1088 1795; x_wconf 64' lang='lat' dir='ltr'><strong>vocatumque:</strong></span> <span class='ocrx_word' id='word_1_108' title='bbox 1107 1738 1230 1778; x_wconf 90' lang='lat' dir='ltr'><strong>cum</strong></span> <span class='ocrx_word' id='word_1_109' title='bbox 1248 1724 1498 1789; x_wconf 77' lang='lat' dir='ltr'><strong>venisset,</strong></span> <span class='ocrx_word' id='word_1_110' title='bbox 1523 1738 1661 1792; x_wconf 68' lang='lat' dir='ltr'><strong>aegra</strong></span> <span class='ocrx_word' id='word_1_111' title='bbox 1690 1738 1805 1790; x_wconf 75' lang='lat' dir='ltr'><strong>qua:</strong></span> <span class='ocrx_word' id='word_1_112' title='bbox 1828 1721 2039 1788; x_wconf 79' lang='lat' dir='ltr'><strong>jacebat</strong></span> 
     </span>
    </p>
   </div>
   <div class='ocr_carea' id='block_1_18' title="bbox 462 1812 2035 1881">
    <p class='ocr_par' dir='ltr' id='par_1_18' title="bbox 462 1812 2035 1881">
     <span class='ocr_line' id='line_1_18' title="bbox 462 1812 2035 1881; baseline -0.003 -11"><span class='ocrx_word' id='word_1_113' title='bbox 462 1824 569 1870; x_wconf 83' lang='lat' dir='ltr'><strong>tota</strong></span> <span class='ocrx_word' id='word_1_114' title='bbox 604 1815 899 1871; x_wconf 79' lang='lat' dir='ltr'><strong>intentione</strong></span> <span class='ocrx_word' id='word_1_115' title='bbox 924 1815 1103 1871; x_wconf 84' lang='lat' dir='ltr'><strong>cordis</strong></span> <span class='ocrx_word' id='word_1_116' title='bbox 1125 1815 1410 1869; x_wconf 85' lang='lat' dir='ltr'><strong>facinorum</strong></span> <span class='ocrx_word' id='word_1_117' title='bbox 1433 1829 1649 1868; x_wconf 91' lang='lat' dir='ltr'><strong>suorum</strong></span> <span class='ocrx_word' id='word_1_118' title='bbox 1671 1812 2035 1881; x_wconf 81' lang='lat' dir='ltr'><strong>conjecturam</strong></span> 
     </span>
    </p>
   </div>
   <div class='ocr_carea' id='block_1_19' title="bbox 2144 618 3668 695">
    <p class='ocr_par' dir='ltr' id='par_1_19' title="bbox 2144 618 3668 695">
     <span class='ocr_line' id='line_1_19' title="bbox 2144 618 3668 695; baseline -0.001 -16"><span class='ocrx_word' id='word_1_119' title='bbox 2144 626 2392 695; x_wconf 86' lang='lat' dir='ltr'><strong>paulatim</strong></span> <span class='ocrx_word' id='word_1_120' title='bbox 2441 624 2707 678; x_wconf 88' lang='lat' dir='ltr'><strong>subtracta</strong></span> <span class='ocrx_word' id='word_1_121' title='bbox 2756 620 2993 691; x_wconf 90' lang='lat' dir='ltr'><strong>periculo</strong></span> <span class='ocrx_word' id='word_1_122' title='bbox 3056 618 3248 675; x_wconf 86' lang='lat' dir='ltr'><strong>mortis</strong></span> <span class='ocrx_word' id='word_1_123' title='bbox 3300 619 3500 675; x_wconf 79' lang='lat' dir='ltr'><strong>beatam</strong></span> <span class='ocrx_word' id='word_1_124' title='bbox 3542 619 3668 678; x_wconf 77' lang='lat' dir='ltr'><strong>vitam</strong></span> 
     </span>
    </p>
   </div>
   <div class='ocr_carea' id='block_1_20' title="bbox 2143 715 3007 788">
    <p class='ocr_par' dir='ltr' id='par_1_20' title="bbox 2143 715 3007 788">
     <span class='ocr_line' id='line_1_20' title="bbox 2143 715 3007 788; baseline -0.008 -17"><span class='ocrx_word' id='word_1_125' title='bbox 2143 726 2323 788; x_wconf 85' lang='lat' dir='ltr'><strong>postca</strong></span> <span class='ocrx_word' id='word_1_126' title='bbox 2352 715 2525 771; x_wconf 81' lang='lat' dir='ltr'><strong>duxit.</strong></span> <span class='ocrx_word' id='word_1_127' title='bbox 3006 768 3007 773; x_wconf 30' lang='grc' dir='ltr'><strong>η</strong></span> 
     </span>
    </p>
   </div>
   <div class='ocr_carea' id='block_1_21' title="bbox 2735 801 3130 859">
    <p class='ocr_par' dir='ltr' id='par_1_21' title="bbox 2735 801 3130 859">
     <span class='ocr_line' id='line_1_21' title="bbox 2735 801 3130 859; baseline -0.01 0"><span class='ocrx_word' id='word_1_128' title='bbox 2735 802 2958 859; x_wconf 76' lang='lat' dir='ltr'><strong>CAPUT</strong></span> <span class='ocrx_word' id='word_1_129' title='bbox 2987 801 3130 858; x_wconf 75' lang='lat' dir='ltr'><strong>XIV.</strong></span> 
     </span>
    </p>
   </div>
   <div class='ocr_carea' id='block_1_22' title="bbox 2209 893 3673 965">
    <p class='ocr_par' dir='ltr' id='par_1_22' title="bbox 2209 893 3673 965">
     <span class='ocr_line' id='line_1_22' title="bbox 2209 893 3673 965; baseline 0 -13"><span class='ocrx_word' id='word_1_130' title='bbox 2209 896 2301 952; x_wconf 74' lang='lat'><strong>22.</strong></span> <span class='ocrx_word' id='word_1_131' title='bbox 2348 896 2633 965; x_wconf 64' lang='lat' dir='ltr'><strong>Postquam</strong></span> <span class='ocrx_word' id='word_1_132' title='bbox 2681 903 3003 949; x_wconf 76' lang='lat' dir='ltr'><strong>enumerata:</strong></span> <span class='ocrx_word' id='word_1_133' title='bbox 3045 893 3472 950; x_wconf 81' lang='lat' dir='ltr'><strong>sanctimoniales</strong></span> <span class='ocrx_word' id='word_1_134' title='bbox 3498 894 3673 952; x_wconf 66' lang='lat' dir='ltr'><strong>femina</strong></span> 
     </span>
    </p>
   </div>
   <div class='ocr_carea' id='block_1_23' title="bbox 2141 984 3673 1058">
    <p class='ocr_par' dir='ltr' id='par_1_23' title="bbox 2141 984 3673 1058">
     <span class='ocr_line' id='line_1_23' title="bbox 2141 984 3673 1058; baseline -0.003 -15"><span class='ocrx_word' id='word_1_135' title='bbox 2141 990 2243 1044; x_wconf 91' lang='lat' dir='ltr'><strong>sub</strong></span> <span class='ocrx_word' id='word_1_136' title='bbox 2286 988 2596 1058; x_wconf 89' lang='lat' dir='ltr'><strong>magisterio</strong></span> <span class='ocrx_word' id='word_1_137' title='bbox 2630 986 2797 1040; x_wconf 69' lang='lat' dir='ltr'><strong>beatae</strong></span> <span class='ocrx_word' id='word_1_138' title='bbox 2841 984 3257 1054; x_wconf 65' lang='lat' dir='ltr'><strong>Burgundofarae</strong></span> <span class='ocrx_word' id='word_1_139' title='bbox 3288 985 3589 1041; x_wconf 69' lang='lat' dir='ltr'><strong>constituta.</strong></span> <span class='ocrx_word' id='word_1_140' title='bbox 3612 987 3673 1039; x_wconf 78' lang='lat' dir='ltr'><strong>di-</strong></span> 
     </span>
    </p>
   </div>
   <div class='ocr_carea' id='block_1_24' title="bbox 2140 1078 3668 1148">
    <p class='ocr_par' dir='ltr' id='par_1_24' title="bbox 2140 1078 3668 1148">
     <span class='ocr_line' id='line_1_24' title="bbox 2140 1078 3668 1148; baseline -0.001 -15"><span class='ocrx_word' id='word_1_141' title='bbox 2140 1095 2297 1134; x_wconf 90' lang='lat' dir='ltr'><strong>verso</strong></span> <span class='ocrx_word' id='word_1_142' title='bbox 2324 1094 2387 1134; x_wconf 89' lang='lat' dir='ltr'><strong>ac</strong></span> <span class='ocrx_word' id='word_1_143' title='bbox 2417 1079 2638 1148; x_wconf 86' lang='lat' dir='ltr'><strong>dispari,</strong></span> <span class='ocrx_word' id='word_1_144' title='bbox 2671 1078 2745 1131; x_wconf 88' lang='lat' dir='ltr'><strong>uti</strong></span> <span class='ocrx_word' id='word_1_145' title='bbox 2775 1078 3027 1141; x_wconf 77' lang='lat' dir='ltr'><strong>diximus,</strong></span> <span class='ocrx_word' id='word_1_146' title='bbox 3078 1092 3174 1146; x_wconf 93' lang='lat' dir='ltr'><strong>pro</strong></span> <span class='ocrx_word' id='word_1_147' title='bbox 3209 1078 3511 1131; x_wconf 89' lang='lat' dir='ltr'><strong>meritorum</strong></span> <span class='ocrx_word' id='word_1_148' title='bbox 3536 1082 3668 1147; x_wconf 83' lang='lat' dir='ltr'><strong>quali-</strong></span> 
     </span>
    </p>
   </div>
   <div class='ocr_carea' id='block_1_25' title="bbox 2142 1168 3669 1236">
    <p class='ocr_par' dir='ltr' id='par_1_25' title="bbox 2142 1168 3669 1236">
     <span class='ocr_line' id='line_1_25' title="bbox 2142 1168 3669 1236; baseline -0.003 -11"><span class='ocrx_word' id='word_1_149' title='bbox 2142 1182 2247 1225; x_wconf 82' lang='lat' dir='ltr'><strong>tate</strong></span> <span class='ocrx_word' id='word_1_150' title='bbox 2271 1172 2490 1226; x_wconf 83' lang='lat' dir='ltr'><strong>transitu</strong></span> <span class='ocrx_word' id='word_1_151' title='bbox 2518 1174 2676 1224; x_wconf 81' lang='lat' dir='ltr'><strong>vitam</strong></span> <span class='ocrx_word' id='word_1_152' title='bbox 2701 1170 2835 1223; x_wconf 85' lang='lat' dir='ltr'><strong>hanc</strong></span> <span class='ocrx_word' id='word_1_153' title='bbox 2861 1170 3264 1236; x_wconf 88' lang='lat' dir='ltr'><strong>corruptibilem</strong></span> <span class='ocrx_word' id='word_1_154' title='bbox 3293 1178 3556 1231; x_wconf 84' lang='lat' dir='ltr'><strong>exuerunt,</strong></span> <span class='ocrx_word' id='word_1_155' title='bbox 3579 1168 3669 1233; x_wconf 70' lang='lat' dir='ltr'><strong>ipsa</strong></span> 
     </span>
    </p>
   </div>
   <div class='ocr_carea' id='block_1_26' title="bbox 2139 1258 3673 1334">
    <p class='ocr_par' dir='ltr' id='par_1_26' title="bbox 2139 1258 3673 1334">
     <span class='ocr_line' id='line_1_26' title="bbox 2139 1258 3673 1334; baseline -0.003 -19"><span class='ocrx_word' id='word_1_156' title='bbox 2139 1280 2352 1334; x_wconf 86' lang='lat' dir='ltr'><strong>quoque</strong></span> <span class='ocrx_word' id='word_1_157' title='bbox 2398 1263 2710 1317; x_wconf 79' lang='lat' dir='ltr'><strong>venerabilis</strong></span> <span class='ocrx_word' id='word_1_158' title='bbox 2757 1261 2918 1315; x_wconf 80' lang='lat' dir='ltr'><strong>Mater</strong></span> <span class='ocrx_word' id='word_1_159' title='bbox 2949 1275 3156 1323; x_wconf 89' lang='lat' dir='ltr'><strong>earum,</strong></span> <span class='ocrx_word' id='word_1_160' title='bbox 3188 1258 3393 1313; x_wconf 60' lang='lat' dir='ltr'><strong>caelesti</strong></span> <span class='ocrx_word' id='word_1_161' title='bbox 3437 1259 3673 1313; x_wconf 83' lang='lat' dir='ltr'><strong>vocatione</strong></span> 
     </span>
    </p>
   </div>
   <div class='ocr_carea' id='block_1_27' title="bbox 2145 1334 3673 1423">
    <p class='ocr_par' dir='ltr' id='par_1_27' title="bbox 2145 1334 3673 1423">
     <span class='ocr_line' id='line_1_27' title="bbox 2145 1334 3673 1423; baseline -0.005 -15"><span class='ocrx_word' id='word_1_162' title='bbox 2145 1356 2326 1423; x_wconf 78' lang='lat' dir='ltr'><strong>digna,</strong></span> <span class='ocrx_word' id='word_1_163' title='bbox 2356 1371 2478 1417; x_wconf 88' lang='lat' dir='ltr'><strong>cum</strong></span> <span class='ocrx_word' id='word_1_164' title='bbox 2514 1355 2693 1407; x_wconf 87' lang='lat' dir='ltr'><strong>multis</strong></span> <span class='ocrx_word' id='word_1_165' title='bbox 2733 1352 2883 1407; x_wconf 82' lang='lat' dir='ltr'><strong>annis</strong></span> <span class='ocrx_word' id='word_1_166' title='bbox 2911 1334 3373 1421; x_wconf 82' lang='lat' dir='ltr'><strong>supramemorato</strong></span> <span class='ocrx_word' id='word_1_167' title='bbox 3396 1352 3673 1401; x_wconf 80' lang='lat' dir='ltr'><strong>monasterio</strong></span> 
     </span>
    </p>
   </div>
   <div class='ocr_carea' id='block_1_28' title="bbox 2142 1438 3671 1510">
    <p class='ocr_par' dir='ltr' id='par_1_28' title="bbox 2142 1438 3671 1510">
     <span class='ocr_line' id='line_1_28' title="bbox 2142 1438 3671 1510; baseline -0.008 -10"><span class='ocrx_word' id='word_1_168' title='bbox 2142 1446 2428 1500; x_wconf 77' lang='lat' dir='ltr'><strong>Evuriacus</strong></span> <span class='ocrx_word' id='word_1_169' title='bbox 2453 1446 2827 1499; x_wconf 84' lang='lat' dir='ltr'><strong>decentissime</strong></span> <span class='ocrx_word' id='word_1_170' title='bbox 2872 1442 3189 1510; x_wconf 59' lang='lat' dir='ltr'><strong>priefuisset,</strong></span> <span class='ocrx_word' id='word_1_171' title='bbox 3225 1438 3456 1507; x_wconf 82' lang='lat' dir='ltr'><strong>corporis</strong></span> <span class='ocrx_word' id='word_1_172' title='bbox 3490 1438 3671 1489; x_wconf 77' lang='lat' dir='ltr'><strong>tandem</strong></span> 
     </span>
    </p>
   </div>
   <div class='ocr_carea' id='block_1_29' title="bbox 2141 1530 3672 1600">
    <p class='ocr_par' dir='ltr' id='par_1_29' title="bbox 2141 1530 3672 1600">
     <span class='ocr_line' id='line_1_29' title="bbox 2141 1530 3672 1600; baseline -0.008 -9"><span class='ocrx_word' id='word_1_173' title='bbox 2141 1540 2443 1592; x_wconf 77' lang='lat' dir='ltr'><strong>infirmitate</strong></span> <span class='ocrx_word' id='word_1_174' title='bbox 2498 1544 2740 1600; x_wconf 83' lang='lat' dir='ltr'><strong>correpta</strong></span> <span class='ocrx_word' id='word_1_175' title='bbox 2772 1573 2786 1597; x_wconf 90' lang='lat'><strong>,</strong></span> <span class='ocrx_word' id='word_1_176' title='bbox 2834 1548 2891 1585; x_wconf 88' lang='grc' dir='ltr'><strong>ιιι</strong></span> <span class='ocrx_word' id='word_1_177' title='bbox 2947 1532 3083 1586; x_wconf 83' lang='grc' dir='ltr'><strong>Νοη.</strong></span> <span class='ocrx_word' id='word_1_178' title='bbox 3130 1530 3301 1598; x_wconf 82' lang='lat' dir='ltr'><strong>April.</strong></span> <span class='ocrx_word' id='word_1_179' title='bbox 3357 1530 3483 1584; x_wconf 83' lang='lat' dir='ltr'><strong>diem</strong></span> <span class='ocrx_word' id='word_1_180' title='bbox 3512 1530 3672 1581; x_wconf 78' lang='lat' dir='ltr'><strong>clausit</strong></span> 
     </span>
    </p>
   </div>
   <div class='ocr_carea' id='block_1_30' title="bbox 2143 1624 3671 1695">
    <p class='ocr_par' dir='ltr' id='par_1_30' title="bbox 2143 1624 3671 1695">
     <span class='ocr_line' id='line_1_30' title="bbox 2143 1624 3671 1695; baseline -0.008 -12"><span class='ocrx_word' id='word_1_181' title='bbox 2143 1644 2465 1684; x_wconf 70' lang='lat' dir='ltr'><strong>extremum.</strong></span> <span class='ocrx_word' id='word_1_182' title='bbox 2492 1627 2716 1682; x_wconf 77' lang='lat' dir='ltr'><strong>coetibus</strong></span> <span class='ocrx_word' id='word_1_183' title='bbox 2746 1635 3020 1695; x_wconf 81' lang='lat' dir='ltr'><strong>aggregata</strong></span> <span class='ocrx_word' id='word_1_184' title='bbox 3042 1624 3308 1693; x_wconf 73' lang='lat' dir='ltr'><strong>virginum</strong></span> <span class='ocrx_word' id='word_1_185' title='bbox 3343 1637 3453 1690; x_wconf 63' lang='lat' dir='ltr'><strong>qua</strong></span> <span class='ocrx_word' id='word_1_186' title='bbox 3476 1636 3671 1690; x_wconf 82' lang='lat' dir='ltr'><strong>sequun-</strong></span> 
     </span>
    </p>
   </div>
   <div class='ocr_carea' id='block_1_31' title="bbox 2142 1710 3674 1791">
    <p class='ocr_par' dir='ltr' id='par_1_31' title="bbox 2142 1710 3674 1791">
     <span class='ocr_line' id='line_1_31' title="bbox 2142 1710 3674 1791; baseline -0.008 -14"><span class='ocrx_word' id='word_1_187' title='bbox 2142 1734 2225 1777; x_wconf 88' lang='lat' dir='ltr'><strong>tur</strong></span> <span class='ocrx_word' id='word_1_188' title='bbox 2286 1726 2495 1791; x_wconf 75' lang='lat' dir='ltr'><strong>Agnum</strong></span> <span class='ocrx_word' id='word_1_189' title='bbox 2564 1722 2877 1788; x_wconf 87' lang='lat' dir='ltr'><strong>quocunque</strong></span> <span class='ocrx_word' id='word_1_190' title='bbox 2942 1710 3101 1781; x_wconf 83' lang='lat' dir='ltr'><strong>ierit,</strong></span> <span class='ocrx_word' id='word_1_191' title='bbox 3150 1718 3419 1769; x_wconf 74' lang='lat' dir='ltr'><strong>cmlestent</strong></span> <span class='ocrx_word' id='word_1_192' title='bbox 3462 1714 3674 1768; x_wconf 74' lang='lat' dir='ltr'><strong>videlicet</strong></span> 
     </span>
    </p>
   </div>
   <div class='ocr_carea' id='block_1_32' title="bbox 2142 1804 3673 1882">
    <p class='ocr_par' dir='ltr' id='par_1_32' title="bbox 2142 1804 3673 1882">
     <span class='ocr_line' id='line_1_32' title="bbox 2142 1804 3673 1882; baseline -0.008 -12"><span class='ocrx_word' id='word_1_193' title='bbox 2142 1816 2425 1882; x_wconf 81' lang='lat' dir='ltr'><strong>Spensum,</strong></span> <span class='ocrx_word' id='word_1_194' title='bbox 2474 1813 2752 1868; x_wconf 86' lang='lat' dir='ltr'><strong>Dominum</strong></span> <span class='ocrx_word' id='word_1_195' title='bbox 2802 1822 3041 1865; x_wconf 73' lang='lat' dir='ltr'><strong>nostrum</strong></span> <span class='ocrx_word' id='word_1_196' title='bbox 3090 1808 3276 1863; x_wconf 71' lang='lat' dir='ltr'><strong>Iesum</strong></span> <span class='ocrx_word' id='word_1_197' title='bbox 3307 1807 3580 1876; x_wconf 67' lang='lat' dir='ltr'><strong>Christum,</strong></span> <span class='ocrx_word' id='word_1_198' title='bbox 3602 1804 3673 1871; x_wconf 81' lang='lat' dir='ltr'><strong>qui</strong></span> 
     </span>
    </p>
   </div>
   <div class='ocr_carea' id='block_1_33' title="bbox 456 1884 3675 1977">
    <p class='ocr_par' dir='ltr' id='par_1_33' title="bbox 456 1884 3675 1977">
     <span class='ocr_line' id='line_1_33' title="bbox 456 1884 3675 1977; baseline -0.003 -17"><span class='ocrx_word' id='word_1_199' title='bbox 456 1922 549 1977; x_wconf 78' lang='lat' dir='ltr'><strong>per</strong></span> <span class='ocrx_word' id='word_1_200' title='bbox 590 1909 977 1963; x_wconf 84' lang='lat' dir='ltr'><strong>confessionem</strong></span> <span class='ocrx_word' id='word_1_201' title='bbox 1016 1908 1212 1976; x_wconf 85' lang='lat' dir='ltr'><strong>pandit.</strong></span> <span class='ocrx_word' id='word_1_202' title='bbox 1239 1907 1437 1963; x_wconf 91' lang='lat' dir='ltr'><strong>Omnes</strong></span> <span class='ocrx_word' id='word_1_203' title='bbox 1478 1923 1604 1961; x_wconf 84' lang='lat' dir='ltr'><strong>vero</strong></span> <span class='ocrx_word' id='word_1_204' title='bbox 1631 1917 1861 1963; x_wconf 87' lang='lat' dir='ltr'><strong>astantes</strong></span> <span class='ocrx_word' id='word_1_205' title='bbox 1906 1922 2025 1961; x_wconf 91' lang='lat' dir='ltr'><strong>cum</strong></span> <span class='ocrx_word' id='word_1_206' title='bbox 2059 1884 2108 1959; x_wconf 74' lang='grc' dir='ltr'><strong>Β</strong></span> <span class='ocrx_word' id='word_1_207' title='bbox 2141 1923 2259 1964; x_wconf 91' lang='lat' dir='ltr'><strong>cum</strong></span> <span class='ocrx_word' id='word_1_208' title='bbox 2291 1908 2447 1962; x_wconf 81' lang='lat' dir='ltr'><strong>Patre</strong></span> <span class='ocrx_word' id='word_1_209' title='bbox 2477 1916 2531 1961; x_wconf 88' lang='lat' dir='ltr'><strong>et</strong></span> <span class='ocrx_word' id='word_1_210' title='bbox 2555 1906 2753 1975; x_wconf 83' lang='lat' dir='ltr'><strong>Spiritu</strong></span> <span class='ocrx_word' id='word_1_211' title='bbox 2783 1914 2966 1959; x_wconf 89' lang='lat' dir='ltr'><strong>sancto</strong></span> <span class='ocrx_word' id='word_1_212' title='bbox 2995 1903 3130 1956; x_wconf 85' lang='lat' dir='ltr'><strong>vivit</strong></span> <span class='ocrx_word' id='word_1_213' title='bbox 3153 1915 3208 1956; x_wconf 88' lang='lat' dir='ltr'><strong>et</strong></span> <span class='ocrx_word' id='word_1_214' title='bbox 3250 1910 3426 1971; x_wconf 86' lang='lat' dir='ltr'><strong>regnat</strong></span> <span class='ocrx_word' id='word_1_215' title='bbox 3455 1898 3578 1952; x_wconf 82' lang='lat' dir='ltr'><strong>Deus</strong></span> <span class='ocrx_word' id='word_1_216' title='bbox 3601 1910 3675 1964; x_wconf 70' lang='lat' dir='ltr'><strong>per</strong></span> 
     </span>
    </p>
   </div>
   <div class='ocr_carea' id='block_1_34' title="bbox 453 1998 2026 2070">
    <p class='ocr_par' dir='ltr' id='par_1_34' title="bbox 453 1998 2026 2070">
     <span class='ocr_line' id='line_1_34' title="bbox 453 1998 2026 2070; baseline -0.001 -15"><span class='ocrx_word' id='word_1_217' title='bbox 453 1998 563 2069; x_wconf 82' lang='lat' dir='ltr'><strong>jam</strong></span> <span class='ocrx_word' id='word_1_218' title='bbox 594 2002 754 2055; x_wconf 79' lang='lat' dir='ltr'><strong>tinem</strong></span> <span class='ocrx_word' id='word_1_219' title='bbox 786 2002 911 2055; x_wconf 66' lang='lat' dir='ltr'><strong>vitae</strong></span> <span class='ocrx_word' id='word_1_220' title='bbox 937 2010 1326 2070; x_wconf 83' lang='lat' dir='ltr'><strong>exspectarent,</strong></span> <span class='ocrx_word' id='word_1_221' title='bbox 1344 2002 1519 2055; x_wconf 88' lang='lat' dir='ltr'><strong>subito</strong></span> <span class='ocrx_word' id='word_1_222' title='bbox 1547 2001 1631 2054; x_wconf 91' lang='lat' dir='ltr'><strong>illa</strong></span> <span class='ocrx_word' id='word_1_223' title='bbox 1656 2001 1833 2055; x_wconf 85' lang='lat' dir='ltr'><strong>divina</strong></span> <span class='ocrx_word' id='word_1_224' title='bbox 1864 2002 2026 2053; x_wconf 86' lang='lat' dir='ltr'><strong>mise-</strong></span> 
     </span>
    </p>
   </div>
   <div class='ocr_carea' id='block_1_35' title="bbox 467 2142 554 2164">
    <p class='ocr_par' dir='ltr' id='par_1_35' title="bbox 467 2142 554 2164">
     <span class='ocr_line' id='line_1_35' title="bbox 467 2142 554 2164; baseline -0.023 0"><span class='ocrx_word' id='word_1_225' title='bbox 467 2142 554 2164; x_wconf 67' lang='grc'><strong>.-</strong></span> 
     </span>
    </p>
   </div>
   <div class='ocr_carea' id='block_1_36' title="bbox 2141 1996 3108 2053">
    <p class='ocr_par' dir='ltr' id='par_1_36' title="bbox 2141 1996 3108 2053">
     <span class='ocr_line' id='line_1_36' title="bbox 2141 1996 3108 2053; baseline -0.007 0"><span class='ocrx_word' id='word_1_226' title='bbox 2141 2000 2319 2053; x_wconf 92' lang='lat' dir='ltr'><strong>omnia</strong></span> <span class='ocrx_word' id='word_1_227' title='bbox 2351 1999 2538 2052; x_wconf 64' lang='lat' dir='ltr'><strong>saecula</strong></span> <span class='ocrx_word' id='word_1_228' title='bbox 2562 1997 2895 2051; x_wconf 67' lang='lat' dir='ltr'><strong>smculorum.</strong></span> <span class='ocrx_word' id='word_1_229' title='bbox 2917 1996 3108 2050; x_wconf 81' lang='lat' dir='ltr'><strong>Amen.</strong></span> 
     </span>
    </p>
   </div>
   <div class='ocr_carea' id='block_1_37' title="bbox 1483 2256 2689 2330">
    <p class='ocr_par' dir='ltr' id='par_1_37' title="bbox 1483 2256 2689 2330">
     <span class='ocr_line' id='line_1_37' title="bbox 1483 2256 2689 2330; baseline -0.001 -3"><span class='ocrx_word' id='word_1_230' title='bbox 1483 2257 1813 2328; x_wconf 81' lang='lat' dir='ltr'><strong>LIBER</strong></span> <span class='ocrx_word' id='word_1_231' title='bbox 1889 2256 2689 2330; x_wconf 81' lang='lat' dir='ltr'><strong>MIRACULORUM</strong></span> 
     </span>
    </p>
   </div>
   <div class='ocr_carea' id='block_1_38' title="bbox 1226 2420 2978 2504">
    <p class='ocr_par' dir='ltr' id='par_1_38' title="bbox 1226 2420 2978 2504">
     <span class='ocr_line' id='line_1_38' title="bbox 1226 2420 2978 2504; baseline -0.003 0"><span class='ocrx_word' id='word_1_232' title='bbox 1226 2425 1302 2504; x_wconf 87' lang='lat' dir='ltr'><strong>S.</strong></span> <span class='ocrx_word' id='word_1_233' title='bbox 1359 2420 1792 2503; x_wconf 78' lang='lat' dir='ltr'><strong>JUANNIS</strong></span> <span class='ocrx_word' id='word_1_234' title='bbox 1852 2424 2279 2501; x_wconf 81' lang='lat' dir='ltr'><strong>ABBATIS</strong></span> <span class='ocrx_word' id='word_1_235' title='bbox 2335 2422 2978 2499; x_wconf 79' lang='lat' dir='ltr'><strong>BEOMAENSIS</strong></span> 
     </span>
    </p>
   </div>
   <div class='ocr_carea' id='block_1_39' title="bbox 766 2572 3407 2639">
    <p class='ocr_par' dir='ltr' id='par_1_39' title="bbox 766 2572 3407 2639">
     <span class='ocr_line' id='line_1_39' title="bbox 766 2572 3407 2639; baseline -0.003 1"><span class='ocrx_word' id='word_1_236' title='bbox 766 2579 936 2639; x_wconf 80' lang='lat' dir='ltr'><strong>POST</strong></span> <span class='ocrx_word' id='word_1_237' title='bbox 976 2578 1189 2637; x_wconf 79' lang='lat' dir='ltr'><strong>VITAM</strong></span> <span class='ocrx_word' id='word_1_238' title='bbox 1228 2578 1316 2634; x_wconf 84' lang='lat' dir='ltr'><strong>AB</strong></span> <span class='ocrx_word' id='word_1_239' title='bbox 1356 2575 1687 2633; x_wconf 77' lang='lat' dir='ltr'><strong>ANONYMO</strong></span> <span class='ocrx_word' id='word_1_240' title='bbox 1734 2576 2169 2631; x_wconf 73' lang='lat' dir='ltr'><strong>DESCRIPTAM</strong></span> <span class='ocrx_word' id='word_1_241' title='bbox 2214 2574 2512 2630; x_wconf 84' lang='lat' dir='ltr'><strong>ADDITUS</strong></span> <span class='ocrx_word' id='word_1_242' title='bbox 2551 2577 2598 2632; x_wconf 83' lang='lat' dir='ltr'><strong>A</strong></span> <span class='ocrx_word' id='word_1_243' title='bbox 2636 2575 2806 2637; x_wconf 74' lang='lat' dir='ltr'><strong>JONA</strong></span> <span class='ocrx_word' id='word_1_244' title='bbox 2848 2573 2982 2633; x_wconf 78' lang='lat' dir='ltr'><strong>PER</strong></span> <span class='ocrx_word' id='word_1_245' title='bbox 3026 2572 3407 2637; x_wconf 66' lang='lat' dir='ltr'><strong>DIALOGUH.</strong></span> 
     </span>
    </p>
   </div>
   <div class='ocr_carea' id='block_1_40' title="bbox 1517 2707 2615 2775">
    <p class='ocr_par' dir='ltr' id='par_1_40' title="bbox 1517 2707 2615 2775">
     <span class='ocr_line' id='line_1_40' title="bbox 1517 2707 2615 2775; baseline -0.001 -15"><span class='ocrx_word' id='word_1_246' title='bbox 1517 2710 1613 2775; x_wconf 78' lang='lat' dir='ltr'><strong>(Ex</strong></span> <span class='ocrx_word' id='word_1_247' title='bbox 1640 2708 1843 2773; x_wconf 70' lang='lat' dir='ltr'><strong>Mabill.,</strong></span> <span class='ocrx_word' id='word_1_248' title='bbox 1872 2711 1992 2761; x_wconf 80' lang='lat' dir='ltr'><strong>Acta</strong></span> <span class='ocrx_word' id='word_1_249' title='bbox 2020 2707 2212 2759; x_wconf 85' lang='lat' dir='ltr'><strong>ordinis</strong></span> <span class='ocrx_word' id='word_1_250' title='bbox 2235 2710 2285 2759; x_wconf 90' lang='lat' dir='ltr'><strong>S.</strong></span> <span class='ocrx_word' id='word_1_251' title='bbox 2314 2711 2615 2761; x_wconf 68' lang='lat' dir='ltr'><strong>BeﬂetiivliJ</strong></span> 
     </span>
    </p>
   </div>
   <div class='ocr_carea' id='block_1_41' title="bbox 521 2912 2021 2989">
    <p class='ocr_par' dir='ltr' id='par_1_41' title="bbox 521 2912 2021 2989">
     <span class='ocr_line' id='line_1_41' title="bbox 521 2912 2021 2989; baseline -0.011 -8"><span class='ocrx_word' id='word_1_252' title='bbox 521 2927 570 2981; x_wconf 78' lang='grc'><strong>1.</strong></span> <span class='ocrx_word' id='word_1_253' title='bbox 598 2921 910 2980; x_wconf 70' lang='lat' dir='ltr'><strong>nev/clventi</strong></span> <span class='ocrx_word' id='word_1_254' title='bbox 937 2921 1131 2989; x_wconf 83' lang='lat' dir='ltr'><strong>iterum</strong></span> <span class='ocrx_word' id='word_1_255' title='bbox 1157 2918 1287 2974; x_wconf 85' lang='lat' dir='ltr'><strong>mihi</strong></span> <span class='ocrx_word' id='word_1_256' title='bbox 1316 2931 1377 2973; x_wconf 89' lang='lat' dir='ltr'><strong>ac</strong></span> <span class='ocrx_word' id='word_1_257' title='bbox 1406 2916 1604 2987; x_wconf 79' lang='lat' dir='ltr'><strong>saepius</strong></span> <span class='ocrx_word' id='word_1_258' title='bbox 1635 2914 1830 2983; x_wconf 82' lang='lat' dir='ltr'><strong>prioris</strong></span> <span class='ocrx_word' id='word_1_259' title='bbox 1856 2912 2021 2967; x_wconf 81' lang='lat' dir='ltr'><strong>libelli</strong></span> 
     </span>
    </p>
   </div>
   <div class='ocr_carea' id='block_1_42' title="bbox 444 3008 2024 3090">
    <p class='ocr_par' dir='ltr' id='par_1_42' title="bbox 444 3008 2024 3090">
     <span class='ocr_line' id='line_1_42' title="bbox 444 3008 2024 3090; baseline -0.008 -16"><span class='ocrx_word' id='word_1_260' title='bbox 444 3018 838 3090; x_wconf 77' lang='lat' dir='ltr'><strong>corpusculum,</strong></span> <span class='ocrx_word' id='word_1_261' title='bbox 894 3014 1229 3085; x_wconf 79' lang='lat' dir='ltr'><strong>surpervenit</strong></span> <span class='ocrx_word' id='word_1_262' title='bbox 1258 3013 1600 3067; x_wconf 81' lang='lat' dir='ltr'><strong>cbarissimus</strong></span> <span class='ocrx_word' id='word_1_263' title='bbox 1628 3019 1810 3064; x_wconf 91' lang='lat' dir='ltr'><strong>noster</strong></span> <span class='ocrx_word' id='word_1_264' title='bbox 1848 3008 2024 3061; x_wconf 72' lang='lat' dir='ltr'><strong>Laetus</strong></span> 
     </span>
    </p>
   </div>
   <div class='ocr_carea' id='block_1_43' title="bbox 444 3102 2024 3180">
    <p class='ocr_par' dir='ltr' id='par_1_43' title="bbox 444 3102 2024 3180">
     <span class='ocr_line' id='line_1_43' title="bbox 444 3102 2024 3180; baseline -0.009 -11"><span class='ocrx_word' id='word_1_265' title='bbox 444 3113 735 3169; x_wconf 82' lang='lat' dir='ltr'><strong>diaconus:</strong></span> <span class='ocrx_word' id='word_1_266' title='bbox 770 3109 836 3163; x_wconf 87' lang='lat' dir='ltr'><strong>ad</strong></span> <span class='ocrx_word' id='word_1_267' title='bbox 861 3108 1014 3178; x_wconf 71' lang='lat' dir='ltr'><strong>cuius</strong></span> <span class='ocrx_word' id='word_1_268' title='bbox 1041 3108 1335 3175; x_wconf 87' lang='lat' dir='ltr'><strong>ingressum</strong></span> <span class='ocrx_word' id='word_1_269' title='bbox 1382 3104 1535 3159; x_wconf 79' lang='lat' dir='ltr'><strong>valde</strong></span> <span class='ocrx_word' id='word_1_270' title='bbox 1568 3102 1798 3180; x_wconf 73' lang='lat' dir='ltr'><strong>gavisus,</strong></span> <span class='ocrx_word' id='word_1_271' title='bbox 1830 3114 2024 3155; x_wconf 80' lang='lat' dir='ltr'><strong>consa-</strong></span> 
     </span>
    </p>
   </div>
   <div class='ocr_carea' id='block_1_44' title="bbox 456 3193 2021 3272">
    <p class='ocr_par' dir='ltr' id='par_1_44' title="bbox 456 3193 2021 3272">
     <span class='ocr_line' id='line_1_44' title="bbox 456 3193 2021 3272; baseline -0.008 -13"><span class='ocrx_word' id='word_1_272' title='bbox 456 3206 746 3272; x_wconf 78' lang='lat' dir='ltr'><strong>lutatisque</strong></span> <span class='ocrx_word' id='word_1_273' title='bbox 764 3200 917 3254; x_wconf 76' lang='lat' dir='ltr'><strong>nobis</strong></span> <span class='ocrx_word' id='word_1_274' title='bbox 946 3196 1336 3253; x_wconf 83' lang='lat' dir='ltr'><strong>officiosissime</strong></span> <span class='ocrx_word' id='word_1_275' title='bbox 1364 3194 1632 3264; x_wconf 84' lang='lat' dir='ltr'><strong>paululum</strong></span> <span class='ocrx_word' id='word_1_276' title='bbox 1663 3193 2021 3247; x_wconf 68' lang='lat' dir='ltr'><strong>consedimus.</strong></span> 
     </span>
    </p>
   </div>
   <div class='ocr_carea' id='block_1_45' title="bbox 444 3283 2021 3365">
    <p class='ocr_par' dir='ltr' id='par_1_45' title="bbox 444 3283 2021 3365">
     <span class='ocr_line' id='line_1_45' title="bbox 444 3283 2021 3365; baseline -0.011 -11"><span class='ocrx_word' id='word_1_277' title='bbox 444 3299 580 3354; x_wconf 75' lang='lat' dir='ltr'><strong>Tum</strong></span> <span class='ocrx_word' id='word_1_278' title='bbox 620 3292 954 3365; x_wconf 76' lang='lat' dir='ltr'><strong>percunctari</strong></span> <span class='ocrx_word' id='word_1_279' title='bbox 1003 3306 1031 3345; x_wconf 91' lang='lat' dir='ltr'><strong>a</strong></span> <span class='ocrx_word' id='word_1_280' title='bbox 1086 3306 1171 3346; x_wconf 87' lang='lat' dir='ltr'><strong>me</strong></span> <span class='ocrx_word' id='word_1_281' title='bbox 1213 3291 1396 3359; x_wconf 72' lang='lat' dir='ltr'><strong>cmpit,</strong></span> <span class='ocrx_word' id='word_1_282' title='bbox 1428 3287 1580 3357; x_wconf 89' lang='lat' dir='ltr'><strong>quasi</strong></span> <span class='ocrx_word' id='word_1_283' title='bbox 1610 3286 1846 3354; x_wconf 86' lang='lat' dir='ltr'><strong>ignarus,</strong></span> <span class='ocrx_word' id='word_1_284' title='bbox 1872 3283 2021 3353; x_wconf 87' lang='lat' dir='ltr'><strong>quid-</strong></span> 
     </span>
    </p>
   </div>
   <div class='ocr_carea' id='block_1_46' title="bbox 440 3369 2023 3456">
    <p class='ocr_par' dir='ltr' id='par_1_46' title="bbox 440 3369 2023 3456">
     <span class='ocr_line' id='line_1_46' title="bbox 440 3369 2023 3456; baseline -0.011 -10"><span class='ocrx_word' id='word_1_285' title='bbox 440 3403 570 3446; x_wconf 73' lang='lat' dir='ltr'><strong>nam</strong></span> <span class='ocrx_word' id='word_1_286' title='bbox 586 3404 613 3440; x_wconf 86' lang='lat' dir='ltr'><strong>a</strong></span> <span class='ocrx_word' id='word_1_287' title='bbox 633 3402 718 3442; x_wconf 88' lang='lat' dir='ltr'><strong>me</strong></span> <span class='ocrx_word' id='word_1_288' title='bbox 733 3386 911 3456; x_wconf 78' lang='lat' dir='ltr'><strong>operis</strong></span> <span class='ocrx_word' id='word_1_289' title='bbox 939 3385 991 3439; x_wconf 84' lang='lat' dir='ltr'><strong>in</strong></span> <span class='ocrx_word' id='word_1_290' title='bbox 1020 3384 1206 3439; x_wconf 82' lang='lat' dir='ltr'><strong>cellula</strong></span> <span class='ocrx_word' id='word_1_291' title='bbox 1230 3369 1497 3450; x_wconf 74' lang='lat' dir='ltr'><strong>ageretur.</strong></span> <span class='ocrx_word' id='word_1_292' title='bbox 1521 3380 1587 3434; x_wconf 85' lang='lat' dir='ltr'><strong>At</strong></span> <span class='ocrx_word' id='word_1_293' title='bbox 1611 3378 1696 3431; x_wconf 83' lang='lat' dir='ltr'><strong>ubi</strong></span> <span class='ocrx_word' id='word_1_294' title='bbox 1717 3394 1779 3432; x_wconf 84' lang='lat' dir='ltr'><strong>ex</strong></span> <span class='ocrx_word' id='word_1_295' title='bbox 1803 3391 2023 3445; x_wconf 69' lang='lat' dir='ltr'><strong>respon-</strong></span> 
     </span>
    </p>
   </div>
   <div class='ocr_carea' id='block_1_47' title="bbox 352 3463 2022 3543">
    <p class='ocr_par' dir='ltr' id='par_1_47' title="bbox 352 3463 2022 3543">
     <span class='ocr_line' id='line_1_47' title="bbox 352 3463 2022 3543; baseline -0.01 -7"><span class='ocrx_word' id='word_1_296' title='bbox 352 3463 363 3471; x_wconf 58' lang='grc'><strong>’</strong></span> <span class='ocrx_word' id='word_1_297' title='bbox 445 3483 601 3535; x_wconf 85' lang='lat' dir='ltr'><strong>sione</strong></span> <span class='ocrx_word' id='word_1_298' title='bbox 646 3489 823 3533; x_wconf 82' lang='lat' dir='ltr'><strong>nostra</strong></span> <span class='ocrx_word' id='word_1_299' title='bbox 874 3479 972 3530; x_wconf 74' lang='lat' dir='ltr'><strong>hoc</strong></span> <span class='ocrx_word' id='word_1_300' title='bbox 1000 3474 1154 3529; x_wconf 83' lang='lat' dir='ltr'><strong>nobis</strong></span> <span class='ocrx_word' id='word_1_301' title='bbox 1177 3474 1371 3543; x_wconf 86' lang='lat' dir='ltr'><strong>reperit</strong></span> <span class='ocrx_word' id='word_1_302' title='bbox 1395 3471 1591 3525; x_wconf 85' lang='lat' dir='ltr'><strong>laboris</strong></span> <span class='ocrx_word' id='word_1_303' title='bbox 1610 3468 1754 3538; x_wconf 83' lang='lat' dir='ltr'><strong>quod</strong></span> <span class='ocrx_word' id='word_1_304' title='bbox 1777 3470 2022 3538; x_wconf 80' lang='lat' dir='ltr'><strong>superius</strong></span> 
     </span>
    </p>
   </div>
   <div class='ocr_carea' id='block_1_48' title="bbox 446 3562 2022 3641">
    <p class='ocr_par' dir='ltr' id='par_1_48' title="bbox 446 3562 2022 3641">
     <span class='ocr_line' id='line_1_48' title="bbox 446 3562 2022 3641; baseline -0.01 -12"><span class='ocrx_word' id='word_1_305' title='bbox 446 3574 580 3641; x_wconf 81' lang='lat' dir='ltr'><strong>dixi,</strong></span> <span class='ocrx_word' id='word_1_306' title='bbox 643 3572 810 3629; x_wconf 80' lang='lat' dir='ltr'><strong>multo</strong></span> <span class='ocrx_word' id='word_1_307' title='bbox 854 3570 1028 3625; x_wconf 69' lang='lat' dir='ltr'><strong>laetior</strong></span> <span class='ocrx_word' id='word_1_308' title='bbox 1075 3568 1331 3632; x_wconf 83' lang='lat' dir='ltr'><strong>redditus,</strong></span> <span class='ocrx_word' id='word_1_309' title='bbox 1356 3576 1517 3636; x_wconf 80' lang='lat' dir='ltr'><strong>atque</strong></span> <span class='ocrx_word' id='word_1_310' title='bbox 1542 3564 1855 3620; x_wconf 75' lang='lat' dir='ltr'><strong>exosculans</strong></span> <span class='ocrx_word' id='word_1_311' title='bbox 1895 3562 2022 3615; x_wconf 83' lang='lat' dir='ltr'><strong>mibi</strong></span> 
     </span>
    </p>
   </div>
   <div class='ocr_carea' id='block_1_49' title="bbox 445 3658 2023 3738">
    <p class='ocr_par' dir='ltr' id='par_1_49' title="bbox 445 3658 2023 3738">
     <span class='ocr_line' id='line_1_49' title="bbox 445 3658 2023 3738; baseline -0.01 -16"><span class='ocrx_word' id='word_1_312' title='bbox 445 3675 635 3738; x_wconf 82' lang='lat' dir='ltr'><strong>caput:</strong></span> <span class='ocrx_word' id='word_1_313' title='bbox 679 3667 815 3721; x_wconf 86' lang='lat' dir='ltr'><strong>Cum</strong></span> <span class='ocrx_word' id='word_1_314' title='bbox 845 3675 919 3731; x_wconf 84' lang='lat' dir='ltr'><strong>te.</strong></span> <span class='ocrx_word' id='word_1_315' title='bbox 954 3664 1140 3733; x_wconf 81' lang='lat' dir='ltr'><strong>inquit,</strong></span> <span class='ocrx_word' id='word_1_316' title='bbox 1168 3663 1431 3732; x_wconf 77' lang='lat' dir='ltr'><strong>legentem</strong></span> <span class='ocrx_word' id='word_1_317' title='bbox 1478 3658 1701 3721; x_wconf 81' lang='lat' dir='ltr'><strong>dudum,</strong></span> <span class='ocrx_word' id='word_1_318' title='bbox 1726 3658 1905 3719; x_wconf 81' lang='lat' dir='ltr'><strong>frater,</strong></span> <span class='ocrx_word' id='word_1_319' title='bbox 1932 3671 2023 3707; x_wconf 85' lang='lat' dir='ltr'><strong>au-</strong></span> 
     </span>
    </p>
   </div>
   <div class='ocr_carea' id='block_1_50' title="bbox 446 3745 2027 3822">
    <p class='ocr_par' dir='ltr' id='par_1_50' title="bbox 446 3745 2027 3822">
     <span class='ocr_line' id='line_1_50' title="bbox 446 3745 2027 3822; baseline -0.011 -8"><span class='ocrx_word' id='word_1_320' title='bbox 446 3761 669 3822; x_wconf 80' lang='lat' dir='ltr'><strong>dissem,</strong></span> <span class='ocrx_word' id='word_1_321' title='bbox 697 3756 894 3811; x_wconf 73' lang='lat' dir='ltr'><strong>sensim</strong></span> <span class='ocrx_word' id='word_1_322' title='bbox 924 3753 994 3807; x_wconf 83' lang='lat' dir='ltr'><strong>ad</strong></span> <span class='ocrx_word' id='word_1_323' title='bbox 1021 3752 1401 3807; x_wconf 73' lang='lat' dir='ltr'><strong>conscienth</strong></span> <span class='ocrx_word' id='word_1_324' title='bbox 1426 3763 1594 3803; x_wconf 85' lang='lat' dir='ltr'><strong>meam</strong></span> <span class='ocrx_word' id='word_1_325' title='bbox 1630 3748 1804 3801; x_wconf 78' lang='lat' dir='ltr'><strong>tacitis</strong></span> <span class='ocrx_word' id='word_1_326' title='bbox 1832 3745 2027 3813; x_wconf 82' lang='lat' dir='ltr'><strong>cogita-</strong></span> 
     </span>
    </p>
   </div>
   <div class='ocr_carea' id='block_1_51' title="bbox 447 3839 2026 3910">
    <p class='ocr_par' dir='ltr' id='par_1_51' title="bbox 447 3839 2026 3910">
     <span class='ocr_line' id='line_1_51' title="bbox 447 3839 2026 3910; baseline -0.009 -4"><span class='ocrx_word' id='word_1_327' title='bbox 447 3851 681 3907; x_wconf 79' lang='lat' dir='ltr'><strong>tionibus</strong></span> <span class='ocrx_word' id='word_1_328' title='bbox 706 3852 846 3903; x_wconf 89' lang='lat' dir='ltr'><strong>meis</strong></span> <span class='ocrx_word' id='word_1_329' title='bbox 871 3848 1233 3908; x_wconf 80' lang='lat' dir='ltr'><strong>tecurrebam.</strong></span> <span class='ocrx_word' id='word_1_330' title='bbox 1253 3856 1552 3899; x_wconf 79' lang='lat' dir='ltr'><strong>utrumnam</strong></span> <span class='ocrx_word' id='word_1_331' title='bbox 1584 3857 1701 3910; x_wconf 75' lang='lat' dir='ltr'><strong>qua:</strong></span> <span class='ocrx_word' id='word_1_332' title='bbox 1724 3841 1792 3894; x_wconf 91' lang='lat' dir='ltr'><strong>de</strong></span> <span class='ocrx_word' id='word_1_333' title='bbox 1809 3839 2026 3894; x_wconf 66' lang='lat' dir='ltr'><strong>Joannis</strong></span> 
     </span>
    </p>
   </div>
   <div class='ocr_carea' id='block_1_52' title="bbox 447 3936 2027 4006">
    <p class='ocr_par' dir='ltr' id='par_1_52' title="bbox 447 3936 2027 4006">
     <span class='ocr_line' id='line_1_52' title="bbox 447 3936 2027 4006; baseline -0.006 -11"><span class='ocrx_word' id='word_1_334' title='bbox 447 3945 729 3999; x_wconf 66' lang='lat' dir='ltr'><strong>uirtutibus</strong></span> <span class='ocrx_word' id='word_1_335' title='bbox 779 3954 1054 4004; x_wconf 82' lang='lat' dir='ltr'><strong>noveram,</strong></span> <span class='ocrx_word' id='word_1_336' title='bbox 1103 3940 1156 3995; x_wconf 84' lang='lat' dir='ltr'><strong>in</strong></span> <span class='ocrx_word' id='word_1_337' title='bbox 1213 3938 1461 4006; x_wconf 62' lang='lat' dir='ltr'><strong>prasenti</strong></span> <span class='ocrx_word' id='word_1_338' title='bbox 1515 3936 1790 3991; x_wconf 81' lang='lat' dir='ltr'><strong>volumine</strong></span> <span class='ocrx_word' id='word_1_339' title='bbox 1821 3944 2027 3989; x_wconf 85' lang='lat' dir='ltr'><strong>teneres</strong></span> 
     </span>
    </p>
   </div>
   <div class='ocr_carea' id='block_1_53' title="bbox 448 4014 2029 4099">
    <p class='ocr_par' dir='ltr' id='par_1_53' title="bbox 448 4014 2029 4099">
     <span class='ocr_line' id='line_1_53' title="bbox 448 4014 2029 4099; baseline -0.005 -13"><span class='ocrx_word' id='word_1_340' title='bbox 448 4034 668 4087; x_wconf 86' lang='lat' dir='ltr'><strong>inserta.</strong></span> <span class='ocrx_word' id='word_1_341' title='bbox 700 4031 807 4087; x_wconf 76' lang='lat' dir='ltr'><strong>Sed</strong></span> <span class='ocrx_word' id='word_1_342' title='bbox 837 4030 962 4099; x_wconf 84' lang='lat' dir='ltr'><strong>quia</strong></span> <span class='ocrx_word' id='word_1_343' title='bbox 994 4030 1087 4083; x_wconf 89' lang='lat' dir='ltr'><strong>tibi</strong></span> <span class='ocrx_word' id='word_1_344' title='bbox 1112 4029 1333 4084; x_wconf 79' lang='lat' dir='ltr'><strong>forsitan</strong></span> <span class='ocrx_word' id='word_1_345' title='bbox 1363 4014 1582 4082; x_wconf 82' lang='lat' dir='ltr'><strong>minime</strong></span> <span class='ocrx_word' id='word_1_346' title='bbox 1612 4033 1732 4079; x_wconf 89' lang='lat' dir='ltr'><strong>nota</strong></span> <span class='ocrx_word' id='word_1_347' title='bbox 1762 4034 1905 4088; x_wconf 69' lang='lat' dir='ltr'><strong>sntit,</strong></span> <span class='ocrx_word' id='word_1_348' title='bbox 1943 4040 2029 4078; x_wconf 90' lang='lat' dir='ltr'><strong>me</strong></span> 
     </span>
    </p>
   </div>
   <div class='ocr_carea' id='block_1_54' title="bbox 448 4118 2028 4195">
    <p class='ocr_par' dir='ltr' id='par_1_54' title="bbox 448 4118 2028 4195">
     <span class='ocr_line' id='line_1_54' title="bbox 448 4118 2028 4195; baseline -0.004 -21"><span class='ocrx_word' id='word_1_349' title='bbox 448 4136 632 4195; x_wconf 67' lang='lat' dir='ltr'><strong>quaeso</strong></span> <span class='ocrx_word' id='word_1_350' title='bbox 688 4123 985 4191; x_wconf 81' lang='lat' dir='ltr'><strong>explicante</strong></span> <span class='ocrx_word' id='word_1_351' title='bbox 1042 4119 1371 4176; x_wconf 78' lang='lat' dir='ltr'><strong>conscribas.</strong></span> <span class='ocrx_word' id='word_1_352' title='bbox 1435 4118 1489 4171; x_wconf 91' lang='lat' dir='ltr'><strong>In</strong></span> <span class='ocrx_word' id='word_1_353' title='bbox 1541 4119 1677 4170; x_wconf 87' lang='lat' dir='ltr'><strong>hunc</strong></span> <span class='ocrx_word' id='word_1_354' title='bbox 1730 4130 2028 4169; x_wconf 74' lang='lat' dir='ltr'><strong>sermonem</strong></span> 
     </span>
    </p>
   </div>
   <div class='ocr_carea' id='block_1_55' title="bbox 451 4215 2027 4289">
    <p class='ocr_par' dir='ltr' id='par_1_55' title="bbox 451 4215 2027 4289">
     <span class='ocr_line' id='line_1_55' title="bbox 451 4215 2027 4289; baseline -0.008 -15"><span class='ocrx_word' id='word_1_355' title='bbox 451 4232 677 4289; x_wconf 87' lang='lat' dir='ltr'><strong>uterque</strong></span> <span class='ocrx_word' id='word_1_356' title='bbox 709 4217 976 4287; x_wconf 87' lang='lat' dir='ltr'><strong>paululum</strong></span> <span class='ocrx_word' id='word_1_357' title='bbox 1014 4215 1389 4280; x_wconf 87' lang='lat' dir='ltr'><strong>conticuimus,</strong></span> <span class='ocrx_word' id='word_1_358' title='bbox 1417 4225 1502 4267; x_wconf 88' lang='lat' dir='ltr'><strong>me</strong></span> <span class='ocrx_word' id='word_1_359' title='bbox 1542 4218 1720 4265; x_wconf 87' lang='lat' dir='ltr'><strong>tamen</strong></span> <span class='ocrx_word' id='word_1_360' title='bbox 1760 4220 2027 4279; x_wconf 80' lang='lat' dir='ltr'><strong>poscente,</strong></span> 
     </span>
    </p>
   </div>
   <div class='ocr_carea' id='block_1_56' title="bbox 451 4312 1479 4368">
    <p class='ocr_par' dir='ltr' id='par_1_56' title="bbox 451 4312 1479 4368">
     <span class='ocr_line' id='line_1_56' title="bbox 451 4312 1479 4368; baseline -0.008 -1"><span class='ocrx_word' id='word_1_361' title='bbox 451 4312 667 4368; x_wconf 83' lang='lat' dir='ltr'><strong>tandem</strong></span> <span class='ocrx_word' id='word_1_362' title='bbox 701 4312 769 4364; x_wconf 83' lang='lat' dir='ltr'><strong>ita</strong></span> <span class='ocrx_word' id='word_1_363' title='bbox 804 4322 1026 4364; x_wconf 87' lang='lat' dir='ltr'><strong>exorsus</strong></span> <span class='ocrx_word' id='word_1_364' title='bbox 1054 4317 1155 4362; x_wconf 85' lang='lat' dir='ltr'><strong>est.</strong></span> <span class='ocrx_word' id='word_1_365' title='bbox 1474 4354 1479 4359; x_wconf 82' lang='lat'><strong>.</strong></span> 
     </span>
    </p>
   </div>
   <div class='ocr_carea' id='block_1_57' title="bbox 520 4392 2030 4468">
    <p class='ocr_par' dir='ltr' id='par_1_57' title="bbox 520 4392 2030 4468">
     <span class='ocr_line' id='line_1_57' title="bbox 520 4392 2030 4468; baseline -0.006 -14"><span class='ocrx_word' id='word_1_366' title='bbox 520 4403 578 4456; x_wconf 67' lang='lat'><strong>2.</strong></span> <span class='ocrx_word' id='word_1_367' title='bbox 608 4401 846 4468; x_wconf 81' lang='lat' dir='ltr'><strong>Quadam</strong></span> <span class='ocrx_word' id='word_1_368' title='bbox 879 4400 965 4454; x_wconf 88' lang='lat' dir='ltr'><strong>die</strong></span> <span class='ocrx_word' id='word_1_369' title='bbox 995 4400 1197 4453; x_wconf 80' lang='lat' dir='ltr'><strong>exstitit</strong></span> <span class='ocrx_word' id='word_1_370' title='bbox 1240 4408 1401 4451; x_wconf 79' lang='lat' dir='ltr'><strong>causa</strong></span> <span class='ocrx_word' id='word_1_371' title='bbox 1444 4409 1545 4465; x_wconf 84' lang='lat' dir='ltr'><strong>qua</strong></span> <span class='ocrx_word' id='word_1_372' title='bbox 1574 4394 1639 4447; x_wconf 89' lang='lat' dir='ltr'><strong>ad</strong></span> <span class='ocrx_word' id='word_1_373' title='bbox 1668 4392 2030 4448; x_wconf 80' lang='lat' dir='ltr'><strong>Seeundiuum</strong></span> 
     </span>
    </p>
   </div>
   <div class='ocr_carea' id='block_1_58' title="bbox 450 4486 2029 4566">
    <p class='ocr_par' dir='ltr' id='par_1_58' title="bbox 450 4486 2029 4566">
     <span class='ocr_line' id='line_1_58' title="bbox 450 4486 2029 4566; baseline -0.009 -15"><span class='ocrx_word' id='word_1_374' title='bbox 450 4496 733 4566; x_wconf 82' lang='lat' dir='ltr'><strong>patricium</strong></span> <span class='ocrx_word' id='word_1_375' title='bbox 771 4494 1051 4560; x_wconf 68' lang='lat' dir='ltr'><strong>epistolam</strong></span> <span class='ocrx_word' id='word_1_376' title='bbox 1082 4493 1249 4546; x_wconf 84' lang='lat' dir='ltr'><strong>sancti</strong></span> <span class='ocrx_word' id='word_1_377' title='bbox 1273 4490 1490 4545; x_wconf 78' lang='lat' dir='ltr'><strong>Joannis</strong></span> <span class='ocrx_word' id='word_1_378' title='bbox 1521 4500 1615 4555; x_wconf 79' lang='lat' dir='ltr'><strong>pro</strong></span> <span class='ocrx_word' id='word_1_379' title='bbox 1640 4486 1868 4556; x_wconf 77' lang='lat' dir='ltr'><strong>quodam</strong></span> <span class='ocrx_word' id='word_1_380' title='bbox 1900 4499 2029 4553; x_wconf 81' lang='lat' dir='ltr'><strong>pau-</strong></span> 
     </span>
    </p>
   </div>
   <div class='ocr_carea' id='block_1_59' title="bbox 2128 2904 3665 2978">
    <p class='ocr_par' dir='ltr' id='par_1_59' title="bbox 2128 2904 3665 2978">
     <span class='ocr_line' id='line_1_59' title="bbox 2128 2904 3665 2978; baseline 0.001 -14"><span class='ocrx_word' id='word_1_381' title='bbox 2128 2910 2293 2965; x_wconf 87' lang='lat' dir='ltr'><strong>nimio</strong></span> <span class='ocrx_word' id='word_1_382' title='bbox 2318 2908 2586 2978; x_wconf 73' lang='lat' dir='ltr'><strong>jactantize</strong></span> <span class='ocrx_word' id='word_1_383' title='bbox 2615 2907 2792 2964; x_wconf 88' lang='lat' dir='ltr'><strong>furore</strong></span> <span class='ocrx_word' id='word_1_384' title='bbox 2818 2920 3107 2963; x_wconf 87' lang='lat' dir='ltr'><strong>succensus</strong></span> <span class='ocrx_word' id='word_1_385' title='bbox 3150 2906 3434 2962; x_wconf 82' lang='lat' dir='ltr'><strong>scabellum</strong></span> <span class='ocrx_word' id='word_1_386' title='bbox 3462 2904 3575 2977; x_wconf 86' lang='lat' dir='ltr'><strong>pede</strong></span> <span class='ocrx_word' id='word_1_387' title='bbox 3596 2908 3665 2965; x_wconf 63' lang='lat' dir='ltr'><strong>leo</strong></span> 
     </span>
    </p>
   </div>
   <div class='ocr_carea' id='block_1_60' title="bbox 2127 2998 3667 3069">
    <p class='ocr_par' dir='ltr' id='par_1_60' title="bbox 2127 2998 3667 3069">
     <span class='ocr_line' id='line_1_60' title="bbox 2127 2998 3667 3069; baseline -0.001 -15"><span class='ocrx_word' id='word_1_388' title='bbox 2127 2999 2318 3065; x_wconf 87' lang='lat' dir='ltr'><strong>riebat,</strong></span> <span class='ocrx_word' id='word_1_389' title='bbox 2351 3002 2624 3069; x_wconf 78' lang='lat' dir='ltr'><strong>femurque</strong></span> <span class='ocrx_word' id='word_1_390' title='bbox 2664 2999 2835 3067; x_wconf 89' lang='lat' dir='ltr'><strong>palma</strong></span> <span class='ocrx_word' id='word_1_391' title='bbox 2887 2998 3129 3064; x_wconf 86' lang='lat' dir='ltr'><strong>illiserat,</strong></span> <span class='ocrx_word' id='word_1_392' title='bbox 3158 3000 3293 3067; x_wconf 85' lang='lat' dir='ltr'><strong>jam,</strong></span> <span class='ocrx_word' id='word_1_393' title='bbox 3325 3008 3379 3051; x_wconf 91' lang='lat' dir='ltr'><strong>ut</strong></span> <span class='ocrx_word' id='word_1_394' title='bbox 3406 2998 3667 3053; x_wconf 63' lang='grc' dir='ltr'><strong>ιιι-εὐοδω-</strong></span> 
     </span>
    </p>
   </div>
   <div class='ocr_carea' id='block_1_61' title="bbox 2126 3090 3664 3163">
    <p class='ocr_par' dir='ltr' id='par_1_61' title="bbox 2126 3090 3664 3163">
     <span class='ocr_line' id='line_1_61' title="bbox 2126 3090 3664 3163; baseline 0.001 -17"><span class='ocrx_word' id='word_1_395' title='bbox 2126 3090 2361 3162; x_wconf 80' lang='lat' dir='ltr'><strong>fidoque,</strong></span> <span class='ocrx_word' id='word_1_396' title='bbox 2393 3094 2583 3163; x_wconf 87' lang='lat' dir='ltr'><strong>angelo</strong></span> <span class='ocrx_word' id='word_1_397' title='bbox 2610 3093 2887 3162; x_wconf 81' lang='lat' dir='ltr'><strong>ingruente</strong></span> <span class='ocrx_word' id='word_1_398' title='bbox 2915 3093 3231 3157; x_wconf 81' lang='lat' dir='ltr'><strong>exterritus,</strong></span> <span class='ocrx_word' id='word_1_399' title='bbox 3280 3093 3385 3145; x_wconf 87' lang='lat' dir='ltr'><strong>imo</strong></span> <span class='ocrx_word' id='word_1_400' title='bbox 3411 3093 3552 3147; x_wconf 84' lang='lat' dir='ltr'><strong>nimio</strong></span> <span class='ocrx_word' id='word_1_401' title='bbox 3576 3102 3664 3147; x_wconf 86' lang='lat' dir='ltr'><strong>tre-</strong></span> 
     </span>
    </p>
   </div>
   <div class='ocr_carea' id='block_1_62' title="bbox 2128 3183 3670 3247">
    <p class='ocr_par' dir='ltr' id='par_1_62' title="bbox 2128 3183 3670 3247">
     <span class='ocr_line' id='line_1_62' title="bbox 2128 3183 3670 3247; baseline 0 -10"><span class='ocrx_word' id='word_1_402' title='bbox 2128 3199 2278 3237; x_wconf 87' lang='lat' dir='ltr'><strong>more</strong></span> <span class='ocrx_word' id='word_1_403' title='bbox 2328 3193 2601 3237; x_wconf 87' lang='lat' dir='ltr'><strong>contortus</strong></span> <span class='ocrx_word' id='word_1_404' title='bbox 2630 3223 2645 3247; x_wconf 91' lang='lat'><strong>,</strong></span> <span class='ocrx_word' id='word_1_405' title='bbox 2712 3183 2970 3238; x_wconf 89' lang='lat' dir='ltr'><strong>intellexit</strong></span> <span class='ocrx_word' id='word_1_406' title='bbox 3027 3198 3085 3237; x_wconf 89' lang='lat' dir='ltr'><strong>se</strong></span> <span class='ocrx_word' id='word_1_407' title='bbox 3143 3186 3213 3237; x_wconf 90' lang='lat' dir='ltr'><strong>ob</strong></span> <span class='ocrx_word' id='word_1_408' title='bbox 3276 3186 3439 3238; x_wconf 84' lang='lat' dir='ltr'><strong>sancti</strong></span> <span class='ocrx_word' id='word_1_409' title='bbox 3491 3184 3670 3237; x_wconf 79' lang='lat' dir='ltr'><strong>Joannis</strong></span> 
     </span>
    </p>
   </div>
   <div class='ocr_carea' id='block_1_63' title="bbox 2128 3271 3662 3345">
    <p class='ocr_par' dir='ltr' id='par_1_63' title="bbox 2128 3271 3662 3345">
     <span class='ocr_line' id='line_1_63' title="bbox 2128 3271 3662 3345; baseline -0.003 -17"><span class='ocrx_word' id='word_1_410' title='bbox 2128 3272 2371 3341; x_wconf 82' lang='lat' dir='ltr'><strong>epistolae</strong></span> <span class='ocrx_word' id='word_1_411' title='bbox 2394 3280 2756 3341; x_wconf 87' lang='lat' dir='ltr'><strong>contemptum</strong></span> <span class='ocrx_word' id='word_1_412' title='bbox 2789 3271 2886 3324; x_wconf 90' lang='lat' dir='ltr'><strong>ista</strong></span> <span class='ocrx_word' id='word_1_413' title='bbox 2925 3271 3181 3341; x_wconf 84' lang='lat' dir='ltr'><strong>perferre.</strong></span> <span class='ocrx_word' id='word_1_414' title='bbox 3220 3272 3403 3345; x_wconf 81' lang='lat' dir='ltr'><strong>Itaque</strong></span> <span class='ocrx_word' id='word_1_415' title='bbox 3424 3286 3506 3340; x_wconf 89' lang='lat' dir='ltr'><strong>per</strong></span> <span class='ocrx_word' id='word_1_416' title='bbox 3529 3273 3662 3324; x_wconf 84' lang='lat' dir='ltr'><strong>inter-</strong></span> 
     </span>
    </p>
   </div>
   <div class='ocr_carea' id='block_1_64' title="bbox 2125 3362 3657 3438">
    <p class='ocr_par' dir='ltr' id='par_1_64' title="bbox 2125 3362 3657 3438">
     <span class='ocr_line' id='line_1_64' title="bbox 2125 3362 3657 3438; baseline 0 -21"><span class='ocrx_word' id='word_1_417' title='bbox 2125 3364 2338 3438; x_wconf 83' lang='lat' dir='ltr'><strong>nuntios</strong></span> <span class='ocrx_word' id='word_1_418' title='bbox 2405 3362 2537 3417; x_wconf 83' lang='lat' dir='ltr'><strong>lidos</strong></span> <span class='ocrx_word' id='word_1_419' title='bbox 2593 3364 2799 3417; x_wconf 89' lang='lat' dir='ltr'><strong>veniam</strong></span> <span class='ocrx_word' id='word_1_420' title='bbox 2866 3363 3178 3431; x_wconf 86' lang='lat' dir='ltr'><strong>precabatur</strong></span> <span class='ocrx_word' id='word_1_421' title='bbox 3210 3405 3227 3428; x_wconf 86' lang='lat'><strong>,</strong></span> <span class='ocrx_word' id='word_1_422' title='bbox 3283 3362 3657 3418; x_wconf 77' lang='lat' dir='ltr'><strong>omnimodislc</strong></span> 
     </span>
    </p>
   </div>
   <div class='ocr_carea' id='block_1_65' title="bbox 2123 3457 3619 3529">
    <p class='ocr_par' dir='ltr' id='par_1_65' title="bbox 2123 3457 3619 3529">
     <span class='ocr_line' id='line_1_65' title="bbox 2123 3457 3619 3529; baseline -0.001 -16"><span class='ocrx_word' id='word_1_423' title='bbox 2123 3457 2342 3513; x_wconf 75' lang='lat' dir='ltr'><strong>Joannis</strong></span> <span class='ocrx_word' id='word_1_424' title='bbox 2362 3458 2685 3529; x_wconf 85' lang='lat' dir='ltr'><strong>jussiouibus</strong></span> <span class='ocrx_word' id='word_1_425' title='bbox 2714 3458 3056 3526; x_wconf 65' lang='lat' dir='ltr'><strong>praebiturum</strong></span> <span class='ocrx_word' id='word_1_426' title='bbox 3082 3472 3333 3513; x_wconf 85' lang='lat' dir='ltr'><strong>asserens</strong></span> <span class='ocrx_word' id='word_1_427' title='bbox 3360 3460 3619 3512; x_wconf 75' lang='lat' dir='ltr'><strong>famulatum</strong></span> 
     </span>
    </p>
   </div>
   <div class='ocr_carea' id='block_1_66' title="bbox 2126 3549 3659 3629">
    <p class='ocr_par' dir='ltr' id='par_1_66' title="bbox 2126 3549 3659 3629">
     <span class='ocr_line' id='line_1_66' title="bbox 2126 3549 3659 3629; baseline -0.001 -26"><span class='ocrx_word' id='word_1_428' title='bbox 2126 3552 2370 3605; x_wconf 79' lang='lat' dir='ltr'><strong>universo</strong></span> <span class='ocrx_word' id='word_1_429' title='bbox 2405 3565 2616 3629; x_wconf 84' lang='lat' dir='ltr'><strong>quoque</strong></span> <span class='ocrx_word' id='word_1_430' title='bbox 2662 3566 2781 3619; x_wconf 69' lang='lat' dir='ltr'><strong>qua:</strong></span> <span class='ocrx_word' id='word_1_431' title='bbox 2818 3551 3053 3619; x_wconf 73' lang='lat' dir='ltr'><strong>iusserat</strong></span> <span class='ocrx_word' id='word_1_432' title='bbox 3097 3552 3278 3604; x_wconf 87' lang='lat' dir='ltr'><strong>statim</strong></span> <span class='ocrx_word' id='word_1_433' title='bbox 3322 3549 3537 3605; x_wconf 86' lang='lat' dir='ltr'><strong>decrevit</strong></span> <span class='ocrx_word' id='word_1_434' title='bbox 3564 3563 3659 3602; x_wconf 69' lang='lat' dir='ltr'><strong>esse</strong></span> 
     </span>
    </p>
   </div>
   <div class='ocr_carea' id='block_1_67' title="bbox 2132 3634 3657 3712">
    <p class='ocr_par' dir='ltr' id='par_1_67' title="bbox 2132 3634 3657 3712">
     <span class='ocr_line' id='line_1_67' title="bbox 2132 3634 3657 3712; baseline -0.004 -13"><span class='ocrx_word' id='word_1_435' title='bbox 2132 3644 2468 3708; x_wconf 82' lang='lat' dir='ltr'><strong>complenda,</strong></span> <span class='ocrx_word' id='word_1_436' title='bbox 2514 3652 2715 3697; x_wconf 86' lang='lat' dir='ltr'><strong>tantum</strong></span> <span class='ocrx_word' id='word_1_437' title='bbox 2773 3634 2827 3697; x_wconf 71' lang='grc' dir='ltr'><strong>ιῖι</strong></span> <span class='ocrx_word' id='word_1_438' title='bbox 2858 3659 2954 3712; x_wconf 90' lang='lat' dir='ltr'><strong>pro</strong></span> <span class='ocrx_word' id='word_1_439' title='bbox 2983 3659 3043 3699; x_wconf 84' lang='lat' dir='ltr'><strong>se</strong></span> <span class='ocrx_word' id='word_1_440' title='bbox 3074 3643 3358 3697; x_wconf 87' lang='lat' dir='ltr'><strong>Dominum</strong></span> <span class='ocrx_word' id='word_1_441' title='bbox 3387 3651 3657 3712; x_wconf 66' lang='lat' dir='ltr'><strong>mutaretur.</strong></span> 
     </span>
    </p>
   </div>
   <div class='ocr_carea' id='block_1_68' title="bbox 2127 3734 3657 3813">
    <p class='ocr_par' dir='ltr' id='par_1_68' title="bbox 2127 3734 3657 3813">
     <span class='ocr_line' id='line_1_68' title="bbox 2127 3734 3657 3813; baseline 0.001 -25"><span class='ocrx_word' id='word_1_442' title='bbox 2127 3738 2243 3801; x_wconf 77' lang='lat' dir='ltr'><strong>Quo</strong></span> <span class='ocrx_word' id='word_1_443' title='bbox 2276 3735 2413 3788; x_wconf 86' lang='lat' dir='ltr'><strong>facto</strong></span> <span class='ocrx_word' id='word_1_444' title='bbox 2443 3744 2495 3787; x_wconf 87' lang='lat' dir='ltr'><strong>et</strong></span> <span class='ocrx_word' id='word_1_445' title='bbox 2516 3734 2606 3789; x_wconf 78' lang='lat' dir='ltr'><strong>ille</strong></span> <span class='ocrx_word' id='word_1_446' title='bbox 2633 3736 2840 3809; x_wconf 83' lang='lat' dir='ltr'><strong>recepit</strong></span> <span class='ocrx_word' id='word_1_447' title='bbox 2859 3737 3191 3813; x_wconf 19' lang='lat' dir='ltr'><strong>sosp‘itatem,</strong></span> <span class='ocrx_word' id='word_1_448' title='bbox 3208 3744 3265 3790; x_wconf 88' lang='lat' dir='ltr'><strong>et</strong></span> <span class='ocrx_word' id='word_1_449' title='bbox 3293 3734 3377 3792; x_wconf 83' lang='lat' dir='ltr'><strong>hic</strong></span> <span class='ocrx_word' id='word_1_450' title='bbox 3396 3735 3519 3806; x_wconf 68' lang='lat' dir='ltr'><strong>Quod</strong></span> <span class='ocrx_word' id='word_1_451' title='bbox 3541 3746 3657 3802; x_wconf 71' lang='lat' dir='ltr'><strong>roga-</strong></span> 
     </span>
    </p>
   </div>
   <div class='ocr_carea' id='block_1_69' title="bbox 2124 3826 2615 3894">
    <p class='ocr_par' dir='ltr' id='par_1_69' title="bbox 2124 3826 2615 3894">
     <span class='ocr_line' id='line_1_69' title="bbox 2124 3826 2615 3894; baseline -0.006 -13"><span class='ocrx_word' id='word_1_452' title='bbox 2124 3834 2276 3881; x_wconf 82' lang='lat' dir='ltr'><strong>verat</strong></span> <span class='ocrx_word' id='word_1_453' title='bbox 2297 3826 2615 3894; x_wconf 85' lang='lat' dir='ltr'><strong>impetravit.</strong></span> 
     </span>
    </p>
   </div>
   <div class='ocr_carea' id='block_1_70' title="bbox 2200 3914 3659 3987">
    <p class='ocr_par' dir='ltr' id='par_1_70' title="bbox 2200 3914 3659 3987">
     <span class='ocr_line' id='line_1_70' title="bbox 2200 3914 3659 3987; baseline -0.002 -17"><span class='ocrx_word' id='word_1_454' title='bbox 2200 3918 2251 3972; x_wconf 77' lang='lat'><strong>3.</strong></span> <span class='ocrx_word' id='word_1_455' title='bbox 2285 3917 2350 3976; x_wconf 77' lang='lat' dir='ltr'><strong>At</strong></span> <span class='ocrx_word' id='word_1_456' title='bbox 2378 3933 2496 3987; x_wconf 90' lang='lat' dir='ltr'><strong>ego,</strong></span> <span class='ocrx_word' id='word_1_457' title='bbox 2530 3918 2769 3987; x_wconf 86' lang='lat' dir='ltr'><strong>inquam,</strong></span> <span class='ocrx_word' id='word_1_458' title='bbox 2814 3918 2980 3983; x_wconf 68' lang='lat' dir='ltr'><strong>Late,</strong></span> <span class='ocrx_word' id='word_1_459' title='bbox 3009 3916 3131 3972; x_wconf 86' lang='lat' dir='ltr'><strong>licet</strong></span> <span class='ocrx_word' id='word_1_460' title='bbox 3161 3931 3191 3969; x_wconf 89' lang='lat' dir='ltr'><strong>a</strong></span> <span class='ocrx_word' id='word_1_461' title='bbox 3220 3928 3274 3972; x_wconf 87' lang='lat' dir='ltr'><strong>te</strong></span> <span class='ocrx_word' id='word_1_462' title='bbox 3304 3919 3399 3971; x_wconf 88' lang='lat' dir='ltr'><strong>ista</strong></span> <span class='ocrx_word' id='word_1_463' title='bbox 3419 3917 3593 3970; x_wconf 78' lang='lat' dir='ltr'><strong>audiam</strong></span> <span class='ocrx_word' id='word_1_464' title='bbox 3612 3914 3659 3967; x_wconf 66' lang='grc' dir='ltr'>ιι.</span> 
     </span>
    </p>
   </div>
   <div class='ocr_carea' id='block_1_71' title="bbox 2127 4007 3654 4079">
    <p class='ocr_par' dir='ltr' id='par_1_71' title="bbox 2127 4007 3654 4079">
     <span class='ocr_line' id='line_1_71' title="bbox 2127 4007 3654 4079; baseline -0.004 -15"><span class='ocrx_word' id='word_1_465' title='bbox 2127 4010 2423 4079; x_wconf 84' lang='lat' dir='ltr'><strong>benterquc</strong></span> <span class='ocrx_word' id='word_1_466' title='bbox 2470 4010 2777 4076; x_wconf 85' lang='lat' dir='ltr'><strong>suscipiam,</strong></span> <span class='ocrx_word' id='word_1_467' title='bbox 2836 4010 2977 4064; x_wconf 79' lang='lat' dir='ltr'><strong>illius</strong></span> <span class='ocrx_word' id='word_1_468' title='bbox 3004 4021 3182 4062; x_wconf 84' lang='lat' dir='ltr'><strong>tamen</strong></span> <span class='ocrx_word' id='word_1_469' title='bbox 3216 4007 3423 4066; x_wconf 85' lang='lat' dir='ltr'><strong>virtutis</strong></span> <span class='ocrx_word' id='word_1_470' title='bbox 3450 4008 3654 4075; x_wconf 79' lang='lat' dir='ltr'><strong>magnitu-</strong></span> 
     </span>
    </p>
   </div>
   <div class='ocr_carea' id='block_1_72' title="bbox 2128 4101 3651 4170">
    <p class='ocr_par' dir='ltr' id='par_1_72' title="bbox 2128 4101 3651 4170">
     <span class='ocr_line' id='line_1_72' title="bbox 2128 4101 3651 4170; baseline -0.001 -15"><span class='ocrx_word' id='word_1_471' title='bbox 2128 4101 2307 4157; x_wconf 86' lang='lat' dir='ltr'><strong>dinem</strong></span> <span class='ocrx_word' id='word_1_472' title='bbox 2340 4112 2396 4156; x_wconf 87' lang='lat' dir='ltr'><strong>ut</strong></span> <span class='ocrx_word' id='word_1_473' title='bbox 2421 4103 2633 4157; x_wconf 80' lang='lat' dir='ltr'><strong>referas</strong></span> <span class='ocrx_word' id='word_1_474' title='bbox 2652 4116 2853 4168; x_wconf 74' lang='lat' dir='ltr'><strong>quaeso,</strong></span> <span class='ocrx_word' id='word_1_475' title='bbox 2882 4114 3041 4170; x_wconf 89' lang='lat' dir='ltr'><strong>quam</strong></span> <span class='ocrx_word' id='word_1_476' title='bbox 3072 4102 3187 4170; x_wconf 84' lang='lat' dir='ltr'><strong>ipse</strong></span> <span class='ocrx_word' id='word_1_477' title='bbox 3216 4110 3277 4155; x_wconf 90' lang='lat' dir='ltr'><strong>ut</strong></span> <span class='ocrx_word' id='word_1_478' title='bbox 3301 4110 3525 4155; x_wconf 84' lang='lat' dir='ltr'><strong>asserunt</strong></span> <span class='ocrx_word' id='word_1_479' title='bbox 3562 4111 3651 4166; x_wconf 78' lang='lat' dir='ltr'><strong>ptr-</strong></span> 
     </span>
    </p>
   </div>
   <div class='ocr_carea' id='block_1_73' title="bbox 2129 4190 3653 4265">
    <p class='ocr_par' dir='ltr' id='par_1_73' title="bbox 2129 4190 3653 4265">
     <span class='ocr_line' id='line_1_73' title="bbox 2129 4190 3653 4265; baseline -0.007 -14"><span class='ocrx_word' id='word_1_480' title='bbox 2129 4197 2369 4251; x_wconf 86' lang='lat' dir='ltr'><strong>sensisti.</strong></span> <span class='ocrx_word' id='word_1_481' title='bbox 2433 4196 2526 4259; x_wconf 89' lang='lat' dir='ltr'><strong>Ita,</strong></span> <span class='ocrx_word' id='word_1_482' title='bbox 2577 4193 2745 4264; x_wconf 87' lang='lat' dir='ltr'><strong>inquit</strong></span> <span class='ocrx_word' id='word_1_483' title='bbox 2795 4194 2997 4265; x_wconf 67' lang='lat' dir='ltr'><strong>Laetus,</strong></span> <span class='ocrx_word' id='word_1_484' title='bbox 3046 4194 3202 4263; x_wconf 80' lang='lat' dir='ltr'><strong>plane</strong></span> <span class='ocrx_word' id='word_1_485' title='bbox 3251 4194 3457 4249; x_wconf 78' lang='lat' dir='ltr'><strong>faciant.</strong></span> <span class='ocrx_word' id='word_1_486' title='bbox 3481 4194 3569 4248; x_wconf 80' lang='lat' dir='ltr'><strong>Lac</strong></span> <span class='ocrx_word' id='word_1_487' title='bbox 3590 4190 3653 4244; x_wconf 75' lang='lat' dir='ltr'><strong>illa</strong></span> 
     </span>
    </p>
   </div>
   <div class='ocr_carea' id='block_1_74' title="bbox 2132 4283 3655 4361">
    <p class='ocr_par' dir='ltr' id='par_1_74' title="bbox 2132 4283 3655 4361">
     <span class='ocr_line' id='line_1_74' title="bbox 2132 4283 3655 4361; baseline -0.001 -21"><span class='ocrx_word' id='word_1_488' title='bbox 2132 4286 2497 4361; x_wconf 81' lang='lat' dir='ltr'><strong>[inguinaria],</strong></span> <span class='ocrx_word' id='word_1_489' title='bbox 2541 4303 2697 4355; x_wconf 80' lang='lat' dir='ltr'><strong>quam</strong></span> <span class='ocrx_word' id='word_1_490' title='bbox 2751 4288 2952 4341; x_wconf 88' lang='lat' dir='ltr'><strong>utinam</strong></span> <span class='ocrx_word' id='word_1_491' title='bbox 2983 4285 3285 4350; x_wconf 83' lang='lat' dir='ltr'><strong>nesciretis,</strong></span> <span class='ocrx_word' id='word_1_492' title='bbox 3322 4297 3534 4349; x_wconf 86' lang='lat' dir='ltr'><strong>nostros,</strong></span> <span class='ocrx_word' id='word_1_493' title='bbox 3558 4283 3655 4338; x_wconf 76' lang='lat' dir='ltr'><strong>into</strong></span> 
     </span>
    </p>
   </div>
   <div class='ocr_carea' id='block_1_75' title="bbox 2130 4370 3654 4446">
    <p class='ocr_par' dir='ltr' id='par_1_75' title="bbox 2130 4370 3654 4446">
     <span class='ocr_line' id='line_1_75' title="bbox 2130 4370 3654 4446; baseline 0.001 -14"><span class='ocrx_word' id='word_1_494' title='bbox 2130 4376 2263 4441; x_wconf 88' lang='lat' dir='ltr'><strong>Deo,</strong></span> <span class='ocrx_word' id='word_1_495' title='bbox 2308 4380 2531 4446; x_wconf 87' lang='lat' dir='ltr'><strong>populos</strong></span> <span class='ocrx_word' id='word_1_496' title='bbox 2564 4380 2897 4446; x_wconf 89' lang='lat' dir='ltr'><strong>patriamque</strong></span> <span class='ocrx_word' id='word_1_497' title='bbox 2925 4385 3186 4439; x_wconf 74' lang='lat' dir='ltr'><strong>vastante,</strong></span> <span class='ocrx_word' id='word_1_498' title='bbox 3220 4374 3348 4429; x_wconf 82' lang='lat' dir='ltr'><strong>dum</strong></span> <span class='ocrx_word' id='word_1_499' title='bbox 3376 4376 3439 4431; x_wconf 86' lang='lat' dir='ltr'><strong>de</strong></span> <span class='ocrx_word' id='word_1_500' title='bbox 3474 4370 3654 4433; x_wconf 61' lang='grc' dir='ltr'><strong>Ριιίιᾶ</strong></span> 
     </span>
    </p>
   </div>
   <div class='ocr_carea' id='block_1_76' title="bbox 2133 4462 3655 4538">
    <p class='ocr_par' dir='ltr' id='par_1_76' title="bbox 2133 4462 3655 4538">
     <span class='ocr_line' id='line_1_76' title="bbox 2133 4462 3655 4538; baseline -0.003 -14"><span class='ocrx_word' id='word_1_501' title='bbox 2133 4471 2221 4525; x_wconf 90' lang='lat' dir='ltr'><strong>ubi</strong></span> <span class='ocrx_word' id='word_1_502' title='bbox 2275 4481 2401 4525; x_wconf 90' lang='lat' dir='ltr'><strong>tunc</strong></span> <span class='ocrx_word' id='word_1_503' title='bbox 2456 4470 2708 4538; x_wconf 87' lang='lat' dir='ltr'><strong>temporis</strong></span> <span class='ocrx_word' id='word_1_504' title='bbox 2765 4467 3165 4528; x_wconf 79' lang='lat' dir='ltr'><strong>dominabatur.</strong></span> <span class='ocrx_word' id='word_1_505' title='bbox 3214 4462 3655 4533; x_wconf 65' lang='lat' dir='ltr'><strong>maneret,de</strong></span> 
     </span>
    </p>
   </div>
   <div class='ocr_carea' id='block_1_77' title="bbox 418 4556 3656 4656">
    <p class='ocr_par' dir='ltr' id='par_1_77' title="bbox 418 4556 3656 4656">
     <span class='ocr_line' id='line_1_77' title="bbox 418 4556 3656 4656; baseline -0.01 -14"><span class='ocrx_word' id='word_1_506' title='bbox 418 4650 421 4653; x_wconf 18' lang='grc' dir='ltr'>δ</span> <span class='ocrx_word' id='word_1_507' title='bbox 452 4556 673 4656; x_wconf 74' lang='lat' dir='ltr'><strong>percqu</strong></span> <span class='ocrx_word' id='word_1_508' title='bbox 698 4556 1045 4648; x_wconf 85' lang='lat' dir='ltr'><strong>deferebam;</strong></span> <span class='ocrx_word' id='word_1_509' title='bbox 1085 4597 1241 4652; x_wconf 77' lang='lat' dir='ltr'><strong>quam</strong></span> <span class='ocrx_word' id='word_1_510' title='bbox 1281 4580 1555 4647; x_wconf 81' lang='lat' dir='ltr'><strong>epistolam</strong></span> <span class='ocrx_word' id='word_1_511' title='bbox 1582 4577 1916 4632; x_wconf 77' lang='lat' dir='ltr'><strong>Secundinus</strong></span> <span class='ocrx_word' id='word_1_512' title='bbox 1940 4592 2033 4643; x_wconf 71' lang='lat' dir='ltr'><strong>pa-</strong></span> <span class='ocrx_word' id='word_1_513' title='bbox 2063 4578 2116 4640; x_wconf 80' lang='grc' dir='ltr'>ι)</span> <span class='ocrx_word' id='word_1_514' title='bbox 2138 4579 2224 4619; x_wconf 84' lang='lat' dir='ltr'><strong>me</strong></span> <span class='ocrx_word' id='word_1_515' title='bbox 2254 4566 2422 4619; x_wconf 87' lang='lat' dir='ltr'><strong>morbi</strong></span> <span class='ocrx_word' id='word_1_516' title='bbox 2447 4561 2589 4656; x_wconf 60' lang='lat' dir='ltr'><strong>sensi</strong></span> <span class='ocrx_word' id='word_1_517' title='bbox 2614 4560 2931 4656; x_wconf 71' lang='lat' dir='ltr'><strong>contagione</strong></span> <span class='ocrx_word' id='word_1_518' title='bbox 2956 4559 3429 4629; x_wconf 81' lang='lat' dir='ltr'><strong>comprehensum.</strong></span> <span class='ocrx_word' id='word_1_519' title='bbox 3480 4556 3541 4656; x_wconf 70' lang='lat' dir='ltr'><strong>At</strong></span> <span class='ocrx_word' id='word_1_520' title='bbox 3572 4566 3656 4607; x_wconf 70' lang='lat' dir='ltr'><strong>eu-</strong></span> 
     </span>
    </p>
   </div>
   <div class='ocr_carea' id='block_1_78' title="bbox 454 4666 2032 4743">
    <p class='ocr_par' dir='ltr' id='par_1_78' title="bbox 454 4666 2032 4743">
     <span class='ocr_line' id='line_1_78' title="bbox 454 4666 2032 4743; baseline -0.005 -12"><span class='ocrx_word' id='word_1_521' title='bbox 454 4678 637 4731; x_wconf 82' lang='lat' dir='ltr'><strong>tricius</strong></span> <span class='ocrx_word' id='word_1_522' title='bbox 679 4678 922 4731; x_wconf 88' lang='lat' dir='ltr'><strong>manibus</strong></span> <span class='ocrx_word' id='word_1_523' title='bbox 974 4672 1432 4743; x_wconf 80' lang='lat' dir='ltr'><strong>comprehensam,</strong></span> <span class='ocrx_word' id='word_1_524' title='bbox 1488 4680 1543 4723; x_wconf 90' lang='lat' dir='ltr'><strong>ut</strong></span> <span class='ocrx_word' id='word_1_525' title='bbox 1598 4670 1843 4739; x_wconf 82' lang='lat' dir='ltr'><strong>cognovit</strong></span> <span class='ocrx_word' id='word_1_526' title='bbox 1879 4666 2032 4736; x_wconf 82' lang='lat' dir='ltr'><strong>cujus</strong></span> 
     </span>
    </p>
   </div>
   <div class='ocr_carea' id='block_1_79' title="bbox 458 4762 2032 4838">
    <p class='ocr_par' dir='ltr' id='par_1_79' title="bbox 458 4762 2032 4838">
     <span class='ocr_line' id='line_1_79' title="bbox 458 4762 2032 4838; baseline -0.008 -12"><span class='ocrx_word' id='word_1_527' title='bbox 458 4786 636 4826; x_wconf 62' lang='lat' dir='ltr'><strong>eausa</strong></span> <span class='ocrx_word' id='word_1_528' title='bbox 665 4770 884 4826; x_wconf 82' lang='lat' dir='ltr'><strong>obtentu</strong></span> <span class='ocrx_word' id='word_1_529' title='bbox 915 4770 1089 4825; x_wconf 88' lang='lat' dir='ltr'><strong>delata</strong></span> <span class='ocrx_word' id='word_1_530' title='bbox 1121 4766 1313 4832; x_wconf 81' lang='lat' dir='ltr'><strong>fuerat,</strong></span> <span class='ocrx_word' id='word_1_531' title='bbox 1354 4764 1590 4838; x_wconf 74' lang='lat' dir='ltr'><strong>pedibus</strong></span> <span class='ocrx_word' id='word_1_532' title='bbox 1618 4762 2032 4819; x_wconf 72' lang='lat' dir='ltr'><strong>conculcandam</strong></span> 
     </span>
    </p>
   </div>
   <div class='ocr_carea' id='block_1_80' title="bbox 456 4857 2033 4934">
    <p class='ocr_par' dir='ltr' id='par_1_80' title="bbox 456 4857 2033 4934">
     <span class='ocr_line' id='line_1_80' title="bbox 456 4857 2033 4934; baseline -0.009 -16"><span class='ocrx_word' id='word_1_533' title='bbox 456 4863 702 4934; x_wconf 73' lang='lat' dir='ltr'><strong>proiecit,</strong></span> <span class='ocrx_word' id='word_1_534' title='bbox 734 4863 968 4931; x_wconf 85' lang='lat' dir='ltr'><strong>mihique</strong></span> <span class='ocrx_word' id='word_1_535' title='bbox 1001 4862 1169 4916; x_wconf 85' lang='lat' dir='ltr'><strong>minas</strong></span> <span class='ocrx_word' id='word_1_536' title='bbox 1197 4858 1485 4913; x_wconf 75' lang='lat' dir='ltr'><strong>conabatur</strong></span> <span class='ocrx_word' id='word_1_537' title='bbox 1526 4857 1802 4919; x_wconf 83' lang='lat' dir='ltr'><strong>intentare,</strong></span> <span class='ocrx_word' id='word_1_538' title='bbox 1833 4869 1895 4907; x_wconf 89' lang='lat' dir='ltr'><strong>ac</strong></span> <span class='ocrx_word' id='word_1_539' title='bbox 1939 4862 2033 4905; x_wconf 89' lang='lat' dir='ltr'><strong>tu—</strong></span> 
     </span>
    </p>
   </div>
   <div class='ocr_carea' id='block_1_81' title="bbox 457 4948 2032 5020">
    <p class='ocr_par' dir='ltr' id='par_1_81' title="bbox 457 4948 2032 5020">
     <span class='ocr_line' id='line_1_81' title="bbox 457 4948 2032 5020; baseline -0.01 -7"><span class='ocrx_word' id='word_1_540' title='bbox 457 4960 623 5013; x_wconf 82' lang='lat' dir='ltr'><strong>menti</strong></span> <span class='ocrx_word' id='word_1_541' title='bbox 656 4958 865 5010; x_wconf 84' lang='lat' dir='ltr'><strong>eervlce</strong></span> <span class='ocrx_word' id='word_1_542' title='bbox 895 4954 1109 5010; x_wconf 80' lang='lat' dir='ltr'><strong>rabidos</strong></span> <span class='ocrx_word' id='word_1_543' title='bbox 1135 4954 1377 5005; x_wconf 80' lang='lat' dir='ltr'><strong>intonare</strong></span> <span class='ocrx_word' id='word_1_544' title='bbox 1417 4960 1710 5020; x_wconf 75' lang='lat' dir='ltr'><strong>sermones,</strong></span> <span class='ocrx_word' id='word_1_545' title='bbox 1744 4948 2032 5001; x_wconf 70' lang='lat' dir='ltr'><strong>scabellum</strong></span> 
     </span>
    </p>
   </div>
   <div class='ocr_carea' id='block_1_82' title="bbox 456 5036 2033 5120">
    <p class='ocr_par' dir='ltr' id='par_1_82' title="bbox 456 5036 2033 5120">
     <span class='ocr_line' id='line_1_82' title="bbox 456 5036 2033 5120; baseline -0.01 -16"><span class='ocrx_word' id='word_1_546' title='bbox 456 5050 591 5120; x_wconf 87' lang='lat' dir='ltr'><strong>pede</strong></span> <span class='ocrx_word' id='word_1_547' title='bbox 647 5047 847 5111; x_wconf 82' lang='lat' dir='ltr'><strong>ferire,</strong></span> <span class='ocrx_word' id='word_1_548' title='bbox 903 5047 1176 5112; x_wconf 83' lang='lat' dir='ltr'><strong>palmaque</strong></span> <span class='ocrx_word' id='word_1_549' title='bbox 1219 5039 1469 5095; x_wconf 87' lang='lat' dir='ltr'><strong>collidere</strong></span> <span class='ocrx_word' id='word_1_550' title='bbox 1513 5040 1697 5093; x_wconf 88' lang='lat' dir='ltr'><strong>femur.</strong></span> <span class='ocrx_word' id='word_1_551' title='bbox 1759 5037 1891 5090; x_wconf 83' lang='lat' dir='ltr'><strong>Vere</strong></span> <span class='ocrx_word' id='word_1_552' title='bbox 1941 5036 2033 5090; x_wconf 79' lang='lat' dir='ltr'><strong>tibi</strong></span> 
     </span>
    </p>
   </div>
   <div class='ocr_carea' id='block_1_83' title="bbox 454 5130 2033 5206">
    <p class='ocr_par' dir='ltr' id='par_1_83' title="bbox 454 5130 2033 5206">
     <span class='ocr_line' id='line_1_83' title="bbox 454 5130 2033 5206; baseline -0.008 -13"><span class='ocrx_word' id='word_1_553' title='bbox 454 5140 629 5193; x_wconf 86' lang='lat' dir='ltr'><strong>fateor</strong></span> <span class='ocrx_word' id='word_1_554' title='bbox 679 5138 799 5206; x_wconf 80' lang='lat' dir='ltr'><strong>quin</strong></span> <span class='ocrx_word' id='word_1_555' title='bbox 857 5135 958 5189; x_wconf 83' lang='lat' dir='ltr'><strong>vidi</strong></span> <span class='ocrx_word' id='word_1_556' title='bbox 1016 5135 1281 5187; x_wconf 78' lang='lat' dir='ltr'><strong>hominem</strong></span> <span class='ocrx_word' id='word_1_557' title='bbox 1329 5130 1583 5185; x_wconf 84' lang='lat' dir='ltr'><strong>insanire.</strong></span> <span class='ocrx_word' id='word_1_558' title='bbox 1619 5131 1684 5184; x_wconf 86' lang='lat' dir='ltr'><strong>At</strong></span> <span class='ocrx_word' id='word_1_559' title='bbox 1713 5144 1810 5199; x_wconf 78' lang='lat' dir='ltr'><strong>ego</strong></span> <span class='ocrx_word' id='word_1_560' title='bbox 1849 5144 1943 5180; x_wconf 83' lang='lat' dir='ltr'><strong>nec</strong></span> <span class='ocrx_word' id='word_1_561' title='bbox 1983 5130 2033 5181; x_wconf 88' lang='lat' dir='ltr'><strong>in</strong></span> 
     </span>
    </p>
   </div>
   <div class='ocr_carea' id='block_1_84' title="bbox 454 5222 2035 5299">
    <p class='ocr_par' dir='ltr' id='par_1_84' title="bbox 454 5222 2035 5299">
     <span class='ocr_line' id='line_1_84' title="bbox 454 5222 2035 5299; baseline -0.009 -12"><span class='ocrx_word' id='word_1_562' title='bbox 454 5242 623 5287; x_wconf 83' lang='lat' dir='ltr'><strong>totum</strong></span> <span class='ocrx_word' id='word_1_563' title='bbox 650 5230 935 5299; x_wconf 85' lang='lat' dir='ltr'><strong>evangelici</strong></span> <span class='ocrx_word' id='word_1_564' title='bbox 964 5230 1240 5281; x_wconf 79' lang='lat' dir='ltr'><strong>immemor</strong></span> <span class='ocrx_word' id='word_1_565' title='bbox 1274 5223 1542 5291; x_wconf 65' lang='lat' dir='ltr'><strong>irrazcepti,</strong></span> <span class='ocrx_word' id='word_1_566' title='bbox 1564 5237 1788 5296; x_wconf 74' lang='lat' dir='ltr'><strong>excusso</strong></span> <span class='ocrx_word' id='word_1_567' title='bbox 1820 5222 2035 5288; x_wconf 76' lang='lat' dir='ltr'><strong>pulvere</strong></span> 
     </span>
    </p>
   </div>
   <div class='ocr_carea' id='block_1_85' title="bbox 456 5314 2036 5391">
    <p class='ocr_par' dir='ltr' id='par_1_85' title="bbox 456 5314 2036 5391">
     <span class='ocr_line' id='line_1_85' title="bbox 456 5314 2036 5391; baseline -0.009 -12"><span class='ocrx_word' id='word_1_568' title='bbox 456 5326 522 5379; x_wconf 91' lang='lat' dir='ltr'><strong>dc</strong></span> <span class='ocrx_word' id='word_1_569' title='bbox 557 5322 771 5391; x_wconf 85' lang='lat' dir='ltr'><strong>pedibus</strong></span> <span class='ocrx_word' id='word_1_570' title='bbox 806 5318 1225 5386; x_wconf 82' lang='lat' dir='ltr'><strong>meis,abscessi.</strong></span> <span class='ocrx_word' id='word_1_571' title='bbox 1256 5315 1624 5384; x_wconf 80' lang='lat' dir='ltr'><strong>Continuoque</strong></span> <span class='ocrx_word' id='word_1_572' title='bbox 1656 5329 1849 5383; x_wconf 81' lang='lat' dir='ltr'><strong>pavore</strong></span> <span class='ocrx_word' id='word_1_573' title='bbox 1874 5314 2036 5365; x_wconf 71' lang='lat' dir='ltr'><strong>nimio</strong></span> 
     </span>
    </p>
   </div>
   <div class='ocr_carea' id='block_1_86' title="bbox 457 5405 2035 5474">
    <p class='ocr_par' dir='ltr' id='par_1_86' title="bbox 457 5405 2035 5474">
     <span class='ocr_line' id='line_1_86' title="bbox 457 5405 2035 5474; baseline -0.009 -5"><span class='ocrx_word' id='word_1_574' title='bbox 457 5412 800 5469; x_wconf 71' lang='lat' dir='ltr'><strong>Secundinus</strong></span> <span class='ocrx_word' id='word_1_575' title='bbox 857 5411 1175 5474; x_wconf 87' lang='lat' dir='ltr'><strong>concutitur,</strong></span> <span class='ocrx_word' id='word_1_576' title='bbox 1224 5424 1289 5462; x_wconf 84' lang='lat' dir='ltr'><strong>ac</strong></span> <span class='ocrx_word' id='word_1_577' title='bbox 1319 5410 1600 5465; x_wconf 81' lang='lat' dir='ltr'><strong>tenebrosa</strong></span> <span class='ocrx_word' id='word_1_578' title='bbox 1645 5405 2035 5474; x_wconf 79' lang='lat' dir='ltr'><strong>quodammodo</strong></span> 
     </span>
    </p>
   </div>
   <div class='ocr_carea' id='block_1_87' title="bbox 457 5498 2035 5573">
    <p class='ocr_par' dir='ltr' id='par_1_87' title="bbox 457 5498 2035 5573">
     <span class='ocr_line' id='line_1_87' title="bbox 457 5498 2035 5573; baseline -0.006 -16"><span class='ocrx_word' id='word_1_579' title='bbox 457 5506 633 5557; x_wconf 81' lang='lat' dir='ltr'><strong>noctis</strong></span> <span class='ocrx_word' id='word_1_580' title='bbox 661 5503 888 5573; x_wconf 73' lang='lat' dir='ltr'><strong>caligine</strong></span> <span class='ocrx_word' id='word_1_581' title='bbox 918 5504 1307 5565; x_wconf 70' lang='grc' dir='ltr'>οἱιριιιηιὶειιιιτς</span> <span class='ocrx_word' id='word_1_582' title='bbox 1341 5509 1395 5553; x_wconf 85' lang='lat' dir='ltr'><strong>et</strong></span> <span class='ocrx_word' id='word_1_583' title='bbox 1441 5502 1584 5553; x_wconf 85' lang='lat' dir='ltr'><strong>velut</strong></span> <span class='ocrx_word' id='word_1_584' title='bbox 1632 5498 1860 5565; x_wconf 77' lang='lat' dir='ltr'><strong>undique</strong></span> <span class='ocrx_word' id='word_1_585' title='bbox 1901 5513 2035 5565; x_wconf 69' lang='lat' dir='ltr'><strong>pra:-</strong></span> 
     </span>
    </p>
   </div>
   <div class='ocr_carea' id='block_1_88' title="bbox 458 5588 2035 5655">
    <p class='ocr_par' dir='ltr' id='par_1_88' title="bbox 458 5588 2035 5655">
     <span class='ocr_line' id='line_1_88' title="bbox 458 5588 2035 5655; baseline -0.008 -6"><span class='ocrx_word' id='word_1_586' title='bbox 458 5596 624 5651; x_wconf 85' lang='lat' dir='ltr'><strong>acutls</strong></span> <span class='ocrx_word' id='word_1_587' title='bbox 649 5606 788 5650; x_wconf 85' lang='lat' dir='ltr'><strong>esset</strong></span> <span class='ocrx_word' id='word_1_588' title='bbox 816 5594 1031 5648; x_wconf 85' lang='lat' dir='ltr'><strong>sudibus</strong></span> <span class='ocrx_word' id='word_1_589' title='bbox 1054 5594 1427 5655; x_wconf 82' lang='lat' dir='ltr'><strong>circumactus,</strong></span> <span class='ocrx_word' id='word_1_590' title='bbox 1446 5592 1519 5643; x_wconf 85' lang='lat' dir='ltr'><strong>ita</strong></span> <span class='ocrx_word' id='word_1_591' title='bbox 1545 5600 1709 5643; x_wconf 83' lang='lat' dir='ltr'><strong>totum</strong></span> <span class='ocrx_word' id='word_1_592' title='bbox 1737 5592 1784 5641; x_wconf 78' lang='lat' dir='ltr'><strong>in</strong></span> <span class='ocrx_word' id='word_1_593' title='bbox 1814 5588 2035 5640; x_wconf 82' lang='lat' dir='ltr'><strong>diversis</strong></span> 
     </span>
    </p>
   </div>
   <div class='ocr_carea' id='block_1_89' title="bbox 460 5680 2031 5757">
    <p class='ocr_par' dir='ltr' id='par_1_89' title="bbox 460 5680 2031 5757">
     <span class='ocr_line' id='line_1_89' title="bbox 460 5680 2031 5757; baseline -0.008 -16"><span class='ocrx_word' id='word_1_594' title='bbox 460 5690 633 5744; x_wconf 76' lang='lat' dir='ltr'><strong>modis</strong></span> <span class='ocrx_word' id='word_1_595' title='bbox 657 5686 995 5757; x_wconf 79' lang='lat' dir='ltr'><strong>partibusque</strong></span> <span class='ocrx_word' id='word_1_596' title='bbox 1023 5698 1213 5751; x_wconf 85' lang='lat' dir='ltr'><strong>corpus</strong></span> <span class='ocrx_word' id='word_1_597' title='bbox 1248 5684 1383 5737; x_wconf 80' lang='lat' dir='ltr'><strong>illius</strong></span> <span class='ocrx_word' id='word_1_598' title='bbox 1401 5696 1647 5736; x_wconf 86' lang='lat' dir='ltr'><strong>cerneres</strong></span> <span class='ocrx_word' id='word_1_599' title='bbox 1672 5680 2031 5747; x_wconf 63' lang='lat' dir='ltr'><strong>CODIOI&#39;quterl.</strong></span> 
     </span>
    </p>
   </div>
   <div class='ocr_carea' id='block_1_90' title="bbox 456 5774 2060 5853">
    <p class='ocr_par' dir='ltr' id='par_1_90' title="bbox 456 5774 2060 5853">
     <span class='ocr_line' id='line_1_90' title="bbox 456 5774 2060 5853; baseline -0.009 -15"><span class='ocrx_word' id='word_1_600' title='bbox 456 5784 789 5853; x_wconf 78' lang='lat' dir='ltr'><strong>Obstupesco</strong></span> <span class='ocrx_word' id='word_1_601' title='bbox 837 5784 910 5835; x_wconf 88' lang='lat' dir='ltr'><strong>rei</strong></span> <span class='ocrx_word' id='word_1_602' title='bbox 959 5780 1293 5834; x_wconf 83' lang='lat' dir='ltr'><strong>miraculum.</strong></span> <span class='ocrx_word' id='word_1_603' title='bbox 1351 5780 1521 5843; x_wconf 82' lang='lat' dir='ltr'><strong>Quam</strong></span> <span class='ocrx_word' id='word_1_604' title='bbox 1568 5778 1673 5830; x_wconf 85' lang='lat' dir='ltr'><strong>cito</strong></span> <span class='ocrx_word' id='word_1_605' title='bbox 1726 5774 2060 5829; x_wconf 80' lang='lat' dir='ltr'><strong>commulati-</strong></span> 
     </span>
    </p>
   </div>
   <div class='ocr_carea' id='block_1_91' title="bbox 458 5868 2036 5937">
    <p class='ocr_par' dir='ltr' id='par_1_91' title="bbox 458 5868 2036 5937">
     <span class='ocr_line' id='line_1_91' title="bbox 458 5868 2036 5937; baseline -0.008 -7"><span class='ocrx_word' id='word_1_606' title='bbox 458 5894 601 5933; x_wconf 84' lang='lat' dir='ltr'><strong>urtus</strong></span> <span class='ocrx_word' id='word_1_607' title='bbox 650 5880 701 5931; x_wconf 90' lang='lat' dir='ltr'><strong>in</strong></span> <span class='ocrx_word' id='word_1_608' title='bbox 750 5893 901 5935; x_wconf 84' lang='lat' dir='ltr'><strong>usum</strong></span> <span class='ocrx_word' id='word_1_609' title='bbox 934 5876 1090 5933; x_wconf 82' lang='lat' dir='ltr'><strong>alium</strong></span> <span class='ocrx_word' id='word_1_610' title='bbox 1123 5870 1481 5927; x_wconf 73' lang='lat' dir='ltr'><strong>transierunt!</strong></span> <span class='ocrx_word' id='word_1_611' title='bbox 1514 5868 1586 5929; x_wconf 79' lang='lat' dir='ltr'><strong>ita</strong></span> <span class='ocrx_word' id='word_1_612' title='bbox 1626 5880 1685 5928; x_wconf 77' lang='lat' dir='ltr'><strong>ut</strong></span> <span class='ocrx_word' id='word_1_613' title='bbox 1718 5869 1805 5937; x_wconf 80' lang='lat' dir='ltr'><strong>qui</strong></span> <span class='ocrx_word' id='word_1_614' title='bbox 1836 5868 2036 5922; x_wconf 82' lang='lat' dir='ltr'><strong>dudum</strong></span> 
     </span>
    </p>
   </div>
   <div class='ocr_carea' id='block_1_92' title="bbox 2142 4648 3659 4723">
    <p class='ocr_par' dir='ltr' id='par_1_92' title="bbox 2142 4648 3659 4723">
     <span class='ocr_line' id='line_1_92' title="bbox 2142 4648 3659 4723; baseline -0.006 -14"><span class='ocrx_word' id='word_1_615' title='bbox 2142 4657 2337 4711; x_wconf 87' lang='lat' dir='ltr'><strong>ulceris</strong></span> <span class='ocrx_word' id='word_1_616' title='bbox 2369 4654 2536 4723; x_wconf 84' lang='lat' dir='ltr'><strong>ipsius</strong></span> <span class='ocrx_word' id='word_1_617' title='bbox 2565 4652 2869 4722; x_wconf 81' lang='lat' dir='ltr'><strong>gravamine</strong></span> <span class='ocrx_word' id='word_1_618' title='bbox 2919 4665 3212 4722; x_wconf 81' lang='lat' dir='ltr'><strong>Oppressus</strong></span> <span class='ocrx_word' id='word_1_619' title='bbox 3255 4652 3345 4706; x_wconf 86' lang='lat' dir='ltr'><strong>vix</strong></span> <span class='ocrx_word' id='word_1_620' title='bbox 3398 4650 3459 4705; x_wconf 89' lang='lat' dir='ltr'><strong>ad</strong></span> <span class='ocrx_word' id='word_1_621' title='bbox 3496 4648 3659 4703; x_wconf 73' lang='lat' dir='ltr'><strong>dorsal</strong></span> 
     </span>
    </p>
   </div>
   <div class='ocr_carea' id='block_1_93' title="bbox 2139 4738 3659 4817">
    <p class='ocr_par' dir='ltr' id='par_1_93' title="bbox 2139 4738 3659 4817">
     <span class='ocr_line' id='line_1_93' title="bbox 2139 4738 3659 4817; baseline -0.006 -18"><span class='ocrx_word' id='word_1_622' title='bbox 2139 4748 2406 4817; x_wconf 85' lang='lat' dir='ltr'><strong>propriam</strong></span> <span class='ocrx_word' id='word_1_623' title='bbox 2434 4743 2815 4814; x_wconf 86' lang='lat' dir='ltr'><strong>pervenissem,</strong></span> <span class='ocrx_word' id='word_1_624' title='bbox 2850 4741 3029 4811; x_wconf 89' lang='lat' dir='ltr'><strong>ibique</strong></span> <span class='ocrx_word' id='word_1_625' title='bbox 3072 4741 3480 4810; x_wconf 65' lang='lat' dir='ltr'><strong>prmalescente</strong></span> <span class='ocrx_word' id='word_1_626' title='bbox 3506 4738 3659 4791; x_wconf 72' lang='lat' dir='ltr'><strong>iason-</strong></span> 
     </span>
    </p>
   </div>
   <div class='ocr_carea' id='block_1_94' title="bbox 2139 4824 3660 4905">
    <p class='ocr_par' dir='ltr' id='par_1_94' title="bbox 2139 4824 3660 4905">
     <span class='ocr_line' id='line_1_94' title="bbox 2139 4824 3660 4905; baseline -0.009 -12"><span class='ocrx_word' id='word_1_627' title='bbox 2139 4838 2297 4894; x_wconf 91' lang='lat' dir='ltr'><strong>modo</strong></span> <span class='ocrx_word' id='word_1_628' title='bbox 2322 4852 2457 4905; x_wconf 86' lang='lat' dir='ltr'><strong>pene</strong></span> <span class='ocrx_word' id='word_1_629' title='bbox 2496 4835 2738 4905; x_wconf 73' lang='lat' dir='ltr'><strong>iacerem</strong></span> <span class='ocrx_word' id='word_1_630' title='bbox 2762 4832 3047 4899; x_wconf 85' lang='lat' dir='ltr'><strong>exanimis,</strong></span> <span class='ocrx_word' id='word_1_631' title='bbox 3094 4847 3157 4887; x_wconf 91' lang='lat' dir='ltr'><strong>ac</strong></span> <span class='ocrx_word' id='word_1_632' title='bbox 3184 4831 3321 4887; x_wconf 84' lang='lat' dir='ltr'><strong>tristi</strong></span> <span class='ocrx_word' id='word_1_633' title='bbox 3348 4824 3660 4888; x_wconf 73' lang='lat' dir='ltr'><strong>mmreatisfa-</strong></span> 
     </span>
    </p>
   </div>
   <div class='ocr_carea' id='block_1_95' title="bbox 3710 110 3771 191">
    <p class='ocr_par' dir='ltr' id='par_1_95' title="bbox 3710 110 3771 191">
     <span class='ocr_line' id='line_1_95' title="bbox 3710 110 3771 191; baseline 0 0"><span class='ocrx_word' id='word_1_634' title='bbox 3710 110 3771 191; x_wconf 62' lang='grc' dir='ltr'><em>Ἴ</em></span> 
     </span>
    </p>
   </div>
   <div class='ocr_carea' id='block_1_96' title="bbox 3766 4770 3771 4777">
    <p class='ocr_par' dir='ltr' id='par_1_96' title="bbox 3766 4770 3771 4777">
     <span class='ocr_line' id='line_1_96' title="bbox 3766 4770 3771 4777; baseline 0 0"><span class='ocrx_word' id='word_1_635' title='bbox 3766 4770 3771 4777; x_wconf 71' lang='grc' dir='ltr'>ι.</span> 
     </span>
    </p>
   </div>
   <div class='ocr_carea' id='block_1_97' title="bbox 2140 4918 3759 4997">
    <p class='ocr_par' dir='ltr' id='par_1_97' title="bbox 2140 4918 3759 4997">
     <span class='ocr_line' id='line_1_97' title="bbox 2140 4918 3759 4997; baseline -0.006 -11"><span class='ocrx_word' id='word_1_636' title='bbox 2140 4931 2299 4986; x_wconf 68' lang='lat' dir='ltr'><strong>milia:</strong></span> <span class='ocrx_word' id='word_1_637' title='bbox 2349 4930 2716 4997; x_wconf 63' lang='lat' dir='ltr'><strong>frmnentarer</strong></span> <span class='ocrx_word' id='word_1_638' title='bbox 2766 4925 2967 4990; x_wconf 85' lang='lat' dir='ltr'><strong>oflleio,</strong></span> <span class='ocrx_word' id='word_1_639' title='bbox 3024 4933 3306 4996; x_wconf 63' lang='lat' dir='ltr'><strong>materque</strong></span> <span class='ocrx_word' id='word_1_640' title='bbox 3358 4918 3661 4993; x_wconf 57' lang='lat' dir='ltr'><strong>meam</strong></span> <span class='ocrx_word' id='word_1_641' title='bbox 3758 4956 3759 4959; x_wconf 60' lang='grc' dir='ltr'><strong>η</strong></span> 
     </span>
    </p>
   </div>
   <div class='ocr_carea' id='block_1_98' title="bbox 2140 5004 3767 5094">
    <p class='ocr_par' dir='ltr' id='par_1_98' title="bbox 2140 5004 3767 5094">
     <span class='ocr_line' id='line_1_98' title="bbox 2140 5004 3767 5094; baseline -0.007 -15"><span class='ocrx_word' id='word_1_642' title='bbox 2140 5025 2240 5079; x_wconf 88' lang='lat' dir='ltr'><strong>sibi</strong></span> <span class='ocrx_word' id='word_1_643' title='bbox 2271 5023 2531 5094; x_wconf 90' lang='lat' dir='ltr'><strong>unguibus</strong></span> <span class='ocrx_word' id='word_1_644' title='bbox 2564 5022 2754 5077; x_wconf 81' lang='lat' dir='ltr'><strong>faciem</strong></span> <span class='ocrx_word' id='word_1_645' title='bbox 2785 5033 3060 5091; x_wconf 76' lang='lat' dir='ltr'><strong>genasque</strong></span> <span class='ocrx_word' id='word_1_646' title='bbox 3102 5019 3432 5088; x_wconf 70' lang='lat' dir='ltr'><strong>discerpent</strong></span> <span class='ocrx_word' id='word_1_647' title='bbox 3467 5016 3659 5072; x_wconf 66' lang='lat' dir='ltr'><strong>misul!</strong></span> 
     </span>
    </p>
   </div>
   <div class='ocr_carea' id='block_1_99' title="bbox 2138 5098 3755 5182">
    <p class='ocr_par' dir='ltr' id='par_1_99' title="bbox 2138 5098 3755 5182">
     <span class='ocr_line' id='line_1_99' title="bbox 2138 5098 3755 5182; baseline -0.011 -9"><span class='ocrx_word' id='word_1_648' title='bbox 2138 5134 2197 5173; x_wconf 90' lang='lat' dir='ltr'><strong>se</strong></span> <span class='ocrx_word' id='word_1_649' title='bbox 2224 5119 2478 5181; x_wconf 87' lang='lat' dir='ltr'><strong>clamans,</strong></span> <span class='ocrx_word' id='word_1_650' title='bbox 2513 5114 2711 5168; x_wconf 84' lang='lat' dir='ltr'><strong>nullam</strong></span> <span class='ocrx_word' id='word_1_651' title='bbox 2733 5113 2835 5167; x_wconf 81' lang='lat' dir='ltr'><strong>sibi</strong></span> <span class='ocrx_word' id='word_1_652' title='bbox 2860 5122 2982 5182; x_wconf 83' lang='lat' dir='ltr'><strong>post</strong></span> <span class='ocrx_word' id='word_1_653' title='bbox 3006 5110 3211 5166; x_wconf 75' lang='lat' dir='ltr'><strong>obitum</strong></span> <span class='ocrx_word' id='word_1_654' title='bbox 3239 5098 3659 5177; x_wconf 72' lang='lat' dir='ltr'><strong>meumspemvitl</strong></span> <span class='ocrx_word' id='word_1_655' title='bbox 3754 5114 3755 5145; x_wconf 72' lang='lat'>1</span> 
     </span>
    </p>
   </div>
   <div class='ocr_carea' id='block_1_100' title="bbox 2139 5190 3663 5271">
    <p class='ocr_par' dir='ltr' id='par_1_100' title="bbox 2139 5190 3663 5271">
     <span class='ocr_line' id='line_1_100' title="bbox 2139 5190 3663 5271; baseline -0.009 -5"><span class='ocrx_word' id='word_1_656' title='bbox 2139 5211 2350 5266; x_wconf 86' lang='lat' dir='ltr'><strong>dicebat</strong></span> <span class='ocrx_word' id='word_1_657' title='bbox 2377 5219 2742 5263; x_wconf 86' lang='lat' dir='ltr'><strong>remansuram</strong></span> <span class='ocrx_word' id='word_1_658' title='bbox 2762 5217 2905 5269; x_wconf 85' lang='lat' dir='ltr'><strong>esse,</strong></span> <span class='ocrx_word' id='word_1_659' title='bbox 2939 5203 3292 5271; x_wconf 80' lang='lat' dir='ltr'><strong>vel‘exiguam</strong></span> <span class='ocrx_word' id='word_1_660' title='bbox 3318 5190 3663 5269; x_wconf 60' lang='lat' dir='ltr'><strong>portione-JK</strong></span> 
     </span>
    </p>
   </div>
   <div class='ocr_carea' id='block_1_101' title="bbox 2140 5284 3661 5370">
    <p class='ocr_par' dir='ltr' id='par_1_101' title="bbox 2140 5284 3661 5370">
     <span class='ocr_line' id='line_1_101' title="bbox 2140 5284 3661 5370; baseline -0.009 -14"><span class='ocrx_word' id='word_1_661' title='bbox 2140 5316 2239 5370; x_wconf 88' lang='lat' dir='ltr'><strong>ego</strong></span> <span class='ocrx_word' id='word_1_662' title='bbox 2270 5299 2487 5367; x_wconf 77' lang='lat' dir='ltr'><strong>cupiens</strong></span> <span class='ocrx_word' id='word_1_663' title='bbox 2510 5311 2626 5351; x_wconf 87' lang='lat' dir='ltr'><strong>eam</strong></span> <span class='ocrx_word' id='word_1_664' title='bbox 2656 5295 2948 5359; x_wconf 80' lang='lat' dir='ltr'><strong>consolari,</strong></span> <span class='ocrx_word' id='word_1_665' title='bbox 2980 5308 3265 5349; x_wconf 72' lang='lat' dir='ltr'><strong>evasurum</strong></span> <span class='ocrx_word' id='word_1_666' title='bbox 3306 5306 3392 5347; x_wconf 83' lang='lat' dir='ltr'><strong>me</strong></span> <span class='ocrx_word' id='word_1_667' title='bbox 3427 5303 3535 5346; x_wconf 76' lang='lat' dir='ltr'><strong>esse</strong></span> <span class='ocrx_word' id='word_1_668' title='bbox 3554 5284 3661 5343; x_wconf 57' lang='grc' dir='ltr'><strong>υ·</strong></span> 
     </span>
    </p>
   </div>
   <div class='ocr_carea' id='block_1_102' title="bbox 3754 5158 3771 5229">
    <p class='ocr_par' dir='ltr' id='par_1_102' title="bbox 3754 5158 3771 5229">
     <span class='ocr_line' id='line_1_102' title="bbox 3754 5158 3771 5229; baseline 0 -3"><span class='ocrx_word' id='word_1_669' title='bbox 3754 5158 3771 5229; x_wconf 68' lang='grc' dir='ltr'><strong>ι</strong></span> 
     </span>
    </p>
   </div>
   <div class='ocr_carea' id='block_1_103' title="bbox 2140 5374 3755 5454">
    <p class='ocr_par' dir='ltr' id='par_1_103' title="bbox 2140 5374 3755 5454">
     <span class='ocr_line' id='line_1_103' title="bbox 2140 5374 3755 5454; baseline -0.008 -8"><span class='ocrx_word' id='word_1_670' title='bbox 2140 5391 2283 5453; x_wconf 86' lang='lat' dir='ltr'><strong>bam,</strong></span> <span class='ocrx_word' id='word_1_671' title='bbox 2308 5398 2508 5442; x_wconf 88' lang='lat' dir='ltr'><strong>tantum</strong></span> <span class='ocrx_word' id='word_1_672' title='bbox 2538 5389 2581 5439; x_wconf 86' lang='lat' dir='ltr'><strong>si</strong></span> <span class='ocrx_word' id='word_1_673' title='bbox 2606 5387 2738 5441; x_wconf 88' lang='lat' dir='ltr'><strong>mibi</strong></span> <span class='ocrx_word' id='word_1_674' title='bbox 2756 5386 2824 5439; x_wconf 86' lang='lat' dir='ltr'><strong>de</strong></span> <span class='ocrx_word' id='word_1_675' title='bbox 2856 5392 3016 5454; x_wconf 75' lang='lat' dir='ltr'><strong>puteo</strong></span> <span class='ocrx_word' id='word_1_676' title='bbox 3042 5384 3351 5439; x_wconf 72' lang='lat' dir='ltr'><strong>monasterii</strong></span> <span class='ocrx_word' id='word_1_677' title='bbox 3378 5374 3663 5441; x_wconf 58' lang='lat' dir='ltr'><strong>“nail!!-</strong></span> 
     </span>
    </p>
   </div>
   <div class='ocr_carea' id='block_1_104' title="bbox 2143 5464 3663 5551">
    <p class='ocr_par' dir='ltr' id='par_1_104' title="bbox 2143 5464 3663 5551">
     <span class='ocr_line' id='line_1_104' title="bbox 2143 5464 3663 5551; baseline -0.008 -13"><span class='ocrx_word' id='word_1_678' title='bbox 2143 5489 2226 5538; x_wconf 87' lang='lat' dir='ltr'><strong>nis</strong></span> <span class='ocrx_word' id='word_1_679' title='bbox 2270 5468 2406 5551; x_wconf 82' lang='lat' dir='ltr'><strong>aqua</strong></span> <span class='ocrx_word' id='word_1_680' title='bbox 2463 5482 2647 5534; x_wconf 83' lang='lat' dir='ltr'><strong>fuisset</strong></span> <span class='ocrx_word' id='word_1_681' title='bbox 2677 5480 2912 5531; x_wconf 84' lang='lat' dir='ltr'><strong>bibituro</strong></span> <span class='ocrx_word' id='word_1_682' title='bbox 2936 5476 3199 5532; x_wconf 72' lang='lat' dir='ltr'><strong>exhibita.</strong></span> <span class='ocrx_word' id='word_1_683' title='bbox 3230 5473 3470 5545; x_wconf 64' lang='lat' dir='ltr'><strong>Cumque</strong></span> <span class='ocrx_word' id='word_1_684' title='bbox 3494 5464 3663 5533; x_wconf 58' lang='grc' dir='ltr'><strong>,ιω</strong></span> 
     </span>
    </p>
   </div>
   <div class='ocr_carea' id='block_1_105' title="bbox 2141 5560 3663 5642">
    <p class='ocr_par' dir='ltr' id='par_1_105' title="bbox 2141 5560 3663 5642">
     <span class='ocr_line' id='line_1_105' title="bbox 2141 5560 3663 5642; baseline -0.01 -11"><span class='ocrx_word' id='word_1_685' title='bbox 2141 5579 2329 5631; x_wconf 87' lang='lat' dir='ltr'><strong>fuisset</strong></span> <span class='ocrx_word' id='word_1_686' title='bbox 2371 5585 2531 5642; x_wconf 80' lang='lat' dir='ltr'><strong>aqua,</strong></span> <span class='ocrx_word' id='word_1_687' title='bbox 2584 5586 2701 5639; x_wconf 66' lang='lat' dir='ltr'><strong>quas</strong></span> <span class='ocrx_word' id='word_1_688' title='bbox 2739 5580 2857 5625; x_wconf 89' lang='lat' dir='ltr'><strong>erat</strong></span> <span class='ocrx_word' id='word_1_689' title='bbox 2889 5570 3059 5624; x_wconf 69' lang='lat' dir='ltr'><strong>nacti</strong></span> <span class='ocrx_word' id='word_1_690' title='bbox 3096 5566 3322 5625; x_wconf 71' lang='lat' dir='ltr'><strong>Joannis</strong></span> <span class='ocrx_word' id='word_1_691' title='bbox 3361 5560 3663 5622; x_wconf 67' lang='lat' dir='ltr'><em>W</em></span> 
     </span>
    </p>
   </div>
   <div class='ocr_carea' id='block_1_106' title="bbox 2145 5654 3665 5735">
    <p class='ocr_par' dir='ltr' id='par_1_106' title="bbox 2145 5654 3665 5735">
     <span class='ocr_line' id='line_1_106' title="bbox 2145 5654 3665 5735; baseline -0.008 -11"><span class='ocrx_word' id='word_1_692' title='bbox 2145 5675 2382 5735; x_wconf 81' lang='lat' dir='ltr'><strong>condita,</strong></span> <span class='ocrx_word' id='word_1_693' title='bbox 2412 5670 2500 5723; x_wconf 88' lang='lat' dir='ltr'><strong>ubi</strong></span> <span class='ocrx_word' id='word_1_694' title='bbox 2530 5668 2693 5730; x_wconf 89' lang='lat' dir='ltr'><strong>eblbi,</strong></span> <span class='ocrx_word' id='word_1_695' title='bbox 2745 5677 2993 5735; x_wconf 70' lang='lat' dir='ltr'><strong>tanquam</strong></span> <span class='ocrx_word' id='word_1_696' title='bbox 3032 5677 3095 5719; x_wconf 78' lang='lat' dir='ltr'><strong>se</strong></span> <span class='ocrx_word' id='word_1_697' title='bbox 3122 5663 3176 5716; x_wconf 86' lang='lat' dir='ltr'><strong>iu</strong></span> <span class='ocrx_word' id='word_1_698' title='bbox 3218 5676 3309 5715; x_wconf 83' lang='lat' dir='ltr'><strong>me</strong></span> <span class='ocrx_word' id='word_1_699' title='bbox 3330 5654 3665 5715; x_wconf 69' lang='grc' dir='ltr'>ωιεπιιιηιο</span> 
     </span>
    </p>
   </div>
   <div class='ocr_carea' id='block_1_107' title="bbox 2143 5754 3664 5831">
    <p class='ocr_par' dir='ltr' id='par_1_107' title="bbox 2143 5754 3664 5831">
     <span class='ocr_line' id='line_1_107' title="bbox 2143 5754 3664 5831; baseline -0.011 -12"><span class='ocrx_word' id='word_1_700' title='bbox 2143 5771 2279 5821; x_wconf 83' lang='lat' dir='ltr'><strong>nitas</strong></span> <span class='ocrx_word' id='word_1_701' title='bbox 2306 5766 2490 5818; x_wconf 56' lang='lat' dir='ltr'><strong>fuisset</strong></span> <span class='ocrx_word' id='word_1_702' title='bbox 2516 5763 2775 5831; x_wconf 79' lang='lat' dir='ltr'><strong>ingressa,</strong></span> <span class='ocrx_word' id='word_1_703' title='bbox 2802 5759 2898 5821; x_wconf 81' lang='lat' dir='ltr'><strong>ita,</strong></span> <span class='ocrx_word' id='word_1_704' title='bbox 2929 5755 3073 5820; x_wconf 80' lang='lat' dir='ltr'><strong>quod</strong></span> <span class='ocrx_word' id='word_1_705' title='bbox 3099 5754 3230 5808; x_wconf 73' lang='lat' dir='ltr'><strong>mihi</strong></span> <span class='ocrx_word' id='word_1_706' title='bbox 3251 5764 3405 5809; x_wconf 81' lang='lat' dir='ltr'><strong>antea</strong></span> <span class='ocrx_word' id='word_1_707' title='bbox 3430 5762 3537 5805; x_wconf 75' lang='lat' dir='ltr'><strong>raro</strong></span> <span class='ocrx_word' id='word_1_708' title='bbox 3555 5754 3664 5821; x_wconf 63' lang='grc' dir='ltr'><strong>ω·</strong></span> 
     </span>
    </p>
   </div>
   <div class='ocr_carea' id='block_1_108' title="bbox 2145 5834 3663 5930">
    <p class='ocr_par' dir='ltr' id='par_1_108' title="bbox 2145 5834 3663 5930">
     <span class='ocr_line' id='line_1_108' title="bbox 2145 5834 3663 5930; baseline -0.009 -17"><span class='ocrx_word' id='word_1_709' title='bbox 2145 5858 2399 5927; x_wconf 74' lang='lat' dir='ltr'><strong>tingebat,</strong></span> <span class='ocrx_word' id='word_1_710' title='bbox 2430 5858 2481 5910; x_wconf 88' lang='lat' dir='ltr'><strong>in</strong></span> <span class='ocrx_word' id='word_1_711' title='bbox 2511 5867 2699 5929; x_wconf 66' lang='grc' dir='ltr'><strong>εοῳρρ</strong></span> <span class='ocrx_word' id='word_1_712' title='bbox 2719 5849 2918 5930; x_wconf 73' lang='lat' dir='ltr'><strong>quievi.</strong></span> <span class='ocrx_word' id='word_1_713' title='bbox 2941 5834 3663 5927; x_wconf 55' lang='grc' dir='ltr'><strong>Ωιρωιιιρᾳργῑεὶιδεδωβα</strong></span> 
     </span>
    </p>
   </div>
   <div class='ocr_carea' id='block_1_109' title="bbox 3168 6037 3776 6318">
    <p class='ocr_par' dir='ltr' id='par_1_109' title="bbox 3172 6037 3771 6314">
     <span class='ocr_line' id='line_1_109' title="bbox 3172 6037 3771 6314; baseline -0.005 -174"><span class='ocrx_word' id='word_1_714' title='bbox 3172 6037 3771 6314; x_wconf 43' lang='grc' dir='ltr'><em>ΛΑ</em></span> 
     </span>
    </p>
   </div>
  </div>
