3820 6324
79 378 198 436 1085

853 369 1051 428 LIBER
1091 368 1595 429 MIRACULDRUM
1631 365 1692 428 8.
1729 367 2010 428 JOANNIS
2047 367 2497 468 REOMAbINSlS.

3156 378 3296 441 1086

78 492 186 545 illud
213 483 357 557 cujus
387 483 511 539 tabo
539 483 793 538 diuturno
819 497 1124 552 gravamtne
1153 483 1479 547 laborabam,
1512 498 1628 539 cre-
1655 479 1706 538 Δ
1732 482 1922 538 animm
1950 500 2070 552 quae
2094 488 2234 539 omni
2268 486 2383 541 sine
2429 488 2564 558 dape
2612 497 2810 557 manet,
2842 493 3134 549 cruciaret!
3195 493 3301 553 Aut

79 584 231 654 puisse
273 577 530 646 per-sensi.
569 575 644 629 lta
673 575 868 630 sensim
901 575 1260 643 paulatimque
1288 590 1406 629 cum
1437 575 1628 630 officiis

77 679 168 731 suis
188 682 459 743 ceperunt
497 670 735 725 membra
774 669 1061 737 virescere,
1107 670 1276 723 donec
1302 668 1628 723 conﬁrmatis

76 766 320 837 gressibus
347 771 454 818 tam
477 759 807 816 orationibus
836 761 972 815 beati
989 759 1211 814 Joannis
1227 773 1382 828 quam
1409 758 1629 813 Domino

77 859 332 914 auxiliante
361 856 593 912 surrexi.

135 957 182 1010 ι.
232 953 334 1008 Nec
362 950 623 1005 dissimile
651 947 774 1004 huic
825 947 920 1002 fuit
958 947 1088 1002 illud
1118 946 1256 1017 quod
1286 962 1401 1001 sum
1429 945 1629 1002 referre

79 1054 283 1114 paratus.
314 1043 446 1098 Nam
477 1050 720 1107 tempore
743 1055 846 1109 quo
876 1037 1089 1100 Franci.
1139 1039 1430 1109 postposita
1473 1052 1631 1104 repu-

79 1139 217 1203 blica,
237 1134 556 1204 sublatoque
584 1130 789 1200 imperii
813 1130 952 1198 jure,
985 1128 1193 1199 propria
1215 1127 1632 1183 dominabantur

74 1237 330 1295 potestate,
384 1224 786 1279 Tbeodebertus
832 1219 972 1275 ﬁlius
1025 1219 1339 1274 Theoderici
1379 1217 1629 1273 Clodovci

72 1319 312 1388 quondam
335 1316 427 1370 filii
459 1315 619 1370 Italia:
651 1313 896 1367 claustris
921 1311 1178 1380 disruptis
1216 1310 1410 1365 bellum
1456 1309 1627 1364 Auso-

75 1413 165 1464 niis
185 1411 373 1464 intulit.
407 1408 506 1476 Qui
536 1406 817 1461 celerrime
848 1418 1114 1468 reversus,
1133 1402 1354 1457 dimisso
1381 1402 1518 1456 duce
1542 1400 1627 1454 cui

73 1515 310 1557 alimmum
354 1500 615 1561 bellorum
657 1499 1016 1558 commiserat,
1050 1495 1262 1549 nomine
1292 1492 1624 1556 Buccelleno,

77 1594 216 1646 altum
245 1592 406 1647 etiam
438 1590 657 1645 nomine
682 1588 1096 1643 Mummolenum
1121 1587 1171 1640 in
1195 1583 1444 1639 auxilium
1471 1583 1523 1638 ei
1551 1583 1632 1636 di-

75 1687 214 1751 rexit,
261 1695 313 1741 et
354 1685 434 1739 sic
457 1684 524 1737 ad
550 1683 762 1751 propria
794 1680 1090 1750 repedavit.
1147 1678 1334 1732 Latere
1362 1678 1628 1733 neminem

74 1778 294 1848 suspicor
321 1777 490 1846 qualis
517 1785 856 1845 quantusque
897 1771 1116 1840 pestifer
1155 1771 1372 1824 morbus
1395 1771 1496 1824 illis
1517 1769 1629 1824 die-

81 1875 168 1928 bus
193 1874 346 1942 longe
374 1872 586 1936 lateque
608 1868 830 1937 populos
859 1869 1155 1936 patriamve
1174 1865 1520 1934 depopulatus
1541 1862 1630 1916 sit.

73 1965 222 2035 Hujus
251 1964 413 2020 morbi
444 1963 788 2018 infestatione
812 1974 1098 2041 germanus
1128 1974 1278 2013 meus
1305 1956 1634 2012 Fidamiolus

69 2076 210 2130 quem
259 2068 338 2126 tu,
375 2059 559 2123 frater,
602 2056 803 2122 optime
855 2056 1016 2120 nosti,
1050 2054 1206 2123 longo
1243 2051 1354 2122 jam
1396 2059 1636 2118 tempore

68 2158 310 2220 quartano
337 2147 641 2203 tabescebat
672 2144 1030 2199 incommodo.
1085 2145 1153 2197 At
1175 2159 1296 2197 cum
1330 2143 1456 2196 mibi
1487 2157 1636 2195 com-

73 2251 264 2310 pertum
315 2249 456 2296 esset
501 2253 623 2293 eum
656 2237 856 2306 absque
884 2235 988 2288 ulla
1021 2249 1115 2305 spe
1147 2234 1270 2288 vitae
1294 2233 1472 2301 jacere
1502 2246 1637 2299 prse-

70 2343 342 2396 mortuum,
382 2331 640 2386 continuo
667 2329 733 2381 ad
768 2337 948 2381 notum
990 2340 1267 2379 recurrens
1312 2323 1634 2390 Nasidium,

71 2439 165 2479 non
187 2423 336 2478 aliter
361 2422 426 2477 ad
456 2422 715 2476 Joannem
734 2434 893 2490 quam
923 2417 989 2471 ad
1013 2415 1249 2472 coelestia
1279 2414 1520 2482 prmsidia
1541 2428 1638 2482 pro

71 2531 124 2571 re
148 2517 367 2584 peritura
395 2513 506 2584 jam
533 2507 753 2582 jamque
784 2511 1024 2566 lestinavi
1052 2511 1294 2563 devotus.
1341 2506 1638 2573 Statimque

67 2609 372 2678 eulogiarum
397 2620 591 2660 munus
613 2612 892 2670 acceptum
920 2615 1050 2656 sane
1077 2601 1444 2664 lautissimum,
1472 2613 1634 2651 unum

73 2698 410 2766 paximacium
461 2703 518 2750 et
571 2693 806 2764 quinque
833 2695 1042 2760 pomula
1075 2700 1236 2744 noctu
1263 2698 1637 2743 transcurrens

71 2796 298 2866 languido
316 2792 682 2865 deportabam.
701 2791 943 2860 Dumque
966 2787 1138 2842 adhuc
1160 2785 1339 2855 procul
1363 2784 1634 2847 abessem,

72 2903 164 2942 non
194 2898 291 2941 tam
322 2901 498 2942 meum
530 2897 690 2953 quam
715 2882 957 2936 sanitatis
1004 2893 1117 2933 suae
1145 2879 1427 2931 adventum
1467 2874 1638 2929 sensit

74 2989 308 3052 aegrotus,
339 2992 402 3034 ac
427 2975 730 3049 percontari
776 2989 805 3028 a
857 2971 1323 3027 circumstantibus
1354 2969 1514 3034 coepit
1545 2965 1634 3019 ubi

68 3090 249 3140 essem,
274 3086 500 3142 meoque
523 3070 740 3124 nomine
766 3059 851 3122 me
878 3079 1096 3127 vocans,
1122 3060 1469 3130 paximacium
1505 3056 1632 3111 illud

69 3169 198 3238 quod
238 3166 560 3230 deferebam,
593 3163 740 3236 quasi
794 3167 1110 3253 praesentem
1147 3154 1429 3253 aspiceret,
1468 3154 1632 3239 depo-
1656 3188 1713 3253 Ο

69 3231 250 3316 scebat.
278 3259 443 3314 Paulo
471 3266 591 3327 post
614 3231 714 3323 ego
747 3253 963 3306 veniens
993 3249 1289 3319 plangentis
1318 3231 1631 3298 turbae'sum

70 3360 308 3422 exceptus
336 3348 535 3413 ofﬁcio,
578 3329 736 3414 a'tque
779 3343 848 3397 ita
897 3341 1169 3409 ingressus
1215 3339 1430 3392 domum
1461 3338 1634 3406 inqua

67 3457 198 3514 ager
233 3441 458 3512 iacebat,
491 3449 548 3493 ut
578 3436 683 3493 uidi
724 3448 1036 3505 germanum
1083 3447 1258 3488 meum
1309 3431 1637 3499 jamjamque

71 3534 450 3604 praecipitantes
475 3531 589 3597 rapi
627 3527 684 3580 in
727 3534 974 3588 mortem,
1033 3527 1085 3575 in
1134 3528 1347 3586 apertos
1377 3520 1638 3586 singultus

67 3627 421 3696 lacrymasque
467 3629 839 3688 prorumpens,
889 3627 1078 3667 munus
1120 3611 1250 3665 illud
1299 3610 1444 3680 quod
1483 3609 1638 3664 exlii-

66 3719 268 3772 bueram
300 3709 512 3782 protuli.
547 3708 712 3775 Igitur
739 3718 848 3759 tres
874 3703 1160 3773 particulas
1182 3701 1444 3756 benedicti
1477 3702 1629 3768 panis

65 3811 163 3863 riui
212 3806 476 3862 mm
520 3798 847 3855 madefactas
896 3798 947 3850 in
992 3810 1057 3848 es
1101 3795 1244 3849 iuius
1274 3797 1386 3862 ipse
1415 3791 1642 3872 inserui;

65 3900 338 3970 statimque
381 3891 738 3950 corroboratis
769 3888 988 3943 artubus
1013 3890 1062 3939 in
1101 3893 1323 3939 stratum
1354 3884 1551 3938 resedit
1577 3898 1639 3938 ac

64 3991 352 4060 respiravit.
406 3985 534 4042 Dein
596 3981 846 4051 paulatim
899 3978 1055 4050 hujus
1101 3976 1261 4031 edulii
1299 3978 1640 4046 perceptione

61 4082 411 4146 corroborari,
438 4091 596 4147 atque
622 4077 687 4130 ad
712 4089 868 4136 usum
895 4087 1051 4137 suum
1093 4080 1381 4150 cmperunt
1399 4072 1638 4131 membra

63 4176 270 4238 reverti,
299 4176 470 4230 donec
514 4169 858 4229 incolumitati
901 4169 1136 4235 missine
1189 4166 1430 4222 redditus
1485 4167 1636 4226 turba

61 4254 196 4322 omni
224 4267 558 4335 inspectante
587 4261 838 4315 surrexit.

81 4389 91 4408 ι
126 4360 176 4414 5.
203 4357 337 4414 Nam
361 4371 462 4412 nec
490 4355 586 4408 hoc
605 4351 1031 4423 pratereuudum
1050 4349 1277 4416 videtur,
1301 4349 1441 4419 quod
1465 4351 1637 4406 amico

63 4465 172 4516 suo,
199 4450 310 4508 imo
342 4449 557 4518 parenti.
579 4443 898 4515 periclitanti
943 4443 1230 4502 valitudine
1263 4441 1420 4511 hujus
1463 4440 1634 4494 morbi

1729 585 1872 630 certe
1911 577 1955 629 si
2004 592 2063 630 ea
2096 586 2147 632 te
2176 581 2457 647 pauperies
2487 580 2553 635 de
2585 597 2682 651 qua
2717 581 2973 639 Dominus
3003 587 3295 655 praecinens

1729 667 1890 720 dixit:
1947 666 2092 721 Beati
2139 687 2382 740 pauperes
2419 675 2625 742 spiritu,
2667 675 2903 743 quoniam
2953 677 3179 742 ipsorum
3228 688 3300 734 est

1729 773 1936 828 regnum
1968 762 2205 815 caelorum
2233 761 2444 830 (Matth.
2479 779 2532 828 ν,
2563 763 2644 835 3),
2681 777 2762 821 et:
2798 766 2940 820 Beati
2965 769 3052 837 qui
3075 772 3304 827 esuriant

1727 855 1773 902 et
1794 850 1970 906 sitiunt
1993 854 2262 919 iustitiam,
2278 857 2516 921 quoniam
2537 858 2632 928 ipsi
2658 861 3204 934 saturabuntur(ibid.,
3223 864 3302 932 6),

1730 943 2044 1012 possideret,
2078 948 2219 1002 nulla
2250 950 2444 1016 dapum
2474 951 2625 1018 copia
2660 952 2947 1021 indigeres.
3014 954 3114 1008 Sed
3163 955 3303 1011 dabo

1729 1033 2082 1104 quodcunque
2122 1048 2312 1108 potero
2347 1041 2506 1096 modo
2554 1042 2856 1109 consilium,
2911 1053 2966 1097 ut
3022 1059 3166 1115 spem
3198 1060 3303 1100 non

1733 1125 1952 1191 perdas:
2004 1127 2153 1182 Multi
2169 1130 2311 1184 enim
2341 1146 2407 1186 ex
2452 1133 2719 1204 insperato
2768 1135 3022 1202 temporis
3053 1149 3151 1190 usu
3180 1150 3305 1189 eva-

1732 1229 1938 1274 serunt.
1997 1220 2139 1277 Pone
2162 1224 2212 1276 in
2237 1224 2457 1280 Domino
2479 1240 2630 1296 Spem
2661 1237 2824 1292 tuam,
2854 1237 2908 1282 et
2936 1230 3049 1298 ipse
3074 1231 3335 1286 enutriet-

1734 1317 1805 1375 te,
1832 1319 1886 1366 et
1910 1316 2084 1382 arripe
2110 1316 2304 1370 laboris
2332 1317 2584 1386 studium,
2607 1320 2764 1390 juxta
2797 1321 3133 1392 Apostolum,
3164 1322 3307 1392 quod

1734 1402 1926 1459 bonum
1954 1414 2057 1474 est,
2087 1419 2142 1462 ut
2166 1408 2359 1464 habeas
2390 1411 2530 1464 unde
2565 1420 2655 1466 tuo
2673 1413 2789 1466 usui
2811 1423 2862 1466 et
2893 1423 3138 1482 egentem
3162 1429 3306 1484 pra:-

1733 1493 1859 1551 beas
1899 1501 2194 1553 necessaria
2219 1498 2436 1572 (Epkas.
2465 1517 2535 1568 tv,
2561 1502 2678 1572 28).
2727 1502 2992 1572 Factoque
3015 1505 3063 1556 in
3096 1516 3310 1573 pectore

1731 1589 1844 1658 ejus
1864 1591 2034 1646 crucis
2058 1593 2229 1662 signo,
2263 1593 2339 1648 ire
2364 1594 2428 1648 ad
2453 1595 2921 1666 propriaimperat.
2965 1597 3054 1651 Ille
3077 1597 3307 1665 imperio

1733 1684 1830 1738 viri
1863 1684 1955 1738 Dei
1990 1686 2384 1754 obtemperans,
2423 1695 2618 1742 tantam
2649 1690 2855 1754 copiam
2887 1689 3084 1743 laboris
3125 1703 3306 1743 susce-

1734 1777 1833 1844 pit,
1860 1789 1917 1831 ut
1943 1793 2271 1848 nequaquam
2299 1778 2550 1848 deinceps
2573 1794 2692 1849 quas
2730 1779 2781 1833 ei
2812 1780 3108 1838 necessaria
3133 1788 3310 1849 erant,

1737 1868 2044 1922 defuissent.

1807 1960 1862 2014 7.
1903 1959 2139 2027 Quodam
2171 1961 2329 2014 etiam
2363 1971 2601 2030 tempore
2657 1961 2770 2018 loca
2816 1961 3311 2032 circumadjacentia

1738 2052 1912 2106 valida
1938 2052 2102 2106 fames
2130 2054 2406 2121 torquebat
2436 2054 2506 2108 ita
2534 2054 2847 2121 vehemens,
2879 2065 2933 2110 ut
2957 2071 3054 2115 nec
3085 2071 3206 2125 spes
3233 2058 3314 2111 vi-

1742 2145 1899 2199 vendi
1952 2143 2221 2213 plerisque
2267 2144 2422 2199 foret.
2490 2146 2620 2200 Cum
2648 2160 2775 2214 ergo
2807 2146 2873 2200 ad
2900 2147 3069 2201 virum
3103 2148 3194 2204 Dei
3243 2151 3314 2207 ob

1738 2237 2015 2290 alimonias
2038 2238 2350 2304 quaerendas
2364 2247 2726 2307 properarent,
2756 2238 2844 2294 ille
2864 2227 3153 2307 prophetici
3178 2256 3314 2310 prte-

1739 2327 1880 2380 conii
1909 2328 2104 2380 dictum
2127 2341 2248 2382 ante
2278 2329 2466 2383 oculos
2497 2329 2672 2384 ferens
2701 2345 2805 2398 quo
2834 2330 2934 2384 ait:
2969 2329 3173 2401 Frange
3197 2349 3315 2387 eruo

1739 2419 1888 2473 rienti
1919 2435 2099 2490 panem
2124 2430 2166 2471 et
2195 2421 2333 2473 omni
2364 2423 2550 2488 petenti
2577 2432 2624 2476 te
2650 2425 2816 2478 tribue
2859 2423 3016 2496 (Ital.
3051 2441 3198 2494 Lvtu,
3233 2426 3313 2496 7),

1741 2526 2088 2582 quoscunque
2114 2513 2369 2567 advenire
2407 2524 2672 2579 cerneret,
2703 2520 3001 2589 necessaria
3046 2521 3317 2574 ministra-

1740 2604 1848 2658 bat.
1901 2603 2144 2674 Cumque
2163 2605 2274 2675 jam
2305 2616 2551 2676 egentum
2584 2607 2731 2678 plebs
2753 2608 2990 2663 crebrius
3014 2611 3311 2681 adveniret,

1740 2695 1829 2749 ille
1858 2706 2128 2750 assuetum
2159 2712 2292 2766 opus
2320 2699 2658 2767 impendens,
2682 2701 2928 2756 omnibus
2960 2704 3313 2758 ministrabat.

1703 2799 1705 2804 ί
1738 2783 1874 2838 Tum
1906 2801 2042 2840 unus
2063 2800 2093 2840 e
2113 2786 2341 2841 subditis
2370 2789 2432 2842 ad
2465 2789 2672 2854 Patrem
2701 2793 2981 2858 accedens,
3008 2797 3082 2849 ait
3105 2807 3163 2847 se
3190 2804 3317 2849 tan-
3363 2835 3370 2840 .

1749 2886 1852 2929 tam
1903 2876 2064 2930 farris
2111 2879 2317 2946 cupiam
2365 2891 2475 2934 non
2517 2878 2736 2945 habere,
2787 2893 3036 2951 quantam
3067 2894 3315 2954 egentum

1739 2968 2030 3035 poscebant
2061 2969 2330 3035 cohortes.
2384 2969 2476 3024 Ille
2506 2987 2725 3039 gemens
2752 2975 2988 3042 poposcit
3015 2991 3106 3030 vas
3135 2992 3318 3048 segre-

1736 3059 1847 3126 gari
1877 3059 1940 3113 ad
1977 3059 2362 3114 sublevandum
2419 3075 2709 3129 pauperum
2751 3067 3040 3132 petentium
3069 3065 3313 3135 indigen-

1739 3151 1863 3204 tiam
1885 3169 1910 3217 ;.
1951 3167 2181 3222 moxque
2234 3153 2298 3206 ad
2327 3152 2604 3222 imperium
2638 3155 2704 3224 pii
2737 3156 2908 3213 Patris
2951 3172 3041 3214 vas
3070 3157 3311 3226 farcitur,

1745 3243 1964 3306 capiens
2013 3245 2130 3309 plus
2180 3242 2289 3296 fere
2335 3243 2536 3299 modios
2581 3259 2735 3314 quam
2766 3247 3042 3316 quinquies
3086 3251 3315 3321 quinos;

1742 3342 1933 3386 caetera
1968 3349 2094 3386 vero
2123 3333 2186 3386 ad
2230 3349 2355 3388 usus
2382 3336 2603 3390 fratrum
2639 3341 2974 3403 proiicerent.
3022 3338 3154 3396 Cum
3187 3355 3316 3412 ergo

1744 3426 1900 3480 turba
1925 3436 2176 3492 egontuns
2201 3443 2293 3496 per
2319 3429 2533 3497 aliquod
2579 3433 2828 3500 temporis
2877 3416 3101 3500 spatium
3151 3451 3212 3489 ex
3246 3451 3315 3493 eo

1743 3530 1872 3569 vase
1902 3517 2152 3581 aleretur,
2181 3521 2358 3572 evenit
2381 3528 2436 3572 ut
2455 3521 2667 3588 quidam
2689 3522 2834 3590 juxta
2851 3540 3050 3582 morem
3074 3527 3171 3580 sibi
3198 3530 3315 3590 dari
3418 3523 3420 3526 ’

1745 3608 2044 3662 necessaria
2076 3615 2334 3677 posceret.
2407 3610 2497 3664 llle
2527 3607 2829 3666 mensuram
2863 3624 3169 3672 consuetam
3199 3620 3311 3674 dri

1739 3701 1887 3769 jubet
1908 3704 2102 3770 egenti.
2154 3703 2284 3756 Tum
2311 3703 2581 3758 minister:
2618 3704 2980 3775 Nequaquam,
3009 3710 3196 3778 inquit,
3231 3711 3314 3767 vel

1746 3807 1928 3860 parum
1961 3793 2015 3844 in
2046 3805 2170 3845 vase
2192 3794 2463 3859 remansit,
2482 3795 2576 3848 sed
2600 3804 2765 3850 totum
2797 3799 3033 3864 imperiis
3052 3803 3152 3854 tuis
3180 3817 3315 3870 pau-

1745 3884 1958 3951 peribus
1980 3895 2060 3937 est
2083 3893 2375 3952 erogatum.
2399 3888 2704 3951 Quoaudito
2725 3890 2906 3942 oculos
2923 3891 2986 3943 ad
3013 3894 3206 3946 cmlum
3232 3904 3311 3947 at-

1744 3975 1901 4040 tollit,
1926 3990 2172 4044 genuque
2195 3975 2332 4030 flexo
2355 3977 2652 4046 largitorem
2677 3982 2911 4034 omnium
2933 3983 3093 4036 Deum
3121 3985 3312 4052 implo-

1745 4075 1845 4131 rat,
1883 4077 2196 4134 peractaqne
2228 4071 2489 4133 oratione,
2538 4071 2780 4125 ministro
2809 4072 2988 4143 jubet:
3044 4073 3206 4139 Vade,
3231 4078 3313 4129 in-

1742 4162 1874 4226 quit.
1928 4175 2048 4214 eum
2083 4161 2210 4218 ﬁdei
2255 4163 2592 4228 adminiculo,
2644 4162 2792 4218 deter
2835 4166 3083 4218 alimenta
3121 4183 3312 4234 egeno.

1741 4251 1975 4321 Pergens
1995 4256 2233 4308 miniater
2252 4255 2446 4319 reperit
2464 4269 2554 4308 vas
2570 4256 2803 4321 plenum,
2831 4266 3145 4325 sumptaque
3162 4274 3312 4314 men-

1739 4359 1860 4399 sura
1894 4346 2105 4411 pauperi
2138 4344 2335 4408 tribuit,
2379 4345 2568 4408 deipde
2599 4346 2742 4400 Patri
2786 4348 3072 4402 nuntianda
3117 4352 3306 4406 credit.

1741 4435 1956 4490 Sedille
1981 4436 2244 4491 silendurn
2285 4451 2407 4492 esse
2435 4437 2684 4506 imperat,
2736 4455 2803 4496 ne
2832 4441 3077 4496 elationis
3109 4444 3313 4499 macula

61 4545 202 4611 cujus
240 4557 300 4598 se
328 4548 553 4595 noverat
580 4535 892 4607 aegritudine
918 4534 1210 4600 laborasse,
1262 4543 1462 4602 partem
1495 4531 1634 4585 illius
1659 4533 2006 4606 ncumulum
2037 4532 2217 4599 gratia:
2247 4531 2413 4586 tollat.

69 4633 292 4690 muneris
324 4647 416 4702 per
444 4629 588 4698 quod
621 4640 782 4680 sanus
809 4623 1030 4679 cﬂectns
1073 4622 1263 4690 fuerat,
1287 4623 1509 4676 similem
1531 4621 1633 4678 sibi

60 4726 264 4784 ofﬁcere
293 4725 517 4794 cupiens
543 4720 754 4776 detulit.
781 4718 898 4786 Quo
929 4727 985 4771 et
1006 4718 1118 4785 ipse
1145 4725 1382 4784 accepto,
1414 4728 1634 4782 prospe-

62 4820 190 4872 ritati
225 4831 394 4888 nuper
424 4813 638 4868 amissa
673 4809 992 4866 restituitur.
1023 4808 1152 4862 Nam
1197 4815 1250 4860 et
1300 4806 1485 4862 barum
1535 4819 1634 4859 ett-

64 4911 312 4980 logiarum
374 4905 692 4962 munuscula
756 4902 926 4956 sancti
981 4897 1204 4954 Joannis
1265 4895 1636 4953 benedictione

59 5003 378 5058 sanctiﬁcata
443 4998 661 5054 crebras
723 5007 883 5064 super
947 4991 1276 5048 intlrmantes
1332 5003 1489 5057 egere
1544 5001 1631 5039 sa-

60 5099 446 5254 miae
469 5180 626 5237 solito
647 5193 741 5248 per
761 5178 956 5234 saltum
972 5189 1122 5229 more
1150 5173 1464 5228 athletarum
1493 5169 1632 5225 anti-J

65 5289 282 5350 quorum
336 5272 587 5329 cntinuo
643 5279 697 5325 et
745 5267 962 5339 jejuniis
1008 5274 1380 5326 exerceretur,
1436 5262 1634 5332 reperit

64 5366 334 5437 quemdam
358 5377 645 5436 pauperem
673 5361 1008 5416 seminudum
1050 5357 1631 5414 raecessariaalimenta

70 5464 374 5533 (metusque
403 5473 538 5529 quos
565 5456 729 5511 saltus
771 5455 992 5526 gignere
1010 5453 1166 5533 solet,
1186 5451 1329 5506 omni
1353 5451 1528 5506 studio
1552 5451 1632 5503 in-

67 5530 340 5629 vestigare,
372 5561 431 5608 ut
458 5550 634 5606 carnis
671 5547 863 5602 famem
909 5530 1168 5614 potuisset
1213 5542 1335 5597 cibo
1357 5557 1627 5610 superare.

69 5649 156 5704 Illo
180 5646 487 5718 inquirente
513 5641 637 5712 quid
667 5646 949 5711 quareret,
976 5637 1174 5692 illatam
1207 5635 1470 5690 miseriam
1523 5637 1632 5690 oris

68 5737 400 5796 confessione
427 5733 776 5805 deprompsit.
832 5731 1045 5785 Atille:
1099 5729 1310 5786 Utinam
1341 5738 1414 5796 te,
1442 5729 1628 5798 inquit,

70 5834 176 5893 sola
225 5811 408 5893 carnis
456 5829 624 5885 fames
670 5836 896 5898 urgeret,
929 5834 983 5882 et
1030 5838 1134 5881 non
1193 5823 1356 5881 fames
1384 5824 1466 5879 vel
1514 5822 1628 5877 sitis

1809 4622 1862 4676 8.
1909 4623 1995 4675 Vir
2023 4625 2235 4692 quidam
2267 4623 2427 4678 nobili
2453 4623 2743 4680 intentione
2766 4635 3082 4693 praeventus,
3109 4627 3309 4694 Sequa-

1739 4731 1842 4770 nos
1871 4717 2106 4780 nomine,
2153 4728 2422 4784 comperta
2471 4717 2653 4771 famuli
2696 4716 2787 4771 Dei
2818 4716 3038 4771 Joannis
3069 4714 3204 4769 fama
3258 4719 3309 4772 in

1738 4808 2110 4870 observatione
2137 4808 2368 4875 priurum
2394 4808 2629 4870 Patrum,
2652 4821 2810 4875 quam
2835 4816 2888 4859 et
2917 4805 3030 4875 ipse
3059 4805 3308 4875 flagranti

1738 4899 1943 4952 sitiebat
1979 4913 2180 4962 amore,
2215 4898 2442 4966 quadam
2477 4907 2631 4951 nocte
2661 4912 2688 4950 a
2723 4897 2955 4966 partibus
2987 4898 3310 4966 Magnimon-

1737 4986 1960 5044 tensium
1998 4994 2135 5043 inter
2163 4989 2323 5042 densa
2348 4990 2679 5043 tenebrarum
2703 4989 3012 5052 adveniens,
3039 4988 3311 5044 basilicam

1736 5081 1960 5135 latenter
1992 5080 2214 5145 introiit,
2267 5094 2603 5134 communem
2647 5078 2929 5134 Dominum
2977 5080 3310 5135 ora-tionibus

1736 5161 1971 5239 pulsans.
2038 5170 2187 5235 Quod
2251 5170 2499 5224 divinitus
2552 5172 2670 5223 viro
2702 5171 2788 5222 Dei
2843 5170 3129 5226 revelatum
3185 5181 3308 5238 est;

1732 5266 1939 5334 citoque
1971 5263 2211 5322 ministro
2267 5246 2489 5326 imperat
2539 5261 2852 5318 ut‘coacito
2879 5261 3045 5331 gradu
3099 5272 3307 5331 pergat,

1733 5364 1975 5422 tactuque
1996 5355 2146 5422 signo
2167 5353 2376 5406 sodales
2400 5354 2616 5418 excitet,
2660 5351 2780 5418 quia
2807 5352 2971 5406 frater
3009 5353 3307 5407 communis

1733 5446 2006 5514 Sequanos
2031 5442 2340 5498 abscondite
2367 5441 2506 5496 fores
2535 5442 2775 5503 ecclesiae
2801 5449 3086 5510 penetrans
3117 5440 3304 5504 Domi-

1734 5557 1855 5596 num
1883 5539 2213 5594 orationibus
2246 5539 2436 5608 pulsat.
2493 5535 2646 5601 Quod
2682 5537 2753 5588 ita
2792 5522 2913 5591 esse
2939 5534 3193 5589 citissima
3221 5541 3308 5590 est

1734 5631 2033 5688 inventione
2059 5637 2416 5697 compertum,
2442 5635 2496 5680 et
2516 5631 2818 5680 venerando
2847 5625 3047 5679 famulo
3074 5625 3163 5678 Dei
3183 5640 3306 5694 per-

1731 5726 2014 5793 plurimum
2045 5718 2414 5774 ardentissima
2444 5715 2664 5770 fratrum
2689 5715 2917 5784 cbaritas
2946 5712 3180 5770 ofﬁcium
3204 5716 3317 5793 den

1730 5818 1895 5873 bitum
1927 5808 2298 5882 hospitalitatis
2323 5806 2594 5876 persolvit.
