3880 6236
404 336 538 394 108⁵1

1244 341 1303 397 S.
1343 336 1787 396 FRUCTUOSUS
1826 333 2297 393 BRACARENSIS
2336 334 2727 393 EPISCOPUS.

3492 330 3627 387 1083

476 453 528 508 9.
553 453 758 521 Quanta
786 466 1049 524 quamque
1095 454 1335 509 sublimia
1360 455 1734 509 miraculorum
1760 451 1967 506 Domini
1995 461 2045 517 Α
2144 447 2231 501 10.
2289 448 2492 515 Quanto
2542 449 2650 515 jam
2702 428 2901 499 honore
2953 459 3015 499 ac
3049 444 3392 500 veneratione
3439 459 3619 514 regum

406 545 460 597 in
498 544 694 599 sanctis
720 546 830 600 suis
858 546 1132 600 redoleant
1181 546 1441 614 exempla,
1475 546 1669 600 finibus
1716 544 1970 599 Ecclesiae

412 637 467 691 in
495 637 622 692 orbe
642 648 903 693 terrarum
933 638 1139 694 diffusae
1169 642 1455 708 personuit,
1486 650 1640 709 atque
1668 639 1969 695 elucubrata

358 790 363 796 ,
405 726 523 781 luce
552 728 791 782 veritatis
821 728 1063 785 fidelibus
1090 741 1269 786 notum
1294 731 1541 786 est.Cum
1567 747 1633 787 eo
1655 734 1705 785 in
1736 717 1971 802 tempore

403 826 614 886 segetes
642 834 813 872 annua
844 822 1146 877 maturitate
1168 823 1445 888 confectae,
1479 823 1544 877 ad
1575 823 1968 891 praecidendum

402 909 456 965 in
478 910 779 978 supradicto
803 912 1049 968 coenobio
1071 912 1293 968 fuissent
1317 925 1531 982 parata),
1550 917 1736 971 concio
1752 914 1973 970 fratrum

404 1002 469 1055 ad
534 1012 767 1073 segetem
832 1005 1218 1073 praecidendum
1274 1008 1580 1061 catervatim
1641 1010 1970 1077 properavit,

404 1104 643 1160 Opusque
691 1107 787 1162 per
839 1094 999 1149 totius
1043 1095 1144 1150 diei
1198 1105 1366 1151 metas
1418 1107 1685 1166 peractum
1716 1098 1974 1153 adventus

406 1191 568 1237 terra:
601 1185 773 1239 noctis
794 1185 1079 1253 prohibuit.
1109 1186 1240 1242 Cum
1268 1203 1454 1243 omnes
1474 1189 1539 1243 ad
1561 1189 1859 1243 coenobium
1884 1203 1974 1244 re-

408 1287 697 1340 meassem,
741 1277 963 1346 imperio
990 1281 1259 1335 seniorum
1291 1297 1424 1335 unus
1452 1296 1482 1335 e
1527 1280 1798 1344 fratribus,
1820 1280 1975 1336 Clau-

406 1368 524 1421 dius
554 1368 785 1433 nomine,
817 1371 881 1424 ad
906 1371 1111 1441 frugem
1157 1372 1555 1427 custodiendam
1578 1375 1859 1439 remansit;
1886 1374 1977 1443 qui

405 1472 523 1511 cum
564 1474 807 1514 somnum
837 1472 1050 1529 caperet
1085 1473 1240 1531 atque
1288 1465 1599 1531 intempesta
1633 1478 1787 1520 nocte
1814 1467 1976 1535 evigi-

404 1548 522 1602 lans
571 1553 764 1605 mentis
796 1554 1037 1607 ardorem
1064 1555 1128 1608 ad
1159 1556 1352 1611 cmlum
1386 1557 1595 1612 tolleret
1618 1558 1761 1627 juxta
1814 1560 1971 1612 illud:

403 1639 516 1708 Ego
543 1642 677 1694 enim
702 1644 901 1697 dormio
916 1655 963 1698 et
987 1662 1074 1699 cor
1097 1662 1258 1699 meum
1288 1649 1460 1718 vigilat
1486 1647 1655 1715 (Cant.
1686 1650 1831 1714 νβ),
1862 1666 1974 1705 cce-

389 1731 485 1798 .pit
510 1734 741 1799 cogitare
768 1750 831 1789 ne
854 1735 981 1793 fessi
1004 1747 1147 1803 artus
1177 1738 1434 1792 sodalium
1466 1740 1626 1793 nimio
1643 1741 1975 1810 indulgerent

2073 539 2397 594 Francorum
2431 550 2589 607 atque
2631 537 2883 591 nobilium
2935 535 3209 591 fulciretur
3234 530 3491 600 virorum,
3522 550 3632 588 am-

2072 629 2203 698 bigit
2232 643 2409 695 nemo,
2438 628 2527 697 qui
2554 627 2803 682 beneficia
2824 642 2852 679 a
2877 626 3143 695 praedictis
3160 628 3372 696 regibus
3398 626 3630 695 praestita

2074 735 2166 789 per
2188 721 2213 749 ⁸
2238 728 2496 788 praecepta
2522 719 2826 773 chartarum
2851 732 2969 788 qum
2990 733 3158 788 usque
3174 732 3311 772 nunc
3338 717 3391 772 in
3407 716 3633 788 publicis

2074 812 2304 865 archivis
2335 810 2571 880 pradicti
2625 810 2834 865 condita
2887 817 3010 863 sunt
3053 808 3356 863 monasterii
3401 807 3637 876 relegere

2074 902 2235 969 cupit.
2279 895 2452 955 inerat
2500 901 2553 955 in
2600 914 2685 965 eo,
2734 909 2789 954 ut
2825 900 3014 970 opinor
3038 899 3158 968 jure
3176 899 3367 963 dicam,
3398 898 3634 951 omnium

2074 993 2328 1046 virtutum
2374 991 2683 1060 fragrantia,
2734 992 2974 1060 corporis
3023 990 3321 1059 eaStigatio,
3358 989 3557 1059 jejunia
3587 995 3639 1041 et

2074 1087 2341 1139 orationes
2370 1100 2524 1152 mque
2554 1097 2607 1139 ut
2630 1084 2852 1155 juvenili
2873 1093 3031 1141 aetate
3074 1084 3285 1150 tulerat,
3317 1098 3382 1139 eo
3403 1082 3560 1137 modo
3589 1092 3640 1135 et

2072 1184 2226 1239 senili
2261 1183 2521 1251 portabat.

2097 1294 2099 1297 ν
2146 1275 2233 1330 ll.
2257 1274 2384 1329 Post
2411 1274 2612 1327 obitum
2637 1269 3009 1341 gloriosissimi
3041 1268 3137 1324 viri
3153 1268 3368 1323 Joannis
3388 1265 3641 1321 suffectus

2074 1372 2156 1419 est
2184 1367 2235 1420 io
2260 1366 2430 1419 locum
2457 1366 2570 1432 ejus
2600 1364 2765 1417 abbas
2793 1363 3045 1416 Silvester
3091 1361 3325 1425 nomine,
3354 1373 3509 1428 quem
3533 1359 3643 1427 ipse

2074 1467 2229 1511 antea
2258 1457 2436 1510 vivens
2463 1455 2681 1508 fratrum
2710 1454 2867 1507 coetui
2900 1440 3221 1519 praeceperat
3261 1466 3525 1519 praesse;
3552 1450 3643 1518 qui

2076 1559 2130 1602 et
2161 1547 2426 1616 religionis
2455 1547 2621 1600 forma
2646 1556 2699 1599 et
2728 1546 2921 1613 regulae
2946 1553 3127 1598 tenore
3148 1552 3251 1612 ‘per
3278 1542 3501 1609 vestigia
3524 1555 3640 1593 ma-

2076 1639 2223 1708 gistri
2252 1639 2495 1708 gradiens
2522 1638 2759 1706 longaevo
2790 1635 2965 1690 floruit
3018 1646 3274 1704 tempore.
3307 1633 3639 1702 Diligebatur

2081 1740 2254 1785 autem
2284 1748 2312 1785 a
2338 1730 2570 1786 Clotario
2596 1742 2755 1797 atque
2804 1728 3141 1783 Childeberto
3177 1725 3645 1781 Christianissimis

404 1824 969 1895 sopori,neglcctoque
999 1831 1251 1883 orationis
1278 1846 1373 1884 usu
1398 1831 1449 1884 in
1468 1848 1671 1887 numne
1693 1834 1977 1890 adventum
2007 1827 2057 1890 Β
2085 1825 2297 1894 regibus
2328 1823 2653 1877 Francorum
2678 1821 2746 1875 ob
2779 1821 3022 1874 meritum
3063 1819 3177 1886 ejus
3201 1817 3525 1873 sanctitatis.
3548 1816 3646 1870 Ili-

374 1926 716 1987 [consuetum
779 1917 937 1972 ofﬁcii
992 1936 1142 1973 usum
1202 1922 1495 1977 differrent.
1563 1924 1799 1993 Cumque
1865 1928 1978 1981 haec

406 2009 566 2062 anxio
605 2011 783 2065 animo
821 2014 1077 2079 volveret,
1113 2014 1241 2069 vidit
1269 2016 1444 2070 subito
1469 2018 1635 2071 caelos
1662 2027 1892 2085 apertos,
1924 2028 1979 2073 et

405 2103 689 2159 micantem
718 2104 931 2173 globum
965 2116 1132 2161 totum
1163 2107 1392 2162 lustrare
1436 2109 1710 2163 mundum.
1755 2111 1979 2179 Moxque

318 2264 322 2268 ῃ
404 2194 529 2248 dum
561 2195 786 2249 mirandi
814 2196 933 2250 facti
959 2205 1133 2251 mente
1155 2198 1417 2264 pavefacta
1437 2199 1735 2266 pulsaretur
1759 2212 1975 2267 eventu,

402 2286 555 2339 alifer
585 2285 756 2352 gallus
783 2287 990 2341 solitam
1021 2302 1204 2343 vocem
1234 2290 1502 2353 attollens,
1560 2292 1756 2344 mundo
1797 2300 1981 2344 ventu-

404 2390 519 2431 ram
549 2378 721 2432 lucem
750 2380 1037 2446 nuntiavit;
1088 2383 1342 2450 signoque
1389 2390 1531 2435 tacto
1580 2382 1753 2435 omnis
1793 2383 1980 2436 concio

409 2466 633 2522 fratrum
682 2469 746 2522 ad
794 2470 1086 2524 orationem
1129 2482 1421 2540 cantusque
1457 2474 1782 2541 peragendos
1811 2475 1979 2528 eccle-

403 2558 537 2610 siam
589 2559 900 2625 penetravit.
956 2562 1131 2613 Ovans
1174 2560 1265 2615 ille
1328 2572 1601 2632 postquam
1670 2564 1753 2616 lux
1803 2564 1976 2618 dedita

402 2652 604 2710 mundo
636 2653 748 2713 fuit,
778 2652 921 2705 Patri
952 2654 1018 2707 de
1040 2653 1293 2708 industria
1316 2656 1439 2724 quid
1474 2655 1664 2709 viderit
1691 2658 1973 2710 nuntiavit.
2024 2698 2031 2701 Α

406 2742 501 2796 llle
531 2759 595 2795 ne
625 2742 764 2797 forte
784 2744 998 2797 stimulo
1024 2745 1264 2801 elationis
1281 2747 1442 2802 frater
1454 2758 1732 2816 corruptus
1749 2759 1979 2805 mentem

418 2833 700 2904 pollueret,
734 2837 1012 2903 increpans
1050 2840 1123 2891 ait
1150 2856 1161 2891 :
1218 2838 1558 2908 Najnaquam
1587 2840 1710 2893 talia
1740 2851 1790 2895 te
1819 2841 1980 2895 corde

413 2927 616 2980 tumido
640 2927 840 2982 vidisse
887 2943 1178 2997 praesumus
1210 2946 1445 2986 narrare.
1476 2929 1611 2998 Quid
1656 2932 1825 2985 enim?
1846 2931 1979 2987 Num

405 3017 485 3073 fas
508 3029 589 3073 est
616 3027 674 3072 ut
724 3020 883 3073 homo
913 3021 1013 3073 sub
1043 3019 1331 3089 fragilitate
1359 3024 1559 3088 po'situs
1580 3033 1635 3077 et
1662 3023 1982 3092 contagione

405 3119 747 3177 peccatorum
771 3110 1062 3165 maculatus
1091 3110 1285 3165 audeat
1305 3110 1371 3167 de
1393 3113 1841 3181 contemplatione
1866 3128 1981 3169 cm-

404 3198 525 3255 lesti
552 3200 804 3269 gloriari?

487 3346 513 3373 ⁸
564 3342 639 3399 De
680 3356 945 3413 praecepto
992 3346 1244 3403 Clodovei
1291 3350 1613 3405 monasterio
1660 3348 1973 3405 Reomaensi

408 3427 669 3470 concesso
698 3416 911 3471 videndi
941 3418 1132 3473 Petrus
1161 3419 1439 3485 Roverius,
1471 3421 1524 3475 in
1570 3418 1797 3475 llistoria
1841 3421 1977 3474 Reo-

406 3487 634 3557 maensi,
663 3496 718 3541 et
745 3488 964 3543 Carolus
994 3490 1043 3545 le
1073 3490 1284 3557 Cointe,
1315 3499 1446 3545 tom.
1475 3492 1496 3545 l
1526 3492 1721 3546 Annal.
1751 3491 1974 3557 Franc.,

404 3569 493 3610 an.
525 3555 649 3623 496,
677 3574 737 3611 n.
758 3558 884 3613 111.
1189 3580 1193 3585 ·

2080 1917 2260 1971 racula
2288 1927 2463 1971 autem
2493 1914 2560 1969 ab
2586 1914 2675 1968 illo
2705 1926 2819 1967 acta
2851 1928 2951 1966 non
2998 1900 3224 1980 amplius
3274 1910 3519 1979 legimus,
3546 1907 3646 1963 nisi

2080 2006 2132 2060 in
2159 2022 2264 2061 uno
2297 2005 2657 2059 tantummodo
2685 2004 2903 2066 clerico,
2933 2016 3093 2070 quem
3134 2001 3427 2056 contractio
3454 1988 3647 2053 nervo—

2080 2106 2281 2153 rnm~et
2312 2097 2556 2153 debilitas
2586 2111 2836 2150 manuum
2864 2104 3029 2148 totum
3070 2094 3369 2148 reddiderat
3388 2090 3649 2147 inofficio-

2082 2206 2222 2246 sum.
2254 2190 2353 2258 Qui
2386 2193 2450 2244 ad
2481 2190 2831 2244 venerabilem
2862 2190 3177 2243 Silvestrum
3207 2186 3529 2240 adminiculo
3555 2200 3648 2241 ve-

2082 2284 2239 2336 hiculi
2289 2290 2372 2337 est
2417 2282 2643 2346 delatus,
2694 2290 2745 2334 et
2797 2280 2863 2333 ab
2913 2279 3031 2346 ipso
3074 2278 3239 2333 sancti
3288 2277 3391 2332 olei
3442 2277 3651 2345 liquore

2086 2384 2391 2443 perunctus,
2437 2388 2560 2425 mox
2618 2370 2788 2439 omnis
2842 2372 3135 2425 contractio
3186 2360 3472 2423 nervorum
3495 2378 3653 2435 atque

2083 2466 2375 2521 incurvatio
2425 2466 2674 2535 poplitum
2733 2474 2964 2526 extenta,
3007 2472 3061 2517 et
3097 2463 3287 2531 plantae
3317 2461 3514 2531 pedum
3536 2459 3655 2530 ejus

2082 2561 2320 2615 solidata)
2345 2570 2486 2623 sunt,
2515 2560 2831 2627 sanitatique
2857 2568 2936 2612 est
2983 2557 3287 2619 restitutus;
3316 2569 3346 2608 a
3375 2555 3653 2609 debilitate

2083 2667 2208 2706 vero
2237 2666 2486 2704 manuum
2512 2664 2603 2716 per
2629 2650 2838 2703 beatum
2864 2647 3181 2700 Germanum
3206 2645 3493 2699 Parisiacae
3522 2644 3644 2699 civi~

2086 2746 2205 2799 tatis
2232 2745 2539 2812 episcopum
2583 2750 2759 2809 postea
2810 2738 3004 2794 meruit
3050 2738 3244 2792 curari.
3285 2736 3553 2807 Scriptum
3602 2737 3655 2792 in

2082 2838 2245 2907 gestis
2274 2836 2496 2890 habetur
2519 2834 2719 2903 praefati
2750 2833 2889 2889 beati
2908 2829 3177 2886 Germani.
3206 2829 3232 2867 δ
3265 2830 3477 2897 Quievit
3498 2831 3658 2901 igitur

2085 2926 2465 2983 venerabiliter
2496 2925 2753 2981 Silvester
2780 2940 2890 2978 xvu
2936 2922 3197 2978 Kalendas
3228 2921 3372 2986 Maii,
3396 2933 3451 2977 et
3476 2923 3658 2992 sepul-

2085 3028 2170 3074 tus
2198 3029 2279 3073 est
2308 3018 2360 3071 in
2394 3017 2622 3071 ecclesia
2645 3014 2813 3070 sancti
2840 3013 3061 3069 Joannis
3091 3022 3347 3081 regnante
3374 3012 3443 3067 de
3462 3026 3526 3065 eo
3548 3011 3659 3066 Do-

2088 3114 2233 3168 mino
2248 3110 2373 3166 Jesu
2402 3106 2635 3175 Christo,
2667 3108 2756 3173 qui
2782 3106 2908 3161 vivit
2930 3116 2984 3161 et
3014 3113 3202 3175 regnat
3253 3104 3306 3158 in
3334 3103 3526 3159 sarcula
3553 3116 3657 3159 sa-

2009 3184 2056 3247 c
2084 3206 2346 3262 culorum.
2368 3204 2556 3256 Amen.

2147 3349 2175 3387 ι)
2211 3330 2281 3402 De
2311 3364 2376 3403 eo
2414 3349 2465 3403 in
2494 3346 2873 3418 Martyrologio
2902 3343 3103 3418 Bened.
3137 3343 3254 3412 ipso
3299 3344 3387 3418 die
3414 3342 3613 3418 _agitur
3638 3384 3656 3418 ,

2083 3419 2151 3475 de
2182 3420 2437 3488 praedicto
2465 3411 2648 3474 autem
2675 3411 2930 3488 miraculo
2956 3416 3010 3471 iu
3046 3411 3171 3470 Vita
3189 3414 3363 3469 sancti
3406 3411 3659 3468 Germani

2079 3486 2378 3546 Parisensis
2408 3492 2599 3559 episc.,
2630 3504 2778 3544 num.
2799 3486 2889 3542 55.
3394 3518 3397 3519 ν

1666 3853 1832 3896 ANNO
1877 3850 2106 3896 DOMINI
2149 3851 2381 3894 DCLXX.

1068 4026 1253 4183 s.
1391 4013 2972 4181 FRUCTUOSUS

845 4279 2027 4416 BRACARENSIS
2078 4280 3153 4412 .EPISCOPUS.

1497 4564 1930 4701 NOTITIA
1986 4591 2557 4669 HISTORIGA.

1417 4744 1513 4808 (Ex
1539 4745 1767 4810 Antonio,
1808 4744 2112 4796 Bibliotheca
2158 4752 2301 4795 vetus
2339 4744 2591 4808 Hispana.)

438 4988 441 4989 ⁷
479 4998 688 5066 Snppar
712 4993 1063 5066 fuitEugenio
1084 5005 1299 5051 sanctus
1347 4996 1691 5066 Fructuosus,
1730 4997 1819 5066 qui
1844 4997 1973 5050 Bra-
2005 5001 2055 5059 Ι)
2080 5000 2352 5066 εχει-οπως
2403 4994 2664 5066 Hispania:
2709 4993 2879 5066 proles
2936 4994 3033 5060 (a),
3091 4998 3274 5066 spreto
3302 4991 3487 5066 mundi
3519 4990 3659 5048 bitu

405 5065 639 5121 carensis
660 5082 779 5121 cum
796 5078 938 5119 esset
963 5065 1219 5120 Ecclesia:
1245 5068 1705 5132 metropolitanus,
1731 5082 1831 5121 una
1852 5082 1969 5119 eum

407 5138 642 5204 Eugenio
692 5136 931 5191 interfuit
984 5136 1213 5189 concilio
1266 5138 1521 5191 Toletano
1549 5154 1601 5191 χ.
1632 5138 1812 5192 Editus
1838 5138 1974 5189 hice

406 5208 760 5272 nobilissimo,
795 5209 902 5261 imo
929 5217 983 5261 et
1012 5206 1156 5275 regio
1182 5208 1457 5277 sanguine,
1512 5208 1661 5263 ducis
1703 5208 1975 5277 cujusdam

480 5344 555 5413 (a)
606 5345 676 5398 Ita
724 5344 911 5409 legitur
954 5345 1005 5397 in
1054 5343 1325 5398 Fructuosi
1371 5344 1487 5397 Vita
1519 5359 1546 5397 a
1592 5344 1714 5397 divo
1766 5343 1973 5396 Valerio

406 5418 573 5469 sancti
600 5415 742 5468 Petri
764 5414 1050 5469 Montensis
1069 5416 1259 5468 abbate
1280 5416 1578 5480 conscripta
1602 5415 1739 5480 apud
1763 5414 1831 5467 cl.
1856 5413 1973 5465 Flo-

407 5486 607 5555 rezittm
632 5484 804 5549 (Tom.
830 5483 879 5537 Χ
896 5483 955 5547 ν,
987 5502 1103 5555 pag.
1136 5483 1259 5555 451,
1288 5484 1441 5555 ητξὶ),
1474 5494 1631 5548 atque
1672 5485 1725 5537 in
1758 5487 1967 5551 privile-

406 5558 492 5621 gio
520 5554 881 5609 Cindasttinthi
914 5554 1069 5620 regis,
1096 5572 1157 5607 xv
1187 5554 1305 5608 Kal.
1332 5554 1664 5617 Novembris,
1703 5570 1808 5607 aera
1842 5556 1965 5617 679,

410 5627 527 5679 sive
565 5625 762 5679 Christi
801 5640 939 5677 anno
984 5624 1107 5687 641,
1139 5628 1459 5690 monasterio
1491 5634 1804 5678 sanctorum
1829 5626 1968 5679 Justi

414 5705 465 5764 et
494 5696 729 5749 Pasmris
757 5696 1115 5763 Complutensi
1147 5697 1163 5759 (
1192 5696 1263 5747 De
1292 5696 1584 5761 Coutplndo
1610 5696 1625 5764 )
1668 5696 1736 5748 ab
1785 5697 1969 5750 eodem

418 5762 708 5820 Frucwoso
737 5762 915 5821 erecto
964 5766 1243 5834 fundisque
1270 5762 1732 5839 patrintonialibus
1762 5768 1966 5829 ditato;

2078 5065 2393 5119 monachale
2417 5058 3019 5129 institutumvamplexus,
3039 5058 3262 5129 primum
3293 5073 3414 5115 sese
3434 5058 3656 5115 Conan-

2080 5136 2152 5189 tio
2179 5136 2451 5189 Palentino
2479 5135 2731 5203 episc0po
2764 5137 2873 5186 viro
2915 5131 3653 5203 sanctissimospiritualibus

2079 5204 2366 5274 disciplinis
2410 5201 2749 5259 imbuendum
2804 5202 3035 5257 tradidit.
3094 5201 3326 5257 Cettdito
3379 5202 3503 5255 hinc
3533 5214 3652 5255 mo-

2078 5344 2226 5411 cnjus
2248 5343 2544 5413 exemplum
2580 5340 2895 5413 er'l‘oletana
2923 5339 2990 5393 cl.
3022 5334 3525 5413 Joannisllap‘tistg
3551 5334 3656 5413 Fe-

2080 5404 2207 5469 re'zii
2241 5404 2567 5466 Collectione
2607 5408 2928 5474 descriptum
2970 5416 3146 5464 exstat
3175 5408 3225 5459 in
3260 5404 3419 5473 ltegia
3452 5404 3655 5474 biblio-

2070 5488 2220 5537 theca
2251 5482 2568 5545 Matritensi,
2593 5496 2711 5535 cum
2743 5471 2977 5549 ejusdem
3000 5471 3409 5549 confirmatione
3460 5471 3651 5549 amita-

2071 5556 2203 5607 miro
2244 5553 2281 5605 11
2323 5543 2565 5623 Legionis
2604 5568 2738 5623 rege
2763 5543 2785 5617 ,⁷
2800 5548 2883 5623 die
2908 5550 2941 5603 5
2972 5548 3317 5623 Septembris,
3349 5560 3458 5623 aera
3488 5543 3597 5597 984
3632 5582 3649 5606 ,

2040 5672 2045 5679 .
2072 5639 2163 5677 seu
2197 5617 2562 5678 Christi’anno
2589 5617 2715 5686 946,
2737 5622 2878 5687 quod
2909 5631 3085 5675 tamen
3130 5617 3472 5688 privilegium
3513 5629 3653 5668 nouo

2075 5697 2229 5750 nullis
2261 5706 2566 5766 suspectum
2596 5694 2838 5748 habetur.
