3820 6354
133 464 232 517 i097

1032 462 1305 520 REGULA
1348 458 1841 524 MONACHORUM.
1881 496 1950 509 —
1988 465 2316 523 MONITUM.

3137 463 3267 519 109%

126 574 303 629 del'onso
326 548 457 627 enim
505 584 709 644 certum
746 584 827 625 est
873 572 973 642 (De
1016 573 1206 641 Scripi.
1261 577 1435 630 ποίεε.
1468 593 1512 628 c.
1557 574 1613 644 8)
1641 584 1687 638 Α
1715 574 1882 639 audit,
1922 576 2223 643 episcopum
2267 587 2449 641 parum
2488 568 2677 644 deceat
2722 572 2862 623 nulla
2911 589 3005 637 sire
3053 575 3275 644 majoris

128 643 612 713 Justuin_'l‘oletaiiuni
643 642 803 695 trium
832 656 1087 713 annorum
1127 646 1378 697 duntaxat
1406 642 1612 713 episcoé

130 728 243 779 pum,
268 710 484 779 ejusdem
540 713 677 775 regis
716 712 989 765 Sisenandi
1044 720 1299 778 tempore,
1344 710 1612 767 iioveuile-

128 782 293 842 cinique
313 790 421 831 ante
449 795 565 831 eum
614 781 799 831 diebus
845 781 1075 841 obiisse;
1129 792 1183 834 et
1232 791 1615 849 consequenter

128 854 205 900 sub
221 850 379 901 eodem
408 863 549 915 rege,
583 849 667 914 qui
696 860 803 901 tres
840 863 1006 902 annos
1033 861 1086 901 et
1126 850 1366 904 undecim
1412 865 1617 904 menses

130 932 258 985 regno
282 916 489 981 prmiuit,
529 928 760 969 creatum
794 918 968 970 fuisse.
1011 918 1126 982 Quo
1172 935 1291 973 cum
1340 919 1472 973 bene
1514 928 1619 971 stat

128 987 246 1039 iusto
268 986 506 1038 Toletano
546 986 891 1050 antiquiorem
922 986 1003 1039 vel
1044 990 1223 1054 paucis
1250 988 1431 1041 diebus
1456 987 1616 1041 Julia-

131 1069 227 1106 num
248 1055 619 1113 Bracarenseiii,
674 1054 829 1106 tertio
881 1056 1156 1108 Sisenaudi
1210 1072 1369 1121 anno,
1420 1057 1617 1118 fuisse;

128 1123 323 1189 atquein
368 1121 502 1173 Petri
543 1126 647 1194 sub
670 1124 902 1187 eiusdem
930 1124 1205 1177 Sisenandi
1236 1126 1486 1194 principia
1525 1125 1618 1178 ﬂo-

129 1196 259 1243 rentis
283 1194 439 1242 locum
468 1193 748 1243 succedere
776 1196 1027 1256 potuisse.

183 1263 393 1311 Attamen
427 1260 564 1321 inde,
605 1276 669 1311 ne
713 1260 762 1311 in
813 1276 1041 1328 ptEIPCPpS
1085 1276 1202 1315 sese
1250 1262 1397 1325 dent,
1447 1264 1620 1315 statim

128 1329 280 1395 pedem
309 1343 545 1379 revocare
586 1329 778 1381 debent
827 1330 1247 1385 I’seudooJuliani
1294 1333 1618 1384 defensores.

130 1398 267 1467 Fatcri
294 1399 524 1467 emittitis
554 1401 902 1450 necessarium
925 1402 1022 1453 erit
1050 1400 1259 1453 Petrum
1286 1415 1350 1453 ex
1374 1402 1623 1467 episcopo

130 1464 389 1519 liracarensi
420 1465 691 1533 Sisenaniii
734 1478 969 1533 tempore
1020 1471 1327 1521 translatum
1371 1470 1526 1527 fuisse
1555 1464 1618 1519 ad

128 1533 474 1587 Narbonensem
526 1532 859 1589 Ecclesiams
918 1538 1054 1603 quod
1105 1548 1452 1604 prtrterquam
1484 1537 1620 1600 quod

128 1604 431 1655 bracarenses
470 1603 604 1656 male
634 1604 865 1669 habebit,
909 1603 1424 1673 sanctissiniumque,
1456 1609 1627 1672 qualis

1718 644 1916 698 fructus
1936 642 2188 710 aequalem
2215 659 2308 711 pro
2335 642 2518 709 equali
2564 649 2888 711 commutare
2927 642 3151 708 sedem,'
3174 645 3273 696 im-

1721 713 1969 781 possibile
2000 709 2137 765 factn
2163 709 2239 781 est
2264 728 2277 773 ;
2308 726 2424 765 cum
2449 711 2654 781 concilii
2686 725 2735 763 iv
2761 709 3001 781 Toletani
3029 720 3270 781 tempore

1721 778 2114 836 Narbonensem
2160 780 2315 834 Selva
2358 780 2597 831 Italiuerit
2624 790 2771 831 vetns
2815 778 3053 840 antistes,
3105 778 3273 833 Julia-

1722 860 1923 918 nasque
1957 851 2428 918 Bracarensein,iet
2456 850 2625 900 adhuc
2664 848 2840 901 Petrus
2861 847 2910 899 in
2937 848 3065 900 vivis
3094 848 3273 902 fuerit.

1724 917 1871 970 Vixit
1919 920 2081 982 enim,
2122 919 2304 972 eodem
2351 917 2787 971 Pseudo-Juliano
2832 924 2987 978 teste,
3021 918 3275 984 usquead

1725 987 1850 1040 ϐιοῖ.
1883 989 2119 1049 Quonam
2165 1002 2292 1052 ergo
2332 988 2461 1039 abiit
2505 987 2709 1048 Petrus.
2758 1001 2879 1038 cum
2932 985 3029 1039 sub
3079 999 3275 1037 annum

1725 1056 1817 1109 liii
1851 1065 1938 1107 ant
1962 1058 2191 1111 circiter.
2236 1065 2287 1106 et
2314 1056 2587 1107 Siseuandi
2636 1055 2805 1119 initia,
2852 1055 3023 1106 locum
3065 1053 3185 1106 iet-it
3224 1055 3274 1105 in

1728 1124 2033 1176 Bracarensi
2066 1125 2296 1176 Ecclesia
2345 1122 2585 1175 Juliano?
2629 1124 2759 1175 Nam
2812 1126 2959 1187 rsena
2992 1134 3115 1174 tunc
3147 1130 3281 1174 tein-

1728 1192 1868 1257 μοιτίς
1923 1199 2037 1244 erat
2093 1191 2446 1245 Narbonensis
2496 1190 2581 1243 cui
2643 1194 2761 1249 iain‘
2800 1193 2886 1243 diu
2951 1193 3273 1257 prmluerat,

1730 1262 2034 1326 przeluitque
2089 1262 2245 1313 etiam
2282 1276 2443 1324 usque
2478 1261 2541 1311 ad
2596 1259 2701 1314 638
2746 1273 2940 1312 annum
2979 1273 3086 1326 quo
3129 1271 3278 1312 sexto

1726 1330 1949 1382 concilio
1976 1330 2229 1381 Toletano
2271 1328 2505 1381 interluit
2548 1327 2719 1380 Selva.
2759 1328 2850 1381 itis
2894 1327 3120 1380 salebris
3155 1342 3275 1379 cum

1728 1411 1786 1449 se
1816 1398 2204 1460 extricaverint,
2255 1397 2509 1451 Achillem
2539 1410 2723 1449 eorum
2773 1395 3009 1449 nonnihil
3060 1396 3275 1447 habebi-

1728 1479 1865 1518 nius.
1901 1467 1964 1519 Et
1990 1468 2097 1531 jam
2128 1469 2252 1520 satis
2273 1466 2453 1518 multa.
2482 1465 2585 1518 Sed
2619 1465 2744 1518 tanti
2786 1475 3028 1517 constare
3056 1466 3191 1516 solet
3218 1480 3277 1515 ea

1730 1549 1845 1600 qua:
1876 1534 2194 1600 antiquitatis
2221 1534 2509 1601 specimine
2538 1547 2656 1587 sese
2700 1533 2966 1587 venditant
2993 1532 3094 1585 fide
3120 1547 3275 1601 quam

1732 1602 1865 1654 forte
1896 1604 2209 1655 invenerunt
2229 1612 2589 1656 exauctoiarc.

844 1867 1508 1980 SANCTI
1576 1863 2563 1979 PBUCTUOSI

1242 2072 1770 2135 BRACABENSIS
1813 2072 2158 2137 EPISCOPI

469 2229 1275 2377 REGULA
1365 2224 2879 2444 WCHOBUM.
2984 2234 2991 2240 λ

1256 2489 1347 2550 {Ex
1373 2489 1599 2552 Brochie,
1624 2490 1735 2541 Cod.
1762 2489 2102 2553 Regularum.]

953 2657 1320 2717 aiUNlTUM
1363 2657 1445 2717 IN
1489 2648 1870 2718 REGULAM
1914 2657 2409 2730 SEQUENTEM.

1521 2784 1861 2797 —-_

178 2857 306 2911 Duas
325 2855 529 2931 regulas
563 2857 889 2931 monasticas
909 2860 1120 2926 scripsit
1145 2869 1354 2914 sanctus
1385 2859 1640 2915 Fructuo-
1673 2862 1720 2922 Β
1749 2866 2037 2931 merentur,
2068 2868 2248 2931 utpote
2271 2860 2368 2931 sub
2393 2848 2618 2931 quadam
2646 2858 2822 2931 specie
2851 2862 3150 2917 monasticae
3181 2842 3298 2931 prn-

118 2944 215 2986 suis.
244 2928 378 2993 regio
398 2926 686 2978 Gothorum
712 2930 964 2995 sanguine
988 2939 1152 2992 ortus,
1178 2940 1227 2983 ct
1251 2931 1317 2983 ab
1337 2931 1641 2983 adolescen-

122 3002 180 3046 tia
205 2997 315 3047 vita:
342 2995 637 3047 neoiiasiicaa
659 2997 846 3057 cultor,
866 2997 1033 3059 primo
1054 2997 1437 3062 Complutensis
1459 3000 1640 3059 abbas,

121 3064 290 3117 deinde
314 3064 591 3129 episcopus
623 3064 935 3129 Duniiensis,
967 3081 1027 3118 ac
1062 3067 1269 3120 tandem
1310 3068 1645 3123 Bracarensis

119 3134 554 3199 archiepiscopus,
603 3133 885 3185 multorum
924 3138 1359 3188 monasteriorum
1406 3140 1557 3189 l’ater
1596 3147 1646 3187 ct

119 3201 359 3253 conditor.
390 3200 616 3253 Primam
647 3202 877 3267 tegulam
904 3206 1157 3257 eii‘sancti
1189 3205 1453 3259 Benedicti
1484 3208 1645 3257 disci-

124 3270 249 3334 plina
276 3269 605 3339 desiiiiiptam
638 3284 730 3333 pro
761 3272 1028 3324 monachis
1058 3276 1167 3326 suis
1192 3275 1647 3339 Conipluteosilius

118 3338 445 3406 conscripsit;
475 3338 757 3406 secundam
803 3352 897 3403 pro
942 3342 1238 3395 hominibus
1282 3338 1507 3406 cujusvis
1535 3354 1645 3395 sta-

121 3416 194 3457 tus
212 3413 264 3459 et
287 3405 625 3476 conditionis.
658 3404 805 3458 Prior
833 3421 959 3475 ergo
986 3410 1150 3460 sancti
1175 3404 1443 3463 Fructumi
1474 3412 1647 3476 regula

122 3476 402 3544 longeaute
428 3473 611 3535 initum
648 3473 1002 3541 episcopatum
1046 3479 1234 3544 scripta
1274 3488 1385 3531 erat
1418 3480 1465 3529 in
1495 3473 1645 3530 usuin

118 3541 559 3622 Complutensium
582 3544 977 3622 monachorum,
1001 3541 1189 3622 qubus
1219 3552 1439 3622 primum
1470 3562 1649 3598 monac

117 3615 321 3663 sterium
353 3612 618 3672 condidit,
648 3614 981 3680 continetque
1022 3612 1123 3667 ἱιν
1151 3617 1352 3679 capita;
1392 3618 1528 3668 circa
1558 3631 1650 3668 ca-

120 3680 272 3752 pitum
298 3689 471 3752 tamen
520 3694 791 3752 numerum
832 3682 883 3734 in
931 3683 1199 3752 impressis
1225 3684 1427 3752 aliquod
1469 3685 1653 3737 discri-

118 3762 229 3800 men
258 3747 558 3816 invenitnr,
587 3762 742 3806 quam
780 3749 833 3798 in
872 3747 1349 3816 mss.'Codicibus,
1381 3764 1531 3816 prout
1572 3756 1652 3805 vir

118 3816 443 3867 doctissimus
486 3814 815 3869 blabillonius
866 3821 1063 3870 notavit
1108 3822 1157 3870 in
1208 3814 1653 3872 siiis'Annalibus

118 3882 495 3945 Benedictinis,
528 3895 655 3934 tom.
706 3884 744 3947 Ι,
794 3884 888 3936 lib.
935 3900 1063 3946 xiii,
1114 3895 1167 3939 et
1193 3888 1349 3949 alibi,
1382 3888 1468 3939 ubi
1500 3888 1652 3951 hujus

116 3952 760 4023 regula:convenientiam
809 3967 926 4006 cum
967 3955 1143 4023 regula
1180 3956 1345 4009 sancti
1385 3957 1652 4010 Benedicti

117 4021 381 4089 describit,
416 4020 553 4087 quod
585 4022 665 4072 vix
697 4036 850 4073 ovum
886 4037 985 4075 ovo
1013 4020 1078 4075 sit
1106 4023 1358 4089 similius;
1387 4039 1502 4077 cum
1532 4039 1653 4077 san-

116 4099 225 4141 ctus
246 4087 569 4143 Fructuosus
599 4091 789 4152 passim
822 4093 983 4145 sancti
1008 4093 1269 4145 Benedicti
1300 4087 1583 4147 sententias
1604 4103 1656 4147 et

1746 2926 1992 2980 fessionis
2032 2928 2290 2982 viventes.
2318 2926 2508 2979 Contra
2542 2926 2678 2977 hunc
2707 2928 2926 2980 abusum
2956 2926 3297 2986 surrexerunt

1743 2996 1952 3047 concilii
1987 2996 2263 3049 llerdensis
2305 2995 2487 3048 Patres
2511 3034 2523 3054 ,
2566 2995 2651 3061 qui
2698 2996 2747 3046 in
2778 3009 2979 3049 canone
3008 3000 3160 3050 tertio
3202 3006 3296 3055 dc-

1742 3074 1962 3117 cernunt
1993 3074 2048 3116 ut
2094 3067 2267 3117 nullus
2306 3065 2465 3117 laicus
2496 3064 2573 3116 vel
2624 3064 3008 3117 ecclesiasticus
3037 3070 3290 3130 capellam

1745 3135 1827 3205 vel
1857 3134 2132 3205 ecclesiam
2169 3136 2236 3185 ab
2265 3134 2367 3185 illis
2387 3133 2709 3205 _:_editicatam
2740 3135 2956 3205 auderet
2982 3136 3032 3187 in
3062 3142 3291 3205 speciem

1747 3203 1829 3255 vel
1864 3202 2081 3254 formam
2113 3201 2417 3254 monasterii
2447 3202 2681 3271 erigere,
2716 3201 3173 3271 nisigcongrega'tio
3204 3210 3298 3262 ibi-

1746 3273 1864 3320 dem
1896 3272 2111 3324 collecta
2146 3274 2347 3323 viveret
2373 3269 2657 3321 secundum
2688 3269 2919 3335 regulam
2951 3269 3297 3329 monasticam

1745 3339 1811 3391 ab
1836 3340 2082 3405 episcopo
2110 3339 2445 3406 approbatam
2470 3379 2482 3400 ,
2518 3346 2573 3389 et
2595 3337 2742 3401 juxta
2784 3340 2923 3404 leges
2951 3338 3296 3398 ditecesanas.

1704 3466 1707 3475 λ
1747 3407 1929 3462 Nullus
1978 3420 2149 3461 autem
2199 3407 2335 3459 hunc
2378 3408 2597 3458 abusum
2642 3406 2849 3473 gravius
2884 3408 3171 3464 insectatus
3217 3425 3298 3465 est

1714 3492 1715 3497 η
1747 3490 1901 3547 quam
1928 3486 2153 3541 sanctus
2202 3475 2543 3547 Fructuosus,
2591 3482 2743 3539 prout
2780 3489 2840 3547 cx_
2866 3479 3104 3547 exordio
3146 3481 3298 3547 hujus

1750 3546 1939 3609 regula:
1968 3546 2260 3595 communis
2288 3545 2506 3595 Omnino
2534 3552 2757 3604 con3tat,
2792 3541 2877 3594 ubi
2911 3544 3028 3594 talia
3058 3541 3295 3599 coann-

1751 3615 1903 3663 ticula
1946 3628 2047 3664 non
2088 3612 2432 3675 monasteria,
2480 3612 2567 3663 sed
2611 3612 2903 3663 animarum
2952 3614 3295 3676 perditionem

1747 3681 2005 3743 appellat,
2030 3694 2133 3735 etc.
2165 3682 2254 3743 Et,
2284 3689 2340 3733 ut
2371 3681 2491 3732 huic
2524 3679 2659 3731 malo
2687 3679 2893 3733 obviam
2922 3680 3039 3745 iret,
3074 3698 3169 3749 pro
3197 3688 3298 3737 illis

1751 3750 2048 3802 hominibus
2093 3765 2214 3802 vere
2260 3752 2322 3801 ad
2372 3750 2632 3801 Christum
2677 3752 2945 3802 ClllchrSi.‘
2991 3752 3120 3804 hanc
3148 3769 3296 3806 suam

1750 3819 2031 3869 secundam
2080 3818 2309 3885 regulam
2356 3816 2617 3877 condidit,
2654 3817 2788 3868 binis
2827 3816 3039 3887 reliquis
3074 3826 3297 3887 amplius

1752 3893 2128 3952 temperatam,
2177 3896 2333 3951 atque
2382 3888 2654 3947 utriusque
2699 3898 2854 3936 sexus
2906 3886 3296 3941 inlirmitatilius

1750 3956 1915 4020 magis
1945 3956 2409 4015 accommodatam,
2442 3954 2508 4003 ita
2549 3960 2605 4003 ut
2628 3966 2817 4004 iiovuni
2848 3956 3146 4008 nionasticze
3176 3960 3296 4009 vita:

1749 4035 1925 4095 genus
1946 4022 2298 4095 introduxisse
2328 4022 2584 4095 videaturr
2617 4020 2743 4072 Nam
2766 4060 2778 4084 ,
2807 4021 2952 4087 juxta
2986 4025 3120 4077 hanc
3146 4041 3300 4095 regu-

1758 4091 1881 4151 lam,
1914 4090 1964 4142 in
1996 4092 2311 4143 monasteria
2348 4089 2657 4141 admittebat
2699 4104 2852 4143 senes
2888 4100 2941 4142 et
2984 4106 3143 4157 anus,
3173 4089 3299 4147 ea..-

118 4156 638 4235 institutiones.-imo
668 4173 768 4235 non
799 4174 918 4235 raro
954 4162 1210 4235 ipsissima
1254 4163 1407 4235 verba
1446 4163 1498 4235 _in
1527 4177 1650 4214 suas
1679 4174 1723 4235 C
1750 4160 1959 4225 jugatos
1982 4162 2138 4212 etiam
2173 4160 2441 4235 utriusque
2468 4171 2770 4235 sexuscuin
2801 4160 2977 4211 liberis
3006 4162 3112 4235 suis
3132 4156 3300 4235 septi-

118 4225 315 4296 regulas
351 4224 653 4276 transierat.
697 4229 933 4296 Secunda
963 4229 1136 4293 regula
1175 4244 1239 4282 xx
1269 4231 1488 4296 capitula
1521 4244 1650 4283 con-

118 4294 283 4359 tinens
302 4335 318 4355 ,
347 4307 468 4359 qua!
495 4302 546 4343 et
568 4297 859 4344 communis
884 4295 1103 4357 dicitur,
1136 4297 1199 4348 ab
1227 4294 1385 4350 altera
1415 4299 1543 4351 adeo
1569 4300 1651 4350 di-

117 4374 259 4412 versa
285 4371 398 4423 est,
430 4371 486 4412 ut
516 4361 589 4414 cl.
621 4361 897 4413 Menardus
925 4364 1187 4415 existimet
1213 4364 1349 4416 illam
1379 4381 1481 4417 non
1512 4382 1655 4419 coin-

119 4429 349 4493 posuisse
376 4440 618 4482 sanctum
648 4428 987 4483 Fructuosum
1011 4432 1117 4498 jam
1157 4447 1292 4484 anno
1329 4434 1432 4485 670
1467 4434 1651 4485 delun-

114 4510 298 4560 cmm;
356 4499 454 4550 sed
509 4513 772 4565 nunquam
828 4514 931 4551 non
988 4499 1274 4553 laudandus
1330 4501 1655 4565 Mabillonius

114 4565 437 4635 contrarium
465 4569 677 4630 probat,
707 4577 760 4618 et
787 4578 1090 4635 argumenta
1124 4568 1533 4622 incontestabilia
1563 4572 1649 4621 ail-

117 4631 257 4703 ducit
286 4634 341 4683 in
371 4634 483 4703 suis
502 4631 955 4700 observationibus
978 4636 1186 4703 prmviis
1211 4641 1275 4689 ad
1307 4637 1466 4703 hujus
1491 4640 1652 4690 sancti

114 4701 344 4767 episcopi
392 4701 564 4753 Vitam
596 4702 732 4753 inter
760 4704 887 4756 Acta
926 4701 1221 4757 sanctorum
1262 4701 1458 4762 ordiii..
1490 4708 1653 4760 sancti

116 4769 378 4841 Benedicti
410 4770 795 4841 reperieii_dani.
836 4773 898 4824 Et
931 4773 1141 4837 quidem
1172 4776 1281 4826 hinc
1308 4776 1484 4841 regula
1513 4790 1655 4827 com-

74 4838 287 4898 ,munis
328 4852 358 4889 a
405 4847 592 4907 sancto
634 4835 919 4890 Fructiioso
950 4835 1257 4906 conscripta
1296 4835 1497 4895 videtur
1541 4852 1657 4907 post

112 4906 357 4973 adeptum
384 4906 744 4974 episcopatum
764 4944 779 4966 ,
820 4909 883 4959 ad
909 4909 1243 4961 auferendum
1275 4906 1653 4962 intolerabilem

114 4974 334 5026 absimili
360 4974 475 5043 jam
504 4976 676 5039 aliquo
706 4980 938 5043 tempore
961 4977 1096 5040 apud
1136 4977 1388 5042 Hispanos
1416 4990 1655 5042 grassan-

115 5050 238 5112 tem,
262 5042 484 5110 quando
507 5043 774 5102 nimirum,
798 5042 940 5112 nullo
967 5043 1141 5112 habito
1162 5059 1315 5097 sexus
1336 5045 1653 5112 diScriniiiio,

110 5110 375 5176 conjugati
408 5112 563 5163 simul
591 5124 710 5162 cum
736 5111 980 5164 oloribus
998 5148 1014 5173 ,
1046 5111 1218 5165 liberis
1246 5125 1308 5164 ac
1334 5110 1535 5175 servis,
1565 5110 1658 5166 do-

112 5178 306 5232 niicilia
332 5178 441 5247 sibi
473 5180 524 5247 in
553 5182 763 5229 modum
792 5181 1091 5233 monasterii
1120 5180 1522 5247 componebant,
1548 5185 1657 5236 suis

110 5246 489 5312 cupiditatibus
513 5246 875 5311 inservientes,
902 5258 1059 5315 atque
1089 5246 1360 5313 luxuriam,
1387 5249 1656 5303 avaritiam

110 5323 163 5365 et
204 5316 517 5385 superbiam
564 5315 900 5385 escoleiites,
954 5318 1078 5369 nulli
1122 5318 1311 5385 regulae
1360 5318 1659 5370 monastictn

110 5381 348 5454 astricti,
401 5396 504 5436 nec
548 5380 702 5454 alicui
754 5385 1029 5448 praeposito
1083 5380 1381 5449 vel'abbati
1437 5388 1658 5454 regulari

107 5449 374 5522 subjecti;
405 5464 565 5517 quem
591 5449 731 5502 enim
757 5465 906 5503 suum
937 5453 1176 5522 abbatem
1202 5449 1550 5522 appellabant,
1585 5456 1656 5508 illi

1758 4243 1898 4279 mum
1926 4244 2117 4280 anuuni
2149 4230 2319 4280 mtaiis
2346 4227 2600 4294 egressis;
2634 4228 2701 4277 ita
2746 4237 2950 4290 tamen,
2976 4236 3030 4278 ut
3057 4230 3149 4280 viri
3179 4245 3297 4282 cum

1755 4296 1875 4346 liliis
1901 4298 2119 4347 seorsiiii
2144 4296 2394 4363 degerent
2416 4296 2469 4345 in
2498 4295 2828 4346 monasteriis
2856 4309 2883 4344 a
2915 4297 3137 4362 sequiori
3168 4310 3295 4351 sexu

1753 4364 2035 4430 separatis;
2057 4362 2494 4429 quemadmodum
2515 4372 2567 4411 et
2593 4362 2799 4413 [ciuium
2820 4376 2935 4414 cuin
2960 4365 3295 4421 suisliliahiis

1755 4435 1929 4485 vivere
1953 4434 2215 4487 debebant
2234 4446 2261 4482 a
2283 4430 2405 4481 viris
2426 4440 2708 4495 separatae;
2735 4431 2801 4481 ita
2829 4441 2884 4482 ut
2904 4432 3118 4499 quilibet
3139 4448 3296 4487 sexus

1757 4502 1995 4553 habuerit
2038 4516 2160 4553 suos
2204 4500 2479 4551 distinctos
2523 4501 2850 4563 superiores,
2896 4503 2988 4553 viri
3027 4503 3293 4565 abbatem,

1758 4569 1963 4621 feminae
1991 4570 2329 4628 abbatissam,
2350 4568 2463 4636 sive
2484 4580 2817 4635 quoscunque
2841 4570 2971 4620 alio»~
3000 4574 3299 4636 superiores

1755 4651 1785 4687 a
1817 4638 1992 4702 regula
2021 4637 2373 4703 praescriptos.
2408 4635 2641 4703 Denique
2662 4648 2874 4688 saucius
2906 4637 3221 4690 Fructuosus
3250 4640 3299 4689 in

1755 4706 1999 4757 omnibus
2022 4702 2149 4757 suis
2187 4704 2380 4769 regulis
2418 4702 2813 4768 professionem,
2860 4720 3013 4768 quam
3055 4719 3302 4757 vocamus

1757 4776 2157 4835 monachorum,
2188 4774 2413 4841 appellat
2442 4784 2669 4841 pactum,
2693 4786 2796 4841 quo
2820 4772 3049 4823 iiiitiandi
3085 4777 3301 4837 promit-

1760 4844 1937 4895 tebant
1976 4857 2032 4894 se
2070 4838 2243 4895 omnia
2280 4839 2502 4908 εαξηοωί
2531 4838 2610 4908 sui
2642 4839 2873 4891 instituta
2903 4842 3299 4908 observaturus,

1760 4925 1930 4976 neque
1962 4925 2185 4978 unquam
2216 4909 2280 4959 ab
2307 4908 2419 5025 ejus
2457 4904 2782 4982 districtione
2820 4908 2898 4961 vel
2932 4911 3184 4976 tantisper
3214 4904 3301 4965 re;

1760 4994 2017 5025 cessuros.
2059 4979 2219 5025 Huius
2248 4990 2338 5025 oac
2365 4976 2378 5025 i
2417 4987 2681 5025 snemmen
2708 4974 2863 5025 etiam
2898 4979 2945 5025 in
2973 4983 3150 5025 recula
3180 4994 3301 5025 san-

1757 4974 2017 5032 cessuros.
2052 4974 2219 5043 Hujus
2247 4974 2378 5046 pacii
2417 4974 2681 5046 specimen
2708 4974 2863 5028 etiam
2898 4979 2945 5029 in
2973 4974 3150 5046 rego—la
3180 4994 3303 5031 san-

1758 5049 1824 5099 cti
1878 5046 2058 5099 isidori
2096 5042 2291 5097 invenit
2335 5042 2697 5105 Mabillonius,
2727 5047 2865 5111 quod
2909 5055 2960 5097 et
3000 5042 3062 5099 ei
3110 5048 3303 5101 (lodice

1761 5115 2115 5168 vetustissimo
2138 5113 2391 5165 Lirinensi
2415 5111 2743 5177 desumptum
2767 5116 2874 5167 suis
2897 5114 3183 5167 Annalibus
3206 5116 3302 5168 lie-

1761 5182 2037 5235 neiiictinis
2076 5180 2298 5234 inseruit
2340 5189 2481 5231 tonio
2519 5180 2567 5238 Ι.
2611 5181 2698 5233 lib.
2736 5196 2831 5241 xii._
2888 5196 3000 5247 pag.
3042 5180 3162 5234 365.
3196 5184 3301 5239 Sed

1762 5250 1912 5317 longe
1942 5250 2189 5318 prolixius
2226 5258 2306 5302 est
2344 5259 2547 5313 pactum
2594 5250 2757 5318 sancti
2804 5250 3071 5303 Fructuosi
3115 5253 3197 5305 hic
3240 5256 3301 5304 ad

1761 5317 1957 5371 calcem
1989 5320 2140 5384 hujus
2171 5320 2359 5385 regulae
2386 5317 2677 5387 communis
2698 5320 3013 5382 appositum,
3040 5320 3302 5387 incipiens

1764 5403 1792 5439 a
1820 5390 2039 5455 quadam
2086 5384 2408 5455 piofessione
2455 5384 2572 5455 lidei
2619 5388 2901 5455 emittenda
2941 5388 3079 5439 circa
3111 5384 3300 5455 iii'yste-

1767 5453 1902 5509 rium
1931 5458 2269 5507 sanetissiina:
2294 5453 2581 5511 Trinitatis,
2602 5464 2753 5517 quam
2781 5454 3067 5507 faciendam
3100 5453 3305 5519 publice

108 5513 223 5591 noti
419 5513 703 5591 parebant,
731 5533 885 5591 quam
919 5514 1209 5591 voluntates
1239 5513 1366 5576 's'uas
1406 5513 1661 5591 approba-
1689 5513 1737 5574 Ι)
1765 5524 2080 5577 existimavit
2105 5536 2242 5575 recte
2266 5522 2527 5591 piissimus
2548 5513 2839 5589 cpiscopus,
2872 5528 2939 5574 ob
2966 5513 3299 5578 latescentem

108 5590 253 5641 iiant.
284 5587 339 5639 Id
370 5598 501 5639 vero
529 5587 648 5639 vita:
672 5590 877 5640 rusticae
900 5601 1065 5654 genus
1091 5589 1208 5642 ideo
1234 5592 1381 5643 multi
1414 5587 1526 5643 laici
1553 5597 1658 5644 ele.

106 5664 318 5723 gerunt,
348 5664 407 5709 ut
440 5657 537 5706 hoc
563 5666 714 5720 pacto
743 5672 769 5707 a
803 5652 1022 5725 pubiicis
1049 5660 1186 5710 curis
1222 5674 1271 5712 et
1312 5660 1515 5713 tributis
1551 5661 1660 5710 exi-

440 5761 703 5821 I‘A'nttiL.
770 5764 934 5821 LXX
951 5764 1141 5829 XVII.

1763 5595 1937 5647 forsan
1970 5593 2137 5646 adhuc
2164 5588 2383 5645 lia-resin
2410 5588 2654 5641 Ariauam
2686 5588 2819 5657 apud
2852 5592 3126 5659 Hispanos.

2767 5764 2838 5821 35
