3820 6344
497 394 629 449 1οἿ9

1425 389 1481 443 S.
1524 385 1900 441 FRUCTUOSI
1943 383 2404 439 lmACARENSlS
2443 380 2742 438 EPlSCUPi

3552 377 3659 432 Ηω

1117 618 1450 674 INCIPIUNT
1493 617 1830 672 CAPI'I’ULA
1878 613 2178 670 llEGULxE
2215 615 2273 668 S.
2319 610 2694 668 FRUCTUOSI
2737 611 3058 669 EPISCOPI.

561 758 596 800 t.
629 756 698 803 De
721 755 979 804 dilectione
1000 751 1092 800 Dei
1113 758 1162 799 et
1187 753 1407 811 proximi.
2059 755 2105 809 Α

553 815 598 861 2.
631 817 698 862 De
725 815 1034 863 orationibus.

556 879 597 920 3.
629 875 699 922 De
725 874 1012 934 praepositis,
1034 870 1107 918 vel
1132 869 1302 916 officio.

556 889 597 920 ἦ.
629 889 699 922 ue
759 889 1012 934 rarpostus,
1034 889 1107 918 vel
1132 889 1302 916 UIIICIO.

532 935 599 980 M4.
629 935 701 982 De
725 889 884 982 iiabitn
908 939 960 980 et
984 941 1120 981 veste
1141 929 1491 977 monachorum.

558 995 602 1040 Si.
636 995 706 1040 he
729 995 934 1042 mensis.

555 1055 598 1097 6.
631 1054 702 1100 De
727 1054 1031 1110 operatione.

545 1110 606 1160 '7.
631 1113 700 1160 De
726 1108 1047 1170 ferrattientis,
1071 1108 1148 1158 vel
1173 1109 1471 1159 utensilibus.

558 1175 606 1218 tt.
633 1172 706 1220 De
729 1169 1037 1228 obedientla,
1055 1177 1107 1218 et
1125 1170 1342 1218 sessione
1367 1169 1599 1218 monachi.

533 1236 543 1244 ‘
560 1235 607 1278 9.
632 1233 703 1280 De
729 1229 1125 1280 tiebdomadariis.

562 1293 633 1339 10.
664 1291 734 1340 De
754 1291 1036 1351 hospitibus,
1046 1290 1348 1351 peregrinis,
1376 1288 1452 1334 vel
1477 1285 1682 1334 infirmis.

565 1353 639 1400 tl.
669 1351 742 1399 De
763 1346 920 1399 nitore
939 1357 990 1396 et
1010 1346 1182 1394 affectu
1202 1346 1435 1396 mnna‘ctii.

567 1413 639 1460 12.
662 1410 735 1460 De
753 1409 937 1458 cautela
960 1407 1197 1458 monachi.

543 1501 545 1504 ι
564 1471 638 1520 t3.
663 1470 738 1521 De
757 1470 960 1518 delictis.

2201 745 2272 793 Η.
2297 743 2371 792 De
2397 744 2832 793 excommunicatis.

2195 806 2267 853 15.
2295 803 2366 852 De
2392 805 2613 852 clamosis
2635 813 2682 849 et
2712 803 2916 850 lascivis.

2142 863 2145 868 ’
2195 865 2270 913 16.
2298 864 2371 912 De
2393 864 2644 923 mendace,
2667 861 2791 920 fure,
2816 871 2867 913 et
2889 873 3178 923 percussore
3199 857 3452 907 monacho.

2199 924 2274 988 υ.
2299 925 2371 988 βο
2391 921 2616 988 supatis-

2196 985 2270 1030 ta.
2297 985 2370 1031 De
2389 985 2596 1042 ieiuniis.

2196 1045 2268 1091 19.
2300 1045 2370 1090 De.
2391 1045 2526 1090 cibis.

2195 1105 2271 1151 2t).
2301 1104 2372 1150 De
2390 1104 2542 1150 ollicio
2563 1104 2746 1150 abbatis
2768 1103 2844 1150 vel
2865 1102 3124 1162 praepositi.

2199 1163 2278 1210 21.
2311 1164 2380 1210 με
2401 1167 2670 1219 conversis,
2691 1159 2898 1222 qualiter
2916 1159 3095 1210 debent
3119 1159 3305 1218 suscipi

2198 1223 2279 1271 9:1.
2305 1223 2377 1270 De
2405 1223 2704 1283 professione
2725 1224 2963 1270 conversi.

2198 1283 2277 1330 23.
2300 1283 2370 1330 De
2394 1284 2532 1343 primi
2550 1284 2886 1332 conversione.

2201 1344 2278 1392 Ἃ.
2305 1343 2374 1391 De
2398 1345 2616 1391 senibus.

2201 1407 2278 1451 25.
2307 1403 2380 1452 De
2402 1405 2487 1451 die
2507 1402 2770 1450 Dominioo.

2627 1481 2896 1544 Explide
2917 1482 3145 1543 capitula.

520 1612 3664 1640 "MM

1771 1703 2050 1763 INCIPIT
2098 1705 2409 1766 REGULA
2485 1666 2488 1669 ’

980 1867 1068 1939 Α.
1130 1865 1221 1937 D.
1281 1862 1409 1936 ET
1467 1860 1551 1938 P.
1607 1863 1698 1937 N.
1760 1860 2068 1938 FRUC'I

2171 1863 2349 1939 DSO
2414 1865 2716 1939 EDITA
2773 1865 2880 1940 IN
2937 1863 3210 1940 PACE.
3492 1891 3496 1918 ι

1010 2011 1231 2066 CAPUT
1269 2009 1544 2066 PRIMUM.

877 2101 952 2155 De
975 2103 1234 2155 dilectione
1264 2101 1357 2154 Dei
1384 2114 1429 2155 et
1456 2089 1689 2169 proximi.

583 2196 705 2246 l’ost
733 2175 1062 2245 dilectionem
1091 2189 1217 2252 Dei,
1245 2197 1297 2242 et
1324 2190 1574 2256 proximi,
1603 2189 1737 2252 quod
1778 2198 1860 2244 est
1898 2189 2054 2245 totius

519 2284 856 2352 pertectionis
883 2280 1175 2341 vinculum,
1221 2286 1278 2332 et
1319 2292 1520 2332 summa
1548 2280 1794 2333 virtutum
1813 2317 1828 2342 ,
1862 2277 1963 2332 hoc
1988 2279 2054 2332 de

517 2375 724 2438 reliquo
748 2387 810 2424 ex
842 2368 1064 2437 regulari
1088 2366 1364 2434 traditione
1390 2366 1688 2428 conservari
1712 2366 1762 2418 in
1791 2373 2055 2435 monaste-

515 2464 612 2514 riis
639 2461 909 2516 delinitum
934 2468 1034 2512 est.
1062 2457 1291 2511 Primum
1325 2457 1628 2512 incumbere
1654 2456 1872 2510 orationi
1902 2465 2056 2509 nocte

521 2563 581 2604 ac
608 2549 725 2612 die,
755 2557 804 2600 et
839 2545 1208 2614 prailnitarum
1250 2545 1492 2599 horarum
1530 2544 1809 2600 observare
1844 2557 2055 2597 mensu-

518 2657 658 2705 ram;
695 2655 790 2694 nec
819 2652 1000 2693 vacare
1028 2638 1308 2701 ullatenus,
1339 2647 1426 2691 aut
1453 2648 1661 2704 torpere
1699 2652 1730 2690 a
1773 2635 2058 2707 spirituali-

517 2731 614 2783 bus
643 2741 956 2797 quemquam
1003 2740 1216 2792 operum
1256 2725 1513 2779 exercitiis
1549 2723 1805 2778 diuturnis
1852 2733 2056 2790 tempo-

523 2820 684 2871 ribus.

1114 2902 1345 2958 CAPUT
1387 2902 1445 2956 11.

1073 2989 1150 3042 De
1175 2991 1497 3042 orationibus.
1524 3056 1532 3063 ἡ

589 3078 779 3131 Prima!
808 3077 948 3131 horai
975 3077 1314 3132 observandae
1344 3090 1586 3130 mensura
1616 3075 1810 3129 sancite
1841 3084 1943 3138 est,
1974 3074 2056 3126 di-

520 3176 673 3220 cente
703 3165 956 3235 Propheta
985 3183 998 3219 :
1022 3164 1186 3218 ‘Mane
1213 3164 1386 3217 astabo
1416 3163 1538 3227 tibi,
1568 3171 1614 3216 et
1647 3163 1818 3215 videbo
1847 3172 1913 3227 te,
1938 3162 2060 3229 quia

521 3269 573 3307 tu
603 3273 653 3308 es
680 3255 812 3309 Deus
832 3254 1008 3308 nolens
1043 3255 1354 3323 iniquitatem
1384 3250 1556 3322 (Pani.
1585 3251 1660 3319 v).
1709 3251 1775 3303 Et
1817 3250 2002 3304 iterum
2045 3267 2056 3301 ε

2075 2011 2119 2070 Β
2143 2013 2515 2067 conscientiam
2543 2013 2770 2081 proferat
2789 2025 2911 2069 ante
2934 2015 3120 2069 Deum.
3145 2015 3274 2070 Post
3293 2015 3485 2069 deinde
3502 2017 3664 2070 θάαιε.

2156 2111 2236 2156 tes
2272 2099 2461 2158 cubilia
2512 2117 2718 2157 summo
2759 2117 2877 2157 cum
2921 2104 3151 2168 silentio,
3198 2113 3260 2157 et
3301 2104 3478 2157 habitu
3527 2106 3674 2164 tacito.

2153 2206 2442 2258 gressuque
2463 2193 2642 2259 quieto
2665 2229 2680 2253 ,
2717 2208 2815 2246 nec
2846 2193 2981 2246 ullus
3008 2207 3068 2246 se
3104 2193 3187 2246 vel
3238 2193 3379 2245 ultra
3409 2193 3560 2246 cubiti
3575 2209 3674 2259 sp:-

2156 2278 2286 2328 tinm
2310 2276 2537 2344 jungens
2563 2279 2628 2329 ad
2651 2279 2954 2330 alterutrum
2980 2320 2995 2343 ,
3028 2280 3112 2332 vel
3142 2278 3333 2332 saltem
3363 2281 3516 2333 alium
3541 2282 3675 2354 respi-

2154 2379 2274 2420 cere
2299 2366 2498 2420 audens
2522 2406 2536 2431 ,
2585 2378 2763 2434 pergat
2807 2369 2872 2421 ad
2920 2368 3164 2421 lectulum
3209 2383 3372 2422 suum
3397 2409 3412 2431 ,
3441 2371 3525 2422 ubi
3551 2372 3678 2422 tacite

2155 2453 2377 2508 orationi
2405 2455 2673 2518 insistens,
2691 2454 3025 2522 psalmosque
3045 2470 3356 2518 recensens,
3383 2456 3563 2509 ultimo
3580 2470 3677 2510 or:-

2155 2543 2350 2596 tionem
2377 2556 2522 2595 suam
2551 2543 2962 2610 quinquagesimi
3006 2543 3194 2611 psalmi
3241 2544 3596 2598 recitationem
3616 2554 3678 2595 at-

2154 2647 2258 2699 que
2279 2633 2568 2683 orationem
2595 2641 2959 2695 consummet;
2992 2645 3088 2686 nec
3110 2643 3379 2700 strepere.
3404 2647 3497 2686 nec
3523 2632 3681 2684 metire

2155 2733 2333 2782 ausus,
2361 2728 2450 2771 aut
2475 2734 2740 2784 cscream,
2768 2734 2884 2773 cum
2909 2720 3076 2788 gratia
3121 2721 3374 2775 nocturni
3420 2720 3582 2774 somni
3611 2733 3679 2774 ας

2159 2809 2266 2878 piat
2299 2794 2584 2865 silentium.
2663 2827 2672 2831 ·

2760 2899 2981 2955 CAPUT
3019 2899 3106 2954 ill.

2599 2989 2671 3041 De
2695 2989 2970 3058 praepositis
2998 2990 3071 3041 uel
3095 2989 3280 3056 οῇἰεὶο.

2230 3075 2549 3144 Praepositus
2576 3091 2704 3130 sane
2729 3076 2779 3128 in
2825 3077 2996 3129 medio
3040 3076 3340 3129 consistens
3385 3074 3680 3136 dormitorio.

2163 3163 2500 3232 quoadusque
2527 3165 2700 3218 cuncti
2728 3163 3016 3231 quiescant,
3044 3165 3294 3219 omnibus
3335 3168 3444 3234 jam
3483 3165 3683 3220 cubanti-

2163 3253 2260 3311 bus
2289 3253 2578 3308 circumeat
2601 3255 2818 3310 silenter
2846 3254 2980 3309 lecta
3008 3255 3364 3324 singulorum,
3395 3272 3460 3311 ne
3483 3257 3590 3327 quis
3611 3264 3685 3309 aut

524 3345 601 3396 Ad
643 3353 690 3396 te
725 3344 900 3410 orabo,
929 3344 1142 3412 Domine
1163 3383 1176 3408 ,
1222 3355 1367 3396 mane
1412 3345 1644 3397 exaudiet
1686 3357 1851 3396 vocem
1898 3356 2057 3394 meam
2083 3331 2129 3396 C
2161 3342 2310 3398 tarde
2337 3355 2394 3396 se
2429 3343 2609 3410 jactet,
2642 3353 2730 3396 aut
2764 3353 2908 3397 extra
2948 3344 3178 3409 regulam
3208 3344 3435 3396 occultis
3469 3345 3684 3397 munitio

528 3433 730 3502 (Ibid).
781 3429 1020 3503 Secunda
1065 3448 1269 3501 quoque
1319 3435 1456 3486 inter
1501 3433 1717 3500 primam
1764 3441 1818 3486 et
1856 3430 2058 3485 tertiam

529 3507 996 3590 constituta/quasi
1043 3521 1250 3588 quidem
1289 3524 1436 3575 limes
1476 3523 1712 3588 ponitur;
1763 3521 1899 3574 unde
1939 3531 1992 3574 et
2033 3537 2061 3574 a

530 3598 797 3661 iuouacttis
823 3623 1043 3672 necesse
1065 3621 1143 3661 est
1172 3624 1236 3661 ue
1264 3610 1426 3661 otiosa
1457 3611 1692 3662 ducatur.
1725 3609 1846 3662 ldeo
1870 3611 2063 3663 consti-

534 3709 702 3749 tutum
729 3704 886 3748 estut
909 3696 1044 3748 trino
1073 3696 1387 3761 psalmorum
1418 3695 1666 3761 obsequio
1689 3697 2062 3764 frcquentetur,

529 3800 646 3850 quso
667 3795 720 3838 et
747 3784 925 3850 primm
949 3795 1274 3838 coasummet
1301 3784 1525 3838 officium
1549 3825 1562 3847 ,
1603 3795 1656 3839 et
1691 3787 2068 3855 subsequenter

536 3873 701 3924 tertia:
729 3872 936 3938 incipiat
975 3873 1225 3926 scandere
1264 3874 1502 3942 gradum.
1531 3874 1601 3926 Ita
1626 3890 1832 3945 quoque
1863 3876 1912 3928 in
1940 3876 2064 3929 reli-

533 3963 651 4026 quis
701 3961 987 4011 institutum
1032 3970 1111 4011 est
1157 3962 1294 4014 hunc
1341 3962 1652 4015 servandum
1680 3977 1795 4016 esse
1831 3963 2066 4016 ordinem

535 4048 699 4106 boris,
729 4047 898 4109 tertia,
930 4056 1098 4112 sexta,
1123 4064 1280 4112 nona,
1307 4048 1609 4103 duodecima
1632 4049 1890 4113 videlicet,
1914 4058 2069 4118 atque

533 4150 780 4200 vespera,
816 4144 870 4188 ut
899 4145 1018 4190 ante
1057 4144 1110 4189 et
1158 4144 1273 4203 post
1303 4135 1463 4188 trinas
1493 4136 1586 4190 ltas
1623 4136 1876 4203 legitimas
1915 4139 2069 4191 lioras

542 4228 826 4289 peculiares
840 4228 1101 4281 orationes
1118 4236 1496 4294 prosequantur
1512 4229 1778 4296 obsequia.
1806 4228 2070 4280 Nocturna

535 4319 686 4379 igitur
719 4329 949 4383 tempore
973 4318 1131 4384 prima
1164 4320 1328 4372 auctis
1359 4319 1484 4372 liora
1511 4333 1602 4372 sex
1635 4317 1956 4371 orationibus
1980 4333 2068 4370 cc-

539 4409 783 4460 lcbranda
815 4418 890 4458 est
916 4428 927 4468 ;
960 4423 1019 4461 ac
1048 4411 1233 4462 deinde
1255 4412 1432 4463 decem
1471 4411 1786 4476 psalmorum
1814 4418 2067 4462 concentu

540 4514 654 4548 ('tiltt
685 4498 833 4550 laude
874 4512 934 4548 ac
975 4498 1420 4550 benedictionibus
1450 4499 1852 4552 consummanda
1887 4499 1936 4550 in
1976 4498 2069 4550 Ec-

538 4587 692 4635 r-tt:sia
724 4594 821 4638 est.
857 4585 1048 4638 Deinde
1075 4586 1434 4637 valcfacientes
1476 4585 1723 4648 invicem,
1753 4595 1804 4639 et
1842 4585 2071 4639 reconci-

541 4672 734 4723 liationi
765 4689 820 4723 ac
852 4673 1193 4726 satisfactiimi
1223 4675 1529 4726 alterutrum
1555 4673 1872 4735 insistentes,
1901 4674 2072 4726 laxant

545 4775 722 4811 mutuo
750 4761 941 4824 debita,
972 4773 1024 4814 et
1053 4763 1238 4826 pietate
1271 4777 1452 4826 prona,
1484 4764 1571 4830 qui
1601 4764 1851 4829 segregati
1880 4778 1907 4813 a
1936 4775 2075 4816 cmtu

540 4855 775 4904 fraterno
805 4851 871 4902 ob
900 4853 1264 4919 negligentiam
1294 4867 1440 4905 suam
1473 4853 1676 4906 fuerant
1707 4862 1970 4905 merentur
2002 4853 2080 4904 in-

539 4944 875 5009 dulgentiam.
905 4944 1034 4996 Cum
1064 4943 1268 4996 demum
1300 4952 1571 5011 pergentes
1599 4945 1661 4996 ad
1692 4942 1898 5006 cubilia,
1927 4951 2080 5010 atque

542 5032 590 5080 in
611 5047 777 5081 unum
825 5030 996 5083 cuncti
1028 5039 1277 5082 coeuntes
1306 5031 1372 5082 ob
1402 5031 1772 5097 perfectionem
1819 5029 1959 5096 pacis
1980 5067 1994 5092 ,
2029 5039 2082 5083 et

539 5132 745 5168 reorum
774 5119 1153 5172 absolutionem
1177 5158 1195 5182 ,
1226 5119 1446 5180 cantatis
1473 5118 1637 5171 tribus
1675 5119 1905 5183 psalmis,
1932 5118 2080 5186 juxta

540 5219 778 5266 morem,
824 5221 940 5256 cum
991 5207 1178 5268 laude,
1230 5218 1282 5260 ct
1331 5206 1728 5266 benedictione,
1773 5207 2077 5273 Symbolum

534 5295 845 5347 Christianae
896 5295 1013 5348 fidei
1059 5298 1320 5350 communi
1365 5310 1546 5351 omnes
1592 5299 1812 5350 recitent
1839 5309 1995 5359 voce,
2025 5304 2078 5348 ut

538 5383 692 5434 tidem
739 5396 886 5435 suam
943 5397 1119 5450 puram
1167 5401 1340 5439 coram
1387 5381 1605 5437 Domino
1638 5385 1994 5448 ostendentes,
2034 5383 2078 5436 si

543 5471 682 5532 quod
712 5472 926 5525 dubium
956 5487 1058 5526 non
1089 5484 1166 5526 est
1196 5475 1302 5527 fieri
1335 5475 1412 5528 vel
1454 5472 1712 5536 accidere,
1743 5483 1793 5524 ut
1825 5482 2078 5526 nocturno

539 5557 808 5622 quisquam
860 5569 1090 5627 tempore
1134 5575 1375 5614 evocetur
1404 5578 1430 5616 a
1475 5576 1712 5628 corpore,
1746 5564 2076 5615 commcnda-

540 5653 644 5694 [λιιι
670 5645 773 5711 iam
808 5649 959 5703 fidem
991 5663 1165 5716 suam,
1195 5658 1244 5702 ct
1274 5652 1530 5717 expiatam
1561 5651 1625 5705 ab
1652 5651 1790 5705 omni
1833 5650 2078 5704 scaudalo

2164 3434 2393 3488 tionibus
2423 3442 2571 3486 vacet
2596 3451 2609 3495 ;
2642 3446 2692 3485 et
2719 3443 2775 3485 ut
2823 3433 3025 3495 plenius
3065 3442 3410 3500 perscrutans
3432 3442 3569 3502 gesta
3597 3432 3686 3487 ιιι-

2161 3523 2402 3588 gulorurn
2427 3560 2441 3584 ,
2473 3533 2527 3574 et
2547 3521 2736 3574 merita
2766 3519 3050 3596 yitelligat,
3080 3536 3240 3588 quem
3271 3521 3534 3587 quomodo
3561 3533 3685 3574 me-

2163 3619 2312 3666 retur
2339 3619 2495 3678 atque
2524 3608 2795 3675 suscipiat.
2825 3608 3079 3662 Similiter
3103 3619 3160 3662 et
3187 3621 3278 3661 aut
3305 3609 3534 3663 decanos
3557 3607 3682 3666 alia.
3775 3607 3777 3678 ξ

2166 3709 2251 3752 aut
2295 3699 2566 3766 quisquam
2613 3713 2643 3752 e
2685 3697 2928 3751 fratribus
2973 3699 3107 3751 bene
3147 3697 3406 3764 Probatos
3432 3696 3626 3751 assistat
3645 3691 3684 3746 ia
3775 3691 3777 3762 !

2169 3802 2378 3842 secessu
2401 3787 2690 3852 communi,
2718 3801 2990 3854 quousque
3010 3785 3174 3853 quinti
3198 3800 3261 3838 se
3288 3785 3501 3839 tradat
3515 3779 3684 3842 me;

2167 3892 2234 3929 ne
2260 3886 2350 3928 aut
2376 3876 2576 3928 fabulas
2611 3865 2747 3929 inter
2775 3890 2833 3929 se
2859 3875 3112 3928 ventilcnt
3137 3888 3302 3928 vanas
3321 3911 3338 3936 ,
3365 3881 3458 3926 aut

2169 3963 2438 4024 studeant,
2471 3973 2559 4014 aut
2588 3961 2859 4029 quodlibet
2885 3961 3091 4014 noxiale
3119 3959 3310 4013 vitium
3354 3967 3682 4014 consuescat.
3771 3959 3777 4029 l

2170 4050 2298 4111 Ouia
2331 4050 2621 4102 institutum
2658 4059 2739 4102 est
2767 4049 3079 4119 regulariter
3115 4049 3322 4102 nullum
3363 4048 3684 4102 omniaom-

2171 4144 2394 4193 naclium
2439 4139 2491 4192 in
2537 4154 2748 4193 secessu
2796 4138 2938 4206 loqui
2976 4139 3200 4201 debere,
3239 4140 3335 4192 sed
3377 4147 3468 4190 aut
3494 4135 3685 4204 psallat

2171 4243 2468 4292 rccensere,
2501 4228 2545 4280 si
2577 4230 2752 4296 plures
2779 4237 2921 4292 sunt,
2951 4237 3042 4280 aut
3060 4231 3214 4281 huc
3244 4227 3449 4294 aliquid
3485 4223 3686 4280 παιξαὶ

2171 4331 2322 4377 voce,
2352 4314 2393 4366 si
2425 4315 2565 4368 solus
2589 4326 2688 4368 est.
2713 4315 2784 4368 Ita
2817 4324 2935 4367 ante
2957 4315 3180 4367 mediam
3209 4323 3496 4381 surgentes
3517 4319 3684 4366 unum

2172 4404 2442 4456 duodenos
2488 4417 2578 4470 per
2626 4402 2816 4455 choros
2863 4403 3086 4455 recitent
3131 4399 3398 4467 psalmis,
3439 4397 3686 4464 mstiti-II
3763 4403 3766 4466 λ

2175 4493 2626 4552 consuetudinem,
2656 4492 2798 4557 prius
2825 4501 3000 4543 tamen
3029 4505 3185 4555 quam
3215 4500 3441 4558 surgant
3465 4485 3686 4550 ceteri”
3761 4489 3770 4560 ί

2177 4583 2446 4650 vigiliariis
2479 4582 2727 4634 fratribus
2751 4581 3062 4644 praspositus
3090 4580 3373 4644 excitetur,
3404 4591 3458 4634 et
3483 4593 3592 4638 eu-
3611 4577 3686 4630 δ
3755 4577 3760 4646 l

2178 4670 2470 4721 nedictione
2516 4682 2608 4720 sua
2657 4677 2711 4719 et
2751 4669 2954 4735 signum
3003 4678 3290 4731 moveatur,
3325 4677 3384 4722 et
3420 4671 3686 4722 cum

2174 4758 2359 4810 lectula
2395 4757 2462 4809 ab
2500 4769 2564 4809 eo
2595 4757 2893 4824 priusquam
2923 4764 3245 4823 consurgant
3272 4763 3492 4808 strenue
3513 4751 3690 4808 iﬁlli-

2179 4854 2276 4898 tur.
2309 4844 2420 4898 lluc
2450 4859 2656 4913 quoque
2699 4845 2750 4897 in
2798 4843 3042 4896 omnibus
3091 4840 3368 4896 nocturnis
3403 4833 3690 4894 oratiu“

2175 4946 2348 5002 gerat,
2380 4946 2434 4988 ut
2463 4950 2670 5001 semper
2697 4937 2838 5001 prior
2870 4944 3048 4999 surgat
3089 4933 3434 4998 ιιι-προείπω,
3471 4941 3612 5000 qua.
3633 4921 3688 4978 ε

2175 5023 2593 5090 consurgendum
2615 5023 2803 5090 reliqui
2828 5034 3162 5084 monean'ur,
3193 5029 3250 5072 ut
3274 5021 3392 5089 ipse

2179 5113 2441 5179 quomodo
2463 5112 2668 5177 jaceat,
2701 5125 2768 5164 ne
2801 5110 3024 5178 aliquam
3056 5110 3322 5162 lasciviam

2179 5201 2461 5267 quietiouis
2504 5213 2610 5250 suae
2653 5199 2920 5250 dormiens
2972 5199 3220 5251 incurrat.
3271 5196 3405 5250 Post
3450 5193 3690 5265 με*

2181 5292 2443 5356 paululum
2495 5289 2720 5341 medium
2773 5287 2939 5342 noctis
2993 5290 3294 5355 persolvant
3337 5286 3584 5358 σαεξ-ῃ,
3619 5275 3687 5332 ii

2181 5387 2402 5443 quatuor
2428 5378 2755 5446 reSponsoria
2799 5377 2899 5432 sub
2943 5390 3206 5431 ternorum

2181 5473 2328 5524 sione
2355 5473 2713 5526 conciliantur.
2749 5470 2837 5523 Sic
2865 5479 2982 5536 post
3011 5467 3234 5520 mediam
3267 5463 3514 5532 noctein.

2184 5561 2280 5611 mis
2312 5569 2516 5624 tempus
2545 5568 2643 5616 est,
2669 5556 2970 5632 sedentibus
3005 5556 3238 5619 cun-stis,
3275 5570 3412 5610 unus

2185 5651 2361 5703 sideris
2392 5649 2583 5716 rclcgct
2615 5650 2824 5713 librum,
2853 5629 2994 5701 etab
3018 5647 3225 5712 abbate,
3249 5646 3337 5702 vcl
3363 5661 3394 5698 a
3425 5629 3687 5715 μετά..

3016 5755 3778 6330 ,Δ
