3820 6366
143 467 250 522 ιιοι

1301 457 1577 514 ιιιςουω
1621 451 2112 542 MQNACIIORUM.

3165 449 3300 508 1102

142 578 395 628 disserente
422 572 634 626 cteteris
671 571 1074 639 simplicioribus
1112 569 1250 639 quod
1294 569 1483 635 legitur
1510 577 1654 631 pate-
1683 569 1730 624 Α
1756 563 1890 616 stiti.
1943 562 2150 617 Snlﬁlae
2195 578 2320 615 sane
2345 602 2359 627 ,
2396 576 2554 626 acus,
2602 577 2663 615 ac
2697 564 2783 615 lila
2805 561 3017 618 diversa
3048 575 3140 627 pro
3175 575 3302 615 coria

139 666 232 716 liat.
258 662 392 727 Quod
422 661 634 728 quidem
664 669 720 714 et
762 671 943 713 testate
988 668 1104 724 post
1133 670 1402 722 vesperam
1439 667 1656 706 consero

142 765 296 816 vetur,
339 760 394 806 ut
436 752 738 818 priusquam
785 751 1084 815 compleant
1131 748 1262 800 liber
1310 747 1531 814 legatur.
1584 744 1658 797 Ita

142 842 345 908 denique
391 839 646 893 duodenis
700 839 888 892 iterum
937 836 1160 892 cantatis
1203 837 1416 905 pSalmis
1470 835 1661 888 adeant

138 930 340 995 cubilia,
371 929 744 998 paululumque
771 926 1132 994 quiescentes,
1161 926 1420 994 gallicinio
1440 924 1550 992 jam
1576 938 1661 976 so-

137 1031 303 1081 nante,
330 1017 557 1072 recitatis
586 1016 750 1070 tribus
777 1015 1011 1084 psalmis,
1038 1030 1157 1068 cum
1205 1015 1356 1066 laude
1395 1023 1447 1066 et
1496 1015 1658 1066 bene-

137 1106 350 1158 dictione
393 1119 485 1157 sua
528 1102 837 1156 matutinum
883 1102 1144 1156 celebrent
1185 1099 1516 1152 sacriﬁcium.
1549 1099 1663 1163 Quo

137 1202 356 1261 peracto,
381 1193 499 1260 quia
531 1191 850 1244 meditationi
882 1188 1288 1242 incumbendum
1322 1197 1424 1251 est,
1457 1202 1574 1239 mox
1611 1196 1662 1238 ut

136 1285 196 1338 ad
222 1285 384 1337 locum
423 1292 686 1335 consuetas
725 1279 1076 1332 meditationis
1105 1279 1450 1345 pervenerint,
1488 1289 1664 1329 ternos

131 1375 342 1428 recitent
370 1375 620 1438 psalmos,
645 1379 699 1423 et
743 1369 1033 1423 orationem
1073 1383 1136 1422 es
1172 1370 1370 1435 integro
1404 1367 1662 1426 ﬁnientes,

132 1464 432 1518 meditemur
459 1476 622 1529 usque
647 1461 710 1514 ad
741 1471 914 1513 ortum
959 1459 1106 1511 solis.
1147 1457 1287 1510 Sane
1333 1457 1382 1509 in
1423 1456 1665 1507 omnibus

138 1555 373 1603 horarum
401 1549 724 1616 singularum
754 1545 1098 1606 orationibus,
1123 1557 1375 1598 nocturno
1399 1558 1458 1597 ac
1479 1545 1667 1596 diurno

132 1648 375 1705 tempore,
404 1636 470 1690 ad
499 1650 708 1689 omnem
750 1634 1068 1702 psalmorum
1102 1633 1255 1686 linem
1281 1674 1295 1696 ,
1333 1633 1496 1698 gloria
1544 1646 1667 1684 can-

132 1739 295 1782 tantes
340 1728 443 1782 Deo
484 1734 880 1794 prosternuntur
909 1726 960 1776 in
988 1733 1215 1786 terram,
1249 1737 1315 1775 eo
1355 1721 1551 1774 scilicet
1588 1735 1670 1772 or-

129 1818 276 1880 dine,
322 1825 380 1868 ut
428 1829 583 1869 nemo
617 1816 758 1881 prius
804 1814 1013 1866 seniore
1063 1821 1154 1863 aut
1201 1811 1525 1870 iucurvetur,
1577 1818 1667 1861 aut

1756 654 1989 716 suendis,
2019 651 2390 715 emendandis,
2417 652 2770 705 sarciendisve
2798 652 3060 709 vestibus.
3094 649 3190 716 ipsi
3215 658 3304 702 trto

1759 743 1962 796 bueuda
1988 752 2108 796 sunt
2130 743 2196 795 ab
2215 743 2438 806 abbate;
2466 751 2656 794 etcum
2682 742 2966 794 necessitas
2988 742 3304 807 poposcerit,

1760 833 1962 885 lavandi
1985 843 2140 900 atque
2160 831 2469 886 emendandi
2494 831 2680 885 habeat
2701 832 3018 884 facultatem.
3042 831 3307 897 Quidquid

1760 922 1811 974 in
1839 921 2204 984 vestimentis,
2235 921 2637 983 calceamentis,
2665 920 2745 972 vel
2775 919 2999 973 lectariis
3025 918 3311 973 monacho-

1760 1023 1873 1059 rum
1905 1016 2163 1060 vetustum
2197 1007 2371 1072 fuerit,
2402 1008 2527 1060 dum
2553 1024 2683 1060 nova
2707 1008 3017 1077 percipiunt.
3051 1017 3214 1060 totum
3240 1008 3310 1059 ab

1762 1097 1950 1149 abbate
1980 1098 2295 1164 pauperibus
2324 1109 2590 1166 erogetur.

2343 1209 2602 1260 CAPUT
2665 1208 2725 1260 γ.

2383 1275 2460 1329 De
2479 1278 2680 1328 hiemis.

1837 1368 1962 1421 Cum
2001 1367 2126 1420 liora
2169 1382 2304 1420 nona
2345 1370 2408 1420 ad
2458 1368 2772 1421 vescendum
2804 1369 3143 1433 convenitur,
3172 1370 3313 1422 dicto

1769 1459 1987 1525 psalmo,
2021 1457 2374 1512 residentibus
2397 1459 2512 1510 aliis
2533 1497 2547 1521 ,
2579 1472 2711 1511 unus
2756 1459 2893 1527 legat
2936 1459 2986 1511 in
3032 1459 3223 1512 medio.
3257 1460 3313 1512 In

1766 1547 1882 1598 cibo
1907 1548 1977 1598 sit
2005 1547 2258 1613 strepitus
2289 1548 2487 1607 nullus.
2535 1563 2688 1601 neruo
2727 1551 3004 1603 comedens
3027 1550 3314 1620 .loquatur.

1767 1635 1823 1688 Si
1854 1635 1975 1700 quid
2003 1637 2150 1688 deest
2177 1637 2228 1688 in
2260 1651 2464 1700 mensa,
2500 1638 2543 1691 is
2569 1638 2654 1703 qui
2686 1653 2876 1706 praeest
2907 1642 3055 1708 signo
3085 1641 3204 1693 dato
3234 1643 3316 1692 vel

1768 1722 1978 1774 nutibus
2031 1723 2248 1777 silenler
2292 1734 2466 1796 petat,
2516 1735 2570 1779 et
2609 1726 2803 1781 indicet
2841 1730 3154 1782 ministranti
3195 1730 3317 1796 quid

1769 1809 1970 1871 inferri,
2001 1811 2081 1862 vel
2106 1811 2229 1877 quid
2255 1790 2476 1874 auferri,
2506 1813 2573 1864 sit
2601 1828 2630 1864 a
2659 1829 2838 1868 mensa
2870 1831 3103 1870 necesse.
3148 1817 3322 1870 Prius-

131 1909 312 1960 iterum
340 1913 542 1973 surgat,
571 1905 663 1958 sed
688 1917 875 1956 omnes
905 1915 1107 1954 summa
1137 1893 1430 1967 arqualitate
1450 1914 1664 1952 consur-
1703 1878 1744 1934 Β
1773 1913 1925 1964 quam
1952 1900 2015 1950 ad
2046 1913 2278 1953 incusant
2306 1902 2645 1966 conveniant,
2674 1905 2933 1973 praecedat
2956 1907 3143 1956 oratio.
3173 1905 3320 1956 Post.

129 2006 277 2062 gent,
330 1993 665 2060 estensisque
707 1991 772 2044 ad
822 1992 1015 2044 omium
1066 1989 1253 2056 palmis
1301 1987 1500 2040 orando
1551 2001 1670 2055 per-

130 2086 329 2146 sistant,
383 2084 514 2136 sicut
563 2092 618 2135 et
650 2082 916 2146 aequaliter
963 2089 1283 2146 merguntur.
1327 2077 1668 2132 Sabbatorum

73 2200 81 2206 -
135 2185 256 2225 vero
282 2181 334 2223 et
361 2170 744 2224 Dominicarum
789 2171 1018 2223 noctium
1054 2165 1356 2230 curriculis,
1385 2181 1514 2219 seno
1541 2167 1669 2219 mis-

132 2273 304 2312 sarum
334 2274 492 2325 super
516 2258 720 2325 adjecto
745 2255 948 2321 ollicio,
979 2259 1121 2310 senis
1149 2256 1307 2308 etiam
1342 2255 1518 2307 missis
1541 2255 1667 2323 vigi-

131 2351 216 2406 lia
256 2364 374 2404 cum
421 2351 567 2414 senis
609 2349 953 2418 responsoriis
991 2347 1337 2410 celebrentur,
1383 2356 1436 2399 ut
1473 2345 1672 2400 Resur-

134 2439 380 2494 rsctiouis
423 2437 699 2491 dominicae
743 2436 1047 2490 solemuitas
1099 2433 1340 2501 ampliori
1380 2433 1673 2487 ofﬁciorum

127 2530 420 2598 psalmodis
463 2531 627 2597 magis
669 2531 988 2589 bonoretur,
1023 2527 1161 2596 quod
1201 2535 1256 2580 et
1298 2525 1675 2595 pracipuarum

125 2617 412 2673 festivitate
456 2621 736 2672 missarum
778 2618 1107 2683 praecedente
1141 2624 1293 2668 nocte
1320 2623 1676 2676 competenter

126 2707 421 2759 ofﬁciorum
446 2718 640 2772 genere
662 2703 729 2758 de
749 2704 976 2772 qualibet
1005 2699 1334 2757 solemnitate
1360 2715 1567 2769 semper
1596 2711 1678 2756 est

125 2791 524 2846 celebrandum.

729 2879 950 2935 CAPUT
988 2879 1072 2932 iV.

452 2967 531 3019 De
552 2966 724 3019 Ιιαιίικ
753 2977 801 3018 et
826 2977 954 3022 veste
979 2965 1355 3017 monachorum.

198 3075 522 3129 Vestimenta
564 3089 668 3128 non
699 3073 856 3126 multa
888 3089 984 3128 nec
1011 3072 1274 3140 superﬂua
1310 3073 1446 3136 sint;
1477 3072 1678 3125 duabus

126 3176 336 3218 tantum
384 3163 606 3217 cucullis
649 3162 824 3216 villata
864 3172 917 3215 et
942 3162 1186 3229 simplici,
1214 3170 1268 3215 et
1311 3175 1416 3214 uno
1446 3162 1678 3230 palliolo,

124 3254 401 3323 ternisque
431 3254 647 3315 tunicis,
686 3262 739 3306 et
781 3253 1038 3306 staminiis
1072 3253 1276 3306 duabus
1312 3252 1562 3320 cujusque
1590 3266 1682 3310 ue-

119 3345 388 3399 eessitstis
431 3343 756 3411 querimonia
806 3343 1109 3396 sullicienda
1144 3350 1244 3396 est.
1293 3341 1346 3394 lu
1383 3341 1510 3407 ipsis
1549 3356 1682 3409 quo-

120 3447 234 3501 que
258 3432 530 3496 calceariis
574 3433 674 3484 hoc
718 3431 965 3484 utendum
1011 3441 1113 3493 est,
1156 3442 1212 3484 ut
1259 3432 1432 3485 hieme
1469 3432 1686 3498 pedules

119 3521 391 3584 calceeul,
423 3520 511 3587 qui
553 3519 834 3583 voluerint,
861 3535 892 3572 a
933 3517 1020 3572 die
1064 3519 1412 3572 Kalendarum
1459 3519 1684 3571 Novem-

121 3612 305 3664 brium
335 3625 499 3678 usque
519 3611 581 3663 ad
605 3610 720 3663 Kal.
744 3610 932 3676 Maias;
959 3610 1172 3677 reliquis
1200 3609 1394 3663 :estivis
1417 3612 1683 3664 mensibus

117 3699 419 3766 aligerum
443 3708 640 3752 tantum
663 3701 862 3753 solatiis
883 3701 1146 3753 muniendi
1168 3709 1312 3754 sunt.
1330 3701 1681 3754 Femoralium

117 3798 262 3838 usus
291 3787 534 3854 cuiquam
563 3796 648 3840 est
672 3789 1069 3851 permittendus,
1103 3780 1329 3842 maxime
1357 3789 1437 3842 bis
1463 3791 1550 3857 qui
1581 3792 1681 3842 mi-

114 3875 355 3927 nisterio
381 3874 713 3942 implicantur
739 3875 937 3927 altaris.
969 3875 1076 3929 Sed
1105 3885 1160 3929 et
1201 3876 1314 3945 hoc,
1338 3880 1423 3944 qui
1471 3879 1682 3931 studere

111 3963 396 4033 voluerit,
439 3962 898 4029 reprehendendus
941 3977 1043 4016 nou
1087 3965 1220 4024 erit,
1260 3977 1376 4016 cum
1417 3964 1683 4030 hucusque

113 4061 504 4105 nmecoustet
534 4053 776 4121 pleraque
802 4052 942 4106 hunc
979 4067 1125 4106 usum
1175 4056 1488 4108 monasteria
1522 4057 1679 4110 etiam

107 4143 174 4194 in
207 4140 306 4194 his
332 4143 630 4208 regionibus
657 4159 760 4195 non
809 4143 1020 4197 habere.
1067 4134 1426 4197 Instrumentis
1475 4159 1686 4210 compe-

112 4242 248 4284 tens
279 4229 575 4284 adhibenda
603 4242 686 4285 est
713 4233 1006 4300 disciplina,
1033 4249 1129 4286 nec
1155 4236 1377 4301 amplius
1403 4236 1681 4304 quidquam

107 4317 192 4368 ab
217 4315 407 4385 aliquo
437 4307 834 4384 requirendum,
863 4333 1019 4388 quam
1054 4336 1210 4372 unum
1240 4325 1546 4387 stragulum.
1578 4323 1684 4374 cal-

107 4404 418 4473 nabe'nque
459 4407 729 4471 villatum,
776 4409 1103 4474 mappulam,
1149 4419 1200 4460 et
1245 4409 1448 4462 duabus
1495 4410 1682 4461 lanatis

1707 3193 1754 3256 C

1772 2004 1926 2057 quam
1976 2005 2006 2041 a
2055 2005 2233 2043 mensa
2280 1993 2638 2055 surrexerint,
2688 2002 2935 2060 seQuatur
2975 1995 3179 2056 oratio;
3225 2007 3321 2046 nec

1774 2086 1896 2130 ante
1941 2079 2213 2146 quisquam
2259 2081 2448 2132 alicubi
2504 2091 2782 2148 prtesumat
2836 2083 3116 2150 progredi,
3166 2097 3319 2149 quam

1772 2181 1949 2219 coram
1999 2168 2184 2221 altario
2237 2168 2451 2221 Christo
2501 2172 2782 2234 gratiarum
2836 2173 3106 2225 resolverit
3153 2175 3290 2225 actio

1774 2269 1885 2308 nes.
1933 2255 2155 2310 Carnem
2197 2258 2435 2324 cuiquam
2480 2273 2576 2312 nec
2619 2263 2878 2326 gustandi,
2921 2274 3016 2314 nec
3059 2262 3322 2322 sumendi,

1773 2355 1852 2396 est
1895 2357 2143 2399 concessa
2183 2347 2427 2410 licentia;
2469 2361 2571 2400 non
2599 2349 2738 2415 quod
2785 2358 3075 2402 creaturam
3109 2349 3196 2402 Dei
3240 2351 3324 2417 ju-

1774 2432 2010 2486 dicetnus
2050 2433 2344 2501 indignam,
2382 2438 2475 2489 sed
2503 2436 2641 2504 quod
2685 2438 2858 2491 carnis
2884 2438 3194 2491 abstinentia
3225 2439 3324 2490 nti-

1778 2519 1841 2573 lis
1866 2529 1919 2573 et
1945 2531 2063 2586 apta
2093 2522 2361 2576 monachis
2388 2524 2698 2577 aestimetur.
2737 2525 2955 2578 Servata
2994 2534 3165 2579 tamen
3211 2542 3324 2578 mo-

1769 2605 2046 2664 deramine
2098 2612 2305 2678 pietatis
2351 2628 2474 2681 erga
2531 2623 2846 2682 aegrotorum
2910 2617 3324 2669 necessitudines

1775 2699 1856 2752 vel
1911 2699 2064 2766 longe
2118 2699 2560 2767 proﬁciscentium
2611 2703 2923 2770 qualitates,
2985 2713 3038 2755 ut
3089 2710 3144 2756 et
3191 2706 3328 2756 vola-

1778 2788 1940 2840 tilium
1996 2788 2174 2843 esibus
2239 2789 2433 2844 inﬁrmi
2483 2800 2881 2856 sustententur,
2940 2801 2993 2846 et
3045 2791 3326 2859 longinquo

1778 2876 1948 2928 itineri
1976 2876 2244 2931 destinati.
2269 2878 2442 2932 Si‘aut
2467 2893 2496 2930 a
2526 2880 2757 2946 principe
2781 2920 2796 2944 ,
2825 2881 2908 2933 vel
2934 2881 3178 2947 episcopo
3204 2892 3324 2944 spe—

1780 2974 1979 3027 rantur,
2001 2981 2095 3030 pro
2121 2966 2486 3019 benedictione
2514 2978 2567 3020 et
2594 2967 2886 3022 obedientia
2917 2970 3192 3035 degustare
3220 2984 3323 3019 non

1778 3061 2030 3114 metuant,
2057 3063 2327 3108 servantes
2349 3055 2485 3120 apud
2518 3070 2577 3109 se
2617 3056 2683 3109 de
2722 3057 2926 3125 reliquo
2949 3059 3322 3110 continentiam

1781 3153 2105 3196 consuetam.
2153 3144 2302 3208 Quod
2350 3146 2393 3198 si
2439 3147 2555 3213 quis
2599 3149 2886 3200 monachus
2936 3149 3221 3209 violaverit,
3272 3161 3328 3202 et

1785 3240 1968 3284 contra
1997 3234 2320 3288 sanctionem
2352 3235 2546 3302 regula:
2587 3248 2842 3302 usumque
2884 3252 3153 3289 veternum
3187 3229 3324 3289 vesci

1783 3321 2031 3374 carnibus
2061 3322 2473 3390 praesumpserit,
2520 3337 2612 3375 sex
2660 3322 2916 3376 mensium
2954 3327 3123 3392 spatio
3154 3336 3324 3377 retru<

1781 3410 1917 3463 sioni
1962 3419 2016 3464 et
2059 3412 2377 3478 pcenitentize
2422 3411 2730 3478 subjacebit.
2785 3412 2968 3466 Vivant
3015 3418 3155 3468 enim
3201 3419 3330 3469 solis

1781 3500 2032 3563 oleribus,
2062 3510 2116 3554 et
2165 3502 2532 3570 leguminibus,
2565 3518 2791 3571 raroque
2819 3506 3084 3572 pisciculis
3113 3508 3334 3560 ﬂuviali-

1782 3588 1896 3653 bus,
1931 3590 2012 3643 vel
2043 3591 2297 3647 marinis:
2341 3605 2395 3646 et
2423 3592 2524 3645 hoc
2560 3593 2731 3659 ipsum
2758 3594 2963 3661 quoties
2991 3611 3048 3648 se
3081 3608 3333 3661 opportu-

1783 3680 1921 3732 nitas
1979 3677 2220 3746 fratrum,
2281 3685 2359 3735 vel
2417 3681 2666 3735 festivius
2722 3683 3070 3736 solemnitatis
3122 3685 3330 3737 dederit

1783 3768 2025 3835 alicujus,
2070 3781 2273 3822 servata
2322 3771 2372 3822 in
2419 3769 2500 3821 bis
2543 3779 2596 3823 et
2640 3770 2899 3823 similibus
2929 3772 3099 3824 causis
3136 3775 3334 3824 ἀίδριε-

1784 3856 1927 3908 tione
1982 3857 2214 3921 majoris.
2279 3857 2376 3909 Per
2424 3858 2538 3910 dies
2591 3859 2824 3924 singulos
2880 3858 2983 3909 vini
3037 3859 3332 3922 potionibus

1783 3950 2166 4005 sustententur,
2189 3945 2335 4009 juxta
2368 3945 2743 4011 providentiam
2793 3954 2964 3998 tamen
2993 3945 3211 4007 abbatis,
3248 3949 3329 3997 vel

1786 4037 2072 4103 praepositi,
2107 4037 2217 4087 haec
2245 4036 2353 4103 ipsa
2384 4035 2605 4103 potionis
2634 4038 2952 4101 parsimonia
2981 4046 3330 4104 temperetur;

1786 4127 1857 4177 ita
1884 4127 2154 4186 duntaXat,
2188 4130 2242 4177 u't
2275 4124 2411 4178 inter
2446 4135 2668 4190 quatuor
2697 4127 2883 4179 fratres
2911 4127 3168 4179 sextarius
3197 4128 3332 4178 divi-

1783 4215 1953 4267 datur.
1985 4214 2214 4269 Sabbato
2240 4228 2366 4266 vero
2409 4215 2490 4267 vel
2532 4215 2814 4267 Dominicis
2837 4214 3020 4267 diebus
3050 4215 3114 4266 ad
3139 4229 3324 4282 vespe-

1785 4319 1898 4355 rum
1925 4318 2021 4354 una
2050 4303 2191 4368 potio
2219 4302 2508 4367 adjiciatur.
2541 4303 2770 4366 Quilibet
2805 4317 2870 4355 ex
2905 4302 3328 4370 monachisjeju-

1785 4393 1924 4443 nium
1955 4393 2158 4444 solvere
2186 4405 2287 4442 non
2312 4387 2607 4456 praesumat,
2642 4406 2736 4444 nec
2766 4391 3065 4458 priusquam
3110 4393 3159 4444 in
3188 4406 3333 4445 eom-

108 4492 367 4561 pellibus
403 4495 645 4548 arietum.
690 4494 946 4561 Quidquid
995 4497 1045 4546 in
1094 4506 1265 4558 veste,
1315 4497 1392 4550 vel
1426 4497 1562 4549 cultu
1606 4510 1674 4550 cst

1791 4498 1946 4534 mune
1978 4482 2210 4534 reliciant
2235 4497 2354 4534 cum
2382 4483 2605 4546 cazteris,
2633 4485 2710 4536 vel
2742 4492 3010 4551 postquam
3035 4484 3330 4546 reiecerint,

109 4581 519 4638 naossacborum
545 4624 559 4647 ,
592 4599 694 4637 non
726 4584 1056 4650 peculiariter
1084 4587 1218 4650 apud
1265 4599 1683 4653 unumquemque

105 4667 462 4735 habendum,
489 4672 581 4724 sed
610 4674 709 4724 sub
737 4687 890 4726 manu
921 4672 1076 4725 unius
1113 4673 1289 4725 fratris
1317 4673 1602 4740 spiritualis
1633 4676 1682 4726 in

105 4776 228 4816 una
262 4761 401 4816 cells
431 4764 812 4816 recondendum
838 4774 946 4825 est;
987 4764 1176 4830 quique
1224 4778 1343 4816 cum
1392 4766 1684 4817 necessaria

103 4848 440 4917 poposcerit
461 4888 478 4912 ,
518 4849 710 4916 petenti
753 4850 994 4917 cuiquam
1025 4866 1250 4918 congrua
1293 4859 1488 4903 statura
1518 4863 1685 4903 mnta-

103 4925 276 4990 tos-iis
309 4935 534 4999 tribuat;
562 4948 658 4987 nec
685 4937 957 5002 quisquam
988 4952 1018 4988 e
1047 4925 1314 4990 monachis
1344 4950 1494 4987 suum
1539 4950 1681 4988 asse-

105 5035 264 5078 reus
315 5021 498 5076 dicar:
536 5020 702 5075 codex
748 5037 926 5085 meus,
957 5022 1145 5074 tabula:
1170 5037 1330 5081 titeze,
1358 5025 1437 5074 vel
1468 5021 1682 5089 reliqua.

101 5110 292 5178 Quod
335 5115 549 5165 verbum
595 5111 639 5165 si
683 5113 748 5166 de
787 5126 880 5164 ore
919 5111 1032 5176 ejus
1073 5109 1330 5176 eli'ugerit,
1372 5111 1686 5173 pmuiteutia:

101 5199 470 5268 subiacebit,
505 5215 570 5252 tte
594 5203 733 5252 velut
765 5197 968 5266 propria
997 5196 1242 5264 quaelibet
1282 5199 1332 5246 iit
1375 5200 1687 5249 monasterio

99 5287 342 5343 habere
367 5285 629 5351 videatur;
678 5287 771 5339 sed
818 5287 923 5338 sint
960 5284 1096 5345 illis,
1140 5284 1273 5336 sicut
1310 5285 1554 5349 scriptum
1585 5293 1684 5346 est,

99 5377 320 5434 omnia
346 5376 641 5431 communis
679 5376 813 5442 (Act.
849 5376 942 5440 tv).
985 5371 1135 5427 Unde
1175 5382 1228 5425 et
1269 5374 1476 5425 studere
1507 5373 1685 5425 iisdem

96 5475 320 5528 custos
343 5465 532 5527 debet,
563 5474 619 5517 ut
647 5477 904 5533 summam
937 5461 989 5513 in
1028 5459 1369 5513 bis’vestibus
1402 5452 1692 5528 deligendis

97 5549 334 5608 habent
358 5551 648 5613 solertiam,
673 5557 726 5602 et
755 5548 962 5612 cuique,
986 5559 1042 5597 ut
1083 5547 1278 5599 dictum
1307 5555 1409 5610 est,
1439 5558 1554 5610 apta
1580 5547 1688 5597 dis-

95 5638 353 5698 tribuat.
382 5637 490 5690 Nec
511 5637 784 5705 quisquam
808 5636 874 5689 de
908 5637 1007 5687 hoc
1047 5649 1370 5686 murmurare
1389 5643 1686 5700 praesumat,

92 5747 244 5785 cum
277 5729 379 5785 sibi
407 5725 685 5780 distributa
716 5727 934 5780 aliorum
975 5722 1228 5790 conspicit
1266 5723 1563 5777 indumenta
1595 5735 1684 5772 vc-

1788 4572 2065 4638 qnidquam
2098 4573 2233 4639 quod
2279 4575 2343 4624 ad
2389 4573 2666 4637 putandum
2697 4574 2777 4625 vel
2821 4573 3080 4626 edendum
3112 4575 3335 4638 pertinet

1781 4676 1992 4728 gustare
2022 4664 2099 4713 vel
2131 4664 2433 4729 cnntingere
2461 4663 2667 4722 audeat,
2713 4663 2792 4715 vel
2831 4663 3036 4714 occulte
3061 4663 3332 4727 quodlibet

1787 4752 2124 4818 peculiariter
2174 4755 2477 4812 recondere,
2535 4751 2618 4802 vel
2671 4751 2864 4802 habere
2921 4764 3219 4814 praesumat.
3276 4753 3329 4803 In

1786 4842 2059 4909 praecipuis
2104 4840 2520 4893 solemnitatibus
2575 4839 2667 4889 tria
2718 4841 2978 4905 pulmenta
3024 4851 3077 4894 et
3115 4841 3328 4893 totidem

1786 4932 2019 4999 potiones
2049 4930 2291 4983 fratribus
2327 4930 2676 4995 prmbeantur.

2375 5043 2595 5097 CAPUT
2633 5045 2718 5098 Vl.

2342 5113 2411 5165 De
2446 5119 2747 5179 operatione.

1855 5203 1907 5254 In
1959 5201 2219 5263 operando
2277 5201 2387 5254 lict-c
2439 5206 2568 5255 ratio
2616 5203 2936 5255 observetur.
2992 5200 3183 5262 Verrio,
3242 5202 3326 5252 vel

1786 5301 1984 5351 testate,
2032 5291 2168 5363 dicta
2212 5292 2394 5356 prima,
2443 5297 2871 5344 commoueantur
2912 5288 3095 5342 decani
3123 5302 3152 5340 a
3193 5299 3329 5353 prte-

1789 5379 1955 5448 posito
1983 5393 2078 5432 suo
2111 5381 2260 5446 quale
2310 5395 2440 5446 opus
2483 5380 2709 5431 debeant
2750 5393 3022 5442 exercere,
3070 5387 3222 5443 atque
3254 5374 3331 5427 illi

1787 5468 2014 5535 reliquos
2034 5470 2350 5522 admoneant
2377 5467 2561 5519 fratres
2583 5481 2599 5529 ;
2628 5477 2736 5519 tum
2758 5467 2990 5528 domum,
3011 5465 3131 5516 dato
3156 5462 3329 5527 signo,

1789 5558 2011 5622 sumptis
2037 5557 2382 5618 fcrrattientis,
2406 5566 2780 5623 congregemur
2802 5558 2852 5608 in
2877 5569 3054 5616 unum,
3088 5554 3327 5617 factaque

1789 5649 2039 5710 oratione,
2077 5658 2289 5716 pergent
2334 5648 2610 5699 recitantes
2648 5646 2712 5697 ad
2749 5654 2900 5711 opus,
2945 5655 3109 5709 usque
3137 5642 3198 5692 ad
3229 5641 3330 5694 ito-

1792 5755 1900 5792 ram
1932 5741 2034 5792 diei
2085 5742 2307 5792 tertiam.
2357 5738 2698 5793 ﬂeret-tentes
2743 5737 2806 5789 ad
2851 5735 3147 5799 ecclesiam,
3178 5736 3330 5788 tertia
