3880 6236
490 392 620 445 1Ίοῗῖ

1409 383 1465 437 s.
1510 367 1889 437 rauc‘tUOSI
1928 376 2387 436 BRACARENSIS
2428 380 2720 436 ertscoot

3521 378 3647 433 HM

479 507 759 573 coiebrata,
786 498 1069 554 residentes
1100 495 1223 550 locis
1251 495 1357 547 suis
1386 495 1627 547 studeant
1647 491 1872 551 lectioni,
1899 489 2010 540 sive
2040 490 2086 545 Δ
2114 501 2235 540 Vere
2268 488 2459 541 audeat
2509 490 2643 551 loco,
2687 502 2856 555 neque
2902 501 3174 541 conserere
3223 470 3442 548 fabulas,
3470 490 3647 541 deam-

420 616 423 617 ν
480 595 721 648 orationi.
758 592 942 645 Verum
974 590 1015 641 si
1053 602 1187 656 opus
1234 585 1334 638 tale
1364 584 1602 651 estquod
1632 597 1734 633 non
1762 580 2015 632 intermit-

484 693 641 744 tatur,
674 682 723 732 itt
766 692 921 745 opere
953 678 1065 744 ipso
1094 672 1244 727 tertia
1290 673 1509 731 dicatur,
1540 680 1591 723 et
1634 670 1711 722 sic
1754 668 2017 720 recitando

482 778 806 825 revertantur
868 767 932 821 ad
990 764 1196 826 cellam,
1251 772 1303 815 et
1352 770 1708 816 consummata
1761 760 2013 823 oratione,

479 858 769 926 ablutisqne
818 855 1074 917 manibus,
1127 851 1396 905 confestim
1447 850 1509 902 ad
1560 847 1831 902 ecclesiam
1883 862 2019 899 cnn-

481 948 709 1001 venient.
757 946 821 1000 Et
868 944 911 998 si
962 942 1294 996 reficiendum
1342 940 1406 991 ad
1454 948 1651 991 sextam
1680 946 1776 998 est,
1811 945 2018 1003 peracto

478 1039 655 1092 officio
681 1046 865 1101 sextae,
909 1033 974 1086 ab
1002 1031 1236 1083 oratione
1267 1036 1477 1095 pergant
1504 1027 1565 1078 ad
1596 1040 1818 1086 mensas,
1855 1024 2017 1077 refec-

481 1129 624 1195 tique
669 1139 895 1193 congrue
939 1109 1124 1174 iterum
1175 1119 1304 1172 facta
1355 1118 1589 1170 oratione
1634 1116 1927 1182 quiescant,
1968 1125 2019 1164 et

482 1226 572 1275 fiat
600 1222 861 1276 silentium
893 1231 1055 1285 usque
1084 1214 1145 1267 ad
1194 1215 1373 1267 horam
1420 1225 1629 1263 nonam.
1664 1206 1854 1260 Deinde
1882 1202 2018 1257 cele-

482 1314 627 1367 brata
680 1326 835 1376 nona,
887 1310 929 1361 si
975 1319 1193 1360 necesse
1227 1313 1338 1369 est,
1394 1306 1716 1355 revertantur
1759 1295 1823 1347 ad
1868 1308 2018 1359 opus,

481 1419 751 1473 quousque
776 1403 838 1455 ad
862 1398 1181 1454 duodecimae
1208 1395 1435 1447 officium
1455 1392 1649 1445 dictutn
1679 1386 2019 1443 conveniant;

483 1498 563 1550 sin
618 1505 791 1547 autem
839 1489 1126 1545 residentes
1183 1486 1324 1537 taciti
1376 1498 1466 1549 per
1513 1480 1725 1535 cellulas
1779 1490 1921 1540 suas,
1972 1476 2020 1527 hi

480 1598 701 1652 quorum
745 1583 850 1648 jam
898 1588 1023 1631 aetas
1071 1574 1296 1643 perfecta
1334 1579 1414 1624 est
1456 1580 1506 1623 et
1548 1566 1863 1621 conscientia
1897 1577 2020 1631 pura

487 1670 802 1725 meditentur
829 1666 1032 1734 eloquia
1063 1661 1282 1725 Domini,
1330 1660 1410 1713 vel
1440 1671 1568 1724 opus
1598 1655 1865 1723 quodlibet
1889 1653 2022 1705 intra

485 1759 721 1814 cellulam
776 1757 1077 1829 injttuctum
1106 1751 1450 1814 exercentes,‘
1485 1760 1734 1811 nusquam
1789 1756 2021 1809 prorsus,

2116 581 2506 647 ltulationesqne
2559 595 2809 649 peragere
2866 580 3124 647 inquietas
3177 588 3227 629 et
3282 580 3523 641 etinsas;
3563 582 3648 633 sed

2114 670 2372 733 residens,
2400 668 2547 736 operi
2586 684 2851 731 manuum,
2882 668 2989 721 sive
3018 667 3244 729 lectioni,
3279 667 3527 724 intentus.
3567 677 3652 721 aut

2116 757 2165 808 itt
2194 756 2443 811 orationis
2471 755 2912 823 contemplatione
2938 754 3161 816 defixus,
3187 755 3334 822 signo
3372 756 3650 807 universali

2115 843 2339 895 monitus
2366 852 2543 911 surgat
2569 844 2821 905 concitus,
2849 845 3109 895 communi
3140 847 3375 895 oratione
3418 851 3508 892 aut
3537 856 3655 907 cpe.

2118 938 2321 991 ratiooe
2374 938 2707 1001 delinendus,
2760 938 2886 989 alias
2937 951 3104 1003 neque
3154 936 3428 1001 respicere,
3490 947 3654 1000 neque

2117 1024 2380 1089 appellare
2408 1025 2585 1086 alium,
2616 1023 2743 1075 citra
2774 1024 3165 1089 permissionem
3198 1022 3273 1073 sui
3300 1022 3544 1082 senioris,
3577 1029 3656 1072 est

2117 1115 2388 1182 quisquam
2418 1129 2447 1168 e
2476 1114 2720 1167 fratribus
2749 1113 3146 1182 permittendus.
3178 1113 3230 1164 ln
3256 1111 3431 1165 habitu
3452 1126 3655 1176 quoque

2117 1214 2169 1257 et
2198 1219 2376 1273 gressu
2410 1204 2649 1257 monachi
2682 1205 2749 1255 ita
2781 1204 3045 1256 definitum
3081 1212 3179 1265 est,
3213 1211 3261 1253 ut
3305 1201 3441 1253 nulla
3480 1201 3651 1252 diver-

2120 1295 2248 1346 sitas
2296 1300 2456 1356 esset,
2508 1296 2599 1347 sed
2654 1293 2828 1345 omnia
2884 1293 3023 1345 cultu
3074 1292 3522 1353 vestimentorum,
3554 1305 3652 1341 twn

2122 1385 2282 1442 vario,
2314 1382 2402 1435 sed
2432 1396 2535 1434 uno
2562 1390 2617 1434 et
2643 1382 2847 1435 sincero
2893 1390 3183 1446 manerent,
3212 1380 3449 1448 ingressu
3490 1379 3656 1432 nullus

2122 1470 2588 1537 strepitus,,neque
2629 1472 2789 1523 saltus
2816 1464 3215 1537 amplos‘tensis
3257 1456 3489 1536 passibus
3518 1464 3653 1520 face-

2123 1567 2255 1620 rent,
2307 1572 2401 1612 nec
2441 1559 2584 1621 alibi,
2628 1560 2749 1611 dum
2792 1567 3011 1626 pergunt
3051 1556 3503 1624 aspiceretu,nisi
3541 1565 3657 1607 ante

2121 1646 2337 1713 vestigia
2367 1660 2481 1710 sua,
2515 1660 2631 1699 cum
2679 1645 2977 1714 loquuntur,
3010 1656 3064 1700 ut
3096 1647 3233 1699 lenta
3261 1656 3316 1700 et
3358 1646 3519 1699 silens
3562 1658 3656 1695 vox

2123 1748 2281 1800 esset,
2308 1735 2601 1804 iuramento
2628 1747 2682 1791 et
2724 1736 2995 1791 mendacio
3041 1750 3246 1801 carens,
3280 1749 3376 1788 nec
3428 1733 3653 1788 fraudem

486 1857 701 1917 excepta
748 1861 900 1900 causa
950 1826 1298 1903 necessitatis,
1348 1838 1569 1890 audeant
1614 1833 1880 1901 progredi,
1930 1831 2027 1884 nisi
2064 1823 2363 1892 Bstudens,
2410 1842 2579 1895 neque
2625 1826 3002 1895 multiloquium
3052 1827 3315 1894 diligens;
3365 1839 3657 1877 murmura-

487 1941 679 1994 fuerint
703 1952 730 1990 a
760 1936 967 1990 seniore
998 1929 1257 1999 pr:eeepti.
1288 1927 1527 1980 Juniores
1552 1938 1673 1977 vero
1702 1936 1875 1975 coram
1915 1920 2023 1973 Suis

484 2029 776 2083 residentes
804 2023 1036 2086 decanis,
1085 2011 1310 2080 lectioni,
1343 2015 1421 2069 vel
1453 2009 1761 2076 recitationi,
1793 2014 1977 2062 vacent
2008 2024 2022 2071 ;

482 2133 587 2172 nec
631 2131 706 2179 se,
756 2112 1045 2168 inconsulto
1088 2109 1314 2173 seniore,
1363 2105 1534 2175 iunior
1561 2118 1588 2157 a
1619 2117 1711 2157 sua
1738 2117 1798 2156 se
1825 2101 2024 2155 auferat

471 2204 807 2266 secessione,
858 2208 947 2254 aut
994 2198 1059 2252 ad
1108 2196 1326 2250 alterius
1380 2192 1561 2248 decani
1615 2192 1784 2246 locum
1839 2189 2026 2243 audeat

488 2308 703 2365 pergere
730 2310 746 2357 ;
775 2290 866 2346 sed
893 2298 999 2342 tam
1029 2290 1079 2341 in
1109 2284 1343 2341 eessione
1386 2296 1541 2350 quam
1568 2280 1722 2334 etiam
1765 2280 1813 2332 in
1843 2290 2027 2344 opera-

491 2389 651 2449 tione,
676 2396 883 2450 semper
908 2378 1123 2433 deeania
1148 2390 1176 2428 a
1201 2373 1414 2428 decania
1460 2378 1726 2439 segregata
1754 2368 2024 2421 consistat.

486 2479 731 2533 Juniores
750 2474 938 2540 quique
960 2481 1085 2527 suos
1104 2465 1293 2533 iugiter
1315 2463 1545 2517 decanus
1567 2460 1656 2513 ille
1676 2463 2024 2520 commoneat,-

490 2585 555 2623 tte
581 2568 631 2621 in
659 2566 880 2633 aliquam
908 2559 1269 2630 negligentiam
1296 2555 1557 2617 decidant,
1583 2551 1676 2607 sed
1713 2550 1851 2603 viros
1878 2549 2028 2616 spiri-

493 2659 655 2711 tunles
693 2663 746 2709 et
771 2661 977 2706 sanctos
1021 2650 1122 2703 illis
1168 2660 1373 2713 semper
1417 2645 1466 2697 in
1505 2640 1743 2708 exemplo
1772 2638 2025 2707 proferat,

494 2746 775 2799 ut'illorum
806 2737 1242 2804 contemplatione
1292 2734 1498 2788 assidue
1522 2732 1585 2786 ad
1626 2730 1838 2786 meliora
1871 2730 2029 2798 proft-

493 2838 653 2891 ciant.
695 2832 937 2887 Autuntni
985 2842 1109 2881 vero
1139 2827 1218 2880 vel
1264 2824 1448 2879 hiemis
1490 2833 1747 2891 tempore,
1777 2833 1937 2887 usque
1962 2818 2027 2871 ad

496 2927 699 2982 tertiam
729 2925 921 2991 legant,
959 2932 1121 2987 usque
1147 2917 1211 2970 ad
1242 2930 1429 2969 nonam
1458 2920 1757 2979 Operentur.
1787 2911 1830 2964 si
1856 2920 2028 2962 tamen

476 3027 575 3070 -est
620 3013 885 3081 quodlibet
935 3023 1064 3076 opus
1112 3006 1247 3075 quod
1297 3006 1401 3059 flat.
1447 3002 1570 3057 Post
1611 3015 1799 3054 nonam
1844 2999 2028 3052 iterum

499 3120 661 3173 usque
701 3104 766 3157 ad
808 3103 1166 3156 duodecimam
1198 3098 1370 3166 legant
1403 3113 1417 3159 ;
1465 3109 1494 3147 a
1538 3093 1839 3147 duodecima
1868 3090 2027 3143 medi-

501 3204 674 3250 tentur
697 3205 866 3259 usque
893 3191 956 3243 ad
1004 3201 1289 3255 vesperam.
1340 3185 1418 3238 Ad
1446 3195 1600 3251 opera
1626 3195 1742 3234 cum
1770 3178 2029 3248 egressuri

500 3292 641 3347 sunt,
671 3279 956 3335 orationem
1015 3277 1195 3330 facturi
1255 3274 1477 3328 invicem
1528 3269 1882 3329 conveniant;
1937 3279 2037 3332 qua

500 3373 745 3441 expleta,
772 3368 980 3435 incipiat
1027 3365 1333 3436 prtepositus
1378 3362 1653 3431 psalmum,
1702 3368 1754 3412 et
1799 3356 1876 3411 sic
1905 3354 2039 3410 reei-

506 3473 678 3517 tantes
704 3471 919 3530 pergant
941 3460 1004 3511 ad
1030 3458 1409 3527 operationem.
1446 3452 1575 3506 Cum
1605 3457 1902 3515 operantur,
1935 3461 2036 3500 non

488 3555 637 3608 inter
663 3567 720 3607 se
751 3550 948 3604 fabulas
975 3548 1056 3602 vel
1093 3545 1375 3600 cachinnos
1418 3548 1716 3600 conserant,
1748 3538 1857 3591 sive
1895 3535 2037 3587 luxu-

500 3645 724 3706 rientur,
744 3640 834 3693 sed
857 3648 1133 3705 operantes
1157 3634 1289 3686 intra
1313 3644 1371 3683 se
1392 3629 1610 3681 recitent
1632 3624 1789 3678 taciti.
1821 3623 1895 3676 Illi
1919 3636 2041 3678 vero

506 3733 592 3793 qui
624 3736 861 3797 pausant,
885 3734 975 3776 aut
1000 3716 1216 3792 pSallant
1246 3715 1460 3786 aliquid,
1483 3722 1575 3767 aut
1595 3712 1807 3766 recitent
1828 3714 2039 3778 pariter,

506 3829 593 3873 aut
622 3825 761 3871 terte
803 3815 1008 3867 sileant.
1054 3809 1324 3865 Peculiare
1364 3818 1495 3873 opus
1542 3800 1828 3856 institutum
1856 3808 1955 3863 est,
1987 3808 2042 3850 ut

510 3910 680 3963 nullus
706 3916 948 3962 exerceat
974 3903 1277 3964 monachus,
1318 3897 1463 3967 quasi
1507 3894 1604 3949 sibi
1635 3892 1842 3963 proprie
1869 3890 2040 3943 vindi-

513 3999 761 4058 candum,
787 4004 879 4048 aut
921 3992 1155 4053 cuilibet,
1190 4004 1313 4042 cum
1359 3984 1598 4063 voluerit,
1656 3996 1749 4035 sua
1794 3994 2044 4047 praesum-

514 4090 695 4155 ptione
720 4079 1152 4137 distribuendum.
1202 4076 1306 4129 Nec
1326 4073 1593 4141 quodlibet
1618 4084 1748 4136 opus
1775 4068 1887 4121 sine
1914 4081 2044 4134 pra:-

514 4154 749 4241 ceptione
766 4177 818 4225 et
833 4167 1121 4223 cohibentia
1138 4164 1357 4219 senioris
1376 4159 1781 4227 suscipiendum,
1797 4154 2045 4208 inchoan-

516 4267 657 4327 dum,
700 4260 813 4315 sive
843 4256 1133 4327 faciendum
1162 4263 1263 4319 est,
1318 4252 1409 4306 sed
1458 4252 1507 4304 in
1534 4251 1674 4329 omni
1718 4245 2045 4315 re‘quidquid

516 4354 677 4407 abbas
704 4350 785 4401 vel
814 4348 1121 4410 praepositus
1150 4340 1471 4411 praeceperit,
1504 4339 1604 4394 hoc
1629 4338 1903 4408 agendum.

1100 4452 1318 4508 carus
1357 4450 1463 4506 vn.
1520 4519 1524 4522 ἠ

858 4544 939 4597 De
976 4542 1287 4613 ferramentis
1319 4550 1363 4594 et
1397 4540 1702 4592 utensilibus.

596 4640 931 4693 Ferramenta
980 4634 1059 4687 vel
1107 4630 1345 4686 utensilia
1375 4628 1619 4697 quaelibet
1659 4626 1910 4679 artificum
1954 4623 2052 4677 sub

525 4743 623 4780 uno
674 4723 999 4779 recondenda
1051 4731 1170 4775 sunt
1212 4718 1466 4780 conclavi,
1524 4724 1574 4769 et
1624 4717 1854 4767 custodia
1900 4714 2051 4765 unius

527 4817 697 4870 fratris
738 4811 975 4868 industrii
1016 4821 1069 4865 et
1112 4808 1352 4878 providi;
1400 4806 1593 4876 quique
1621 4801 1930 4869 segregatim
1963 4798 2050 4852 illa

528 4908 713 4957 idoneo
740 4901 1001 4955 collocatis
1030 4900 1163 4963 loco,
1196 4907 1346 4965 prout
1367 4910 1449 4948 res
1475 4893 1694 4961 expetit,
1724 4888 2053 4957 poscentibus

528 4995 589 5044 ad
620 4990 935 5059 eperandum
963 4987 1206 5039 fratribus
1230 4985 1418 5039 tribuet
1443 5000 1463 5049 ς
1511 4992 1663 5050 atque
1687 4980 1751 5033 ad
1780 4993 2053 5046 vesperum

528 5083 637 5133 suis
662 5096 724 5133 ea
761 5079 1011 5147 colligens
1058 5074 1204 5140 locis,
1248 5088 1425 5127 cutam
1468 5071 1692 5135 habebit,
1742 5082 1806 5121 ne
1844 5067 1965 5136 quid
1990 5065 2056 5119 de

533 5172 610 5221 his
638 5180 726 5220 aut
774 5179 967 5233 pereat,
1020 5178 1106 5220 aut
1144 5180 1235 5234 per
1279 5163 1634 5232 negligentiam
1677 5159 1946 5228 aruginet,
1977 5158 2055 5211 vel

531 5259 761 5326 qualibet
785 5257 1054 5310 occasione
1078 5258 1313 5310 viies‘cat.

1115 5367 1331 5420 CAPUT
1371 5364 1497 5417 Vlll.

816 5477 891 5533 De
915 5475 1194 5529 obedientia
1220 5484 1263 5526 et
1299 5476 1511 5527 sessione
1538 5470 1783 5522 monachi.

608 5589 735 5641 Cum
758 5598 939 5641 vacant
964 5587 1030 5641 ab
1050 5585 1348 5654 operatione
1384 5585 1587 5646 fratres,
1610 5581 1781 5635 nullus
1801 5594 1857 5633 se
1877 5593 1906 5632 e
1947 5592 2064 5646 pro-

528 5678 649 5747 prio
672 5679 802 5731 citra
825 5678 1219 5747 permissionem
1249 5676 1429 5730 decani
1460 5675 1539 5729 vel
1572 5672 1829 5742 praepositi
1851 5671 1927 5724 sui
1954 5684 2063 5723 mo-

2071 4459 2123 4517 D

2128 1913 2322 1966 tionem
2369 1916 2603 1979 omnino,
2655 1923 2706 1968 et
2752 1914 3236 1976 contradictionem,
3288 1922 3339 1966 et
3392 1926 3656 1965 raneorem

2127 2004 2388 2068 nesciens,
2438 2004 2727 2073 vituperare
2795 2012 2850 2058 et
2891 2004 3124 2073 judicare
3174 2004 3470 2057 indemnem
3507 2003 3657 2056 alium

2126 2096 2519 2161 pertimescens.
2565 2095 2871 2149 Obedientia
2904 2104 3213 2162 prteceptutn
3259 2102 3340 2148 est
3368 2093 3575 2158 regulae,
3607 2104 3661 2144 ut

2127 2183 2535 2251 impossibilibus
2592 2194 2798 2251 quoque
2853 2184 3006 2237 rebus
3068 2196 3225 2249 opere
3273 2190 3429 2250 atque
3479 2181 3659 2233 affectu

2127 2282 2436 2338 ostentetur,
2467 2283 2519 2327 et
2567 2282 2804 2327 teneatur
2849 2287 3009 2340 usque
3057 2272 3122 2324 ad
3153 2282 3371 2324 mortem
3404 2270 3659 2325 videlicet.

2128 2361 2264 2414 sicut
2290 2370 2342 2415 et
2368 2361 2607 2414 Christus
2638 2360 2803 2431 factus
2831 2369 2910 2411 est
2942 2360 3079 2411 Patri
3122 2359 3369 2411 obediens
3410 2371 3572 2425 usque
3599 2362 3658 2408 ait

2131 2461 2350 2506 mortem
2382 2450 2631 2520 (Philipp.
2670 2454 2752 2513 ll).
2799 2451 2967 2505 Simili
3017 2464 3221 2519 quoque
3260 2449 3434 2502 studio
3478 2457 3531 2502 et
3577 2462 3664 2516 pa-

2132 2542 2326 2596 tientiae
2353 2543 2517 2595 virtus
2545 2551 2625 2595 est
2652 2541 2993 2604 observanda,
3026 2548 3082 2593 ut
3128 2552 3379 2605 nusquam
3414 2551 3509 2592 nec
3542 2539 3662 2590 odio

2131 2634 2373 2697 violetur,
2406 2646 2502 2685 nec
2528 2630 2735 2699 injuria,
2776 2644 2872 2683 nec
2898 2629 3228 2683 contumeliis
3254 2628 3541 2689 omittatur,
3571 2628 3660 2679 sed

2133 2722 2182 2774 in
2212 2723 2586 2774 sustetttatione
2611 2730 2664 2773 et
2694 2720 2959 2773 tolerantia
2990 2721 3283 2772 roboretttr.
3336 2718 3550 2770 [inditas
3578 2718 3666 2770 de-

2134 2816 2285 2883 nique
2312 2823 2364 2868 et
2394 2813 2708 2882 parclmonia
2753 2813 2989 2867 ciborum
3037 2821 3092 2866 et
3137 2811 3447 2865 lectulorum
3476 2808 3661 2862 duritia

2133 2905 2489 2972 amplectatur.
2539 2902 2876 2958 Peculiaritas
2920 2902 3088 2956 autin
3134 2899 3461 2965 utensilibus,
3501 2900 3664 2951 autin

2134 2996 2476 3062 vestimentis,
2504 3006 2593 3050 aut
2619 2995 2670 3050 in
2707 2993 3022 3065 quibuslibet
3063 2994 3244 3057 rebus,
3274 2990 3538 3045 vilissimis
3564 2991 3669 3043 sal-

2135 3095 2238 3139 tem
2263 3095 2316 3138 et
2339 3087 2574 3154 abjectis,
2602 3086 2744 3140 omni
2775 3084 2929 3138 modo
2956 3084 3165 3136 vitetur.
3196 3081 3325 3147 Quia
3352 3080 3669 3135 abominatio

2137 3174 2405 3229 monachis
2429 3183 2507 3227 est
2535 3182 2588 3228 et
2616 3173 2825 3226 infamia
2865 3171 3144 3240 quidquam
3195 3169 3462 3237 possidere
3484 3181 3669 3235 super-

2138 3265 2320 3327 fluunt,
2349 3273 2437 3317 aut
2463 3276 2732 3317 reservare
2777 3261 3065 3330 proprium,
3097 3259 3178 3315 vel
3222 3258 3503 3322 occultum,
3532 3256 3668 3326 quod

2136 3367 2238 3406 non
2285 3352 2435 3419 longe
2482 3351 2548 3405 ab
2588 3350 2801 3405 Ananiae
2841 3359 2894 3404 et
2940 3347 3175 3416 Saphirae
3219 3345 3463 3413 exemplo
3497 3359 3672 3413 segre-

2135 3451 2303 3508 gatur.
2338 3439 2520 3493 Munus
2539 3437 2764 3505 denique
2784 3437 3068 3506 quodlibet,
3092 3436 3201 3487 sive
3221 3434 3494 3500 epistolas,
3517 3447 3672 3485 nemo

2138 3530 2424 3583 monachus
2450 3530 2688 3595 accipiat,
2719 3520 2886 3593 nequ‘e
2915 3524 3116 3591 uspiam
3157 3524 3272 3577 sine
3311 3522 3671 3576 benedictione

2138 3619 2217 3671 sui
2248 3619 2467 3672 senioris
2514 3617 2892 3685 progrediatur,
2940 3628 3037 3669 nec
3077 3630 3197 3668 cum
3243 3614 3377 3667 laico
3415 3613 3672 3680 loquatur,

2140 3724 2235 3762 uec
2264 3722 2379 3767 eum
2422 3707 2677 3759 monacho
2707 3720 2809 3758 non
2852 3704 3027 3772 jussus
3065 3712 3187 3767 stet,
3234 3703 3351 3757 sive
3395 3702 3673 3762 fabuletur,

2145 3796 2227 3848 vel
2260 3796 2417 3848 alium
2445 3794 2670 3863 aliquem
2702 3794 2992 3861 proximum
3020 3793 3209 3856 videat,
3242 3792 3320 3844 vel
3350 3799 3673 3849 extraneum,

2141 3886 2361 3954 regulari
2391 3884 2647 3937 sententia
2678 3884 2945 3948 praefixum
2976 3893 3074 3932 eat.
3106 3878 3209 3932 Nec
3234 3878 3485 3945 jejunium
3512 3876 3677 3928 solvat

2140 3975 2355 4042 quilibet
2398 3988 2463 4025 ex
2506 3970 2794 4030 monachis,
2840 3982 2938 4021 nec
2978 3966 3271 4034 priusquam
3314 3965 3363 4016 in
3406 3978 3677 4017 commune

2142 4062 2376 4115 reiicient
2418 4060 2611 4123 caeteri,
2645 4059 2726 4131 vel
2757 4068 3028 4126 postquam
3059 4054 3331 4109 rel'eccrint
3378 4042 3497 4107 eum
3539 4053 3671 4115 aliis,

2143 4150 2422 4219 quidquam
2458 4149 2608 4219 quod
2640 4147 2703 4200 ad
2732 4146 2989 4199 edendum
3022 4143 3103 4198 vel
3145 4143 3428 4210 potandum
3460 4140 3676 4209 pertinet

2143 4240 2415 4306 degustare
2456 4246 2753 4305 prtesumat,
2800 4230 3180 4292 consuetudine
3222 4233 3425 4302 jussum
3456 4244 3536 4289 est
3562 4232 3672 4288 diu-

2148 4338 2316 4381 turna.

2764 4414 2982 4471 CAPUT
3020 4413 3104 4468 IX.

2654 4528 2731 4582 De
2757 4524 3175 4580 hebdomadariis.

2217 4638 2612 4693 llebdomadarii
2641 4651 2734 4704 per
2761 4635 2994 4703 singulas
3028 4633 3127 4687 sibi
3156 4630 3441 4688 succedant
3484 4631 3675 4688 hebdo-

2147 4727 2342 4790 madas,
2373 4726 2660 4779 orationem
2685 4738 2803 4779 cum
2840 4722 3197 4777 benedictione
3226 4712 3279 4775 in
3314 4724 3535 4778 ecclesia
3559 4737 3673 4791 per—

2148 4816 2397 4885 cipientes
2422 4815 2645 4871 abbatis.
2675 4812 2741 4867 Et
2780 4814 2987 4881 quando
3028 4821 3226 4867 exeunt
3266 4814 3336 4867 ita
3360 4812 3449 4866 die
3472 4811 3677 4867 Sabbati

2150 4906 2399 4973 explicata
2430 4919 2666 4972 vespera,
2704 4903 3027 4972 congregatis
3067 4903 3118 4957 in
3148 4916 3306 4955 unum
3332 4914 3395 4953 ae

2152 4996 2247 5048 bus
2275 4994 2520 5047 fratribus
2545 5004 2598 5047 et
2626 4993 3015 5057 meditantibus,
3044 4991 3286 5045 manibus
3310 4987 3532 5055 propriis
3551 5000 3676 5057 aqua

2152 5083 2316 5137 calida
2344 5082 2665 5151 singulorum
2695 5082 2906 5135 ablttant
2943 5081 3121 5148 pedes,
3144 5077 3258 5130 aliis
3295 5077 3603 5141 lavantibua,
3629 5088 3679 5129 et

2153 5174 2267 5228 aliis
2321 5172 2707 5241 catergentibus
2762 5171 2941 5234 linteo,
2989 5170 3167 5236 sicque
3218 5168 3458 5235 prostrati
3509 5181 3678 5221 coram

2154 5264 2338 5320 abbate
2377 5262 2426 5317 in
2468 5270 2726 5316 conventu
2752 5260 2935 5315 eodem
2976 5258 3180 5312 veniam
3208 5259 3358 5311 simul
3385 5267 3440 5311 et
3476 5254 3682 5311 benedi-

2155 5354 2380 5406 ctionem
2407 5351 2472 5402 ab
2500 5350 2741 5402 omnibus
2762 5345 3073 5415 generaliter
3101 5354 3296 5413 petant.
3335 5344 3526 5410 Sicque
3564 5356 3680 5399 ora—

2156 5439 2298 5493 tione
2323 5437 2668 5491 commendati
2694 5435 2897 5491 abbatis
2937 5442 3153 5503 pergant
3177 5433 3242 5485 ad
3272 5430 3564 5486 ministeria
3581 5429 3684 5485 Tra-

2162 5528 2323 5581 tribus
2342 5525 2651 5589 exhibenda,
2672 5524 3021 5591 plenissimam
3041 5536 3133 5590 pro
3150 5520 3325 5573 labore
3345 5532 3441 5571 suo
3462 5530 3685 5587 tempore

2164 5618 2415 5670 matutino
2445 5600 2852 5669 benedirtionetn
2881 5611 2932 5666 in
2962 5607 3181 5681 ecclesia
3207 5611 3525 5676 percepturi.
