3880 6236
209 412 332 468 “0‘5

812 513 1033 569 CAPUT
1073 513 1138 567 Χ.

476 601 550 655 De
575 603 869 672 hospitibus,
904 605 1172 672 peregrinis
1197 611 1243 655 et
1269 604 1500 671 inﬁrmis.

267 692 592 761 Ilospitibus,
643 694 722 747 vel
753 694 1037 760 peregrinis
1083 694 1349 759 fratribus,
1383 711 1497 748 cum
1537 710 1739 751 summa

202 783 495 838 reverentia
519 782 796 835 charitatis
825 790 880 834 et
907 781 1301 834 ministratiouis
1328 785 1576 851 obsequia
1623 796 1744 838 sunt

202 873 494 940 prehendo,
527 881 581 926 et
606 872 670 924 ad
717 885 993 938 vesperum
1044 871 1245 924 lavandi
1291 873 1447 938 pedes
1492 883 1580 935 ;et
1608 872 1650 925 si
1676 887 1742 927 ex

203 969 380 1019 itinere
410 973 531 1019 sunt
554 962 802 1027 confecti,
825 963 944 1017 oleo
970 964 1289 1031 perungendi
1312 973 1451 1017 sunt.
1483 963 1739 1029 Lectaria,

203 1055 425 1114 lucerna,
458 1061 512 1106 et
557 1052 804 1104 stramina
855 1050 1026 1104 mollia
1074 1051 1383 1115 exhibenda,
1425 1066 1485 1105 ac
1533 1052 1740 1119 proﬁci-

199 1143 458 1196 scentibus
477 1141 623 1210 juxta
647 1155 802 1208 posse
822 1140 1046 1192 cmuobii
1073 1141 1315 1194 viaticum
1343 1141 1740 1208 imponendum.

201 1231 402 1298 Λεκτοιί
448 1231 590 1282 omni
642 1230 981 1282 miseratione
1025 1237 1077 1282 et
1123 1230 1485 1297 compassione
1533 1228 1741 1285 fovendi

202 1330 334 1380 sunt.
383 1332 670 1382 eorumque
721 1319 995 1386 languores
1042 1331 1276 1381 congruo
1318 1317 1580 1370 relevandi
1623 1329 1744 1372 sunt

203 1410 505 1462 ministerio.
535 1407 688 1461 Tales
719 1418 890 1459 tamen
936 1416 1057 1460 sunt
1100 1409 1175 1459 eis
1198 1407 1417 1460 ministri
1447 1407 1738 1476 delegandi,

202 1501 284 1565 qui
332 1510 388 1552 et
434 1500 693 1565 pulmenta
747 1508 960 1551 strenue
1004 1507 1314 1566 prteparent,
1345 1507 1400 1552 et
1443 1501 1631 1553 devoto
1666 1503 1742 1554 eis

203 1589 489 1641 ministerio
519 1588 878 1642 obsecundent
907 1607 917 1648 ;
964 1599 1016 1642 et
1041 1588 1104 1640 de
1133 1589 1232 1649 bis,
1265 1605 1378 1658 qua:
1409 1590 1511 1644 illis
1537 1593 1740 1646 residua

203 1689 334 1734 sunt.
386 1692 552 1743 neque
582 1678 812 1729 fraudem
867 1679 1075 1736 faciant,
1120 1693 1286 1745 neque
1333 1680 1533 1732 occulte
1561 1696 1740 1734 come-

203 1770 366 1823 Stione
401 1785 459 1822 se
486 1770 659 1822 illicita
690 1771 940 1837 polluant.

814 1859 1030 1911 (ΖᾹΗῙΤ
1069 1859 1157 1911 Kl.

557 1945 628 1997 De
655 1949 813 1998 nitore
841 1948 1094 2010 ere/fectu
1125 1950 1373 1999 moriar/ii.

270 2037 442 2088 Nullus
486 2038 699 2089 alterius
746 2053 954 2089 manum
1005 2048 1194 2103 teneat,
1247 2051 1332 2092 aut
1381 2042 1444 2094 ad
1493 2052 1735 2107 punctum

205 2130 444 2190 [corporis
470 2130 663 2193 uspiam
714 2134 824 2182 sine
858 2132 1212 2186 benedictione
1244 2137 1468 2186 secedat.
1517 2137 1662 2190 Nitor
1686 2148 1739 2190 et

206 2217 521 2279 pulchritudo
551 2219 791 2278 vesnum,
816 2222 1108 2288 cultusque,
1141 2234 1295 2288 atque
1322 2225 1538 2276 ambitio
1563 2241 1735 2279 rerum

206 2310 575 2372 tcnqmralium,
612 2311 674 2357 ab
701 2312 840 2361 omni
876 2313 1075 2376 penitus
1107 2316 1360 2364 tuonacbo
1385 2317 1540 2366 debet
1586 2333 1738 2366 essu-

206 2381 322 2447 li’rc.
359 2397 495 2449 Vana
525 2400 708 2466 gloria,
743 2403 1007 2466 superbia,
1031 2416 1461 2473 contemptnsqm‘:
1487 2410 1736 2472 turgidus,

205 2495 253 2535 ct
283 2487 541 2538 «ll'tenata:
587 2489 859 2540 locutionis
889 2473 1013 2542 usus
1062 2493 1329 2546 abdicetur
1358 2497 1420 2545 ab
1473 2497 1733 2549 erunibus.

205 2576 319 2627 Pius
348 2576 502 2638 enim,
531 2587 581 2628 et
622 2577 958 2641 oblectabilis,
993 2582 1199 2634 humilis
1248 2594 1401 2652 atque
1450 2584 1734 2650 modestus,

204 2680 314 2716 esse
343 2665 489 2718 debet
532 2666 745 2719 alTeCttts
775 2671 1012 2721 tnmiacbi
1041 2689 1051 2730 ;
1083 2674 1204 2739 quin
1229 2684 1280 2724 et
1308 2674 1446 2725 omni
1491 2676 1736 2740 spurcitia

204 2763 394 2815 careat,
433 2764 482 2806 et
506 2755 762 2808 audientis
790 2758 868 2807 vcl
902 2758 1123 2810 videntis
1160 2761 1366 2812 animus
1409 2762 1472 2813 ad
1504 2777 1736 2815 amorem

204 2851 251 2892 et
283 2842 512 2894 timorem
544 2842 840 2897 Divinitatis
876 2847 1145 2910 accendat,
1179 2857 1233 2898 tit
1280 2849 1401 2899 illud
1448 2850 1608 2914 possit
1637 2853 1730 2901 im-

207 2935 362 2996 p'ere,
404 2933 536 2999 quod
587 2933 833 2988 Dominus
881 2936 1056 2988 dixit:
1099 2935 1186 2990 Sic
1233 2938 1396 2988 luceat
1452 2939 1540 2990 lux
1574 2950 1734 2991 vestra

206 3037 365 3071 rorem
409 3021 705 3086 hominibus,
757 3032 811 3073 ut
845 3024 1040 3075 videant
1089 3034 1248 3082 ucstra
1305 3025 1430 3077 bona
1478 3043 1648 3092 opera,
1694 3037 1738 3079 et

206 3114 470 3178 gloriﬁcent
500 3112 700 3165 Patrem
728 3123 958 3178 vestrum,
987 3116 1070 3178 qni
1097 3117 1147 3166 in
1174 3117 1309 3170 cwlis
1337 3126 1403 3171 est
1449 3116 1733 3183 (ὶιιιιιιωι).

784 3223 1000 3276 CAPUT
1043 3224 1149 3276 ΧΗ.

681 3290 753 3342 De
779 3296 970 3345 cautela
998 3295 1249 3346 monac/ti.

271 3389 496 3449 (initela,
529 3399 580 3441 et
629 3390 934 3452 moderatio,
983 3400 1028 3440 et
1087 3390 1347 3453 pudicitia,
1393 3388 1518 3442 fides
1550 3398 1598 3440 et
1629 3392 1735 3441 siu-
1784 3395 1796 3401 '

203 3482 405 3544 crritas,
435 3492 618 3534 ornant
646 3480 877 3534 babitum
909 3481 1166 3532 monachi.
1203 3481 1396 3548 Duplex
1429 3485 1567 3536 enim
1593 3486 1734 3538 nullo

205 3574 354 3624 modo
379 3589 486 3625 esse
530 3575 682 3626 debet
732 3573 950 3624 famulus
984 3574 1171 3624 libriin
1204 3593 1216 3637 ;
1257 3576 1345 3628 sed
1377 3578 1652 3637 veridicus,
1685 3589 1735 3631 et

204 3663 432 3728 simplex,
464 3675 508 3716 et
544 3665 748 3715 humilis
795 3664 1098 3728 supercilio,
1142 3670 1301 3717 fastus
1329 3683 1509 3719 carens
1538 3668 1728 3731 effigie.

203 3755 379 3806 Coram
408 3759 606 3808 seniore
637 3770 730 3807 suo
762 3759 886 3821 prio:
942 3755 1114 3806 nullus
1154 3756 1404 3817 ambulet,
1436 3773 1602 3823 neque
1632 3774 1730 3809 non

200 3845 368 3910 jussus
395 3847 584 3907 sedeat,
621 3847 698 3898 vel
734 3846 991 3911 lnquatur,
1034 3845 1124 3896 sed
1175 3847 1426 3898 honorem
1475 3848 1618 3899 fratri
1651 3862 1734 3900 se-

204 3938 326 3988 niori
361 3948 406 3988 ct
434 3938 797 3999 reverentiam,
833 3943 887 3987 ut
935 3936 1204 3995 condeCet,
1253 3947 1612 4004 competenter
1641 3955 1732 3993 cx-

201 4025 384 4076 lubeat.

773 4113 994 4167 CAPUT
1038 4116 1167 4167 Xlll.

807 4205 880 4257 De
910 4206 1122 4257 delictis.

263 4299 445 4348 (,lutues
473 4307 634 4359 actus,
668 4298 778 4350 sive
806 4298 1139 4351 occasionum
1173 4299 1602 4357 necessitudines,
1636 4313 1730 4349 suo

205 4401 402 4448 seraper
431 4403 640 4441 necesse
670 4399 753 4441 est
785 4398 839 4440 ut
867 4386 1149 4439 monachus
1176 4387 1365 4439 referat
1398 4388 1555 4446 Patri,
1588 4399 1635 4438 et
1661 4405 1721 4440 ex

1387 406 1654 462 REGULA
1696 405 2178 464 MONACIIORUM.

1772 519 1819 573 Α
1849 512 2026 567 bus'ad
2050 517 2304 570 rationum
2325 517 2493 570 studia
2512 519 2954 585 convenientibus,
2983 524 3068 577 ille
3090 539 3379 592 prostratus

3253 418 3380 469 illiti

1845 601 2022 666 liumo,
2075 606 2280 673 cingulo
2327 607 2480 658 simul
2535 610 2898 676 opertorioque
2949 611 3153 681 abjecm
3205 630 3382 684 poscet

1842 694 2042 744 veniam
2092 695 2417 764 negligentia:
2463 712 2589 749 suae.
2648 698 2754 751 lloc
2799 701 2952 754 etiam
3005 702 3048 754 is
3096 707 3162 757 ab
3206 706 3381 759 officio

1841 784 2254 848 regredientibus
2299 787 2581 839 exhibebit.
2630 789 2883 843 Similiter
2911 807 3114 859 quoque
3157 805 3210 849 et
3246 797 3379 852 refe-

1840 871 2031 923 ctionis
2063 881 2294 939 tempore
2322 890 2499 929 coram
2533 878 2812 934 refectorio
2840 883 3028 936 astabil
3054 885 3191 938 vultu
3219 887 3379 954 depo-

1840 958 1939 1012 sito
1960 968 2014 1013 et
2052 962 2248 1026 habitu,
2271 971 2540 1034 quousque
2565 967 2782 1022 lratrum
2805 975 3165 1040 compassioue
3186 979 3379 1033 solatus

1841 1048 2040 1103 veniatn
2059 1053 2326 1120 percipiat,
2345 1069 2496 1122 quam
2515 1056 2764 1124 deposcit.
2786 1062 2912 1115 Cum
2931 1055 3381 1123 excommunicato

1843 1140 2016 1192 nullus
2043 1141 2298 1210 loquatur,
2327 1160 2493 1212 neque
2521 1149 2749 1214 qualibet
2776 1165 2893 1204 eum
2917 1159 3277 1221 compassione
3301 1166 3379 1214 vel

1843 1229 2179 1284 miseratione
2225 1235 2473 1297 refoveat,
2509 1252 2676 1304 nequc
2703 1240 2764 1291 ad
2805 1231 3270 1301 contradictionem
3301 1252 3379 1302 vel

1839 1321 2132 1385 superbiam
2181 1323 2475 1377 confortare
2508 1342 2800 1393 przesutnat.
2848 1333 3102 1397 Qtnelibet
3144 1351 3298 1389 causa
3327 1339 3378 1391 in

1840 1401 2389 1466 conventucomtfumi
2441 1414 2656 1470 fratrum
2686 1429 2767 1472 est
2809 1423 3124 1485 ventilanda,
3152 1437 3201 1478 et
3244 1427 3382 1483 iuste

1838 1517 1898 1554 ac
1929 1504 2188 1557 subtiliter
2235 1511 2684 1578 perscrutaudum,
2734 1529 2800 1568 ne
2844 1514 3065 1571 fortasse
3106 1517 3381 1576 dolositate

1839 1602 1889 1643 et
1917 1593 2109 1645 malitia
2157 1597 2379 1649 senioris
2404 1599 2650 1654 innocens
2691 1602 2870 1669 junior
2895 1607 3236 1671 opprimatur.
3277 1612 3378 1661 Ab-

1841 1682 1944 1734 bati
1995 1684 2075 1735 vel
2127 1688 2405 1752 praeposito
2446 1687 2590 1754 juxta
2640 1705 2974 1757 personarum
3020 1700 3375 1762 acceptionem

1843 1786 1942 1824 non
1975 1774 2405 1840 liccatjudicare,
2449 1794 2614 1846 neque
2641 1781 2866 1848 aliquem
2900 1784 3253 1838 fraudulenter
3297 1791 3376 1840 νει

1768 1847 1812 1903 Β
1841 1861 2030 1929 injuste
2061 1864 2305 1917 damnare
2330 1881 2343 1927 ;
2395 1867 2507 1928 sed,
2541 1877 2596 1919 ut
2626 1869 2819 1922 dictum
2849 1883 2950 1934 est,
2995 1873 3300 1939 spiritalium
3329 1887 3382 1925 et

1835 1954 2185 2024 veridjcorum
2217 1955 2431 2007 fratrum
2458 1958 2810 2024 hujuscemodi
2836 1962 2986 2014 rebus
3009 1973 3088 2016 est
3110 1966 3378 2017 retinenda

1840 1971 1982 2006 verm
2007 1971 2185 2005 eorum
2217 1971 2431 2007 Iratruui
2458 1971 2810 2024 hujuscemodi
2836 1971 2986 2014 rebus
3009 1973 3088 2016 est
3110 1971 3377 2017 retinenda

1840 1971 2120 2102 senteiitia,
2156 2046 2238 2108 qui
2272 2046 2365 2095 sibi
2402 2046 2487 2098 llei
2514 2047 2764 2113 judicium
2792 2063 3040 2112 ponentes
3069 2069 3173 2119 pra!
3194 2055 3377 2116 oculis,

1835 2149 1938 2187 non
1990 2140 2293 2200 permittant
2340 2141 2563 2202 pessime
2609 2140 2903 2204 Opprimere
2951 2140 3178 2194 animam
3227 2144 3376 2195 inno-

1837 2227 2022 2277 (cutis.

2423 2318 2504 2371 CA
2517 2320 2641 2373 PU'I'
2680 2320 2719 2372 X
2731 2320 2788 2372 ν.

2287 2409 2356 2461 οε
2382 2411 2610 2463 clamosis
2631 2421 2676 2464 et
2705 2413 2921 2464 lascivis.

1911 2497 2069 2548 (ἐδίηνε
2093 2514 2204 2548 sum
2231 2500 2280 2549 in
2308 2499 2565 2554 locutione
2589 2502 2918 2566 monachum,
2945 2513 3030 2555 aut
3050 2503 3376 2568 iracundum,

1843 2589 2204 2652 t'idictthsttnt,
2251 2593 2705 2654 subsannatorcm,
2734 2596 2842 2646 sive
2870 2594 3235 2663 detractorem,
3263 2613 3379 2651 esse

1837 2693 1939 2731 non
1969 2681 2136 2732 decet.
2185 2681 2281 2745 Qui
2336 2681 2626 2748 bujusmodi
2675 2693 2772 2749 est,
2817 2695 2872 2736 et
2917 2701 3056 2752 smpe
3103 2687 3380 2755 castigatus

1836 2782 1940 2819 non
1997 2767 2150 2820 fuerit
2202 2772 2524 2830 emendatus,
2577 2773 2790 2837 flagellis
2836 2776 3242 2842 verberibusque
3290 2793 3379 2830 eu-

1836 2858 2026 2908 randus
2049 2868 2148 2920 est,
2176 2871 2226 2909 ct
2252 2861 2435 2912 :tcritcr
2461 2864 2838 2924 emendandus,
2891 2866 3178 2934 crebraque
3202 2870 3376 2922 curio-

1835 2946 1987 2998 sitate
2037 2958 2089 2999 et
2137 2948 2384 3000 industria
2438 2965 2467 3002 ιι
2526 2950 2648 3002 vitio
2680 2951 3043 3006 reducendus.
3109 2955 3374 3016 Lascivus.

1837 3035 2074 3098 petulans
2104 3044 2148 3087 et
2178 3039 2450 3103 Slipr‘lljlls,
2503 3039 2693 3105 Stepius
2719 3042 3066 3107 suspendatur
3091 3057 3121 3094 a
3146 3044 3282 3104 cibo,
3316 3056 3369 3095 et

1842 3124 2074 3178 biduanis
2107 3130 2214 3178 sive
2248 3129 2498 3181 triduanis
2528 3141 2817 3184 macerctur
2865 3133 3070 3196 incdiis,
3101 3137 3372 3202 operisque

1838 3217 2130 3282 adjectiouc
2164 3221 2507 3283 (obiiciatur;
2553 3236 2796 3276 sermone
2841 3233 2893 3274 et
2923 3224 3183 3291 colloquio
3227 3229 3379 3278 casti-

1835 3319 2004 3372 getur.
2050 3309 2103 3360 Si
2158 3311 2250 3358 ista
2297 3325 2575 3376 perpessus
2621 3327 2776 3378 sa'pc,
2813 3314 3025 3366 minime
3070 3317 3221 3368 fuerit
3258 3333 3371 3369 cor-

1837 3409 2030 3457 iectus.
2065 3402 2227 3465 plagis
2265 3402 2571 3454 emendetur
2620 3404 2918 3466 instantius,
2969 3407 3378 3473 reclusionisque

1791 3555 1794 3558 t
1835 3487 2029 3542 divinae
2056 3498 2352 3544 coarctetur
2372 3490 2643 3560 angustiis,
2668 3493 2968 3546 brevissime
2991 3495 3134 3559 panis
3155 3504 3206 3547 et
3225 3510 3370 3563 aquzc

1840 3592 1929 3628 esu
1980 3579 2372 3641 sustentandns,
2401 3580 2567 3634 donec
2615 3595 2672 3634 sc
2710 3585 2970 3645 spondeat
2993 3599 3020 3634 ει
3060 3584 3184 3636 vitio
3209 3601 3379 3638 reces-

1834 3680 2034 3718 surum.
2069 3666 2478 3728 lnobedientem,
2535 3682 2989 3737 murmuratorem,
3035 3673 3376 3725 centradictn-

1833 3769 1965 3815 rem,
1998 3755 2112 3807 sive
2155 3753 2358 3808 furtivis
2395 3758 2804 3810 comestionibus
2847 3769 3004 3825 atque
3046 3761 3377 3816 bibitionibus

1832 3847 2126 3905 vacantem,
2185 3843 2532 3908 suprascripta
2591 3845 2850 3898 coercebit
2907 3849 3186 3909 sententia,
3225 3858 3278 3902 et
3327 3852 3376 3901 in

1831 3915 2072 3984 omnibus
2121 3933 2493 3986 monachorum
2539 3935 2929 3988 excessionibus
2979 3951 3202 4006 congrua
3249 3941 3373 3993 ani-

1833 4023 2123 4076 madversio
2167 4023 2456 4079 adhibenda
2503 4035 2584 4078 est
2629 4028 2913 4079 secundum
2966 4029 3164 4081 abbatis
3211 4037 3266 4082 et
3292 4044 3375 4081 sc-

1835 4116 2036 4164 ulorum
2065 4111 2335 4179 judicium,
2368 4115 2684 4166 conveniens
2714 4115 3053 4181 negligentia},
3077 4118 3238 4179 a-tati,
3264 4118 3375 4171 sive

1832 4217 2063 4270 personae
2090 4220 2104 4265 ;
2155 4205 2355 4270 eritque
2385 4218 2588 4256 summa
2615 4205 2928 4258 discretione
2969 4207 3366 4270 providendum.

1835 4308 1899 4345 ne
1926 4291 2100 4359 gravia
2132 4307 2224 4355 pro
2257 4292 2453 4342 levibus
2483 4292 2786 4354 inferantur,
2815 4302 2904 4346 aut
2933 4311 2962 4346 e
2990 4297 3250 4348 contrario
3280 4312 3372 4363 pro

1831 4380 2072 4433 maximis
2100 4380 2228 4433 levis
2253 4392 2304 4433 et
2335 4398 2487 4448 parva
2518 4383 2642 4434 ultio
2671 4394 2931 4452 crogetur.
2963 4385 3198 4439 Mensura
3229 4403 3373 4440 nam-

204 4475 338 4527 iuius
360 4487 632 4542 ρηεηοεωι
671 4478 1007 4556 ιιίεετειξοηθ,
1049 4477 1126 4529 νει
1171 4476 1383 4543 judicio,
1415 4477 1534 4543 quid
1562 4487 1728 4530 alio"-
1759 4495 1804 4552 D
1830 4487 1929 4538 que
1956 4483 2008 4525 et
2033 4472 2258 4539 pondere
2286 4488 2454 4541 mque,
2481 4474 2783 4543 justitiaque
2813 4477 2912 4541 pia,
2939 4487 2990 4528 et
3012 4477 3367 4538 miseratione,

203 4565 304 4617 dat.
337 4565 700 4635 Cogitationes,
752 4570 1118 4631 revelationes,
1171 4567 1458 4626 illusioues,
1490 4575 1542 4618 et
1569 4569 1730 4631 negli-

201 4654 391 4720 gentias
434 4657 664 4722 proprias
714 4656 904 4710 seniori
956 4658 1128 4710 nullus
1158 4656 1380 4720 obcelet,
1423 4657 1729 4708 verecundia

204 4743 277 4795 vel
307 4744 479 4811 injuria
514 4746 758 4812 faciente,
790 4748 868 4798 vel
895 4751 1225 4800 contumacia
1257 4755 1583 4812 perurgente.
1625 4744 1728 4796 Sed

203 4849 400 4902 semper
429 4835 720 4902 bujusmodi
754 4834 875 4888 vitia
914 4850 1032 4888 cum
1084 4836 1347 4904 lacrymis,
1397 4846 1448 4887 et
1478 4848 1730 4900 compun-

203 4923 369 4977 etione
410 4926 598 4988 cordis,
653 4935 808 4991 atque
857 4923 1146 4978 humilitate
1198 4925 1467 4979 verissima
1524 4924 1723 4986 abbati,

205 5013 480 5078 praeposito,
510 5016 620 5069 sive
647 5013 876 5081 probatis
921 5013 1239 5078 senioribus,
1283 5011 1553 5067 revelanda
1585 5022 1724 5075 sunt,

203 5113 252 5152 et
290 5105 648 5168 consolatione,
700 5105 954 5164 oratione,
1010 5105 1367 5172 castigatione,
1413 5105 1524 5156 sive
1569 5102 1726 5156 etiam

205 5192 553 5248 exercitatione
575 5195 747 5248 idonei
767 5195 938 5263 aperis
957 5195 1276 5264 castiganda.

761 5306 980 5360 CAPUT
1015 5305 1149 5359 XIV.

684 5373 754 5428 De
774 5375 1225 5428 excontntunicatis.

267 5464 388 5515 Cum
413 5465 906 5526 excommunicatur,
938 5465 1018 5516 vel
1046 5464 1279 5531 arguitur
1304 5462 1576 5529 quisquam
1630 5475 1723 5525 pro

209 5554 501 5623 negligentis
553 5571 668 5618 sua,
728 5553 990 5608 exercebit
1043 5551 1407 5612 humilitatem,
1459 5564 1726 5616 quousque

211 5642 443 5710 percipiat
468 5643 753 5696 orationem
777 5659 793 5704 ;
824 5657 918 5696 nec
949 5656 1005 5694 se
1033 5640 1242 5694 audebit
1270 5643 1401 5693 inter
1427 5637 1554 5689 alios
1579 5652 1726 5689 com-

210 5733 434 5798 tniscere,
465 5734 542 5787 vel
565 5734 802 5800 cuiquam
830 5734 1032 5787 occulte
1060 5730 1373 5799 conjungere
1399 5746 1411 5792 ;
1441 5727 1531 5780 sed
1556 5727 1722 5780 omni~

1834 4561 2080 4613 continuo
2111 4562 2260 4616 Pater
2281 4564 2358 4614 vel
2390 4564 2694 4629 plueposittts
2721 4566 2875 4616 debet
2903 4567 3176 4630 excellere,
3208 4578 3263 4620 ut
3291 4572 3366 4620 Sit:

1831 4649 2016 4702 vulnus
2043 4659 2194 4703 curet
2221 4654 2418 4716 a-groti,
2445 4664 2699 4717 quatenus
2741 4655 2982 4717 Sztlttletll,
3015 4665 3066 4707 et
3096 4671 3198 4709 non
3225 4657 3367 4710 debi-

1831 4740 2026 4792 litatem
2055 4722 2509 4804 inferatmembri,
2537 4742 2652 4808 quia
2697 4742 2827 4794 sicut
2877 4744 3196 4798 subditorum
3250 4745 3369 4797 vitia

1831 4844 1922 4896 per
1951 4831 2278 4900 praepositos,
2311 4829 2377 4880 ita
2418 4838 2470 4880 et
2497 4830 2886 4898 praepositorum
2913 4835 3248 4904 negligentias
3275 4851 3369 4902 per

1829 4921 2162 4987 semetipsum
2189 4906 2322 4972 Deus
2345 4918 2616 4986 judicabit.
3255 4907 3263 4917 ’

2223 5067 2226 5070 .
2412 5028 2632 5084 CAPUT
2672 5031 2804 5082 XVI.

2043 5097 2116 5150 De
2141 5098 2391 5160 memluce,
2421 5103 2550 5166 fure,
2580 5107 2624 5150 et
2651 5114 2940 5165 percussore
2964 5103 3227 5154 tuanec/io.

1899 5187 2214 5247 lllendacem,
2267 5186 2454 5249 furem,
2496 5202 2855 5253 percussorem
2894 5204 3098 5256 quoque
3148 5199 3199 5242 et
3238 5205 3356 5256 per-

1826 5279 2017 5346 jnrnm,
2049 5276 2184 5344 quod
2219 5276 2305 5328 Dei
2334 5291 2537 5330 servum
2570 5289 2670 5326 non
2702 5276 2871 5340 decet,
2903 5279 3090 5340 corripi
3139 5279 3358 5342 primum

1827 5385 1853 5422 a
1885 5367 2175 5421 senioribus
2205 5366 2378 5419 verbis
2416 5371 2638 5431 oportet,
2671 5373 2726 5417 ut
2764 5368 2970 5418 recedat
3000 5380 3026 5414 a
3054 5364 3197 5417 vitio.
3237 5363 3361 5417 Post

1829 5460 1939 5510 haec
1967 5457 2009 5509 si
2035 5472 2133 5511 nec
2173 5458 2245 5511 sic
2275 5473 2331 5512 se
2377 5458 2655 5512 ctuendare
2683 5460 2961 5521 distulerit,
2994 5461 3144 5511 tertio
3185 5474 3362 5513 coram

1829 5547 2070 5599 fratribus
2095 5549 2447 5610 convcnietur,
2500 5558 2556 5600 ut
2602 5548 2816 5602 desistat
2862 5550 3113 5616 tantisper
3159 5565 3354 5601 errare.

1825 5639 1876 5688 δί
1909 5652 2002 5691 nec
2031 5639 2108 5690 sic
2135 5651 2192 5690 se
2241 5639 2617 5705 emendaverit,
2668 5639 2956 5709 ﬂagellatur
3003 5641 3278 5700 acerrime,
3309 5648 3359 5692 et

1829 5729 1982 5782 trium
2013 5727 2262 5782 mensium
2293 5727 2459 5796 spatio
2501 5728 3048 5788 exconunnnicationis
3077 5732 3351 5786 vindictam
