3880 6236
526 323 662 378 1107

1453 318 1506 370 S.
1551 314 1926 370 FRUCTUOSI
1968 314 2434 370 BRACARENSIS
2481 317 2772 373 EPISCOPI

3569 332 3682 387 1108

521 433 833 498 suscipiens,
866 432 960 485 sub
990 432 1311 500 pmuitentim
1350 429 1673 482 districtione
1721 428 1865 480 solus
1892 425 2058 480 reclu-
2086 426 2136 481 Α
2165 425 2325 478 tobris
2372 427 2660 480 interdiana
2710 430 2904 495 jejuiiia
2955 433 3221 487 retinenda
3267 447 3386 489 sunt
3419 481 3433 502 ,
3480 455 3695 512 excepto,

525 522 680 572 datur
708 521 759 572 in
787 520 918 572 cella
949 535 962 582 ;
1005 520 1073 571 de
1099 531 1315 583 vespere
1363 517 1414 567 in
1444 516 1642 580 vesperi
1674 529 1735 567 ex
1786 515 2058 567 hordeacei

523 611 673 674 panis
697 623 784 661 sex
831 608 1019 670 unciis,
1065 616 1116 659 et
1145 621 1291 672 aquae
1328 620 1566 659 mensura
1596 607 1804 672 parvula
1852 594 2059 656 susten-

521 699 728 750 tandus.
763 698 1009 750 Ebriosus
1036 697 1154 762 quis
1196 699 1238 748 si
1268 704 1502 761 repertus
1529 697 1578 748 in
1614 695 1852 748 coenobio
1883 695 2055 758 fuerit,

518 786 772 851 superiori
828 785 1101 838 sententia:
1147 783 1475 849 subiacebit;
1530 781 1643 835 sive
1697 784 1740 833 is
1792 781 1876 849 qui
1931 783 2057 833 citra

517 874 825 939 permissum
871 872 1090 934 abbatis,
1138 872 1248 924 sive
1296 871 1583 937 praepositi,
1629 873 1815 924 alicubi
1859 872 2054 927 litteras

516 961 880 1022 destinaverit,
909 960 991 1012 vei
1029 961 1093 1011 ab
1121 960 1221 1010 alio
1258 958 1542 1010 destinatas
1572 959 1842 1023 acceperit.
1880 960 2056 1011 Mona-

517 1050 649 1103 chus
679 1049 1006 1116 parvulorum
1038 1057 1126 1100 aut
1155 1047 1558 1100 adolescentium
1599 1056 1944 1111 consectator,
1975 1050 2055 1099 vel

517 1141 604 1207 qui
629 1140 826 1204 osculo,
869 1139 950 1192 vel
974 1138 1208 1204 qualibet
1234 1137 1510 1190 occasione
1536 1138 1668 1202 turpi
1699 1136 2055 1204 deprehensus

516 1227 669 1283 fuerit
698 1227 918 1290 inhiare,
950 1226 1280 1294 comprobata
1327 1232 1563 1292 patenter
1612 1241 1702 1291 per
1729 1236 2057 1279 accusatores

513 1316 989 1380 verissimos,.sive
1031 1325 1210 1377 testes,
1242 1329 1419 1380 causa,
1471 1315 1674 1380 publice
1713 1314 2051 1379 verberetur;

512 1418 759 1458 t'Oronam
783 1403 988 1470 capitis,
1015 1418 1166 1470 quam
1191 1411 1376 1471 gestat,
1405 1404 1626 1467 amittat,
1651 1405 2054 1472 decalvatusque

513 1495 736 1558 turpiter
756 1492 1042 1560 opprobrio
1069 1501 1237 1559 pateat
1266 1509 1278 1555 ;
1334 1493 1669 1559 omniumque
1710 1495 2054 1560 sputamentis

510 1582 704 1634 oblitus
733 1583 783 1634 in
812 1581 961 1644 facie,
1015 1580 1305 1648 probraque
1350 1596 1497 1646 aeque
1543 1583 1834 1648 suscipiat;
1876 1571 2053 1634 vincu-

513 1673 675 1739 lisque
698 1680 926 1726 arctatus
975 1672 1173 1732 ferreis,
1226 1672 1470 1724 carcerali
1519 1687 1606 1724 sex
1658 1672 1919 1724 mensibus
1957 1688 2048 1724 an-

2167 529 2269 566 una
2294 517 2706 585 quadragesima,
2737 535 2850 583 qua:
2877 520 3211 577 festivitatem
3243 537 3534 583 sanctorum
3562 535 3680 588 Iusti

2161 612 2213 654 et
2257 602 2486 657 Pastoris
2523 607 2790 674 praecedit,
2839 610 3059 663 sollicite
3100 618 3457 669 conservanda
3505 627 3681 676 estzin

2163 705 2261 759 qua
2307 707 2472 760 usqtte
2518 695 2579 745 ad
2632 710 2820 748 nonam
2863 699 3090 763 quotidie
3140 702 3477 768 ieiunandum
3520 721 3614 774 est,
3638 725 3682 766 et

2160 780 2282 833 vino
2323 783 2527 845 penitus
2572 783 2954 838 abstinendum.
3002 790 3268 844 Servanda
3314 803 3483 849 tamen
3527 801 3680 855 abbati

2159 868 2407 921 discretio
2448 880 2547 928 est,
2597 879 2652 922 ut
2677 884 2795 923 cum
2830 872 2926 926 hos
2954 877 3096 941 gravi
3153 879 3329 932 labore
3376 892 3680 948 perSpexerit

2161 957 2388 1014 onerari,
2417 956 2480 1007 ad
2529 957 2867 1012 refectionem
2915 964 3144 1028 singulas
3194 972 3459 1032 portiones
3490 975 3678 1029 tribuat.

2161 1046 2239 1097 Ab
2259 1055 2441 1098 octavo
2459 1047 2666 1100 decimo
2688 1050 2946 1105 Kalendas
2968 1049 3206 1105 Octobris
3232 1073 3391 1122 usque
3414 1061 3475 1113 ad
3506 1063 3678 1120 Pascha

2159 1133 2379 1185 sollicite
2403 1134 2747 1202 jejunandum
2776 1147 2875 1200 est,
2906 1150 2957 1192 et
2984 1142 3033 1193 in
3074 1143 3475 1213 Quadragesima
3504 1156 3615 1206 vino
3638 1167 3681 1210 et

2156 1220 2272 1272 oleo
2301 1217 2508 1286 penitus~
2539 1224 2927 1281 abstinendum.
2977 1230 3051 1282 Ad
3085 1249 3317 1288 mensam
3363 1240 3448 1306 qui
3495 1243 3676 1297 tardius

2158 1314 2376 1372 venerit,
2429 1314 2768 1378 prohibeatur
2796 1333 2824 1368 a
2852 1320 2993 1371 cibo.
3045 1321 3121 1372 Ad
3159 1326 3421 1380 orationes
3463 1331 3678 1392 diurnas,

2157 1401 2244 1466 qui
2275 1401 2340 1453 ad
2386 1404 2608 1466 primum
2640 1406 2895 1470 psalmum
2927 1423 3029 1461 non
3057 1416 3362 1479 occurrerit,
3410 1417 3615 1473 introire
3637 1424 3678 1473 in

2156 1489 2440 1541 oratorium
2470 1506 2588 1543 cum
2618 1495 2823 1546 caneris
2857 1511 2957 1548 non
2998 1501 3210 1560 audeat,
3241 1504 3334 1555 sed
3385 1490 3682 1571 paenitentia:

2156 1576 2498 1645 delegabitur.
2535 1581 2642 1634 lloc
2671 1583 2806 1636 idem
2832 1586 3128 1651 sustinebit,
3156 1592 3242 1655 qui
3285 1597 3545 1648 nocturnis
3579 1612 3682 1648 ora~

2158 1666 2381 1718 tionibus
2415 1684 2578 1734 usque
2601 1671 2664 1722 ad
2711 1674 2920 1725 tertium
2963 1679 3218 1741 psalmum
3250 1681 3445 1733 tardius
3476 1687 3680 1749 venerit,

509 1766 680 1830 gustia
712 1771 1005 1815 macerctur
1034 1779 1047 1824 ;
1079 1770 1130 1814 et
1176 1762 1413 1813 triduana
1446 1777 1537 1826 per
1563 1762 1916 1816 hebdomadas
1943 1765 2049 1815 sin—
2085 1739 2129 1797 Β
2154 1763 2243 1805 θυι
2271 1766 2385 1820 I10St
2417 1765 2520 1810 "'05
2551 1761 2778 1826 P53111108
2802 1762 2969 1817 dictos
2999 1764 3049 1816 in
3081 1768 3241 1821 choro
3269 1784 3326 1822 se
3354 1772 3569 1825 miscere
3595 1790 3679 1824 co.

508 1854 656 1921 gulas
699 1852 978 1904 refectione
1029 1852 1173 1919 panis
1217 1853 1384 1918 exigui
1437 1852 1708 1904 hordeacei
1761 1857 2054 1921 vespertino

510 1952 743 2008 tempore
772 1941 1086 1993 sublevetur.
1122 1940 1241 1992 Post
1279 1941 1468 1994 deinde
1516 1941 1736 2009 expletis
1787 1943 1866 1997 his
1905 1958 2053 1997 men-

508 2032 671 2092 sibus,
704 2031 818 2082 aliis
853 2046 942 2082 sex
977 2030 1237 2083 mensibus
1266 2030 1663 2084 succedentibus
1702 2032 1799 2086 sub
1831 2033 2052 2086 senioris

504 2120 753 2186 spiritalis
803 2120 1057 2185 custodia,
1113 2133 1379 2188 segregata
1436 2123 1485 2172 in
1538 2123 1785 2174 corticula
1835 2123 2047 2190 degens,

505 2227 663 2277 opere
689 2226 931 2263 manuum
978 2219 1029 2262 et
1077 2210 1311 2262 oratione
1354 2211 1596 2263 continua
1640 2211 1709 2264 sit
1754 2220 2047 2274 cententus;

505 2302 697 2369 vigiliis
725 2308 779 2354 et
812 2301 1035 2369 fletibus,
1067 2309 1120 2355 et
1149 2302 1462 2365 humilitate,
1485 2302 1771 2369 subjectus,
1801 2309 1852 2355 et
1881 2303 2044 2370 pinni-

506 2395 681 2445 tentia:
712 2394 949 2446 lamentis
998 2394 1198 2445 veniam
1248 2393 1536 2459 percipiat;
1568 2402 1621 2446 et
1669 2395 1768 2445 sub
1813 2396 2049 2447 custodia

503 2499 710 2550 semper
732 2493 785 2537 et
830 2483 1181 2538 sollicitudine
1208 2483 1428 2535 duorum
1477 2483 1785 2554 Spiritalium
1828 2482 2045 2537 fratrum

505 2576 554 2624 in
587 2573 905 2625 monasterio
952 2571 1202 2633 ambuiet,
1257 2572 1397 2625 nulla
1430 2572 1626 2637 privata
1677 2573 1940 2627 locutione
1965 2576 2046 2627 vel

501 2663 727 2716 concilio
753 2661 998 2727 deinceps
1020 2660 1296 2727 juvenibus
1318 2663 1732 2728 conjungeudus.

1072 2769 1290 2823 CAPUT
1331 2769 1486 2822 XVII.

1128 2837 1204 2889 De
1236 2841 1469 2903 culpatis.

572 2933 816 2999 Quisquis
842 2932 1001 2982 frater
1039 2945 1132 2996 pro
1162 2929 1390 2995 qualibet
1434 2932 1746 2999 negligentia
1780 2934 1859 2986 vel
1898 2942 2043 2988 reatu

504 3022 756 3084 arguitur,
794 3018 874 3069 vel
923 3019 1421 3082 excommunicatur,
1468 3030 1521 3071 et
1567 3030 1738 3073 tamen
1783 3021 2117 3115 humiliterc

503 3113 705 3164 veniam
734 3109 880 3175 petit,
912 3110 990 3161 vel
1035 3108 1314 3162 confitetur
1357 3109 1784 3176 Iacrymabiliter,
1815 3126 2042 3177 congrua

499 3204 548 3255 ei
578 3202 899 3255 remissionis
926 3209 978 3254 et
1006 3199 1340 3267 indulgentias
1373 3199 1574 3253 medela
1610 3200 1884 3253 tribuatur.
1920 3200 2045 3252 Pro-

499 3296 609 3348 caci
639 3306 833 3356 autem,
867 3301 918 3345 et
965 3292 1284 3359 persistenti,
1326 3303 1483 3358 atque
1515 3309 1603 3358 per
1633 3291 1929 3360 superbiam
1961 3293 2042 3348 vel

511 3385 921 3440 controversiam
973 3385 1274 3452 deneganti,
1304 3386 1525 3450 amplior
1549 3393 1602 3436 et
1629 3385 1909 3439 districtior
1934 3387 2042 3438 ani-

508 3476 822 3537 madversio,
855 3473 1279 3540 flagellorumque
1308 3487 1457 3538 ptena
1489 3474 1819 3540 irrogahitur.
1853 3476 1961 3527 Duo
1990 3476 2042 3527 in

499 3580 605 3617 uno
652 3565 785 3617 lecto
829 3578 929 3616 non
978 3563 1227 3630 jaceant;
1274 3578 1368 3616 nec
1417 3563 1646 3616 dormire
1683 3574 1826 3616 extra
1873 3564 2043 3618 cubile

499 3654 764 3720 proririum
790 3653 1027 3718 cuiquam
1061 3651 1267 3704 licentia
1315 3661 1506 3717 pateat.
1554 3653 1884 3705 Intervallum
1929 3653 2039 3706 sin-

501 3742 744 3806 gulorum
778 3740 1082 3793 lectulorum
1129 3739 1347 3805 singulis
1396 3739 1584 3792 cubitis
1629 3741 1935 3806 intercedat,
1977 3758 2041 3796 ne

498 3834 621 3882 dum
653 3830 935 3881 adinvicem
969 3831 1515 3895 proximantcorpora,
1549 3831 1776 3882 nutriant
1813 3829 2041 3884 libidinis

422 3949 424 3951 -
499 3921 779 3972 incentiva.
815 3921 864 3970 In
898 3921 1126 3972 tenebris
1156 3933 1309 3972 nemo
1361 3921 1599 3986 loquatur
1628 3920 1801 3985 alteri,
1832 3935 1927 3973 nec
1951 3936 2039 3975 ac-

499 4015 651 4067 cedat
680 4015 783 4066 ullo
833 4014 986 4064 modo
1029 4013 1206 4079 junior
1247 4011 1462 4076 quilibet
1502 4013 1564 4065 ad
1611 4014 1797 4067 lectum
1829 4015 2041 4070 alterius

501 4111 618 4165 post
644 4100 987 4167 Completam.
1021 4100 1228 4152 Lectula
1261 4101 1581 4168 singulorum
1609 4102 1768 4154 abbas
1799 4105 1878 4156 vel
1910 4119 2040 4171 prte-

501 4197 701 4254 positus
731 4189 808 4240 bis
849 4191 898 4240 in
948 4189 1270 4241 hebdomada
1317 4190 1564 4253 revolvat,
1599 4200 1755 4259 atque
1800 4207 2040 4261 perscru-

501 4291 661 4341 tetur,
694 4287 753 4330 ut
777 4278 951 4331 videat
984 4295 1048 4331 ne
1085 4281 1198 4345 quis
1241 4281 1557 4344 superfluum
1603 4284 1796 4348 aliquid
1836 4285 1914 4336 vel
1943 4300 2036 4339 oc—

2156 1853 2306 1897 natus
2334 1845 2506 1899 fuerit.

2725 1939 2944 1996 CAPUT
2986 1944 3119 1997 ΧΙΧ.

2815 2031 2889 2082 Dc
2910 2034 3047 2084 cibis.

2224 2112 2465 2178 Ministri,
2491 2117 2603 2166 sive
2649 2121 2976 2183 praepositus,
3007 2135 3120 2172 cum
3153 2121 3398 2178 fratribus
3439 2127 3679 2194 reﬁciant,

2151 2212 2202 2254 et
2241 2213 2467 2256 mutatos
2513 2206 2609 2256 sibi
2640 2207 2784 2259 cibos
2815 2222 3106 2274 przeparare
3136 2227 3237 2264 non
3288 2214 3511 2269 audeant
3541 2235 3554 2283 ;
3596 2235 3682 2273 nec

2149 2301 2294 2346 extra
2327 2306 2656 2346 communem
2688 2297 3019 2351 refectionem
3062 2301 3326 2368 quidpiam
3359 2306 3528 2357 edant.
3580 2309 3680 2361 lloc

2148 2381 2300 2432 etiam
2347 2381 2508 2434 abbas
2546 2368 2753 2436 siudeat
2781 2400 2959 2452 agere,
2987 2391 3188 2455 quoties
3217 2376 3571 2460 advenientes,
3607 2401 3676 2450 vel

2152 2467 2242 2520 filii
2287 2469 2533 2524 Ecclesiae
2574 2476 2881 2529 occursione
2919 2478 3016 2529 sibi
3043 2495 3144 2531 non
3173 2486 3436 2549 aspexerit
3461 2488 3682 2542 obviare.

2148 2559 2321 2611 Abbas
2347 2559 2433 2613 vel
2463 2564 2772 2628 prazpositus
2801 2565 2986 2620 fratres
3015 2566 3065 2620 iu
3089 2569 3272 2623 furtiva
3304 2576 3516 2641 passim,
3539 2588 3685 2645 prout

2145 2649 2425 2711 voluerint,
2477 2655 2798 2708 comestione
2845 2671 2947 2709 non
2996 2659 3289 2727 inquinent,
3334 2665 3431 2717 nisi
3473 2666 3683 2722 fortasse

2147 2740 2322 2807 patula
2347 2756 2774 2814 unumquemque
2815 2757 2905 2801 aut
2945 2755 3219 2820 aegritudo,
3270 2765 3359 2810 aut
3386 2759 3684 2815 defectionis

2147 2829 2415 2896 instantia,
2439 2833 2688 2903 defatigat
2711 2854 2721 2887 :
2750 2839 2833 2892 cui
2857 2841 3064 2906 quidem
3091 2855 3270 2911 aperte
3291 2863 3406 2901 cum
3431 2865 3680 2906 consensu

2154 2920 2474 2986 reliquorum
2506 2937 2789 2991 congruam
2819 2929 3076 2984 ordinabit
3104 2949 3384 3004 annonam,
3418 2941 3552 2993 aetati
3580 2944 3685 2996 sive

2146 3008 2433 3063 valetudini
2465 3022 2871 3081 competentem.

2733 3105 2953 3162 CAPUT
2992 3104 3104 3166 XX.

2479 3192 2555 3246 De
2576 3197 2747 3264 ofﬁciis
2777 3200 2967 3277 abbatis
2997 3206 3070 3254 vel
3097 3208 3372 3272 prepositi.

2213 3280 2285 3336 De
2312 3282 2487 3337 officio
2509 3285 2751 3338 monachi
2784 3303 2888 3341 non
2917 3300 3071 3357 prout
3099 3293 3359 3348 voluerint
3378 3307 3672 3365 evagentur,

2143 3374 2244 3426 nisi
2274 3376 2514 3428 consulto
2561 3379 2859 3446 prteposito,
2901 3381 3010 3436 sive
3038 3382 3278 3438 decano:
3325 3401 3444 3440 cum
3480 3390 3681 3442 seniore

2142 3465 2206 3516 ad
2244 3465 2342 3518 hoc
2385 3468 2550 3533 ipsum
2593 3469 2855 3536 delegato,
2903 3487 3018 3525 cum
3065 3478 3352 3530 necessitas
3399 3480 3677 3546 compellit,

2141 3555 2498 3622 egrediantur.
2533 3556 2731 3622 Abbas,
2763 3561 2843 3611 vel
2893 3560 3218 3628 prtepositus,
3267 3566 3454 3620 divinis
3479 3582 3680 3635 semper

2140 3648 2325 3701 officiis
2350 3658 2402 3701 et
2431 3649 2616 3715 vigiliis
2655 3650 2917 3714 intersint,
2949 3659 3003 3705 et
3047 3652 3186 3719 prius
3231 3654 3332 3719 ipsi
3368 3667 3522 3721 agant
3548 3660 3678 3723 quod

2140 3738 2271 3789 alios
2301 3737 2508 3790 docent.
2541 3739 2737 3800 Ahbas,
2773 3739 2854 3792 vel
2887 3743 3214 3808 praepositus,
3243 3757 3274 3795 e
3304 3745 3524 3809 propriis
3549 3759 3679 3797 sem-

2142 3840 2234 3891 per
2256 3826 2482 3878 caanobii
2531 3829 2802 3887 monachis
2836 3829 3090 3894 eligantur
3119 3848 3133 3892 ;
3183 3832 3262 3882 vir
3310 3843 3540 3896 sanctus,
3569 3835 3676 3887 dis-

2141 3926 2335 3982 cretus,
2365 3916 2558 3983 gravis,
2599 3926 2793 3979 castus,
2828 3915 3036 3980 ebarus,
3084 3921 3313 3982 humilis,
3360 3932 3679 3987 mansuetus,

2141 4017 2187 4058 et
2215 4006 2399 4058 doctus
2427 4023 2440 4070 ;
2465 4007 2550 4072 qui
2569 4007 2789 4071 diutinis
2808 4008 3248 4078 experimentatus
3334 4014 3679 4078 documentis,

2141 4096 2381 4150 omnibus
2415 4097 2642 4162 praefatis
2670 4099 2824 4153 rebus
2852 4099 2984 4154 bene
3031 4101 3188 4155 fuerit
3225 4104 3492 4164 eruditus;
3522 4109 3606 4172 qui
3632 4105 3680 4160 in

2139 4184 2454 4238 abstinentia
2495 4187 2777 4252 praecellat,
2809 4187 2860 4240 in
2891 4187 3125 4241 doctrina
3173 4190 3453 4259 refulgeat,
3503 4197 3680 4260 exqui«

2140 4275 2266 4326 sitas
2296 4276 2477 4341 epulas
2507 4291 2702 4330 mensa:
2727 4277 2966 4332 lautioris
3004 4280 3538 4350 consuetudinemque
3557 4299 3682 4337 con-

501 4369 697 4421 cultum
729 4368 937 4422 habeat.
968 4369 1286 4421 Nocturnum
1314 4378 1514 4435 tempus
1546 4371 1889 4438 peculiaribus
1916 4388 2036 4426 ora-

2152 4373 2383 4426 lemnat;
2415 4365 2518 4417 vini
2567 4365 2714 4418 nimii
2764 4369 3146 4433 perceptionem
3198 4380 3447 4436 respuat;
3488 4377 3682 4426 cunctis

504 4460 738 4511 tionibus
768 4469 820 4512 et
861 4459 1027 4511 sacris
1075 4457 1262 4526 vigiliis
1305 4460 1532 4510 maxima
1565 4474 1624 4510 ex
1661 4470 1804 4524 parte
1841 4462 2038 4514 duceti-

499 4549 622 4601 dum
649 4557 748 4609 est,
780 4557 986 4616 prepter
1012 4548 1262 4615 lucifugas
1299 4547 1582 4610 daemones,
1622 4562 1889 4602 servorum
1931 4550 2042 4602 Do-

501 4641 631 4696 mini
671 4640 996 4708 deceptores.
1051 4641 1204 4707 Spina
1250 4641 1295 4692 si
1344 4641 1606 4694 inhaeserit
1648 4643 1874 4706 corpori,
1915 4643 2041 4693 citra

503 4730 921 4790 benedictionem
973 4728 1048 4781 sui
1095 4726 1312 4780 senioris
1359 4730 1528 4781 nullus
1575 4729 1779 4792 evellat,
1832 4732 2045 4798 ungulas

503 4824 617 4877 sine
648 4818 1010 4874 benedictione
1057 4817 1225 4869 nullus
1271 4817 1555 4871 abscindat.
1608 4818 1821 4872 Fascem
1870 4819 2042 4886 cujus-

507 4913 632 4964 libet
681 4911 857 4962 oneris
919 4909 1114 4973 absque
1177 4906 1538 4960 benedictione
1590 4917 1644 4961 et
1699 4908 2042 4975 permiSsione

504 5001 729 5051 senioris
756 5000 1024 5063 quisquam
1057 4998 1323 5066 deponere
1343 5009 1372 5048 e
1398 4997 1533 5050 collo
1555 4999 1766 5065 proprio
1789 5012 1890 5050 non
1913 5014 2042 5064 prte-

503 5097 692 5144 sumat.

1055 5177 1270 5232 CAPUT
1311 5177 1491 5230 XVIII.

1125 5267 1196 5318 De
1227 5268 1447 5336 iejuniis.

573 5358 792 5424 Jejuuiis
832 5359 926 5408 ista
955 5363 1158 5421 oportet
1183 5363 1416 5422 tempora
1447 5355 1740 5415 observare,
1773 5371 1800 5407 a
1848 5361 2041 5411 I’ascha

507 5460 672 5511 usque
696 5446 758 5497 ad
808 5445 1148 5497 Pentecosteu
1202 5443 1536 5496 reficiendum
1564 5445 1627 5495 ad
1680 5455 1882 5499 sextam
1922 5458 2038 5507 est;

505 5547 559 5596 et
590 5533 955 5602 monophagia,
1003 5533 1049 5585 id
1080 5542 1227 5585 est...
1277 5534 1627 5584 conservanda
1666 5549 1758 5600 per
1786 5535 1947 5587 diem.
1999 5537 2039 5586 Α

509 5619 814 5691 Pentecoste
844 5634 1011 5690 usque
1028 5614 1091 5668 ad
1107 5610 1352 5674 octavum
1366 5620 1628 5676 decimum
1653 5621 1909 5676 Kalendas
1935 5626 2038 5684 Ue-

2150 4455 2198 4505 in
2227 4470 2507 4510 commune
2533 4457 2775 4510 fratribus
2809 4466 2864 4509 ut
2889 4466 3035 4525 pater
3057 4461 3299 4528 proprius
3325 4463 3684 4532 piissimisque

2147 4546 2446 4612 provideat;
2478 4558 2632 4616 quem
2663 4562 2759 4600 nec
2789 4547 2866 4601 ira
2898 4548 3066 4603 subita
3094 4550 3434 4607 immoderate
3458 4553 3682 4621 dejiciet,

2147 4648 2242 4687 nec
2270 4635 2516 4703 superbia
2569 4636 2806 4701 extollat,
2838 4652 2933 4692 nec
2960 4653 3155 4693 mror
3181 4655 3241 4694 ac
3291 4641 3683 4705 pusillanimitas

2148 4722 2374 4791 frangat,
2423 4737 2520 4777 nec
2567 4723 2728 4779 libido
2767 4737 3068 4795 corrumpat
3102 4745 3117 4794 ;
3149 4731 3236 4796 qui
3265 4741 3318 4784 et
3347 4733 3399 4784 in
3439 4734 3680 4800 patientis

2148 4812 2542 4875 discretionem,
2570 4824 2622 4866 et
2648 4829 2764 4867 cum
2793 4817 2866 4869 ira
2897 4817 3139 4871 exhibeat
3162 4819 3426 4873 lenitatem
3448 4861 3463 4882 ,
3499 4821 3683 4890 quique

2150 4905 2226 4956 sic
2244 4905 2521 4973 egentibus
2548 4915 2702 4972 atque
2731 4909 3046 4975 pauperibus
3075 4920 3273 4976 pareat,
3306 4918 3362 4962 ut
3391 4912 3682 4966 ministram

2148 5009 2206 5048 se
2231 5006 2282 5050 et
2307 5013 2407 5050 non
2435 4999 2702 5062 praelatum
2752 5007 2949 5052 tantum
2995 4997 3186 5052 Christi
3223 5001 3514 5056 visceribus
3541 5016 3686 5056 reco-

2152 5096 2397 5153 gnoscat;
2430 5086 2685 5154 Cujusque
2715 5096 2853 5140 tanta
2883 5086 3037 5141 debet
3060 5089 3314 5141 sermonis
3341 5099 3395 5142 et
3420 5092 3542 5143 vita
3567 5102 3686 5144 oon-

2152 5177 2387 5228 sonantia
2433 5191 2573 5243 esse,
2607 5188 2662 5229 ut
2701 5178 2750 5230 id
2795 5177 2932 5244 quod
2978 5178 3127 5231 docet
3175 5180 3363 5241 verbis,
3413 5179 3685 5233 conﬁrmet

2145 5266 2393 5328 operibus
2437 5265 2653 5328 sedulis,
2712 5273 2766 5317 et
2811 5265 2894 5318 bis
2945 5277 3098 5319 acuto
3150 5263 3462 5334 prmdenti
3493 5267 3683 5334 gladia,

2143 5353 2394 5420 quidquid
2420 5355 2547 5406 alios
2576 5352 2825 5406 informat
2854 5355 3033 5417 verbo,
3058 5351 3171 5423 jugi
3201 5355 3309 5419 ipse
3323 5365 3474 5419 gerat
3492 5355 3682 5421 stadio,

2146 5452 2201 5494 ut
2249 5458 2344 5496 nec
2393 5456 2690 5496 sermonem
2738 5444 2974 5512 operatio
3018 5443 3270 5506 destruat,
3317 5457 3473 5498 nece
3507 5452 3682 5498 contra

2143 5534 2498 5599 operationem
2551 5533 2737 5586 bonam
2789 5547 2964 5586 sermo
3012 5534 3384 5586 inconveniens
3434 5532 3681 5600 frangat;

2143 5622 2235 5688 sed
2266 5624 2369 5680 sint
2401 5624 2470 5681 ibi
2518 5634 2700 5682 cuncta
2735 5625 2802 5689 ita
2844 5623 2896 5678 in
2923 5623 3079 5680 Patre
3118 5624 3509 5692 convenientia,
3551 5625 3683 5679 sistit
