3880 6236
528 384 656 434 illi

1454 371 1512 424 S.
1556 364 1936 421 FRUCTUOSI
1976 359 2441 417 BHACARENSIS
2484 357 2779 412 EPISCOPI

3574 348 3721 409 lli?

1511 593 1793 658 INCIPIT
1845 592 2156 653 REGULA
2201 591 2262 649 S.
2316 587 2773 651 FRUCTUOSI.

1023 744 1244 800 CAPUT
1274 740 1553 797 PRIMUM.

522 870 588 925 Ut
632 840 797 920 nullus
837 864 1110 929 presumat
1140 872 1240 929 suo
1283 854 1487 907 arbitrio
1533 850 1836 929 monasteria
1858 849 2060 929 facere,

585 916 1032 992 nisi-Vconn'nunem
1070 924 1386 979 collationem
1419 921 1745 992 consuluerit,
1775 928 1822 992 et
1849 916 1945 972 hoc
1967 919 2069 987 epi-

583 990 764 1073 scopus
791 1017 877 1070 per
894 1011 1107 1052 canones
1132 1006 1176 1047 et
1199 992 1424 1063 regulam
1441 990 1840 1053 ‘conﬁrmaverit.

587 1117 769 1173 Solem
809 1113 950 1167 enim
994 1106 1225 1163 nonnulli
1256 1106 1324 1159 ob
1352 1114 1545 1158 metum
1585 1101 1836 1169 gehennae
1875 1098 1925 1151 in
1958 1096 2069 1152 suis

514 1207 612 1261 sibi
647 1203 889 1260 domibus
922 1194 1239 1253 monasteria
1275 1204 1613 1259 componere,
1660 1199 1712 1242 et
1748 1202 1863 1241 cum
1895 1185 2068 1239 uxori-

515 1299 633 1361 bus,
666 1295 806 1357 filiis,
842 1300 896 1346 et
926 1288 1112 1351 servis,
1152 1293 1309 1353 atque
1349 1283 1557 1343 vicinis,
1598 1294 1715 1335 cum
1754 1276 2066 1331 sacramenti

512 1383 814 1439 conditione
849 1382 903 1435 in
932 1391 1092 1432 unum
1124 1388 1182 1429 se
1215 1372 1497 1441 copulare,
1516 1381 1571 1423 et
1612 1370 1662 1421 in
1702 1368 1808 1422 suis
1847 1366 1970 1432 sibi,
2011 1373 2069 1417 ut

511 1475 762 1535 diximus,
795 1469 933 1523 villis
970 1477 1021 1520 et
1046 1462 1258 1518 nomine
1282 1468 1564 1528 martyrum
1595 1456 1849 1510 ecclesias
1876 1466 2070 1508 conse-

514 1578 689 1626 crare,
726 1568 781 1616 et
816 1572 907 1615 eas
946 1556 1077 1610 falso
1121 1552 1329 1607 nomine
1373 1547 1689 1604 monasteria
1737 1558 2064 1609 nuncupare.

514 1652 622 1705 Nos
656 1661 827 1703 tamen
859 1647 969 1700 haec
1003 1659 1104 1697 non
1129 1642 1353 1696 dicimus
1381 1639 1718 1696 monasteria,
1748 1634 1838 1688 sed
1866 1633 2067 1685 anima-

513 1756 628 1795 rum
670 1738 1034 1808 perditionem,
1077 1742 1130 1785 et
1170 1728 1416 1783 Ecclesiae
1457 1724 1877 1781 subversiouem.
1946 1721 2069 1775 inde

512 1829 741 1883 surrexit
764 1824 981 1880 haeresis
1008 1830 1064 1875 et
1087 1818 1334 1880 schisma,
1361 1826 1413 1869 et
1438 1814 1649 1883 grandis
1683 1827 1773 1879 per
1800 1820 2066 1863 monaste-

512 1920 589 1970 ria
636 1912 1013 1970 controversia.
1073 1908 1140 1961 Et
1187 1907 1306 1960 inde
1347 1904 1478 1958 dicta
1526 1902 1773 1965 haeresis,
1825 1916 1887 1953 eo
1926 1898 2065 1967 quod

511 2003 874 2071 unusquisque
909 2015 1004 2054 suo
1030 1998 1152 2068 quid
1179 1995 1428 2063 placuerit
1451 1994 1671 2047 arbitrio
1699 1992 1890 2059 eligat;
1925 1987 2064 2056 quod

2102 741 2152 798 Α
2179 739 2266 789 btts
2306 750 2479 789 eorum
2525 736 2826 804 cognoscetis
2881 750 2998 799 eos,
3042 733 3159 801 quia
3215 749 3318 786 non
3370 742 3522 799 potest
3567 736 3694 787 arbor

2169 823 2304 876 mala
2337 824 2533 892 {ructus
2561 822 2714 876 bonos
2738 827 2905 890 facere
2931 821 3140 890 (Matth.
3166 822 3283 887 vn).
3316 821 3369 873 lu
3398 821 3555 874 fructu
3577 837 3690 888 cpe-

2169 912 2425 966 rationent
2465 911 2628 977 dixit,
2668 913 2717 964 in
2749 911 2883 964 foliis
2912 910 3145 964 verbum.
3184 910 3250 963 Et
3295 918 3351 962 ut
3390 923 3483 963 eos
3518 910 3567 963 in
3589 925 3695 975 epe-

2089 1060 2098 1069 η
2168 1016 2227 1055 re
2262 1000 2610 1069 cognoscatis,
2644 1000 2802 1054 verba
2834 1000 3039 1053 illorum
3066 1013 3284 1066 pensare
3304 988 3549 1066 potestis,
3571 1003 3693 1066 qu‘a,

2168 1089 2464 1157 cupiditatis
2518 1089 2629 1143 face
2655 1089 2913 1153 succensi,
2956 1102 3061 1143 non
3106 1098 3323 1156 possunt
3364 1089 3552 1141 Christi
3590 1104 3689 1157 pau-

2169 1180 2379 1247 peribus
2438 1179 2724 1248 adzequari.
2820 1177 3013 1231 Christi
3078 1193 3203 1232 vero
3280 1191 3532 1244 pauperes
3584 1178 3697 1232 hanc

2170 1273 2365 1327 habent
2385 1270 2814 1326 consuetudinem
2835 1308 2850 1331 ,
2880 1267 3011 1322 nihil
3060 1270 3109 1321 in
3150 1272 3248 1321 hoc
3288 1268 3479 1322 mundo
3504 1269 3696 1335 cupiunt

2171 1364 2399 1426 habere,
2459 1371 2514 1413 ut
2573 1360 2771 1428 possint
2821 1359 2983 1412 Deum
3030 1368 3081 1411 et
3138 1358 3430 1425 proximum
3489 1359 3693 1427 perfecte

2168 1455 2403 1521 diligere.
2447 1451 2512 1505 Et
2558 1450 2781 1519 qualiter
2809 1449 3135 1516 supradictus
3164 1450 3317 1516 lupos
3363 1450 3558 1516 possint
3590 1464 3696 1502 eva-

2168 1543 2327 1603 dere,
2368 1540 2646 1594 Dominum
2686 1547 3041 1607 cognoverunt
3088 1539 3350 1591 dicentem
3393 1555 3404 1589 :
3440 1535 3568 1591 Ecce
3593 1540 3695 1591 mit-

2170 1641 2222 1683 to
2259 1645 2365 1692 vos,
2410 1630 2537 1681 sicut
2583 1642 2694 1680 oves
2736 1628 2789 1680 in
2831 1628 2994 1679 medio
3042 1627 3292 1693 luporum.
3350 1626 3468 1678 Non
3513 1628 3695 1692 portatis

2167 1719 2440 1785 sacculum,
2489 1733 2641 1785 neque
2678 1732 2847 1785 peram
2898 1715 3109 1784 (Matth.
3136 1716 3211 1783 χ).
3259 1714 3485 1769 Proinde
3522 1715 3695 1769 Chrisu

2169 1825 2380 1874 servus,
2428 1809 2525 1876 qui-
2555 1807 2695 1877 cupit
2758 1821 2875 1861 esse
2938 1821 3093 1860 verus
3143 1806 3462 1873 discipulus,
3526 1807 3696 1859 nudam

2169 1914 2374 1955 crucem
2415 1897 2665 1955 ascendat
2710 1898 2908 1962 nudus,
2954 1904 3010 1949 ut
3072 1905 3307 1948 mortuus
3368 1896 3437 1948 sit
3500 1896 3695 1959 stecnlo,

2166 1990 2379 2045 Christo
2441 1992 2579 2043 vivat
2623 1988 2904 2042 crucilixo.
2968 1986 3034 2041 Et
3082 1995 3355 2055 postquam
3422 1987 3698 2054 deposuerit

511 2094 750 2162 elegerit,
787 2101 1022 2146 sanctum
1050 2089 1146 2142 sibi
1188 2087 1286 2140 hoc
1314 2093 1478 2154 putet,
1510 2094 1563 2137 et
1589 2083 1761 2137 verbis
1791 2079 2057 2134 mendaci-
2092 2086 2134 2144 Β
2160 2082 2398 2158 corporis
2450 2083 2741 2146 sarcinam,
2789 2090 2841 2135 et
2881 2080 3084 2134 hostem
3134 2079 3322 2133 viderit
3378 2080 3693 2142 trucidatum,

512 2185 607 2236 bus
646 2180 908 2235 defendat.
958 2178 1067 2231 llos
1109 2176 1238 2230 tales
1285 2175 1370 2227 ubi
1413 2173 1684 2241 reperitis,
1729 2185 1831 2223 non
1885 2183 2065 2221 mona-

513 2274 671 2340 chos,
710 2273 803 2328 sed
860 2271 1158 2342 hypocritas
1212 2276 1265 2321 et
1303 2267 1593 2325 haereticos,
1653 2279 1769 2319 esse
1818 2262 2062 2315 credatis.

510 2366 576 2419 Et
604 2364 703 2417 hoc
729 2370 987 2431 optamus,
1016 2368 1069 2413 et
1093 2360 1306 2411 omnino
1325 2366 1555 2409 vestram
1574 2354 1902 2405 sanctitatem
1926 2362 2067 2417 quae-

509 2470 712 2521 sumus,
738 2469 859 2509 cum
890 2452 1077 2506 talibus
1114 2450 1309 2503 nullam
1339 2443 1792 2500 conversationem
1818 2440 2063 2508 jubemns

511 2546 766 2608 habeatis,
800 2556 970 2611 neque
1006 2553 1099 2592 eos
1128 2535 1424 2591 imitemini.
1469 2533 1534 2587 Et
1568 2532 1688 2602 quia
1720 2546 1816 2584 suo
1852 2529 2068 2583 arbitrio

512 2636 715 2699 vivunt,
742 2632 868 2685 nulli
898 2626 1163 2683 seniorum
1195 2627 1376 2678 volunt
1403 2639 1521 2678 esse
1548 2622 1791 2690 subjecti,
1821 2630 1874 2675 et
1898 2620 1965 2673 nil
2000 2619 2068 2673 de

510 2722 722 2789 propria
762 2718 1051 2771 substantia
1100 2713 1411 2783 pauperibus
1456 2721 1696 2781 erogant,
1753 2712 1845 2765 sed
1898 2710 2069 2787 adhuc

512 2812 717 2872 aliena,
763 2808 908 2883 quasi
954 2819 1237 2876 pauperes,
1289 2818 1472 2871 rapere
1515 2801 1792 2865 festinant,
1839 2808 1893 2853 ut
1947 2813 2066 2852 eum

515 2901 769 2954 uxoribus
796 2910 847 2951 et
878 2898 996 2952 filiis
1037 2897 1150 2964 plus
1179 2909 1331 2965 quam
1362 2909 1478 2949 cum
1510 2894 1561 2945 in
1589 2890 1780 2946 szeculo
1808 2897 1958 2944 erant
1989 2889 2067 2941 lu-

512 3006 599 3043 cra
636 2988 963 3053 conquirant.
1007 2985 1072 3036 Et
1117 2982 1229 3036 hate
1270 2980 1507 3035 faciendo
1551 2979 1843 3047 perditione
1869 2977 2066 3029 anima-

513 3094 628 3130 rum
667 3090 770 3129 non
809 3082 1013 3136 eurant,
1045 3080 1101 3125 ut
1137 3083 1240 3124 non
1285 3068 1608 3131 animarum,
1654 3056 1745 3120 sed
1789 3078 2067 3133 corporum

521 3168 637 3231 plus
675 3178 831 3232 quam
873 3162 1137 3215 seculares
1174 3158 1408 3212 homines
1439 3156 1787 3211 emolumenta
1820 3153 2066 3215 habeant,

516 3270 569 3311 et
611 3272 705 3324 pro
733 3256 841 3309 suis
879 3252 1184 3324 pignoribus
1212 3264 1358 3305 more
1385 3252 1621 3316 luporum
1660 3248 1892 3310 doleant,
1924 3253 1975 3297 et
2003 3245 2069 3298 de

514 3350 603 3401 die
636 3348 687 3401 in
721 3347 856 3399 diem
885 3360 985 3397 non
1017 3350 1275 3396 retroacta
1304 3348 1512 3410 peccata
1540 3338 1804 3406 plangant;
1832 3335 1924 3389 sed
1946 3348 2064 3387 cum

516 3436 765 3490 seandalo
803 3448 1012 3501 semper

515 3530 583 3581 tle
612 3541 763 3596 praua
793 3526 965 3578 futura
995 3523 1246 3593 cogitant,
1275 3523 1367 3575 Sed
1412 3520 1548 3574 unde
1595 3531 1787 3571 uxores
1833 3524 1887 3569 et
1932 3517 2068 3569 ﬁlios

521 3624 759 3685 pascant,
785 3616 956 3668 acrius
983 3614 1292 3674 anxiantur;
1321 3619 1376 3664 et
1402 3622 1519 3662 cum
1551 3607 1678 3675 ipsis
1710 3606 1912 3669 vicinis,
1946 3620 2068 3658 cum

513 3709 702 3777 quibus
744 3708 888 3776 prius
922 3720 982 3760 se
1008 3719 1128 3760 cum
1152 3701 1462 3772 iuramentis
1502 3700 1807 3769 ligaverant,
1839 3710 1938 3765 pro
1970 3696 2069 3750 hoc

512 3802 760 3868 tepefacti
788 3816 905 3854 cum
931 3798 1116 3868 grandi
1140 3797 1315 3867 jnrgio
1348 3805 1401 3849 et
1434 3792 1733 3847 discrimine
1760 3804 1819 3845 se
1842 3791 1908 3843 ab
1934 3790 2069 3847 invi-

510 3909 628 3949 cem
671 3899 949 3960 separant;
991 3899 1047 3944 et
1090 3903 1176 3943 res
1218 3901 1349 3955 quas
1398 3892 1521 3939 ante
1564 3897 1656 3951 per
1705 3880 2067 3948 imaginariam

512 3982 825 4038 charitatem
887 3977 1265 4045 expendendas
1322 3972 1669 4027 communiter
1725 3972 2063 4034 miscuerant,

513 4090 619 4129 non
646 4075 756 4142 jam
796 4071 1127 4139 simpliciter,
1174 4068 1265 4121 sed
1313 4080 1432 4119 cum
1483 4060 1891 4132 exprobratione
1933 4074 2069 4115 unus

512 4166 660 4221 alteri
697 4172 884 4231 raptat.
927 4159 1075 4227 Quod
1110 4159 1153 4214 si
1183 4158 1352 4225 aliqua
1376 4171 1438 4210 ex
1466 4152 1566 4209 illis
1604 4152 1937 4207 imbecillitas
1972 4164 2069 4217 ap-

514 4254 767 4321 paruerit,
814 4250 1159 4320 pr0pinquos,
1203 4262 1335 4315 quos
1383 4246 1433 4299 in
1480 4243 1676 4298 saeculo
1724 4242 2065 4309 reliquerunt,

511 4358 630 4397 cum
656 4340 862 4409 gladiis,
902 4350 956 4393 et
986 4337 1228 4399 fustibus,
1261 4350 1320 4387 ac
1355 4334 1512 4387 minis
1538 4331 1639 4386 sibi
1674 4331 1940 4399 adjutores
1970 4328 2066 4382 ad-

511 4434 728 4497 ducunt,
760 4438 813 4484 et
849 4428 1073 4498 qualiter
1097 4426 1208 4480 haec
1244 4425 1572 4489 disrumpant
1599 4424 1648 4473 in
1680 4421 1841 4488 prima
1871 4419 2068 4473 dudum

464 4572 472 4576 .
514 4519 913 4577 conversatione
954 4515 1267 4585 excogitant.
1316 4513 1379 4566 Et
1406 4512 1645 4579 vulgares
1667 4519 1719 4564 et
1748 4509 1913 4578 ignari
1948 4522 2067 4561 cum

512 4614 639 4678 sint,
666 4612 821 4665 talem
854 4621 1082 4679 praeesse
1111 4604 1207 4659 sibi
1251 4603 1491 4657 abbatem
1522 4599 1842 4664 desiderant,
1887 4608 1944 4653 ut
1982 4598 2068 4651 ubi

512 4717 575 4758 se
598 4700 855 4756 voluerint
880 4709 1207 4762 convertere,
1238 4689 1383 4763 quasi
1407 4707 1524 4746 cum
1560 4690 1917 4745 benedictione
1944 4702 2065 4741 suas

511 4793 810 4848 voluntates
839 4788 1047 4851 faciant,
1086 4795 1138 4839 et
1182 4782 1431 4853 quidquid
1474 4778 1834 4848 eisplacuerit
1868 4778 2065 4842 dicere,

511 4884 724 4945 dicant;
752 4886 806 4933 et
830 4876 964 4931 alios
990 4888 1138 4928 more
1169 4871 1512 4941 instigationis
1537 4868 1845 4938 dijudicant,
1882 4877 1937 4921 et
1957 4880 2072 4921 ser-

516 4988 612 5029 vos
638 4972 834 5028 Christi
875 4969 1034 5024 dente
1075 4966 1264 5020 canino
1295 4965 1574 5027 dilaniant;
1607 4972 1659 5019 et
1684 4961 1783 5016 hoc
1804 4970 1983 5030 agunt,
2015 4967 2072 5013 ut

514 5076 724 5130 semper
761 5074 880 5114 cum
908 5054 1246 5112 saecularibus
1272 5064 1325 5107 et
1365 5052 1515 5121 hujus
1545 5052 1723 5106 mundi
1755 5049 2071 5121 principibus

514 5152 814 5207 commune’
837 5153 1154 5204 consortium
1199 5147 1448 5209 habeant,
1491 5157 1543 5199 et
1590 5154 1851 5199 amatores
1892 5143 2070 5197 mundi

516 5253 637 5295 cum
668 5239 863 5293 mundo
890 5238 1126 5306 diligant,
1157 5226 1381 5308 qualiter
1422 5236 1673 5289 immundi
1714 5250 1831 5288 cunt
1874 5237 2071 5286 mundo

518 5341 753 5401 pereant.
803 5330 918 5385 Tali
964 5344 1021 5382 se
1064 5344 1205 5397 saepe
1242 5328 1485 5395 exemplo
1528 5326 1699 5379 taliter
1744 5326 1875 5378 alios
1934 5326 2071 5375 vive-

519 5444 578 5481 re
622 5427 871 5492 invitant,
918 5434 969 5477 et
1008 5424 1226 5477 inlimis
1268 5422 1529 5476 mentibus
1573 5417 1941 5472 ofl’endiculum
1984 5429 2071 5483 pa-

520 5528 657 5571 rant.
713 5519 783 5572 De
836 5517 1024 5570 talibus
1067 5514 1319 5568 Dominus
1364 5515 1415 5567 in
1466 5511 1745 5579 Evangelia
1775 5510 1883 5562 ait:
1922 5507 2074 5560 Cave-

523 5623 568 5659 te
597 5628 625 5659 a
658 5611 797 5672 falsis
838 5609 1099 5678 fratribus,
1149 5607 1231 5671 qm‘
1272 5608 1469 5657 veniunt
1521 5605 1586 5654 ad
1632 5618 1715 5655 vos
1764 5604 1816 5653 in
1863 5601 2074 5653 vestibus

526 5702 707 5751 mum.
742 5701 1035 5753 inirtnset‘us
1072 5708 1233 5751 autem
1266 5706 1373 5748 sunt
1410 5695 1512 5765 lupi
1543 5709 1744 5762 rapaces
1775 5707 1790 5744 :
1828 5708 1858 5743 a
1894 5690 2073 5758 fructi.

2170 2170 2291 2230 tunc
2335 2189 2393 2229 se
2439 2184 2583 2242 putet
2634 2174 2892 2226 devicisse
2940 2170 3218 2232 tuundum,
3261 2180 3313 2224 et
3361 2184 3478 2223 cum
3523 2172 3697 2223 sanctis

2168 2265 2487 2336 martyribus
2530 2264 2881 2333 :equiparasse
2932 2263 3272 2328 triumphum.
3404 2244 3411 2251 ’

2782 2392 3001 2447 CAPUT
3042 2392 3103 2446 II.

2174 2504 2239 2558 Ut
2283 2504 2559 2573 presbyteri
2603 2503 2865 2556 sa'culares
2910 2520 3009 2555 non
3050 2512 3353 2569 prtcsumant
3394 2502 3573 2571 absque
3608 2506 3697 2568 cpi-

2237 2591 2418 2641 scopo,
2436 2577 2518 2641 qui
2546 2589 2637 2640 per
2665 2574 2891 2641 regulam
2915 2575 3047 2634 cipit,
3082 2585 3169 2624 aut
3199 2573 3408 2625 consilio
3437 2584 3697 2625 sanctorum

2236 2643 2470 2713 Patrum,
2498 2660 2585 2712 per
2609 2643 2755 2696 villas
2781 2645 3084 2695 monasteria
3113 2651 3411 2702 construere.

2238 2754 2420 2809 Solent
2458 2752 2693 2807 nonnulli
2739 2752 3030 2820 presbyteri
3075 2749 3326 2803 simulare
3366 2751 3695 2811 sanctitatem,

2168 2856 2221 2902 et
2249 2861 2352 2901 non
2382 2834 2478 2914 pro
2505 2846 2609 2899 vita
2635 2853 2829 2897 aeterna
2870 2845 2967 2897 hoc
3003 2842 3207 2904 facere,
3247 2842 3339 2896 sed
3378 2856 3550 2894 amore
3578 2855 3697 2892 nter-

2167 2936 2495 2990 cenariorutn
2550 2933 2802 2988 Ecclesia!
2855 2932 3151 2996 deservire;
3209 2942 3259 2984 et
3313 2934 3410 2984 snb
3463 2939 3695 2997 pretequ

2168 3026 2461 3079 sanctitatis
2489 3024 2789 3078 divitiarum
2816 3025 3166 3077 emolumenta
3195 3022 3416 3087 sectari;
3460 3031 3511 3075 et
3550 3038 3642 3078 non
3671 3036 3695 3071 a

2169 3111 2359 3165 Christi
2385 3125 2566 3166 amore
2594 3114 2888 3181 provocati,
2919 3111 3009 3165 sed
3041 3126 3068 3164 a
3102 3112 3275 3179 populi
3301 3112 3451 3178 vulgo
3480 3108 3695 3173 incitati,

2167 3204 2291 3259 dum
2319 3205 2598 3261 formidant
2621 3220 2743 3259 suas
2769 3205 2989 3274 perdere
3013 3205 3272 3268 decimas,
3305 3212 3396 3257 aut
3422 3212 3599 3257 caetera
3629 3202 3695 3252 lu-

2168 3316 2257 3356 cra
2288 3301 2603 3371 relinquere,
2636 3311 2890 3354 conantur
2916 3297 3065 3365 quasi
3096 3298 3411 3349 monasteria
3438 3296 3692 3348 aediﬁcare.

2091 3415 2140 3479 ο
2173 3393 2232 3445 Et
2262 3405 2366 3445 non
2397 3405 2543 3443 more
2570 3388 2921 3457 apostolorum
2959 3388 3057 3441 hoc
3093 3387 3316 3447 faciunt,
3346 3386 3438 3439 sed
3465 3384 3524 3436 ad
3554 3386 3696 3435 instar

2187 3485 2201 3497 ι
2329 3484 2338 3493 ι
2428 3490 2464 3497 κ.
2491 3480 2549 3497 ﬁ-
2600 3480 2613 3497 ι
2639 3482 2718 3497 κ--
2776 3479 2841 3497 n-
2877 3479 2887 3497 ε
2912 3478 2999 3497 ,-!_
3026 3478 3087 3497 -E.
3124 3478 3303 3497 l.----_-
3332 3474 3658 3497 11ἶ---.........μ
3682 3496 3689 3497 ,

2175 3484 2389 3535 Ananiae
2416 3490 2470 3535 et
2490 3480 2749 3547 Saphirae.
2776 3479 2847 3533 De
2876 3478 3002 3545 ipsis
3022 3478 3093 3531 ait
3124 3478 3305 3532 beatus
3332 3474 3692 3542 Hieronymus:

2172 3572 2283 3624 Non
2312 3585 2394 3623 res
2422 3584 2548 3623 suas
2578 3570 2892 3637 pauperibus
2919 3578 3284 3637 magas-erunt,
3316 3572 3417 3622 non
3451 3582 3537 3636 per
3560 3580 3693 3620 exer-

2170 3660 2351 3714 citium
2367 3660 2418 3715 in
2439 3658 2757 3713 monasterio
2780 3657 3094 3712 laboriosam
3116 3657 3274 3711 vitam
3299 3659 3579 3719 duxerunt;
3607 3670 3695 3707 non

2170 3765 2344 3805 mores
2373 3764 2497 3805 suos
2536 3749 3016 3818 reprehenderunt,
3057 3758 3114 3801 ut
3152 3748 3358 3801 assidua
3388 3746 3699 3801 meditatiore

2169 3842 2577 3915 corrigerentur.
2606 3838 2719 3893 Non
2751 3838 3025 3903 ﬂeverunt,
3058 3851 3159 3890 non
3191 3839 3243 3889 in
3273 3836 3451 3889 cinere
3477 3845 3528 3888 et
3547 3833 3697 3887 cilicio

2169 3945 2360 3995 corpus
2398 3936 2773 3990 versaverunt;
2813 3941 2914 3981 non
2958 3927 3319 3993 ptenitentiam
3363 3922 3701 3993 peccatoribus

2173 4022 2621 4090 praedicaverunt,
2664 4028 2723 4073 ut
2760 4032 2877 4072 cum
2919 4017 3151 4085 Baptista
3192 4015 3396 4070 Joanne
3442 4014 3697 4069 dicerent:

2174 4112 2522 4165 f’tenitentiam
2550 4111 2708 4178 agite,
2738 4108 3151 4179 apprOpinquavit
3178 4107 3308 4160 enim
3332 4120 3539 4175 regnum
3564 4101 3697 4155 calo-

2172 4219 2285 4257 rum
2317 4200 2525 4272 (Matth.
2558 4200 2669 4269 tn);
2714 4215 2816 4255 non
2844 4198 3107 4252 Christum
3137 4196 3335 4272 imitati
3362 4196 3597 4258 fuerunt,
3624 4193 3699 4261 qui

2171 4292 2299 4345 dixit
2350 4291 2415 4343 Et
2436 4308 2533 4343 non
2556 4268 2663 4343 veni
2686 4288 2979 4352 ministrari,
3000 4287 3090 4341 sed
3112 4268 3394 4339 ministrare
3417 4282 3613 4351 (Matth.
3633 4282 3696 4349 s);

2170 4393 2224 4437 et
2265 4402 2276 4436 :
2319 4381 2438 4435 Non
2481 4383 2587 4433 veni
2628 4380 2931 4433 uoluntatem
2971 4392 3131 4431 meam
3178 4376 3376 4445 facere,
3424 4375 3509 4427 sed
3548 4371 3702 4425 Patris

2173 4473 2348 4542 (Joan.
2378 4473 2472 4539 v1).
2519 4471 2582 4525 Et
2622 4472 2687 4524 de
2732 4468 2979 4523 cathedra
3026 4466 3123 4519 iste
3162 4464 3372 4533 quando
3410 4463 3611 4516 ducitur
3643 4459 3700 4512 ad

2170 4565 2470 4619 cathedram
2492 4607 2506 4629 ,
2540 4563 2588 4615 id
2616 4572 2723 4624 est,
2752 4560 2817 4612 de
2843 4556 3084 4625 superbia
3102 4596 3115 4621 ,
3148 4568 3373 4625 praeesse
3402 4554 3486 4607 isti
3512 4552 3700 4607 deside-

2171 4668 2289 4711 rant
2318 4653 2591 4717 fratribus,
2624 4665 2724 4704 non
2757 4630 3121 4718 prodesth
3150 4661 3269 4702 cum
3298 4660 3392 4700 sua
3425 4642 3601 4699 timide
3627 4656 3700 4696 re-

2100 4776 2149 4835 ι)
2173 4755 2414 4809 servant,
2456 4744 2627 4796 aliena
2657 4741 3063 4811 concupiscunt,
3093 4739 3212 4805 quia
3254 4750 3358 4789 non
3384 4735 3701 4800 dispensant;

2175 4850 2227 4893 et
2256 4835 2544 4906 praedicant
2572 4834 2709 4901 quod
2750 4832 2849 4901 ipsi
2892 4844 2996 4906 non
3033 4829 3345 4889 observent;
3380 4834 3575 4877 etcum
3603 4820 3703 4887 epi-

2175 4900 2371 4997 scopis,
2416 4900 2755 4980 saecularibus
2797 4900 3117 4990 principibus
3162 4926 3337 4978 terra,
3383 4913 3464 4965 vel
3510 4908 3700 4979 populo,

2174 5033 2502 5075 communem
2536 5015 2763 5084 regulam
2792 5020 3035 5076 servant;
3077 5017 3132 5064 et
3171 5014 3229 5060 ut
3270 5015 3393 5060 sunt
3422 5001 3703 5073 Antichristi

2174 5113 2432 5182 discipuli,
2472 5107 2975 5169 contralicclesiam
3016 5104 3240 5165 latrant;
3289 5110 3343 5155 et
3380 5101 3566 5170 quibus
3608 5111 3705 5150 ma-

2174 5202 2522 5259 chinamentis
2563 5216 2679 5257 eam
2719 5199 3066 5265 disrumpant,
3110 5194 3302 5249 arietes
3342 5191 3617 5253 fabricant;
3661 5196 3705 5241 et

2175 5312 2292 5350 cum
2329 5296 2465 5349 inter
2492 5309 2587 5349 nos
2615 5290 2887 5353 venerint,
2919 5290 3149 5343 dimerso
3175 5288 3349 5356 capite
3374 5296 3554 5355 gressu
3579 5282 3705 5335 tenui

2174 5389 2503 5443 sanctitatem
2534 5368 2799 5440 simulant.
2844 5381 2905 5436 Hi
2946 5392 3067 5436 sunt
3109 5380 3419 5447 hypocrita,
3462 5368 3547 5445 qui
3581 5371 3703 5428 aliud

2175 5487 2317 5541 sunt,
2359 5487 2413 5531 et
2451 5476 2588 5529 aliud
2628 5488 2745 5529 esse
2774 5472 3032 5533 videntur.
3071 5480 3126 5523 ut
3160 5470 3307 5522 stulti
3340 5467 3427 5538 qui
3466 5480 3557 5521 eos
3582 5464 3706 5517 rideo

2176 5574 2297 5635 rint,
2325 5568 2611 5622 imitentur.
2647 5566 2746 5633 Ipsi
2778 5564 2918 5619 fures
2946 5573 2998 5618 et
3026 5560 3280 5621 latrones,
3305 5557 3569 5612 Dominica
3596 5564 3707 5605 Voce

2176 5669 2483 5722 attestante;
2527 5656 2613 5725 qui
2654 5671 2755 5710 non
2798 5669 2888 5723 per
2926 5652 3138 5716 ostium,
3185 5647 3324 5718 quod
3365 5642 3705 5704 esthristus.
