  <div class='ocr_page' id='page_1' title='image "/cluster/home/n/w/nwhite01/storage/ocr_20150623/87-88/uva.x000827073/564.png"; bbox 0 0 3820 6344; ppageno 0'>
   <div class='ocr_carea' id='block_1_1' title="bbox 119 408 237 462">
    <p class='ocr_par' dir='ltr' id='par_1_1' title="bbox 119 408 237 462">
     <span class='ocr_line' id='line_1_1' title="bbox 119 408 237 462; baseline -0.017 0"><span class='ocrx_word' id='word_1_1' title='bbox 119 408 237 462; x_wconf 71' lang='grc'><strong>1113</strong></span> 
     </span>
    </p>
   </div>
   <div class='ocr_carea' id='block_1_2' title="bbox 1157 403 2258 463">
    <p class='ocr_par' dir='ltr' id='par_1_2' title="bbox 1157 403 2258 463">
     <span class='ocr_line' id='line_1_2' title="bbox 1157 403 2258 463; baseline 0.003 -6"><span class='ocrx_word' id='word_1_2' title='bbox 1157 403 1430 458; x_wconf 76' lang='lat' dir='ltr'><strong>REGULA</strong></span> <span class='ocrx_word' id='word_1_3' title='bbox 1469 405 1854 460; x_wconf 66' lang='lat' dir='ltr'><strong>DlONASTlCA</strong></span> <span class='ocrx_word' id='word_1_4' title='bbox 1893 405 2258 463; x_wconf 71' lang='lat' dir='ltr'><strong>(IOMMUMS.</strong></span> 
     </span>
    </p>
   </div>
   <div class='ocr_carea' id='block_1_3' title="bbox 3162 410 3298 464">
    <p class='ocr_par' dir='ltr' id='par_1_3' title="bbox 3162 410 3298 464">
     <span class='ocr_line' id='line_1_3' title="bbox 3162 410 3298 464; baseline -0.007 0"><span class='ocrx_word' id='word_1_5' title='bbox 3162 410 3298 464; x_wconf 65' lang='lat' dir='ltr'><strong>illi</strong></span> 
     </span>
    </p>
   </div>
   <div class='ocr_carea' id='block_1_4' title="bbox 107 512 3297 584">
    <p class='ocr_par' dir='ltr' id='par_1_4' title="bbox 107 512 3297 584">
     <span class='ocr_line' id='line_1_4' title="bbox 107 512 3297 584; baseline 0 -14"><span class='ocrx_word' id='word_1_6' title='bbox 107 516 196 570; x_wconf 84' lang='lat' dir='ltr'><strong>sed</strong></span> <span class='ocrx_word' id='word_1_7' title='bbox 221 515 455 582; x_wconf 90' lang='lat' dir='ltr'><strong>disrupto</strong></span> <span class='ocrx_word' id='word_1_8' title='bbox 482 515 683 581; x_wconf 86' lang='lat' dir='ltr'><strong>pariete</strong></span> <span class='ocrx_word' id='word_1_9' title='bbox 713 512 960 567; x_wconf 70' lang='lat' dir='ltr'><strong>Ecclesraa</strong></span> <span class='ocrx_word' id='word_1_10' title='bbox 987 528 1078 580; x_wconf 86' lang='lat' dir='ltr'><strong>per</strong></span> <span class='ocrx_word' id='word_1_11' title='bbox 1107 532 1308 568; x_wconf 88' lang='lat' dir='ltr'><strong>murum</strong></span> <span class='ocrx_word' id='word_1_12' title='bbox 1343 514 1645 581; x_wconf 66' lang='lat' dir='ltr'><strong>praecipitati</strong></span> <span class='ocrx_word' id='word_1_13' title='bbox 1675 522 1722 576; x_wconf 82' lang='grc' dir='ltr'>Α</span> <span class='ocrx_word' id='word_1_14' title='bbox 1751 530 1778 564; x_wconf 87' lang='lat' dir='ltr'><strong>a</strong></span> <span class='ocrx_word' id='word_1_15' title='bbox 1810 517 2017 583; x_wconf 84' lang='lat' dir='ltr'><strong>proprio</strong></span> <span class='ocrx_word' id='word_1_16' title='bbox 2045 518 2255 568; x_wconf 89' lang='lat' dir='ltr'><strong>domino</strong></span> <span class='ocrx_word' id='word_1_17' title='bbox 2287 529 2390 581; x_wconf 70' lang='lat' dir='ltr'><strong>pra:</strong></span> <span class='ocrx_word' id='word_1_18' title='bbox 2413 515 2650 568; x_wconf 89' lang='lat' dir='ltr'><strong>manibus</strong></span> <span class='ocrx_word' id='word_1_19' title='bbox 2676 515 2942 569; x_wconf 87' lang='lat' dir='ltr'><strong>attulerint</strong></span> <span class='ocrx_word' id='word_1_20' title='bbox 2971 529 3297 584; x_wconf 72' lang='lat' dir='ltr'><strong>pratseutan-</strong></span> 
     </span>
    </p>
   </div>
   <div class='ocr_carea' id='block_1_5' title="bbox 111 603 1652 674">
    <p class='ocr_par' dir='ltr' id='par_1_5' title="bbox 111 603 1652 674">
     <span class='ocr_line' id='line_1_5' title="bbox 111 603 1652 674; baseline -0.001 -17"><span class='ocrx_word' id='word_1_21' title='bbox 111 606 458 674; x_wconf 81' lang='lat' dir='ltr'><strong>ingrediuntur</strong></span> <span class='ocrx_word' id='word_1_22' title='bbox 510 603 684 672; x_wconf 83' lang='lat' dir='ltr'><strong>(Joan.</strong></span> <span class='ocrx_word' id='word_1_23' title='bbox 722 607 808 668; x_wconf 80' lang='lat' dir='ltr'><strong>s);</strong></span> <span class='ocrx_word' id='word_1_24' title='bbox 853 614 905 657; x_wconf 90' lang='lat' dir='ltr'><strong>et</strong></span> <span class='ocrx_word' id='word_1_25' title='bbox 946 605 986 655; x_wconf 91' lang='lat' dir='ltr'><strong>si</strong></span> <span class='ocrx_word' id='word_1_26' title='bbox 1019 606 1202 666; x_wconf 75' lang='lat' dir='ltr'><strong>aliquis</strong></span> <span class='ocrx_word' id='word_1_27' title='bbox 1243 606 1471 656; x_wconf 75' lang='lat' dir='ltr'><strong>ﬁdelium</strong></span> <span class='ocrx_word' id='word_1_28' title='bbox 1513 615 1652 658; x_wconf 86' lang='lat' dir='ltr'><strong>recte</strong></span> 
     </span>
    </p>
   </div>
   <div class='ocr_carea' id='block_1_6' title="bbox 111 691 1650 760">
    <p class='ocr_par' dir='ltr' id='par_1_6' title="bbox 111 691 1650 760">
     <span class='ocr_line' id='line_1_6' title="bbox 111 691 1650 760; baseline -0.001 -16"><span class='ocrx_word' id='word_1_29' title='bbox 111 697 270 746; x_wconf 78' lang='lat' dir='ltr'><strong>vivere</strong></span> <span class='ocrx_word' id='word_1_30' title='bbox 295 694 461 759; x_wconf 85' lang='lat' dir='ltr'><strong>cupit.</strong></span> <span class='ocrx_word' id='word_1_31' title='bbox 488 697 564 746; x_wconf 80' lang='lat' dir='ltr'><strong>eis</strong></span> <span class='ocrx_word' id='word_1_32' title='bbox 590 693 916 746; x_wconf 82' lang='lat' dir='ltr'><strong>obstacnlntn</strong></span> <span class='ocrx_word' id='word_1_33' title='bbox 947 691 1158 754; x_wconf 76' lang='lat' dir='ltr'><strong>faciunt,</strong></span> <span class='ocrx_word' id='word_1_34' title='bbox 1193 707 1244 744; x_wconf 90' lang='lat' dir='ltr'><strong>ut</strong></span> <span class='ocrx_word' id='word_1_35' title='bbox 1279 702 1512 760; x_wconf 82' lang='lat' dir='ltr'><strong>possunt.</strong></span> <span class='ocrx_word' id='word_1_36' title='bbox 1550 708 1650 744; x_wconf 91' lang='lat' dir='ltr'><strong>non</strong></span> 
     </span>
    </p>
   </div>
   <div class='ocr_carea' id='block_1_7' title="bbox 110 781 1654 848">
    <p class='ocr_par' dir='ltr' id='par_1_7' title="bbox 110 781 1654 848">
     <span class='ocr_line' id='line_1_7' title="bbox 110 781 1654 848; baseline -0.003 -13"><span class='ocrx_word' id='word_1_37' title='bbox 110 782 409 848; x_wconf 84' lang='lat' dir='ltr'><strong>profectum.</strong></span> <span class='ocrx_word' id='word_1_38' title='bbox 441 781 510 834; x_wconf 84' lang='lat' dir='ltr'><strong>De</strong></span> <span class='ocrx_word' id='word_1_39' title='bbox 537 782 726 835; x_wconf 87' lang='lat' dir='ltr'><strong>talibus</strong></span> <span class='ocrx_word' id='word_1_40' title='bbox 756 781 1006 834; x_wconf 83' lang='lat' dir='ltr'><strong>Dominus</strong></span> <span class='ocrx_word' id='word_1_41' title='bbox 1025 783 1094 834; x_wconf 87' lang='lat' dir='ltr'><strong>ait</strong></span> <span class='ocrx_word' id='word_1_42' title='bbox 1123 824 1130 831; x_wconf 94' lang='lat'><strong>.</strong></span> <span class='ocrx_word' id='word_1_43' title='bbox 1169 782 1187 830; x_wconf 72' lang='grc' dir='ltr'><strong>ι</strong></span> <span class='ocrx_word' id='word_1_44' title='bbox 1213 799 1254 832; x_wconf 76' lang='lat' dir='ltr'><strong>a-</strong></span> <span class='ocrx_word' id='word_1_45' title='bbox 1277 784 1428 841; x_wconf 75' lang='lat' dir='ltr'><strong>mbis,</strong></span> <span class='ocrx_word' id='word_1_46' title='bbox 1461 781 1654 831; x_wconf 70' lang='lat' dir='ltr'><strong>Scriba:</strong></span> 
     </span>
    </p>
   </div>
   <div class='ocr_carea' id='block_1_8' title="bbox 108 871 1649 940">
    <p class='ocr_par' dir='ltr' id='par_1_8' title="bbox 108 871 1649 940">
     <span class='ocr_line' id='line_1_8' title="bbox 108 871 1649 940; baseline -0.001 -16"><span class='ocrx_word' id='word_1_47' title='bbox 108 885 148 924; x_wconf 72' lang='lat' dir='ltr'><strong>et</strong></span> <span class='ocrx_word' id='word_1_48' title='bbox 175 871 440 936; x_wconf 71' lang='lat' dir='ltr'><strong>Pharisci,</strong></span> <span class='ocrx_word' id='word_1_49' title='bbox 467 873 584 924; x_wconf 71' lang='lat' dir='ltr'><strong>ceti</strong></span> <span class='ocrx_word' id='word_1_50' title='bbox 622 874 913 940; x_wconf 78' lang='lat' dir='ltr'><strong>hypocrita&#39;,</strong></span> <span class='ocrx_word' id='word_1_51' title='bbox 947 873 1028 938; x_wconf 82' lang='lat' dir='ltr'><strong>qui</strong></span> <span class='ocrx_word' id='word_1_52' title='bbox 1055 873 1287 922; x_wconf 79' lang='lat' dir='ltr'><strong>clauditis</strong></span> <span class='ocrx_word' id='word_1_53' title='bbox 1320 888 1519 938; x_wconf 63' lang='lat' dir='ltr'><strong>regnum</strong></span> <span class='ocrx_word' id='word_1_54' title='bbox 1553 887 1649 922; x_wconf 76' lang='lat' dir='ltr'><strong>cn:-</strong></span> 
     </span>
    </p>
   </div>
   <div class='ocr_carea' id='block_1_9' title="bbox 109 962 1653 1023">
    <p class='ocr_par' dir='ltr' id='par_1_9' title="bbox 109 962 1653 1023">
     <span class='ocr_line' id='line_1_9' title="bbox 109 962 1653 1023; baseline -0.001 -10"><span class='ocrx_word' id='word_1_55' title='bbox 109 971 295 1023; x_wconf 69' lang='lat' dir='ltr'><strong>t&#39;urtm;</strong></span> <span class='ocrx_word' id='word_1_56' title='bbox 333 978 424 1014; x_wconf 79' lang='lat' dir='ltr'><strong>nec</strong></span> <span class='ocrx_word' id='word_1_57' title='bbox 461 979 544 1015; x_wconf 73' lang='lat' dir='ltr'><strong>vos</strong></span> <span class='ocrx_word' id='word_1_58' title='bbox 581 963 803 1021; x_wconf 87' lang='lat' dir='ltr'><strong>intratis,</strong></span> <span class='ocrx_word' id='word_1_59' title='bbox 843 978 931 1012; x_wconf 80' lang='lat' dir='ltr'><strong>nec</strong></span> <span class='ocrx_word' id='word_1_60' title='bbox 969 964 1096 1013; x_wconf 88' lang='lat' dir='ltr'><strong>alios</strong></span> <span class='ocrx_word' id='word_1_61' title='bbox 1144 962 1425 1022; x_wconf 73' lang='lat' dir='ltr'><strong>permittitis</strong></span> <span class='ocrx_word' id='word_1_62' title='bbox 1469 963 1653 1012; x_wconf 84' lang='lat' dir='ltr'><strong>intrare</strong></span> 
     </span>
    </p>
   </div>
   <div class='ocr_carea' id='block_1_10' title="bbox 106 1051 1652 1128">
    <p class='ocr_par' dir='ltr' id='par_1_10' title="bbox 106 1051 1652 1128">
     <span class='ocr_line' id='line_1_10' title="bbox 106 1051 1652 1128; baseline 0 -25"><span class='ocrx_word' id='word_1_63' title='bbox 106 1053 303 1128; x_wconf 68' lang='lat' dir='ltr'><strong>(licuit.</strong></span> <span class='ocrx_word' id='word_1_64' title='bbox 337 1055 510 1120; x_wconf 74' lang='lat' dir='ltr'><strong>nm).</strong></span> <span class='ocrx_word' id='word_1_65' title='bbox 558 1053 618 1105; x_wconf 81' lang='lat' dir='ltr'><strong>lli</strong></span> <span class='ocrx_word' id='word_1_66' title='bbox 648 1054 782 1105; x_wconf 85' lang='lat' dir='ltr'><strong>tales</strong></span> <span class='ocrx_word' id='word_1_67' title='bbox 821 1053 957 1105; x_wconf 91' lang='lat' dir='ltr'><strong>sicut</strong></span> <span class='ocrx_word' id='word_1_68' title='bbox 996 1054 1062 1104; x_wconf 89' lang='lat' dir='ltr'><strong>de</strong></span> <span class='ocrx_word' id='word_1_69' title='bbox 1103 1052 1212 1103; x_wconf 85' lang='lat' dir='ltr'><strong>suis</strong></span> <span class='ocrx_word' id='word_1_70' title='bbox 1253 1052 1428 1111; x_wconf 75' lang='lat' dir='ltr'><strong>lucris,</strong></span> <span class='ocrx_word' id='word_1_71' title='bbox 1476 1053 1550 1103; x_wconf 87' lang='lat' dir='ltr'><strong>sic</strong></span> <span class='ocrx_word' id='word_1_72' title='bbox 1589 1051 1652 1103; x_wconf 88' lang='lat' dir='ltr'><strong>de</strong></span> 
     </span>
    </p>
   </div>
   <div class='ocr_carea' id='block_1_11' title="bbox 109 1140 1646 1209">
    <p class='ocr_par' dir='ltr' id='par_1_11' title="bbox 109 1140 1646 1209">
     <span class='ocr_line' id='line_1_11' title="bbox 109 1140 1646 1209; baseline -0.001 -16"><span class='ocrx_word' id='word_1_73' title='bbox 109 1144 289 1195; x_wconf 75' lang='lat' dir='ltr'><strong>nostris</strong></span> <span class='ocrx_word' id='word_1_74' title='bbox 330 1144 658 1209; x_wconf 76' lang='lat' dir='ltr'><strong>gratulantur</strong></span> <span class='ocrx_word' id='word_1_75' title='bbox 687 1141 1046 1200; x_wconf 78' lang='lat' dir='ltr'><strong>detrimentis;</strong></span> <span class='ocrx_word' id='word_1_76' title='bbox 1087 1151 1137 1191; x_wconf 87' lang='lat' dir='ltr'><strong>ct</strong></span> <span class='ocrx_word' id='word_1_77' title='bbox 1166 1141 1300 1206; x_wconf 89' lang='lat' dir='ltr'><strong>quod</strong></span> <span class='ocrx_word' id='word_1_78' title='bbox 1336 1156 1437 1191; x_wconf 81' lang='lat' dir='ltr'><strong>uctt</strong></span> <span class='ocrx_word' id='word_1_79' title='bbox 1468 1140 1646 1193; x_wconf 48' lang='lat' dir='ltr'><strong>audie-</strong></span> 
     </span>
    </p>
   </div>
   <div class='ocr_carea' id='block_1_12' title="bbox 109 1231 1653 1314">
    <p class='ocr_par' dir='ltr' id='par_1_12' title="bbox 109 1231 1653 1314">
     <span class='ocr_line' id='line_1_12' title="bbox 109 1231 1653 1314; baseline -0.001 -31"><span class='ocrx_word' id='word_1_80' title='bbox 109 1242 217 1284; x_wconf 86' lang='lat' dir='ltr'><strong>runt</strong></span> <span class='ocrx_word' id='word_1_81' title='bbox 235 1233 514 1314; x_wconf 40' lang='lat' dir='ltr'><strong>adversu‘m</strong></span> <span class='ocrx_word' id='word_1_82' title='bbox 543 1247 641 1285; x_wconf 84' lang='lat' dir='ltr'><strong>nos</strong></span> <span class='ocrx_word' id='word_1_83' title='bbox 669 1233 792 1300; x_wconf 91' lang='lat' dir='ltr'><strong>quid</strong></span> <span class='ocrx_word' id='word_1_84' title='bbox 821 1233 1004 1284; x_wconf 85' lang='lat' dir='ltr'><strong>lalsum</strong></span> <span class='ocrx_word' id='word_1_85' title='bbox 1036 1231 1323 1298; x_wconf 83' lang='lat' dir='ltr'><strong>proferant,</strong></span> <span class='ocrx_word' id='word_1_86' title='bbox 1357 1232 1496 1282; x_wconf 90' lang='lat' dir='ltr'><strong>otnni</strong></span> <span class='ocrx_word' id='word_1_87' title='bbox 1526 1246 1653 1283; x_wconf 89' lang='lat' dir='ltr'><strong>con-</strong></span> 
     </span>
    </p>
   </div>
   <div class='ocr_carea' id='block_1_13' title="bbox 109 1321 1652 1393">
    <p class='ocr_par' dir='ltr' id='par_1_13' title="bbox 109 1321 1652 1393">
     <span class='ocr_line' id='line_1_13' title="bbox 109 1321 1652 1393; baseline -0.002 -18"><span class='ocrx_word' id='word_1_88' title='bbox 109 1324 706 1393; x_wconf 58' lang='lat' dir='ltr'><strong>tentiooqcomponunt,</strong></span> <span class='ocrx_word' id='word_1_89' title='bbox 748 1333 799 1374; x_wconf 90' lang='lat' dir='ltr'><strong>et</strong></span> <span class='ocrx_word' id='word_1_90' title='bbox 830 1324 969 1389; x_wconf 89' lang='lat' dir='ltr'><strong>quod</strong></span> <span class='ocrx_word' id='word_1_91' title='bbox 1019 1337 1118 1373; x_wconf 92' lang='lat' dir='ltr'><strong>non</strong></span> <span class='ocrx_word' id='word_1_92' title='bbox 1168 1321 1418 1374; x_wconf 79' lang='lat' dir='ltr'><strong>facientes</strong></span> <span class='ocrx_word' id='word_1_93' title='bbox 1459 1335 1652 1388; x_wconf 74' lang='lat' dir='ltr'><strong>cogno-</strong></span> 
     </span>
    </p>
   </div>
   <div class='ocr_carea' id='block_1_14' title="bbox 106 1409 1650 1478">
    <p class='ocr_par' dir='ltr' id='par_1_14' title="bbox 106 1409 1650 1478">
     <span class='ocr_line' id='line_1_14' title="bbox 106 1409 1650 1478; baseline -0.001 -16"><span class='ocrx_word' id='word_1_94' title='bbox 106 1413 310 1473; x_wconf 82' lang='lat' dir='ltr'><strong>scimus,</strong></span> <span class='ocrx_word' id='word_1_95' title='bbox 340 1410 432 1478; x_wconf 91' lang='lat' dir='ltr'><strong>qui</strong></span> <span class='ocrx_word' id='word_1_96' title='bbox 476 1412 527 1463; x_wconf 92' lang='lat' dir='ltr'><strong>in</strong></span> <span class='ocrx_word' id='word_1_97' title='bbox 557 1411 779 1464; x_wconf 82' lang='lat' dir='ltr'><strong>crimine</strong></span> <span class='ocrx_word' id='word_1_98' title='bbox 808 1409 1120 1478; x_wconf 79' lang='lat' dir='ltr'><strong>deprehensi</strong></span> <span class='ocrx_word' id='word_1_99' title='bbox 1161 1409 1368 1477; x_wconf 89' lang='lat' dir='ltr'><strong>publice</strong></span> <span class='ocrx_word' id='word_1_100' title='bbox 1408 1425 1497 1476; x_wconf 90' lang='lat' dir='ltr'><strong>pcr</strong></span> <span class='ocrx_word' id='word_1_101' title='bbox 1539 1410 1650 1476; x_wconf 88' lang='lat' dir='ltr'><strong>pla-</strong></span> 
     </span>
    </p>
   </div>
   <div class='ocr_carea' id='block_1_15' title="bbox 106 1495 1648 1566">
    <p class='ocr_par' dir='ltr' id='par_1_15' title="bbox 106 1495 1648 1566">
     <span class='ocr_line' id='line_1_15' title="bbox 106 1495 1648 1566; baseline -0.002 -15"><span class='ocrx_word' id='word_1_102' title='bbox 106 1510 208 1554; x_wconf 74' lang='lat' dir='ltr'><strong>teas</strong></span> <span class='ocrx_word' id='word_1_103' title='bbox 232 1499 621 1558; x_wconf 78' lang='lat' dir='ltr'><strong>annuntiantes.</strong></span> <span class='ocrx_word' id='word_1_104' title='bbox 653 1497 970 1562; x_wconf 86' lang='lat' dir='ltr'><strong>defendunt;</strong></span> <span class='ocrx_word' id='word_1_105' title='bbox 1013 1507 1068 1550; x_wconf 84' lang='lat' dir='ltr'><strong>et</strong></span> <span class='ocrx_word' id='word_1_106' title='bbox 1094 1495 1178 1566; x_wconf 91' lang='lat' dir='ltr'><strong>qui</strong></span> <span class='ocrx_word' id='word_1_107' title='bbox 1214 1497 1364 1550; x_wconf 89' lang='lat' dir='ltr'><strong>nobis</strong></span> <span class='ocrx_word' id='word_1_108' title='bbox 1405 1510 1431 1548; x_wconf 89' lang='lat' dir='ltr'><strong>a</strong></span> <span class='ocrx_word' id='word_1_109' title='bbox 1473 1510 1648 1548; x_wconf 55' lang='lat' dir='ltr'><strong>monac</strong></span> 
     </span>
    </p>
   </div>
   <div class='ocr_carea' id='block_1_16' title="bbox 104 1584 1650 1655">
    <p class='ocr_par' dir='ltr' id='par_1_16' title="bbox 104 1584 1650 1655">
     <span class='ocr_line' id='line_1_16' title="bbox 104 1584 1650 1655; baseline -0.002 -17"><span class='ocrx_word' id='word_1_110' title='bbox 104 1589 252 1640; x_wconf 84' lang='lat' dir='ltr'><strong>sterio</strong></span> <span class='ocrx_word' id='word_1_111' title='bbox 307 1588 518 1655; x_wconf 86' lang='lat' dir='ltr'><strong>proprio</strong></span> <span class='ocrx_word' id='word_1_112' title='bbox 572 1586 700 1638; x_wconf 84' lang='lat' dir='ltr'><strong>vitio</strong></span> <span class='ocrx_word' id='word_1_113' title='bbox 753 1586 1088 1648; x_wconf 89' lang='lat' dir='ltr'><strong>delabuntur,</strong></span> <span class='ocrx_word' id='word_1_114' title='bbox 1143 1585 1212 1637; x_wconf 85' lang='lat' dir='ltr'><strong>ab</strong></span> <span class='ocrx_word' id='word_1_115' title='bbox 1266 1585 1393 1650; x_wconf 87' lang='lat' dir='ltr'><strong>ipsis</strong></span> <span class='ocrx_word' id='word_1_116' title='bbox 1445 1584 1650 1636; x_wconf 88' lang='lat' dir='ltr'><strong>ovando</strong></span> 
     </span>
    </p>
   </div>
   <div class='ocr_carea' id='block_1_17' title="bbox 102 1670 1649 1741">
    <p class='ocr_par' dir='ltr' id='par_1_17' title="bbox 102 1670 1649 1741">
     <span class='ocr_line' id='line_1_17' title="bbox 102 1670 1649 1741; baseline -0.002 -12"><span class='ocrx_word' id='word_1_117' title='bbox 102 1670 459 1741; x_wconf 73' lang='lat' dir='ltr'><strong>suscipiuntur,</strong></span> <span class='ocrx_word' id='word_1_118' title='bbox 504 1686 736 1738; x_wconf 88' lang='lat' dir='ltr'><strong>tuentur,</strong></span> <span class='ocrx_word' id='word_1_119' title='bbox 776 1686 829 1728; x_wconf 90' lang='lat' dir='ltr'><strong>et</strong></span> <span class='ocrx_word' id='word_1_120' title='bbox 868 1675 1252 1736; x_wconf 83' lang='lat' dir='ltr'><strong>defenduntur;</strong></span> <span class='ocrx_word' id='word_1_121' title='bbox 1296 1685 1348 1727; x_wconf 89' lang='lat' dir='ltr'><strong>et</strong></span> <span class='ocrx_word' id='word_1_122' title='bbox 1391 1690 1508 1727; x_wconf 92' lang='lat' dir='ltr'><strong>cum</strong></span> <span class='ocrx_word' id='word_1_123' title='bbox 1549 1676 1649 1726; x_wconf 64' lang='lat' dir='ltr'><strong>sint</strong></span> 
     </span>
    </p>
   </div>
   <div class='ocr_carea' id='block_1_18' title="bbox 106 1765 1648 1834">
    <p class='ocr_par' dir='ltr' id='par_1_18' title="bbox 106 1765 1648 1834">
     <span class='ocr_line' id='line_1_18' title="bbox 106 1765 1648 1834; baseline 0.001 -19"><span class='ocrx_word' id='word_1_124' title='bbox 106 1767 527 1818; x_wconf 78' lang='lat' dir='ltr'><strong>monasteriorum</strong></span> <span class='ocrx_word' id='word_1_125' title='bbox 555 1766 883 1828; x_wconf 82' lang='lat' dir='ltr'><strong>desertares;</strong></span> <span class='ocrx_word' id='word_1_126' title='bbox 915 1767 1147 1834; x_wconf 88' lang='lat' dir='ltr'><strong>plerique</strong></span> <span class='ocrx_word' id='word_1_127' title='bbox 1175 1780 1242 1818; x_wconf 77' lang='lat' dir='ltr'><strong>es</strong></span> <span class='ocrx_word' id='word_1_128' title='bbox 1278 1765 1403 1832; x_wconf 87' lang='lat' dir='ltr'><strong>ipsis</strong></span> <span class='ocrx_word' id='word_1_129' title='bbox 1431 1765 1518 1831; x_wconf 87' lang='lat' dir='ltr'><strong>qui</strong></span> <span class='ocrx_word' id='word_1_130' title='bbox 1553 1781 1648 1817; x_wconf 88' lang='lat' dir='ltr'><strong>nos</strong></span> 
     </span>
    </p>
   </div>
   <div class='ocr_carea' id='block_1_19' title="bbox 1755 605 3297 672">
    <p class='ocr_par' dir='ltr' id='par_1_19' title="bbox 1755 605 3297 672">
     <span class='ocr_line' id='line_1_19' title="bbox 1755 605 3297 672; baseline 0.005 -16"><span class='ocrx_word' id='word_1_131' title='bbox 1755 608 1872 657; x_wconf 85' lang='lat' dir='ltr'><strong>dam</strong></span> <span class='ocrx_word' id='word_1_132' title='bbox 1898 621 1913 668; x_wconf 87' lang='lat'><strong>;</strong></span> <span class='ocrx_word' id='word_1_133' title='bbox 1939 609 2113 659; x_wconf 75' lang='lat' dir='ltr'><strong>czeteri</strong></span> <span class='ocrx_word' id='word_1_134' title='bbox 2146 621 2268 660; x_wconf 84' lang='lat' dir='ltr'><strong>vero</strong></span> <span class='ocrx_word' id='word_1_135' title='bbox 2304 609 2413 659; x_wconf 83' lang='lat' dir='ltr'><strong>sive</strong></span> <span class='ocrx_word' id='word_1_136' title='bbox 2442 605 2587 660; x_wconf 82' lang='lat' dir='ltr'><strong>liberi</strong></span> <span class='ocrx_word' id='word_1_137' title='bbox 2620 607 2726 660; x_wconf 83' lang='lat' dir='ltr'><strong>sive</strong></span> <span class='ocrx_word' id='word_1_138' title='bbox 2763 607 2896 660; x_wconf 84' lang='lat' dir='ltr'><strong>servi</strong></span> <span class='ocrx_word' id='word_1_139' title='bbox 2930 607 3070 672; x_wconf 87' lang='lat' dir='ltr'><strong>sint,</strong></span> <span class='ocrx_word' id='word_1_140' title='bbox 3093 609 3297 663; x_wconf 75' lang='lat' dir='ltr'><strong>.divites</strong></span> 
     </span>
    </p>
   </div>
   <div class='ocr_carea' id='block_1_20' title="bbox 1753 695 3294 764">
    <p class='ocr_par' dir='ltr' id='par_1_20' title="bbox 1753 695 3294 764">
     <span class='ocr_line' id='line_1_20' title="bbox 1753 695 3294 764; baseline 0.002 -18"><span class='ocrx_word' id='word_1_141' title='bbox 1753 710 1818 746; x_wconf 90' lang='lat' dir='ltr'><strong>an</strong></span> <span class='ocrx_word' id='word_1_142' title='bbox 1852 710 2122 762; x_wconf 81' lang='lat' dir='ltr'><strong>pauperes,</strong></span> <span class='ocrx_word' id='word_1_143' title='bbox 2154 697 2413 761; x_wconf 78' lang='lat' dir='ltr'><strong>coniugati</strong></span> <span class='ocrx_word' id='word_1_144' title='bbox 2451 710 2514 747; x_wconf 90' lang='lat' dir='ltr'><strong>an</strong></span> <span class='ocrx_word' id='word_1_145' title='bbox 2547 696 2791 764; x_wconf 73' lang='lat' dir='ltr'><strong>virgines,</strong></span> <span class='ocrx_word' id='word_1_146' title='bbox 2821 695 2963 748; x_wconf 90' lang='lat' dir='ltr'><strong>stulti</strong></span> <span class='ocrx_word' id='word_1_147' title='bbox 2990 711 3054 749; x_wconf 89' lang='lat' dir='ltr'><strong>an</strong></span> <span class='ocrx_word' id='word_1_148' title='bbox 3083 697 3294 762; x_wconf 68' lang='lat' dir='ltr'><strong>sapiun-</strong></span> 
     </span>
    </p>
   </div>
   <div class='ocr_carea' id='block_1_21' title="bbox 1756 786 3294 854">
    <p class='ocr_par' dir='ltr' id='par_1_21' title="bbox 1756 786 3294 854">
     <span class='ocr_line' id='line_1_21' title="bbox 1756 786 3294 854; baseline 0.002 -18"><span class='ocrx_word' id='word_1_149' title='bbox 1756 795 1854 847; x_wconf 76' lang='lat' dir='ltr'><strong>tcs,</strong></span> <span class='ocrx_word' id='word_1_150' title='bbox 1883 788 2029 839; x_wconf 89' lang='lat' dir='ltr'><strong>inscii</strong></span> <span class='ocrx_word' id='word_1_151' title='bbox 2055 800 2119 838; x_wconf 87' lang='lat' dir='ltr'><strong>an</strong></span> <span class='ocrx_word' id='word_1_152' title='bbox 2144 786 2394 850; x_wconf 86' lang='lat' dir='ltr'><strong>artilices,</strong></span> <span class='ocrx_word' id='word_1_153' title='bbox 2422 786 2654 838; x_wconf 69' lang='lat' dir='ltr'><strong>infantufi</strong></span> <span class='ocrx_word' id='word_1_154' title='bbox 2682 799 2745 837; x_wconf 87' lang='lat' dir='ltr'><strong>an</strong></span> <span class='ocrx_word' id='word_1_155' title='bbox 2774 799 2945 849; x_wconf 85' lang='lat' dir='ltr'><strong>senes,</strong></span> <span class='ocrx_word' id='word_1_156' title='bbox 2967 787 3009 838; x_wconf 81' lang='lat' dir='ltr'><strong>si</strong></span> <span class='ocrx_word' id='word_1_157' title='bbox 3035 787 3294 854; x_wconf 83' lang='lat' dir='ltr'><strong>quispiam</strong></span> 
     </span>
    </p>
   </div>
   <div class='ocr_carea' id='block_1_22' title="bbox 1755 872 3362 940">
    <p class='ocr_par' dir='ltr' id='par_1_22' title="bbox 1755 872 3362 940">
     <span class='ocr_line' id='line_1_22' title="bbox 1755 872 3362 940; baseline 0.004 -18"><span class='ocrx_word' id='word_1_158' title='bbox 1755 875 1938 924; x_wconf 81' lang='lat' dir='ltr'><strong>horum</strong></span> <span class='ocrx_word' id='word_1_159' title='bbox 1993 872 2178 937; x_wconf 86' lang='lat' dir='ltr'><strong>fuerit,</strong></span> <span class='ocrx_word' id='word_1_160' title='bbox 2237 876 2408 927; x_wconf 84' lang='lat' dir='ltr'><strong>acrius</strong></span> <span class='ocrx_word' id='word_1_161' title='bbox 2463 883 2880 940; x_wconf 73' lang='lat' dir='ltr'><strong>percunctantur.</strong></span> <span class='ocrx_word' id='word_1_162' title='bbox 2935 885 3100 926; x_wconf 87' lang='lat' dir='ltr'><strong>tttrttttt</strong></span> <span class='ocrx_word' id='word_1_163' title='bbox 3151 885 3295 928; x_wconf 79' lang='lat' dir='ltr'><strong>recte</strong></span> <span class='ocrx_word' id='word_1_164' title='bbox 3351 923 3362 940; x_wconf 67' lang='grc'><em>,</em></span> 
     </span>
    </p>
   </div>
   <div class='ocr_carea' id='block_1_23' title="bbox 1750 960 3292 1029">
    <p class='ocr_par' dir='ltr' id='par_1_23' title="bbox 1750 960 3292 1029">
     <span class='ocr_line' id='line_1_23' title="bbox 1750 960 3292 1029; baseline 0.001 -18"><span class='ocrx_word' id='word_1_165' title='bbox 1750 960 2248 1022; x_wconf 81' lang='lat' dir='ltr'><strong>abrenuntiaverint,</strong></span> <span class='ocrx_word' id='word_1_166' title='bbox 2298 975 2362 1012; x_wconf 88' lang='lat' dir='ltr'><strong>an</strong></span> <span class='ocrx_word' id='word_1_167' title='bbox 2413 976 2555 1024; x_wconf 92' lang='lat' dir='ltr'><strong>non;</strong></span> <span class='ocrx_word' id='word_1_168' title='bbox 2595 961 2638 1013; x_wconf 88' lang='lat' dir='ltr'><strong>si</strong></span> <span class='ocrx_word' id='word_1_169' title='bbox 2679 960 2853 1014; x_wconf 85' lang='lat' dir='ltr'><strong>omnia</strong></span> <span class='ocrx_word' id='word_1_170' title='bbox 2900 961 3134 1014; x_wconf 87' lang='lat' dir='ltr'><strong>fecerunt</strong></span> <span class='ocrx_word' id='word_1_171' title='bbox 3179 976 3292 1029; x_wconf 68' lang='lat' dir='ltr'><strong>qna-</strong></span> 
     </span>
    </p>
   </div>
   <div class='ocr_carea' id='block_1_24' title="bbox 1753 1048 3295 1119">
    <p class='ocr_par' dir='ltr' id='par_1_24' title="bbox 1753 1048 3295 1119">
     <span class='ocr_line' id='line_1_24' title="bbox 1753 1048 3295 1119; baseline 0.003 -20"><span class='ocrx_word' id='word_1_172' title='bbox 1753 1049 1802 1099; x_wconf 81' lang='lat' dir='ltr'><strong>in</strong></span> <span class='ocrx_word' id='word_1_173' title='bbox 1834 1048 2139 1116; x_wconf 73' lang='lat' dir='ltr'><strong>Evangelica</strong></span> <span class='ocrx_word' id='word_1_174' title='bbox 2169 1064 2296 1103; x_wconf 86' lang='lat' dir='ltr'><strong>voce</strong></span> <span class='ocrx_word' id='word_1_175' title='bbox 2325 1050 2556 1104; x_wconf 72' lang='lat' dir='ltr'><strong>veritatis</strong></span> <span class='ocrx_word' id='word_1_176' title='bbox 2583 1051 2885 1113; x_wconf 87' lang='lat' dir='ltr'><strong>audierunt,</strong></span> <span class='ocrx_word' id='word_1_177' title='bbox 2915 1066 3030 1119; x_wconf 65' lang='lat' dir='ltr'><strong>quae</strong></span> <span class='ocrx_word' id='word_1_178' title='bbox 3055 1051 3163 1103; x_wconf 90' lang='lat' dir='ltr'><strong>ait:</strong></span> <span class='ocrx_word' id='word_1_179' title='bbox 3195 1053 3295 1114; x_wconf 79' lang='lat' dir='ltr'><strong>Qui</strong></span> 
     </span>
    </p>
   </div>
   <div class='ocr_carea' id='block_1_25' title="bbox 1753 1140 3296 1209">
    <p class='ocr_par' dir='ltr' id='par_1_25' title="bbox 1753 1140 3296 1209">
     <span class='ocr_line' id='line_1_25' title="bbox 1753 1140 3296 1209; baseline 0.003 -20"><span class='ocrx_word' id='word_1_180' title='bbox 1753 1154 1850 1190; x_wconf 89' lang='lat' dir='ltr'><strong>non</strong></span> <span class='ocrx_word' id='word_1_181' title='bbox 1878 1140 2224 1192; x_wconf 77' lang='lat' dir='ltr'><strong>renuntiaverit</strong></span> <span class='ocrx_word' id='word_1_182' title='bbox 2248 1141 2475 1193; x_wconf 85' lang='lat' dir='ltr'><strong>omnibus</strong></span> <span class='ocrx_word' id='word_1_183' title='bbox 2495 1156 2606 1208; x_wconf 77' lang='lat' dir='ltr'><strong>qure</strong></span> <span class='ocrx_word' id='word_1_184' title='bbox 2629 1143 2863 1207; x_wconf 73' lang='lat' dir='ltr'><strong>possidet,</strong></span> <span class='ocrx_word' id='word_1_185' title='bbox 2895 1158 3031 1195; x_wconf 71' lang='lat' dir='ltr'><strong>meus</strong></span> <span class='ocrx_word' id='word_1_186' title='bbox 3058 1158 3156 1196; x_wconf 88' lang='lat' dir='ltr'><strong>non</strong></span> <span class='ocrx_word' id='word_1_187' title='bbox 3185 1154 3296 1209; x_wconf 87' lang='lat' dir='ltr'><strong>pot-</strong></span> 
     </span>
    </p>
   </div>
   <div class='ocr_carea' id='block_1_26' title="bbox 1753 1229 3291 1299">
    <p class='ocr_par' dir='ltr' id='par_1_26' title="bbox 1753 1229 3291 1299">
     <span class='ocr_line' id='line_1_26' title="bbox 1753 1229 3291 1299; baseline 0.003 -20"><span class='ocrx_word' id='word_1_188' title='bbox 1753 1237 1822 1279; x_wconf 83' lang='lat' dir='ltr'><strong>est</strong></span> <span class='ocrx_word' id='word_1_189' title='bbox 1869 1243 1973 1280; x_wconf 83' lang='lat' dir='ltr'><strong>esse</strong></span> <span class='ocrx_word' id='word_1_190' title='bbox 2015 1229 2287 1295; x_wconf 70' lang='lat' dir='ltr'><strong>discipulus</strong></span> <span class='ocrx_word' id='word_1_191' title='bbox 2331 1229 2478 1295; x_wconf 84' lang='lat' dir='ltr'><strong>(Luc.</strong></span> <span class='ocrx_word' id='word_1_192' title='bbox 2510 1230 2640 1296; x_wconf 80' lang='lat' dir='ltr'><strong>xiv).</strong></span> <span class='ocrx_word' id='word_1_193' title='bbox 2689 1232 2750 1282; x_wconf 76' lang='lat' dir='ltr'><strong>Et</strong></span> <span class='ocrx_word' id='word_1_194' title='bbox 2792 1230 2915 1283; x_wconf 90' lang='lat' dir='ltr'><strong>illud</strong></span> <span class='ocrx_word' id='word_1_195' title='bbox 2961 1231 3098 1299; x_wconf 89' lang='lat' dir='ltr'><strong>quod</strong></span> <span class='ocrx_word' id='word_1_196' title='bbox 3145 1232 3291 1284; x_wconf 82' lang='lat' dir='ltr'><strong>dives</strong></span> 
     </span>
    </p>
   </div>
   <div class='ocr_carea' id='block_1_27' title="bbox 1751 1318 3292 1390">
    <p class='ocr_par' dir='ltr' id='par_1_27' title="bbox 1751 1318 3292 1390">
     <span class='ocr_line' id='line_1_27' title="bbox 1751 1318 3292 1390; baseline 0.006 -26"><span class='ocrx_word' id='word_1_197' title='bbox 1751 1318 2008 1383; x_wconf 87' lang='lat' dir='ltr'><strong>quondam</strong></span> <span class='ocrx_word' id='word_1_198' title='bbox 2048 1319 2372 1380; x_wconf 87' lang='lat' dir='ltr'><strong>adolescens,</strong></span> <span class='ocrx_word' id='word_1_199' title='bbox 2414 1322 2501 1387; x_wconf 92' lang='lat' dir='ltr'><strong>qui</strong></span> <span class='ocrx_word' id='word_1_200' title='bbox 2542 1323 2715 1373; x_wconf 87' lang='lat' dir='ltr'><strong>omnia</strong></span> <span class='ocrx_word' id='word_1_201' title='bbox 2757 1337 2871 1390; x_wconf 66' lang='lat' dir='ltr'><strong>qua:</strong></span> <span class='ocrx_word' id='word_1_202' title='bbox 2913 1321 2962 1374; x_wconf 88' lang='lat' dir='ltr'><strong>itt</strong></span> <span class='ocrx_word' id='word_1_203' title='bbox 3009 1323 3120 1390; x_wconf 74' lang='lat' dir='ltr'><strong>lege</strong></span> <span class='ocrx_word' id='word_1_204' title='bbox 3163 1337 3292 1386; x_wconf 67' lang='lat' dir='ltr'><strong>prte-</strong></span> 
     </span>
    </p>
   </div>
   <div class='ocr_carea' id='block_1_28' title="bbox 1750 1409 3293 1477">
    <p class='ocr_par' dir='ltr' id='par_1_28' title="bbox 1750 1409 3293 1477">
     <span class='ocr_line' id='line_1_28' title="bbox 1750 1409 3293 1477; baseline 0.004 -21"><span class='ocrx_word' id='word_1_205' title='bbox 1750 1416 1898 1471; x_wconf 85' lang='lat' dir='ltr'><strong>cepta</strong></span> <span class='ocrx_word' id='word_1_206' title='bbox 1930 1418 2053 1459; x_wconf 88' lang='lat' dir='ltr'><strong>sunt</strong></span> <span class='ocrx_word' id='word_1_207' title='bbox 2074 1423 2174 1471; x_wconf 16' lang='lat' dir='ltr'><strong>,ise</strong></span> <span class='ocrx_word' id='word_1_208' title='bbox 2209 1409 2451 1476; x_wconf 86' lang='lat' dir='ltr'><strong>implesse</strong></span> <span class='ocrx_word' id='word_1_209' title='bbox 2481 1410 2742 1477; x_wconf 71' lang='lat' dir='ltr'><strong>iactabat,</strong></span> <span class='ocrx_word' id='word_1_210' title='bbox 2771 1412 2834 1462; x_wconf 86' lang='lat' dir='ltr'><strong>ad</strong></span> <span class='ocrx_word' id='word_1_211' title='bbox 2862 1427 3014 1477; x_wconf 89' lang='lat' dir='ltr'><strong>quem</strong></span> <span class='ocrx_word' id='word_1_212' title='bbox 3047 1411 3293 1464; x_wconf 87' lang='lat' dir='ltr'><strong>Dominus</strong></span> 
     </span>
    </p>
   </div>
   <div class='ocr_carea' id='block_1_29' title="bbox 1749 1496 3293 1566">
    <p class='ocr_par' dir='ltr' id='par_1_29' title="bbox 1749 1496 3293 1566">
     <span class='ocr_line' id='line_1_29' title="bbox 1749 1496 3293 1566; baseline 0.001 -19"><span class='ocrx_word' id='word_1_213' title='bbox 1749 1498 1821 1548; x_wconf 85' lang='lat' dir='ltr'><strong>ait</strong></span> <span class='ocrx_word' id='word_1_214' title='bbox 1852 1514 1865 1549; x_wconf 90' lang='lat'><strong>:</strong></span> <span class='ocrx_word' id='word_1_215' title='bbox 1899 1496 1956 1549; x_wconf 90' lang='lat' dir='ltr'><strong>Si</strong></span> <span class='ocrx_word' id='word_1_216' title='bbox 1986 1497 2060 1550; x_wconf 78' lang='lat' dir='ltr'><strong>vis</strong></span> <span class='ocrx_word' id='word_1_217' title='bbox 2099 1514 2202 1550; x_wconf 83' lang='lat' dir='ltr'><strong>esse</strong></span> <span class='ocrx_word' id='word_1_218' title='bbox 2231 1501 2496 1564; x_wconf 77' lang='lat' dir='ltr'><strong>perfectus,</strong></span> <span class='ocrx_word' id='word_1_219' title='bbox 2526 1499 2671 1562; x_wconf 79' lang='lat' dir='ltr'><strong>code,</strong></span> <span class='ocrx_word' id='word_1_220' title='bbox 2699 1502 2851 1552; x_wconf 81' lang='lat' dir='ltr'><strong>vende</strong></span> <span class='ocrx_word' id='word_1_221' title='bbox 2877 1501 3042 1552; x_wconf 85' lang='lat' dir='ltr'><strong>omnia</strong></span> <span class='ocrx_word' id='word_1_222' title='bbox 3063 1515 3175 1566; x_wconf 82' lang='lat' dir='ltr'><strong>qua:</strong></span> <span class='ocrx_word' id='word_1_223' title='bbox 3201 1500 3293 1549; x_wconf 88' lang='lat' dir='ltr'><strong>ha-</strong></span> 
     </span>
    </p>
   </div>
   <div class='ocr_carea' id='block_1_30' title="bbox 1751 1583 3291 1653">
    <p class='ocr_par' dir='ltr' id='par_1_30' title="bbox 1751 1583 3291 1653">
     <span class='ocr_line' id='line_1_30' title="bbox 1751 1583 3291 1653; baseline 0.001 -19"><span class='ocrx_word' id='word_1_224' title='bbox 1751 1583 1850 1642; x_wconf 84' lang='lat' dir='ltr'><strong>bes,</strong></span> <span class='ocrx_word' id='word_1_225' title='bbox 1879 1595 1923 1635; x_wconf 88' lang='lat' dir='ltr'><strong>et</strong></span> <span class='ocrx_word' id='word_1_226' title='bbox 1948 1585 2011 1634; x_wconf 87' lang='lat' dir='ltr'><strong>da</strong></span> <span class='ocrx_word' id='word_1_227' title='bbox 2042 1587 2373 1652; x_wconf 77' lang='lat' dir='ltr'><strong>pauperibus;</strong></span> <span class='ocrx_word' id='word_1_228' title='bbox 2416 1596 2460 1637; x_wconf 87' lang='lat' dir='ltr'><strong>el</strong></span> <span class='ocrx_word' id='word_1_229' title='bbox 2488 1589 2616 1651; x_wconf 78' lang='lat' dir='ltr'><strong>veni,</strong></span> <span class='ocrx_word' id='word_1_230' title='bbox 2646 1604 2846 1653; x_wconf 75' lang='lat' dir='ltr'><strong>sequere</strong></span> <span class='ocrx_word' id='word_1_231' title='bbox 2877 1604 2988 1652; x_wconf 81' lang='lat' dir='ltr'><strong>me;</strong></span> <span class='ocrx_word' id='word_1_232' title='bbox 3026 1600 3069 1640; x_wconf 85' lang='lat' dir='ltr'><strong>et</strong></span> <span class='ocrx_word' id='word_1_233' title='bbox 3095 1589 3291 1638; x_wconf 79' lang='lat' dir='ltr'><strong>habebis</strong></span> 
     </span>
    </p>
   </div>
   <div class='ocr_carea' id='block_1_31' title="bbox 1751 1674 3287 1742">
    <p class='ocr_par' dir='ltr' id='par_1_31' title="bbox 1751 1674 3287 1742">
     <span class='ocr_line' id='line_1_31' title="bbox 1751 1674 3287 1742; baseline 0.001 -19"><span class='ocrx_word' id='word_1_234' title='bbox 1751 1674 2041 1725; x_wconf 74' lang='lat' dir='ltr'><strong>thesaurum</strong></span> <span class='ocrx_word' id='word_1_235' title='bbox 2069 1677 2120 1726; x_wconf 86' lang='lat' dir='ltr'><strong>in</strong></span> <span class='ocrx_word' id='word_1_236' title='bbox 2150 1676 2270 1726; x_wconf 67' lang='lat' dir='ltr'><strong>caelo</strong></span> <span class='ocrx_word' id='word_1_237' title='bbox 2301 1675 2506 1742; x_wconf 74' lang='lat' dir='ltr'><strong>(Matth.</strong></span> <span class='ocrx_word' id='word_1_238' title='bbox 2541 1677 2674 1741; x_wconf 68' lang='lat' dir='ltr'><strong>six).</strong></span> <span class='ocrx_word' id='word_1_239' title='bbox 2719 1676 2904 1726; x_wconf 80' lang='lat' dir='ltr'><strong>lterum</strong></span> <span class='ocrx_word' id='word_1_240' title='bbox 2933 1675 2995 1726; x_wconf 87' lang='lat' dir='ltr'><strong>ad</strong></span> <span class='ocrx_word' id='word_1_241' title='bbox 3022 1691 3139 1724; x_wconf 84' lang='lat' dir='ltr'><strong>eum</strong></span> <span class='ocrx_word' id='word_1_242' title='bbox 3187 1675 3287 1724; x_wconf 86' lang='lat' dir='ltr'><strong>Do-</strong></span> 
     </span>
    </p>
   </div>
   <div class='ocr_carea' id='block_1_32' title="bbox 1752 1753 3290 1831">
    <p class='ocr_par' dir='ltr' id='par_1_32' title="bbox 1752 1753 3290 1831">
     <span class='ocr_line' id='line_1_32' title="bbox 1752 1753 3290 1831; baseline 0 -18"><span class='ocrx_word' id='word_1_243' title='bbox 1752 1763 1922 1815; x_wconf 86' lang='lat' dir='ltr'><strong>minus</strong></span> <span class='ocrx_word' id='word_1_244' title='bbox 1961 1764 2232 1828; x_wconf 82' lang='lat' dir='ltr'><strong>loquitur:</strong></span> <span class='ocrx_word' id='word_1_245' title='bbox 2281 1763 2378 1825; x_wconf 83' lang='lat' dir='ltr'><strong>Qui</strong></span> <span class='ocrx_word' id='word_1_246' title='bbox 2423 1753 2523 1817; x_wconf 66' lang='lat' dir='ltr'><strong>cui!</strong></span> <span class='ocrx_word' id='word_1_247' title='bbox 2568 1781 2670 1816; x_wconf 73' lang='lat' dir='ltr'><strong>esse</strong></span> <span class='ocrx_word' id='word_1_248' title='bbox 2712 1765 2990 1831; x_wconf 72' lang='lat' dir='ltr'><strong>perfectus?</strong></span> <span class='ocrx_word' id='word_1_249' title='bbox 3038 1763 3137 1825; x_wconf 85' lang='lat' dir='ltr'><strong>Qui</strong></span> <span class='ocrx_word' id='word_1_250' title='bbox 3181 1777 3290 1814; x_wconf 81' lang='lat' dir='ltr'><strong>eum</strong></span> 
     </span>
    </p>
   </div>
   <div class='ocr_carea' id='block_1_33' title="bbox 101 1837 3292 1923">
    <p class='ocr_par' dir='ltr' id='par_1_33' title="bbox 101 1837 3292 1923">
     <span class='ocr_line' id='line_1_33' title="bbox 101 1837 3292 1923; baseline -0.001 -16"><span class='ocrx_word' id='word_1_251' title='bbox 101 1857 367 1907; x_wconf 83' lang='lat' dir='ltr'><strong>detrahunt</strong></span> <span class='ocrx_word' id='word_1_252' title='bbox 398 1856 461 1906; x_wconf 87' lang='lat' dir='ltr'><strong>ah</strong></span> <span class='ocrx_word' id='word_1_253' title='bbox 490 1857 590 1907; x_wconf 86' lang='lat' dir='ltr'><strong>illis</strong></span> <span class='ocrx_word' id='word_1_254' title='bbox 615 1857 812 1923; x_wconf 89' lang='lat' dir='ltr'><strong>optime</strong></span> <span class='ocrx_word' id='word_1_255' title='bbox 842 1857 1186 1918; x_wconf 87' lang='lat' dir='ltr'><strong>honorantur,</strong></span> <span class='ocrx_word' id='word_1_256' title='bbox 1218 1866 1289 1920; x_wconf 86' lang='lat' dir='ltr'><strong>et,</strong></span> <span class='ocrx_word' id='word_1_257' title='bbox 1322 1855 1460 1921; x_wconf 82' lang='lat' dir='ltr'><strong>quod</strong></span> <span class='ocrx_word' id='word_1_258' title='bbox 1494 1855 1638 1908; x_wconf 80' lang='lat' dir='ltr'><strong>nefas</strong></span> <span class='ocrx_word' id='word_1_259' title='bbox 1675 1837 1713 1891; x_wconf 75' lang='grc' dir='ltr'><strong>Β</strong></span> <span class='ocrx_word' id='word_1_260' title='bbox 1742 1854 1983 1918; x_wconf 84' lang='lat' dir='ltr'><strong>apostolis</strong></span> <span class='ocrx_word' id='word_1_261' title='bbox 2025 1866 2214 1918; x_wconf 84' lang='lat' dir='ltr'><strong>patrem</strong></span> <span class='ocrx_word' id='word_1_262' title='bbox 2242 1869 2286 1906; x_wconf 86' lang='lat' dir='ltr'><strong>et</strong></span> <span class='ocrx_word' id='word_1_263' title='bbox 2319 1864 2558 1919; x_wconf 85' lang='lat' dir='ltr'><strong>matrem,</strong></span> <span class='ocrx_word' id='word_1_264' title='bbox 2599 1864 2794 1921; x_wconf 86' lang='lat' dir='ltr'><strong>reteque</strong></span> <span class='ocrx_word' id='word_1_265' title='bbox 2821 1865 2866 1906; x_wconf 87' lang='lat' dir='ltr'><strong>et</strong></span> <span class='ocrx_word' id='word_1_266' title='bbox 2903 1853 3181 1905; x_wconf 74' lang='lat' dir='ltr'><strong>nauiculam</strong></span> <span class='ocrx_word' id='word_1_267' title='bbox 3211 1853 3292 1903; x_wconf 82' lang='lat' dir='ltr'><strong>tli-</strong></span> 
     </span>
    </p>
   </div>
   <div class='ocr_carea' id='block_1_34' title="bbox 103 1945 1640 2018">
    <p class='ocr_par' dir='ltr' id='par_1_34' title="bbox 103 1945 1640 2018">
     <span class='ocr_line' id='line_1_34' title="bbox 103 1945 1640 2018; baseline -0.001 -20"><span class='ocrx_word' id='word_1_268' title='bbox 103 1958 181 1998; x_wconf 86' lang='lat' dir='ltr'><strong>est</strong></span> <span class='ocrx_word' id='word_1_269' title='bbox 200 1947 393 2008; x_wconf 84' lang='lat' dir='ltr'><strong>dicere,</strong></span> <span class='ocrx_word' id='word_1_270' title='bbox 424 1945 717 1999; x_wconf 86' lang='lat' dir='ltr'><strong>honoribus</strong></span> <span class='ocrx_word' id='word_1_271' title='bbox 741 1947 1090 2018; x_wconf 80' lang='lat' dir='ltr'><strong>cumulantur.</strong></span> <span class='ocrx_word' id='word_1_272' title='bbox 1137 1945 1242 2000; x_wconf 90' lang='lat' dir='ltr'><strong>llos</strong></span> <span class='ocrx_word' id='word_1_273' title='bbox 1268 1949 1396 1999; x_wconf 87' lang='lat' dir='ltr'><strong>tales</strong></span> <span class='ocrx_word' id='word_1_274' title='bbox 1422 1961 1538 1999; x_wconf 89' lang='lat' dir='ltr'><strong>cum</strong></span> <span class='ocrx_word' id='word_1_275' title='bbox 1569 1947 1640 1997; x_wconf 91' lang='lat' dir='ltr'><strong>vi-</strong></span> 
     </span>
    </p>
   </div>
   <div class='ocr_carea' id='block_1_35' title="bbox 103 2025 1641 2102">
    <p class='ocr_par' dir='ltr' id='par_1_35' title="bbox 103 2025 1641 2102">
     <span class='ocr_line' id='line_1_35' title="bbox 103 2025 1641 2102; baseline -0.001 -15"><span class='ocrx_word' id='word_1_276' title='bbox 103 2037 298 2102; x_wconf 88' lang='lat' dir='ltr'><strong>deritis,</strong></span> <span class='ocrx_word' id='word_1_277' title='bbox 326 2037 512 2088; x_wconf 87' lang='lat' dir='ltr'><strong>melius</strong></span> <span class='ocrx_word' id='word_1_278' title='bbox 537 2036 716 2088; x_wconf 89' lang='lat' dir='ltr'><strong>odium</strong></span> <span class='ocrx_word' id='word_1_279' title='bbox 746 2051 899 2102; x_wconf 89' lang='lat' dir='ltr'><strong>quam</strong></span> <span class='ocrx_word' id='word_1_280' title='bbox 931 2036 1248 2090; x_wconf 86' lang='lat' dir='ltr'><strong>consortium</strong></span> <span class='ocrx_word' id='word_1_281' title='bbox 1281 2025 1544 2094; x_wconf 83' lang='lat' dir='ltr'><strong>habeatis,</strong></span> <span class='ocrx_word' id='word_1_282' title='bbox 1575 2034 1641 2085; x_wconf 88' lang='lat' dir='ltr'><strong>de</strong></span> 
     </span>
    </p>
   </div>
   <div class='ocr_carea' id='block_1_36' title="bbox 104 2123 1638 2194">
    <p class='ocr_par' dir='ltr' id='par_1_36' title="bbox 104 2123 1638 2194">
     <span class='ocr_line' id='line_1_36' title="bbox 104 2123 1638 2194; baseline -0.001 -18"><span class='ocrx_word' id='word_1_283' title='bbox 104 2129 279 2179; x_wconf 75' lang='lat' dir='ltr'><strong>talibus</strong></span> <span class='ocrx_word' id='word_1_284' title='bbox 319 2127 575 2192; x_wconf 69' lang='lat' dir='ltr'><strong>Protiheta</strong></span> <span class='ocrx_word' id='word_1_285' title='bbox 617 2127 731 2180; x_wconf 93' lang='lat' dir='ltr'><strong>ait:</strong></span> <span class='ocrx_word' id='word_1_286' title='bbox 763 2125 950 2180; x_wconf 78' lang='lat' dir='ltr'><strong>Nonne</strong></span> <span class='ocrx_word' id='word_1_287' title='bbox 988 2126 1073 2194; x_wconf 87' lang='lat' dir='ltr'><strong>qui</strong></span> <span class='ocrx_word' id='word_1_288' title='bbox 1114 2135 1160 2177; x_wconf 87' lang='lat' dir='ltr'><strong>te</strong></span> <span class='ocrx_word' id='word_1_289' title='bbox 1201 2125 1440 2189; x_wconf 85' lang='lat' dir='ltr'><strong>oderunt,</strong></span> <span class='ocrx_word' id='word_1_290' title='bbox 1487 2123 1638 2185; x_wconf 84' lang='lat' dir='ltr'><strong>Deus,</strong></span> 
     </span>
    </p>
   </div>
   <div class='ocr_carea' id='block_1_37' title="bbox 101 2215 1642 2283">
    <p class='ocr_par' dir='ltr' id='par_1_37' title="bbox 101 2215 1642 2283">
     <span class='ocr_line' id='line_1_37' title="bbox 101 2215 1642 2283; baseline 0.003 -21"><span class='ocrx_word' id='word_1_291' title='bbox 101 2215 290 2266; x_wconf 63' lang='lat' dir='ltr'><strong>oderam</strong></span> <span class='ocrx_word' id='word_1_292' title='bbox 335 2216 486 2269; x_wconf 76' lang='lat' dir='ltr'><strong>illos?</strong></span> <span class='ocrx_word' id='word_1_293' title='bbox 529 2216 748 2283; x_wconf 76' lang='lat' dir='ltr'><strong>perfecto</strong></span> <span class='ocrx_word' id='word_1_294' title='bbox 796 2217 911 2267; x_wconf 89' lang='lat' dir='ltr'><strong>odio</strong></span> <span class='ocrx_word' id='word_1_295' title='bbox 954 2217 1155 2268; x_wconf 79' lang='lat' dir='ltr'><strong>oderam</strong></span> <span class='ocrx_word' id='word_1_296' title='bbox 1193 2217 1328 2278; x_wconf 88' lang='lat' dir='ltr'><strong>illos,</strong></span> <span class='ocrx_word' id='word_1_297' title='bbox 1368 2225 1414 2270; x_wconf 87' lang='lat' dir='ltr'><strong>et</strong></span> <span class='ocrx_word' id='word_1_298' title='bbox 1455 2216 1642 2268; x_wconf 86' lang='lat' dir='ltr'><strong>inimici</strong></span> 
     </span>
    </p>
   </div>
   <div class='ocr_carea' id='block_1_38' title="bbox 101 2289 991 2374">
    <p class='ocr_par' dir='ltr' id='par_1_38' title="bbox 101 2289 991 2374">
     <span class='ocr_line' id='line_1_38' title="bbox 101 2289 991 2374; baseline 0.003 -18"><span class='ocrx_word' id='word_1_299' title='bbox 101 2307 211 2370; x_wconf 64' lang='lat' dir='ltr'><strong>farti</strong></span> <span class='ocrx_word' id='word_1_300' title='bbox 235 2316 346 2358; x_wconf 79' lang='lat' dir='ltr'><strong>sunt</strong></span> <span class='ocrx_word' id='word_1_301' title='bbox 373 2289 492 2359; x_wconf 68' lang='lat' dir='ltr'><strong>mihi</strong></span> <span class='ocrx_word' id='word_1_302' title='bbox 519 2305 688 2374; x_wconf 83' lang='lat' dir='ltr'><strong>(Psal.</strong></span> <span class='ocrx_word' id='word_1_303' title='bbox 717 2309 991 2372; x_wconf 80' lang='lat' dir='ltr'><strong>csxxvut).</strong></span> 
     </span>
    </p>
   </div>
   <div class='ocr_carea' id='block_1_39' title="bbox 693 2417 1039 2471">
    <p class='ocr_par' dir='ltr' id='par_1_39' title="bbox 693 2417 1039 2471">
     <span class='ocr_line' id='line_1_39' title="bbox 693 2417 1039 2471; baseline -0.006 -1"><span class='ocrx_word' id='word_1_304' title='bbox 693 2418 914 2471; x_wconf 78' lang='lat' dir='ltr'><strong>CAPUT</strong></span> <span class='ocrx_word' id='word_1_305' title='bbox 957 2417 1039 2469; x_wconf 94' lang='lat' dir='ltr'><strong>Ill.</strong></span> 
     </span>
    </p>
   </div>
   <div class='ocr_carea' id='block_1_40' title="bbox 308 2486 1426 2554">
    <p class='ocr_par' dir='ltr' id='par_1_40' title="bbox 308 2486 1426 2554">
     <span class='ocr_line' id='line_1_40' title="bbox 308 2486 1426 2554; baseline 0 -18"><span class='ocrx_word' id='word_1_306' title='bbox 308 2486 486 2548; x_wconf 81' lang='lat' dir='ltr'><strong>Qualis</strong></span> <span class='ocrx_word' id='word_1_307' title='bbox 511 2487 685 2539; x_wconf 84' lang='lat' dir='ltr'><strong>debeat</strong></span> <span class='ocrx_word' id='word_1_308' title='bbox 713 2489 830 2554; x_wconf 84' lang='lat' dir='ltr'><strong>eligi</strong></span> <span class='ocrx_word' id='word_1_309' title='bbox 857 2488 1005 2537; x_wconf 80' lang='lat' dir='ltr'><strong>abbas</strong></span> <span class='ocrx_word' id='word_1_310' title='bbox 1032 2488 1082 2537; x_wconf 85' lang='lat' dir='ltr'><strong>in</strong></span> <span class='ocrx_word' id='word_1_311' title='bbox 1108 2487 1426 2538; x_wconf 82' lang='lat' dir='ltr'><strong>monasterio.</strong></span> 
     </span>
    </p>
   </div>
   <div class='ocr_carea' id='block_1_41' title="bbox 163 2575 1639 2644">
    <p class='ocr_par' dir='ltr' id='par_1_41' title="bbox 163 2575 1639 2644">
     <span class='ocr_line' id='line_1_41' title="bbox 163 2575 1639 2644; baseline 0.001 -17"><span class='ocrx_word' id='word_1_312' title='bbox 163 2576 384 2628; x_wconf 86' lang='lat' dir='ltr'><strong>Primum</strong></span> <span class='ocrx_word' id='word_1_313' title='bbox 427 2575 794 2644; x_wconf 73' lang='lat' dir='ltr'><strong>prmvidendus</strong></span> <span class='ocrx_word' id='word_1_314' title='bbox 824 2585 906 2632; x_wconf 87' lang='lat' dir='ltr'><strong>est</strong></span> <span class='ocrx_word' id='word_1_315' title='bbox 942 2577 1120 2636; x_wconf 77' lang='lat' dir='ltr'><strong>abitas,</strong></span> <span class='ocrx_word' id='word_1_316' title='bbox 1167 2578 1285 2628; x_wconf 65' lang='lat' dir='ltr'><strong>vita:</strong></span> <span class='ocrx_word' id='word_1_317' title='bbox 1325 2586 1521 2628; x_wconf 74' lang='lat' dir='ltr'><strong>sancta:</strong></span> <span class='ocrx_word' id='word_1_318' title='bbox 1561 2579 1639 2628; x_wconf 81' lang='lat' dir='ltr'><strong>in-</strong></span> 
     </span>
    </p>
   </div>
   <div class='ocr_carea' id='block_1_42' title="bbox 100 2665 1638 2730">
    <p class='ocr_par' dir='ltr' id='par_1_42' title="bbox 100 2665 1638 2730">
     <span class='ocr_line' id='line_1_42' title="bbox 100 2665 1638 2730; baseline 0.003 -16"><span class='ocrx_word' id='word_1_319' title='bbox 100 2665 355 2717; x_wconf 70' lang='lat' dir='ltr'><strong>stitutione</strong></span> <span class='ocrx_word' id='word_1_320' title='bbox 382 2666 622 2730; x_wconf 88' lang='lat' dir='ltr'><strong>duratus,</strong></span> <span class='ocrx_word' id='word_1_321' title='bbox 669 2681 771 2718; x_wconf 92' lang='lat' dir='ltr'><strong>non</strong></span> <span class='ocrx_word' id='word_1_322' title='bbox 802 2667 1203 2720; x_wconf 84' lang='lat' dir='ltr'><strong>conversatione</strong></span> <span class='ocrx_word' id='word_1_323' title='bbox 1243 2667 1515 2729; x_wconf 85' lang='lat' dir='ltr'><strong>novellus;</strong></span> <span class='ocrx_word' id='word_1_324' title='bbox 1549 2668 1638 2719; x_wconf 74' lang='lat' dir='ltr'><strong>sed</strong></span> 
     </span>
    </p>
   </div>
   <div class='ocr_carea' id='block_1_43' title="bbox 102 2756 1640 2824">
    <p class='ocr_par' dir='ltr' id='par_1_43' title="bbox 102 2756 1640 2824">
     <span class='ocr_line' id='line_1_43' title="bbox 102 2756 1640 2824; baseline 0.005 -20"><span class='ocrx_word' id='word_1_325' title='bbox 102 2761 178 2820; x_wconf 67' lang='lat' dir='ltr'><strong>qui</strong></span> <span class='ocrx_word' id='word_1_326' title='bbox 209 2772 296 2823; x_wconf 87' lang='lat' dir='ltr'><strong>per</strong></span> <span class='ocrx_word' id='word_1_327' title='bbox 320 2756 624 2809; x_wconf 89' lang='lat' dir='ltr'><strong>diuturnum</strong></span> <span class='ocrx_word' id='word_1_328' title='bbox 656 2767 861 2824; x_wconf 88' lang='lat' dir='ltr'><strong>tempus</strong></span> <span class='ocrx_word' id='word_1_329' title='bbox 888 2759 937 2810; x_wconf 91' lang='lat' dir='ltr'><strong>in</strong></span> <span class='ocrx_word' id='word_1_330' title='bbox 981 2760 1298 2811; x_wconf 87' lang='lat' dir='ltr'><strong>monasterio</strong></span> <span class='ocrx_word' id='word_1_331' title='bbox 1326 2758 1424 2811; x_wconf 88' lang='lat' dir='ltr'><strong>sub</strong></span> <span class='ocrx_word' id='word_1_332' title='bbox 1454 2759 1640 2812; x_wconf 83' lang='lat' dir='ltr'><strong>abbate</strong></span> 
     </span>
    </p>
   </div>
   <div class='ocr_carea' id='block_1_44' title="bbox 99 2845 1642 2912">
    <p class='ocr_par' dir='ltr' id='par_1_44' title="bbox 99 2845 1642 2912">
     <span class='ocr_line' id='line_1_44' title="bbox 99 2845 1642 2912; baseline 0.003 -18"><span class='ocrx_word' id='word_1_333' title='bbox 99 2845 346 2900; x_wconf 79' lang='lat' dir='ltr'><strong>dcsudans</strong></span> <span class='ocrx_word' id='word_1_334' title='bbox 377 2847 508 2900; x_wconf 87' lang='lat' dir='ltr'><strong>inter</strong></span> <span class='ocrx_word' id='word_1_335' title='bbox 536 2847 730 2900; x_wconf 90' lang='lat' dir='ltr'><strong>multos</strong></span> <span class='ocrx_word' id='word_1_336' title='bbox 752 2856 833 2900; x_wconf 84' lang='lat' dir='ltr'><strong>est</strong></span> <span class='ocrx_word' id='word_1_337' title='bbox 855 2847 1247 2912; x_wconf 84' lang='lat' dir='ltr'><strong>comprobatus,</strong></span> <span class='ocrx_word' id='word_1_338' title='bbox 1273 2857 1325 2900; x_wconf 85' lang='lat' dir='ltr'><strong>et</strong></span> <span class='ocrx_word' id='word_1_339' title='bbox 1356 2861 1458 2898; x_wconf 91' lang='lat' dir='ltr'><strong>non</strong></span> <span class='ocrx_word' id='word_1_340' title='bbox 1487 2847 1642 2900; x_wconf 84' lang='lat' dir='ltr'><strong>habet</strong></span> 
     </span>
    </p>
   </div>
   <div class='ocr_carea' id='block_1_45' title="bbox 106 2934 1640 3004">
    <p class='ocr_par' dir='ltr' id='par_1_45' title="bbox 106 2934 1640 3004">
     <span class='ocr_line' id='line_1_45' title="bbox 106 2934 1640 3004; baseline 0.005 -21"><span class='ocrx_word' id='word_1_341' title='bbox 106 2937 440 2990; x_wconf 53' lang='lat' dir='ltr'><strong>nereditatem</strong></span> <span class='ocrx_word' id='word_1_342' title='bbox 481 2938 532 2989; x_wconf 89' lang='lat' dir='ltr'><strong>in</strong></span> <span class='ocrx_word' id='word_1_343' title='bbox 575 2937 804 2999; x_wconf 76' lang='lat' dir='ltr'><strong>stecttln;</strong></span> <span class='ocrx_word' id='word_1_344' title='bbox 843 2937 932 2988; x_wconf 70' lang='lat' dir='ltr'><strong>scd</strong></span> <span class='ocrx_word' id='word_1_345' title='bbox 982 2937 1032 2990; x_wconf 92' lang='lat' dir='ltr'><strong>in</strong></span> <span class='ocrx_word' id='word_1_346' title='bbox 1082 2945 1191 2988; x_wconf 89' lang='lat' dir='ltr'><strong>toto</strong></span> <span class='ocrx_word' id='word_1_347' title='bbox 1236 2934 1396 2989; x_wconf 88' lang='lat' dir='ltr'><strong>lsrael</strong></span> <span class='ocrx_word' id='word_1_348' title='bbox 1444 2937 1640 3004; x_wconf 78' lang='lat' dir='ltr'><strong>absque</strong></span> 
     </span>
    </p>
   </div>
   <div class='ocr_carea' id='block_1_46' title="bbox 98 3023 1638 3094">
    <p class='ocr_par' dir='ltr' id='par_1_46' title="bbox 98 3023 1638 3094">
     <span class='ocr_line' id='line_1_46' title="bbox 98 3023 1638 3094; baseline 0 -16"><span class='ocrx_word' id='word_1_349' title='bbox 98 3038 230 3080; x_wconf 85' lang='lat' dir='ltr'><strong>sorte</strong></span> <span class='ocrx_word' id='word_1_350' title='bbox 257 3029 306 3078; x_wconf 89' lang='lat' dir='ltr'><strong>in</strong></span> <span class='ocrx_word' id='word_1_351' title='bbox 336 3037 473 3081; x_wconf 82' lang='lat' dir='ltr'><strong>terra</strong></span> <span class='ocrx_word' id='word_1_352' title='bbox 516 3023 945 3094; x_wconf 83' lang='lat' dir='ltr'><strong>repromissionis</strong></span> <span class='ocrx_word' id='word_1_353' title='bbox 961 3035 1041 3080; x_wconf 88' lang='lat' dir='ltr'><strong>est</strong></span> <span class='ocrx_word' id='word_1_354' title='bbox 1060 3041 1218 3081; x_wconf 87' lang='lat' dir='ltr'><strong>verus</strong></span> <span class='ocrx_word' id='word_1_355' title='bbox 1233 3024 1498 3084; x_wconf 84' lang='lat' dir='ltr'><strong>Levita,ut</strong></span> <span class='ocrx_word' id='word_1_356' title='bbox 1522 3042 1638 3091; x_wconf 87' lang='lat' dir='ltr'><strong>pars</strong></span> 
     </span>
    </p>
   </div>
   <div class='ocr_carea' id='block_1_47' title="bbox 101 3117 1638 3183">
    <p class='ocr_par' dir='ltr' id='par_1_47' title="bbox 101 3117 1638 3183">
     <span class='ocr_line' id='line_1_47' title="bbox 101 3117 1638 3183; baseline 0.003 -16"><span class='ocrx_word' id='word_1_357' title='bbox 101 3123 387 3173; x_wconf 60' lang='lat' dir='ltr'><strong>haredtatis</strong></span> <span class='ocrx_word' id='word_1_358' title='bbox 425 3136 548 3173; x_wconf 74' lang='lat' dir='ltr'><strong>mea:</strong></span> <span class='ocrx_word' id='word_1_359' title='bbox 592 3119 834 3172; x_wconf 81' lang='lat' dir='ltr'><strong>Dominus</strong></span> <span class='ocrx_word' id='word_1_360' title='bbox 867 3119 1026 3172; x_wconf 86' lang='lat' dir='ltr'><strong>libera</strong></span> <span class='ocrx_word' id='word_1_361' title='bbox 1052 3133 1172 3173; x_wconf 90' lang='lat' dir='ltr'><strong>cum</strong></span> <span class='ocrx_word' id='word_1_362' title='bbox 1211 3117 1468 3183; x_wconf 81' lang='lat' dir='ltr'><strong>PrOpheta</strong></span> <span class='ocrx_word' id='word_1_363' title='bbox 1510 3132 1638 3172; x_wconf 88' lang='lat' dir='ltr'><strong>voce</strong></span> 
     </span>
    </p>
   </div>
   <div class='ocr_carea' id='block_1_48' title="bbox 98 3205 1634 3275">
    <p class='ocr_par' dir='ltr' id='par_1_48' title="bbox 98 3205 1634 3275">
     <span class='ocr_line' id='line_1_48' title="bbox 98 3205 1634 3275; baseline 0 -17"><span class='ocrx_word' id='word_1_364' title='bbox 98 3209 223 3260; x_wconf 88' lang='lat' dir='ltr'><strong>dicat</strong></span> <span class='ocrx_word' id='word_1_365' title='bbox 268 3207 432 3275; x_wconf 73' lang='lat' dir='ltr'><strong>(Psul.</strong></span> <span class='ocrx_word' id='word_1_366' title='bbox 479 3209 603 3275; x_wconf 79' lang='lat' dir='ltr'><strong>sv);</strong></span> <span class='ocrx_word' id='word_1_367' title='bbox 655 3209 706 3260; x_wconf 88' lang='lat' dir='ltr'><strong>in</strong></span> <span class='ocrx_word' id='word_1_368' title='bbox 757 3219 974 3272; x_wconf 87' lang='lat' dir='ltr'><strong>tantum,</strong></span> <span class='ocrx_word' id='word_1_369' title='bbox 1027 3205 1340 3261; x_wconf 81' lang='lat' dir='ltr'><strong>ut&#39;omnem</strong></span> <span class='ocrx_word' id='word_1_370' title='bbox 1389 3207 1634 3259; x_wconf 86' lang='lat' dir='ltr'><strong>causandi</strong></span> 
     </span>
    </p>
   </div>
   <div class='ocr_carea' id='block_1_49' title="bbox 99 3294 1632 3363">
    <p class='ocr_par' dir='ltr' id='par_1_49' title="bbox 99 3294 1632 3363">
     <span class='ocr_line' id='line_1_49' title="bbox 99 3294 1632 3363; baseline -0.001 -17"><span class='ocrx_word' id='word_1_371' title='bbox 99 3311 234 3348; x_wconf 81' lang='lat' dir='ltr'><strong>usum</strong></span> <span class='ocrx_word' id='word_1_372' title='bbox 265 3296 515 3350; x_wconf 83' lang='lat' dir='ltr'><strong>radicitus</strong></span> <span class='ocrx_word' id='word_1_373' title='bbox 542 3309 572 3347; x_wconf 89' lang='lat' dir='ltr'><strong>a</strong></span> <span class='ocrx_word' id='word_1_374' title='bbox 601 3309 694 3348; x_wconf 87' lang='lat' dir='ltr'><strong>suo</strong></span> <span class='ocrx_word' id='word_1_375' title='bbox 721 3296 882 3350; x_wconf 81' lang='lat' dir='ltr'><strong>cardo</strong></span> <span class='ocrx_word' id='word_1_376' title='bbox 910 3296 1160 3363; x_wconf 81' lang='lat' dir='ltr'><strong>repellat;</strong></span> <span class='ocrx_word' id='word_1_377' title='bbox 1194 3304 1249 3349; x_wconf 88' lang='lat' dir='ltr'><strong>et</strong></span> <span class='ocrx_word' id='word_1_378' title='bbox 1281 3295 1324 3347; x_wconf 88' lang='lat' dir='ltr'><strong>si</strong></span> <span class='ocrx_word' id='word_1_379' title='bbox 1354 3294 1429 3347; x_wconf 87' lang='lat' dir='ltr'><strong>fas</strong></span> <span class='ocrx_word' id='word_1_380' title='bbox 1459 3295 1632 3359; x_wconf 89' lang='lat' dir='ltr'><strong>fuerit,</strong></span> 
     </span>
    </p>
   </div>
   <div class='ocr_carea' id='block_1_50' title="bbox 100 3383 1634 3453">
    <p class='ocr_par' dir='ltr' id='par_1_50' title="bbox 100 3383 1634 3453">
     <span class='ocr_line' id='line_1_50' title="bbox 100 3383 1634 3453; baseline 0.003 -20"><span class='ocrx_word' id='word_1_381' title='bbox 100 3401 182 3448; x_wconf 58' lang='lat' dir='ltr'><strong>per</strong></span> <span class='ocrx_word' id='word_1_382' title='bbox 223 3386 411 3439; x_wconf 76' lang='lat' dir='ltr'><strong>nu-lam</strong></span> <span class='ocrx_word' id='word_1_383' title='bbox 453 3385 787 3440; x_wconf 85' lang='lat' dir='ltr'><strong>occasionem</strong></span> <span class='ocrx_word' id='word_1_384' title='bbox 836 3386 886 3438; x_wconf 91' lang='lat' dir='ltr'><strong>in</strong></span> <span class='ocrx_word' id='word_1_385' title='bbox 925 3383 1128 3453; x_wconf 83' lang='lat' dir='ltr'><strong>judicio</strong></span> <span class='ocrx_word' id='word_1_386' title='bbox 1172 3399 1289 3436; x_wconf 90' lang='lat' dir='ltr'><strong>cum</strong></span> <span class='ocrx_word' id='word_1_387' title='bbox 1336 3383 1634 3437; x_wconf 77' lang='lat' dir='ltr'><strong>hominibus</strong></span> 
     </span>
    </p>
   </div>
   <div class='ocr_carea' id='block_1_51' title="bbox 99 3473 1632 3543">
    <p class='ocr_par' dir='ltr' id='par_1_51' title="bbox 99 3473 1632 3543">
     <span class='ocr_line' id='line_1_51' title="bbox 99 3473 1632 3543; baseline -0.003 -16"><span class='ocrx_word' id='word_1_388' title='bbox 99 3479 390 3540; x_wconf 84' lang='lat' dir='ltr'><strong>contendat;</strong></span> <span class='ocrx_word' id='word_1_389' title='bbox 434 3476 528 3530; x_wconf 83' lang='lat' dir='ltr'><strong>sed</strong></span> <span class='ocrx_word' id='word_1_390' title='bbox 568 3477 610 3528; x_wconf 87' lang='lat' dir='ltr'><strong>si</strong></span> <span class='ocrx_word' id='word_1_391' title='bbox 639 3474 761 3543; x_wconf 79' lang='lat' dir='ltr'><strong>quis</strong></span> <span class='ocrx_word' id='word_1_392' title='bbox 800 3490 918 3528; x_wconf 88' lang='lat' dir='ltr'><strong>eunt</strong></span> <span class='ocrx_word' id='word_1_393' title='bbox 961 3473 1274 3537; x_wconf 87' lang='lat' dir='ltr'><strong>incitaverit,</strong></span> <span class='ocrx_word' id='word_1_394' title='bbox 1306 3482 1360 3526; x_wconf 90' lang='lat' dir='ltr'><strong>et</strong></span> <span class='ocrx_word' id='word_1_395' title='bbox 1403 3474 1632 3525; x_wconf 82' lang='lat' dir='ltr'><strong>tunicam</strong></span> 
     </span>
    </p>
   </div>
   <div class='ocr_carea' id='block_1_52' title="bbox 101 3561 1636 3632">
    <p class='ocr_par' dir='ltr' id='par_1_52' title="bbox 101 3561 1636 3632">
     <span class='ocr_line' id='line_1_52' title="bbox 101 3561 1636 3632; baseline 0.001 -19"><span class='ocrx_word' id='word_1_396' title='bbox 101 3565 293 3629; x_wconf 87' lang='lat' dir='ltr'><strong>tulerit,</strong></span> <span class='ocrx_word' id='word_1_397' title='bbox 322 3565 547 3632; x_wconf 78' lang='lat' dir='ltr'><strong>qualiter</strong></span> <span class='ocrx_word' id='word_1_398' title='bbox 566 3563 850 3616; x_wconf 83' lang='lat' dir='ltr'><strong>contendat</strong></span> <span class='ocrx_word' id='word_1_399' title='bbox 879 3563 943 3616; x_wconf 93' lang='lat' dir='ltr'><strong>ad</strong></span> <span class='ocrx_word' id='word_1_400' title='bbox 973 3576 1156 3616; x_wconf 85' lang='lat' dir='ltr'><strong>vocem</strong></span> <span class='ocrx_word' id='word_1_401' title='bbox 1189 3563 1440 3615; x_wconf 88' lang='lat' dir='ltr'><strong>continuo</strong></span> <span class='ocrx_word' id='word_1_402' title='bbox 1465 3561 1636 3616; x_wconf 81' lang='lat' dir='ltr'><strong>domi-</strong></span> 
     </span>
    </p>
   </div>
   <div class='ocr_carea' id='block_1_53' title="bbox 99 3649 1636 3721">
    <p class='ocr_par' dir='ltr' id='par_1_53' title="bbox 99 3649 1636 3721">
     <span class='ocr_line' id='line_1_53' title="bbox 99 3649 1636 3721; baseline 0 -19"><span class='ocrx_word' id='word_1_403' title='bbox 99 3653 289 3714; x_wconf 80' lang='lat' dir='ltr'><strong>nicam,</strong></span> <span class='ocrx_word' id='word_1_404' title='bbox 315 3663 369 3706; x_wconf 88' lang='lat' dir='ltr'><strong>et</strong></span> <span class='ocrx_word' id='word_1_405' title='bbox 394 3651 610 3721; x_wconf 83' lang='lat' dir='ltr'><strong>pallium</strong></span> <span class='ocrx_word' id='word_1_406' title='bbox 642 3652 903 3719; x_wconf 87' lang='lat' dir='ltr'><strong>relinquat</strong></span> <span class='ocrx_word' id='word_1_407' title='bbox 927 3650 1138 3720; x_wconf 80' lang='lat' dir='ltr'><strong>(Matth.</strong></span> <span class='ocrx_word' id='word_1_408' title='bbox 1169 3649 1242 3719; x_wconf 92' lang='lat' dir='ltr'><strong>v).</strong></span> <span class='ocrx_word' id='word_1_409' title='bbox 1286 3649 1340 3706; x_wconf 91' lang='lat' dir='ltr'><strong>Si</strong></span> <span class='ocrx_word' id='word_1_410' title='bbox 1372 3659 1513 3704; x_wconf 89' lang='lat' dir='ltr'><strong>certe</strong></span> <span class='ocrx_word' id='word_1_411' title='bbox 1541 3649 1636 3702; x_wconf 86' lang='lat' dir='ltr'><strong>ali-</strong></span> 
     </span>
    </p>
   </div>
   <div class='ocr_carea' id='block_1_54' title="bbox 96 3735 1632 3806">
    <p class='ocr_par' dir='ltr' id='par_1_54' title="bbox 96 3735 1632 3806">
     <span class='ocr_line' id='line_1_54' title="bbox 96 3735 1632 3806; baseline -0.001 -18"><span class='ocrx_word' id='word_1_412' title='bbox 96 3742 201 3806; x_wconf 80' lang='lat' dir='ltr'><strong>quis</strong></span> <span class='ocrx_word' id='word_1_413' title='bbox 239 3735 504 3795; x_wconf 77' lang='lat' dir='ltr'><strong>insecutor</strong></span> <span class='ocrx_word' id='word_1_414' title='bbox 543 3741 843 3795; x_wconf 71' lang='lat' dir='ltr'><strong>monasterii</strong></span> <span class='ocrx_word' id='word_1_415' title='bbox 886 3739 1204 3802; x_wconf 83' lang='lat' dir='ltr'><strong>accesserit,</strong></span> <span class='ocrx_word' id='word_1_416' title='bbox 1233 3737 1286 3791; x_wconf 78' lang='lat' dir='ltr'><strong>e‘t</strong></span> <span class='ocrx_word' id='word_1_417' title='bbox 1322 3737 1512 3802; x_wconf 88' lang='lat' dir='ltr'><strong>aliquid</strong></span> <span class='ocrx_word' id='word_1_418' title='bbox 1543 3751 1632 3788; x_wconf 85' lang='lat' dir='ltr'><strong>au-</strong></span> 
     </span>
    </p>
   </div>
   <div class='ocr_carea' id='block_1_55' title="bbox 98 3824 1632 3895">
    <p class='ocr_par' dir='ltr' id='par_1_55' title="bbox 98 3824 1632 3895">
     <span class='ocr_line' id='line_1_55' title="bbox 98 3824 1632 3895; baseline -0.003 -14"><span class='ocrx_word' id='word_1_419' title='bbox 98 3830 228 3884; x_wconf 86' lang='lat' dir='ltr'><strong>ferre</strong></span> <span class='ocrx_word' id='word_1_420' title='bbox 253 3841 472 3886; x_wconf 83' lang='lat' dir='ltr'><strong>conatus</strong></span> <span class='ocrx_word' id='word_1_421' title='bbox 499 3830 676 3893; x_wconf 78' lang='lat' dir='ltr'><strong>fuerit,</strong></span> <span class='ocrx_word' id='word_1_422' title='bbox 707 3841 760 3884; x_wconf 87' lang='lat' dir='ltr'><strong>et</strong></span> <span class='ocrx_word' id='word_1_423' title='bbox 791 3843 886 3895; x_wconf 87' lang='lat' dir='ltr'><strong>per</strong></span> <span class='ocrx_word' id='word_1_424' title='bbox 915 3828 1017 3880; x_wconf 87' lang='lat' dir='ltr'><strong>vim</strong></span> <span class='ocrx_word' id='word_1_425' title='bbox 1050 3827 1234 3880; x_wconf 90' lang='lat' dir='ltr'><strong>tollere</strong></span> <span class='ocrx_word' id='word_1_426' title='bbox 1264 3825 1514 3890; x_wconf 88' lang='lat' dir='ltr'><strong>voluerit,</strong></span> <span class='ocrx_word' id='word_1_427' title='bbox 1545 3824 1632 3877; x_wconf 94' lang='lat' dir='ltr'><strong>uni</strong></span> 
     </span>
    </p>
   </div>
   <div class='ocr_carea' id='block_1_56' title="bbox 96 3913 1634 3990">
    <p class='ocr_par' dir='ltr' id='par_1_56' title="bbox 96 3913 1634 3990">
     <span class='ocr_line' id='line_1_56' title="bbox 96 3913 1634 3990; baseline -0.002 -19"><span class='ocrx_word' id='word_1_428' title='bbox 96 3922 156 3974; x_wconf 84' lang='lat' dir='ltr'><strong>de</strong></span> <span class='ocrx_word' id='word_1_429' title='bbox 189 3922 329 3977; x_wconf 86' lang='lat' dir='ltr'><strong>laicis</strong></span> <span class='ocrx_word' id='word_1_430' title='bbox 356 3937 570 3976; x_wconf 86' lang='lat' dir='ltr'><strong>causam</strong></span> <span class='ocrx_word' id='word_1_431' title='bbox 610 3921 875 3990; x_wconf 84' lang='lat' dir='ltr'><strong>injungat,</strong></span> <span class='ocrx_word' id='word_1_432' title='bbox 914 3927 969 3973; x_wconf 86' lang='lat' dir='ltr'><strong>et</strong></span> <span class='ocrx_word' id='word_1_433' title='bbox 1005 3918 1104 3987; x_wconf 87' lang='lat' dir='ltr'><strong>ipsi</strong></span> <span class='ocrx_word' id='word_1_434' title='bbox 1143 3917 1448 3972; x_wconf 84' lang='lat' dir='ltr'><strong>fidelissimo</strong></span> <span class='ocrx_word' id='word_1_435' title='bbox 1483 3913 1634 3970; x_wconf 87' lang='lat' dir='ltr'><strong>Chri-</strong></span> 
     </span>
    </p>
   </div>
   <div class='ocr_carea' id='block_1_57' title="bbox 95 4007 1633 4083">
    <p class='ocr_par' dir='ltr' id='par_1_57' title="bbox 95 4007 1633 4083">
     <span class='ocr_line' id='line_1_57' title="bbox 95 4007 1633 4083; baseline -0.003 -19"><span class='ocrx_word' id='word_1_436' title='bbox 95 4014 272 4077; x_wconf 87' lang='lat' dir='ltr'><strong>stiano,</strong></span> <span class='ocrx_word' id='word_1_437' title='bbox 313 4029 470 4083; x_wconf 86' lang='lat' dir='ltr'><strong>quem</strong></span> <span class='ocrx_word' id='word_1_438' title='bbox 500 4014 602 4066; x_wconf 87' lang='lat' dir='ltr'><strong>vita</strong></span> <span class='ocrx_word' id='word_1_439' title='bbox 644 4013 778 4067; x_wconf 85' lang='lat' dir='ltr'><strong>bona</strong></span> <span class='ocrx_word' id='word_1_440' title='bbox 819 4009 1172 4074; x_wconf 88' lang='lat' dir='ltr'><strong>commendat,</strong></span> <span class='ocrx_word' id='word_1_441' title='bbox 1213 4018 1268 4064; x_wconf 88' lang='lat' dir='ltr'><strong>et</strong></span> <span class='ocrx_word' id='word_1_442' title='bbox 1302 4007 1448 4081; x_wconf 78' lang='lat' dir='ltr'><strong>fama</strong></span> <span class='ocrx_word' id='word_1_443' title='bbox 1499 4007 1633 4061; x_wconf 85' lang='lat' dir='ltr'><strong>mala</strong></span> 
     </span>
    </p>
   </div>
   <div class='ocr_carea' id='block_1_58' title="bbox 97 4100 1634 4172">
    <p class='ocr_par' dir='ltr' id='par_1_58' title="bbox 97 4100 1634 4172">
     <span class='ocr_line' id='line_1_58' title="bbox 97 4100 1634 4172; baseline -0.001 -19"><span class='ocrx_word' id='word_1_444' title='bbox 97 4117 190 4155; x_wconf 89' lang='lat' dir='ltr'><strong>nott</strong></span> <span class='ocrx_word' id='word_1_445' title='bbox 215 4102 488 4172; x_wconf 87' lang='lat' dir='ltr'><strong>reprobat;</strong></span> <span class='ocrx_word' id='word_1_446' title='bbox 521 4103 611 4172; x_wconf 88' lang='lat' dir='ltr'><strong>qui</strong></span> <span class='ocrx_word' id='word_1_447' title='bbox 638 4113 690 4156; x_wconf 88' lang='lat' dir='ltr'><strong>et</strong></span> <span class='ocrx_word' id='word_1_448' title='bbox 719 4116 806 4156; x_wconf 84' lang='lat' dir='ltr'><strong>res</strong></span> <span class='ocrx_word' id='word_1_449' title='bbox 847 4101 1148 4156; x_wconf 75' lang='lat' dir='ltr'><strong>Monasterii</strong></span> <span class='ocrx_word' id='word_1_450' title='bbox 1192 4100 1391 4164; x_wconf 86' lang='lat' dir='ltr'><strong>absque</strong></span> <span class='ocrx_word' id='word_1_451' title='bbox 1421 4108 1634 4166; x_wconf 88' lang='lat' dir='ltr'><strong>peccato</strong></span> 
     </span>
    </p>
   </div>
   <div class='ocr_carea' id='block_1_59' title="bbox 91 4188 1634 4262">
    <p class='ocr_par' dir='ltr' id='par_1_59' title="bbox 91 4188 1634 4262">
     <span class='ocr_line' id='line_1_59' title="bbox 91 4188 1634 4262; baseline 0 -21"><span class='ocrx_word' id='word_1_452' title='bbox 91 4191 294 4258; x_wconf 71' lang='lat' dir='ltr'><strong>iudicet,</strong></span> <span class='ocrx_word' id='word_1_453' title='bbox 324 4203 378 4246; x_wconf 93' lang='lat' dir='ltr'><strong>et</strong></span> <span class='ocrx_word' id='word_1_454' title='bbox 404 4200 633 4262; x_wconf 63' lang='lat' dir='ltr'><strong>quaerat;</strong></span> <span class='ocrx_word' id='word_1_455' title='bbox 663 4199 716 4244; x_wconf 88' lang='lat' dir='ltr'><strong>et</strong></span> <span class='ocrx_word' id='word_1_456' title='bbox 744 4191 787 4243; x_wconf 86' lang='lat' dir='ltr'><strong>si</strong></span> <span class='ocrx_word' id='word_1_457' title='bbox 819 4204 945 4243; x_wconf 87' lang='lat' dir='ltr'><strong>usus</strong></span> <span class='ocrx_word' id='word_1_458' title='bbox 968 4188 1177 4258; x_wconf 86' lang='lat' dir='ltr'><strong>jurandi</strong></span> <span class='ocrx_word' id='word_1_459' title='bbox 1206 4198 1322 4251; x_wconf 87' lang='lat' dir='ltr'><strong>est,</strong></span> <span class='ocrx_word' id='word_1_460' title='bbox 1353 4189 1448 4242; x_wconf 90' lang='lat' dir='ltr'><strong>hoc</strong></span> <span class='ocrx_word' id='word_1_461' title='bbox 1480 4188 1634 4241; x_wconf 81' lang='lat' dir='ltr'><strong>faciat</strong></span> 
     </span>
    </p>
   </div>
   <div class='ocr_carea' id='block_1_60' title="bbox 96 4280 1633 4352">
    <p class='ocr_par' dir='ltr' id='par_1_60' title="bbox 96 4280 1633 4352">
     <span class='ocr_line' id='line_1_60' title="bbox 96 4280 1633 4352; baseline -0.001 -19"><span class='ocrx_word' id='word_1_462' title='bbox 96 4284 198 4337; x_wconf 85' lang='lat' dir='ltr'><strong>sine</strong></span> <span class='ocrx_word' id='word_1_463' title='bbox 228 4280 528 4352; x_wconf 77' lang='lat' dir='ltr'><strong>iuramento</strong></span> <span class='ocrx_word' id='word_1_464' title='bbox 567 4291 620 4336; x_wconf 86' lang='lat' dir='ltr'><strong>et</strong></span> <span class='ocrx_word' id='word_1_465' title='bbox 659 4295 844 4349; x_wconf 74' lang='lat' dir='ltr'><strong>paana;</strong></span> <span class='ocrx_word' id='word_1_466' title='bbox 876 4290 929 4335; x_wconf 89' lang='lat' dir='ltr'><strong>et</strong></span> <span class='ocrx_word' id='word_1_467' title='bbox 966 4294 1068 4334; x_wconf 91' lang='lat' dir='ltr'><strong>non</strong></span> <span class='ocrx_word' id='word_1_468' title='bbox 1105 4288 1303 4344; x_wconf 89' lang='lat' dir='ltr'><strong>tantum</strong></span> <span class='ocrx_word' id='word_1_469' title='bbox 1334 4294 1428 4346; x_wconf 91' lang='lat' dir='ltr'><strong>pro</strong></span> <span class='ocrx_word' id='word_1_470' title='bbox 1457 4294 1633 4334; x_wconf 90' lang='lat' dir='ltr'><strong>rerum</strong></span> 
     </span>
    </p>
   </div>
   <div class='ocr_carea' id='block_1_61' title="bbox 98 4371 1631 4442">
    <p class='ocr_par' dir='ltr' id='par_1_61' title="bbox 98 4371 1631 4442">
     <span class='ocr_line' id='line_1_61' title="bbox 98 4371 1631 4442; baseline -0.001 -19"><span class='ocrx_word' id='word_1_471' title='bbox 98 4375 248 4438; x_wconf 88' lang='lat' dir='ltr'><strong>lucro,</strong></span> <span class='ocrx_word' id='word_1_472' title='bbox 275 4375 367 4428; x_wconf 87' lang='lat' dir='ltr'><strong>sed</strong></span> <span class='ocrx_word' id='word_1_473' title='bbox 405 4383 462 4428; x_wconf 92' lang='lat' dir='ltr'><strong>ut</strong></span> <span class='ocrx_word' id='word_1_474' title='bbox 507 4382 896 4442; x_wconf 87' lang='lat' dir='ltr'><strong>persecutorem</strong></span> <span class='ocrx_word' id='word_1_475' title='bbox 928 4371 1176 4426; x_wconf 89' lang='lat' dir='ltr'><strong>humilem</strong></span> <span class='ocrx_word' id='word_1_476' title='bbox 1204 4381 1256 4425; x_wconf 88' lang='lat' dir='ltr'><strong>et</strong></span> <span class='ocrx_word' id='word_1_477' title='bbox 1298 4381 1631 4430; x_wconf 81' lang='lat' dir='ltr'><strong>mansuetum</strong></span> 
     </span>
    </p>
   </div>
   <div class='ocr_carea' id='block_1_62' title="bbox 95 4461 1631 4532">
    <p class='ocr_par' dir='ltr' id='par_1_62' title="bbox 95 4461 1631 4532">
     <span class='ocr_line' id='line_1_62' title="bbox 95 4461 1631 4532; baseline 0 -20"><span class='ocrx_word' id='word_1_478' title='bbox 95 4464 151 4513; x_wconf 87' lang='lat' dir='ltr'><strong>:nl</strong></span> <span class='ocrx_word' id='word_1_479' title='bbox 177 4469 374 4518; x_wconf 81' lang='lat' dir='ltr'><strong>veniam</strong></span> <span class='ocrx_word' id='word_1_480' title='bbox 406 4464 773 4532; x_wconf 87' lang='lat' dir='ltr'><strong>postulandam</strong></span> <span class='ocrx_word' id='word_1_481' title='bbox 802 4463 1036 4517; x_wconf 87' lang='lat' dir='ltr'><strong>reducat.</strong></span> <span class='ocrx_word' id='word_1_482' title='bbox 1075 4461 1222 4527; x_wconf 87' lang='lat' dir='ltr'><strong>Quod</strong></span> <span class='ocrx_word' id='word_1_483' title='bbox 1251 4461 1294 4514; x_wconf 78' lang='lat' dir='ltr'><strong>si</strong></span> <span class='ocrx_word' id='word_1_484' title='bbox 1333 4472 1631 4528; x_wconf 77' lang='lat' dir='ltr'><strong>persecutor</strong></span> 
     </span>
    </p>
   </div>
   <div class='ocr_carea' id='block_1_63' title="bbox 97 4548 1631 4621">
    <p class='ocr_par' dir='ltr' id='par_1_63' title="bbox 97 4548 1631 4621">
     <span class='ocr_line' id='line_1_63' title="bbox 97 4548 1631 4621; baseline 0.001 -20"><span class='ocrx_word' id='word_1_485' title='bbox 97 4553 140 4602; x_wconf 91' lang='lat' dir='ltr'><strong>iu</strong></span> <span class='ocrx_word' id='word_1_486' title='bbox 165 4567 251 4606; x_wconf 81' lang='lat' dir='ltr'><strong>sua</strong></span> <span class='ocrx_word' id='word_1_487' title='bbox 277 4556 696 4621; x_wconf 73' lang='lat' dir='ltr'><strong>perseveraverit</strong></span> <span class='ocrx_word' id='word_1_488' title='bbox 722 4551 1070 4615; x_wconf 87' lang='lat' dir='ltr'><strong>contumacia,</strong></span> <span class='ocrx_word' id='word_1_489' title='bbox 1101 4560 1154 4604; x_wconf 91' lang='lat' dir='ltr'><strong>et</strong></span> <span class='ocrx_word' id='word_1_490' title='bbox 1178 4552 1298 4618; x_wconf 87' lang='lat' dir='ltr'><strong>plus</strong></span> <span class='ocrx_word' id='word_1_491' title='bbox 1331 4551 1470 4603; x_wconf 90' lang='lat' dir='ltr'><strong>lucra</strong></span> <span class='ocrx_word' id='word_1_492' title='bbox 1501 4548 1631 4602; x_wconf 85' lang='lat' dir='ltr'><strong>dile-</strong></span> 
     </span>
    </p>
   </div>
   <div class='ocr_carea' id='block_1_64' title="bbox 97 4644 1633 4714">
    <p class='ocr_par' dir='ltr' id='par_1_64' title="bbox 97 4644 1633 4714">
     <span class='ocr_line' id='line_1_64' title="bbox 97 4644 1633 4714; baseline -0.003 -18"><span class='ocrx_word' id='word_1_493' title='bbox 97 4644 234 4710; x_wconf 75' lang='lat' dir='ltr'><strong>xerit,</strong></span> <span class='ocrx_word' id='word_1_494' title='bbox 270 4660 423 4714; x_wconf 86' lang='lat' dir='ltr'><strong>quam</strong></span> <span class='ocrx_word' id='word_1_495' title='bbox 466 4645 721 4707; x_wconf 86' lang='lat' dir='ltr'><strong>animam,</strong></span> <span class='ocrx_word' id='word_1_496' title='bbox 762 4644 938 4699; x_wconf 79' lang='lat' dir='ltr'><strong>statim</strong></span> <span class='ocrx_word' id='word_1_497' title='bbox 978 4651 1222 4697; x_wconf 86' lang='lat' dir='ltr'><strong>causatur</strong></span> <span class='ocrx_word' id='word_1_498' title='bbox 1262 4655 1378 4696; x_wconf 88' lang='lat' dir='ltr'><strong>cum</strong></span> <span class='ocrx_word' id='word_1_499' title='bbox 1419 4655 1484 4694; x_wconf 93' lang='lat' dir='ltr'><strong>eo</strong></span> <span class='ocrx_word' id='word_1_500' title='bbox 1511 4654 1633 4692; x_wconf 88' lang='lat' dir='ltr'><strong>con-</strong></span> 
     </span>
    </p>
   </div>
   <div class='ocr_carea' id='block_1_65' title="bbox 99 4733 1634 4802">
    <p class='ocr_par' dir='ltr' id='par_1_65' title="bbox 99 4733 1634 4802">
     <span class='ocr_line' id='line_1_65' title="bbox 99 4733 1634 4802; baseline 0 -18"><span class='ocrx_word' id='word_1_501' title='bbox 99 4735 294 4790; x_wconf 83' lang='lat' dir='ltr'><strong>tendere</strong></span> <span class='ocrx_word' id='word_1_502' title='bbox 326 4735 574 4790; x_wconf 88' lang='lat' dir='ltr'><strong>dimittat.</strong></span> <span class='ocrx_word' id='word_1_503' title='bbox 607 4734 792 4788; x_wconf 79' lang='lat' dir='ltr'><strong>-Abbas</strong></span> <span class='ocrx_word' id='word_1_504' title='bbox 831 4747 955 4787; x_wconf 88' lang='lat' dir='ltr'><strong>vero</strong></span> <span class='ocrx_word' id='word_1_505' title='bbox 992 4733 1193 4802; x_wconf 86' lang='lat' dir='ltr'><strong>absque</strong></span> <span class='ocrx_word' id='word_1_506' title='bbox 1234 4733 1339 4786; x_wconf 86' lang='lat' dir='ltr'><strong>ullo</strong></span> <span class='ocrx_word' id='word_1_507' title='bbox 1379 4748 1472 4786; x_wconf 88' lang='lat' dir='ltr'><strong>usu</strong></span> <span class='ocrx_word' id='word_1_508' title='bbox 1512 4747 1634 4785; x_wconf 84' lang='lat' dir='ltr'><strong>cau-</strong></span> 
     </span>
    </p>
   </div>
   <div class='ocr_carea' id='block_1_66' title="bbox 97 4823 1631 4894">
    <p class='ocr_par' dir='ltr' id='par_1_66' title="bbox 97 4823 1631 4894">
     <span class='ocr_line' id='line_1_66' title="bbox 97 4823 1631 4894; baseline -0.002 -16"><span class='ocrx_word' id='word_1_509' title='bbox 97 4826 252 4894; x_wconf 83' lang='lat' dir='ltr'><strong>saudi,</strong></span> <span class='ocrx_word' id='word_1_510' title='bbox 303 4836 358 4882; x_wconf 86' lang='lat' dir='ltr'><strong>et</strong></span> <span class='ocrx_word' id='word_1_511' title='bbox 403 4841 560 4882; x_wconf 84' lang='lat' dir='ltr'><strong>eraso</strong></span> <span class='ocrx_word' id='word_1_512' title='bbox 611 4839 831 4881; x_wconf 85' lang='lat' dir='ltr'><strong>rancore</strong></span> <span class='ocrx_word' id='word_1_513' title='bbox 879 4823 1168 4890; x_wconf 87' lang='lat' dir='ltr'><strong>stomachi,</strong></span> <span class='ocrx_word' id='word_1_514' title='bbox 1223 4823 1526 4892; x_wconf 87' lang='lat' dir='ltr'><strong>simpliciter</strong></span> <span class='ocrx_word' id='word_1_515' title='bbox 1581 4823 1631 4875; x_wconf 92' lang='lat' dir='ltr'><strong>in</strong></span> 
     </span>
    </p>
   </div>
   <div class='ocr_carea' id='block_1_67' title="bbox 99 4914 1631 4977">
    <p class='ocr_par' dir='ltr' id='par_1_67' title="bbox 99 4914 1631 4977">
     <span class='ocr_line' id='line_1_67' title="bbox 99 4914 1631 4977; baseline 0.001 -12"><span class='ocrx_word' id='word_1_516' title='bbox 99 4915 396 4971; x_wconf 80' lang='lat' dir='ltr'><strong>tucnssterio</strong></span> <span class='ocrx_word' id='word_1_517' title='bbox 422 4933 544 4970; x_wconf 89' lang='lat' dir='ltr'><strong>cum</strong></span> <span class='ocrx_word' id='word_1_518' title='bbox 573 4917 680 4971; x_wconf 87' lang='lat' dir='ltr'><strong>suis</strong></span> <span class='ocrx_word' id='word_1_519' title='bbox 709 4915 977 4971; x_wconf 75' lang='lat' dir='ltr'><strong>monachis</strong></span> <span class='ocrx_word' id='word_1_520' title='bbox 1003 4917 1175 4977; x_wconf 86' lang='lat' dir='ltr'><strong>vivat,</strong></span> <span class='ocrx_word' id='word_1_521' title='bbox 1211 4924 1266 4968; x_wconf 87' lang='lat' dir='ltr'><strong>et</strong></span> <span class='ocrx_word' id='word_1_522' title='bbox 1295 4914 1486 4967; x_wconf 86' lang='lat' dir='ltr'><strong>nullam</strong></span> <span class='ocrx_word' id='word_1_523' title='bbox 1513 4928 1631 4966; x_wconf 91' lang='lat' dir='ltr'><strong>cum</strong></span> 
     </span>
    </p>
   </div>
   <div class='ocr_carea' id='block_1_68' title="bbox 96 5004 1230 5062">
    <p class='ocr_par' dir='ltr' id='par_1_68' title="bbox 96 5004 1230 5062">
     <span class='ocr_line' id='line_1_68' title="bbox 96 5004 1230 5062; baseline -0.002 -4"><span class='ocrx_word' id='word_1_524' title='bbox 96 5004 415 5060; x_wconf 67' lang='lat' dir='ltr'><strong>saecularibus</strong></span> <span class='ocrx_word' id='word_1_525' title='bbox 441 5005 694 5062; x_wconf 81' lang='lat' dir='ltr'><strong>causandi</strong></span> <span class='ocrx_word' id='word_1_526' title='bbox 727 5005 989 5058; x_wconf 87' lang='lat' dir='ltr'><strong>licentiam</strong></span> <span class='ocrx_word' id='word_1_527' title='bbox 1021 5004 1230 5058; x_wconf 81' lang='lat' dir='ltr'><strong>habeat.</strong></span> 
     </span>
    </p>
   </div>
   <div class='ocr_carea' id='block_1_69' title="bbox 686 5109 1034 5168">
    <p class='ocr_par' dir='ltr' id='par_1_69' title="bbox 686 5109 1034 5168">
     <span class='ocr_line' id='line_1_69' title="bbox 686 5109 1034 5168; baseline -0.011 0"><span class='ocrx_word' id='word_1_528' title='bbox 686 5109 908 5168; x_wconf 80' lang='lat' dir='ltr'><strong>CAPUT</strong></span> <span class='ocrx_word' id='word_1_529' title='bbox 945 5109 1034 5165; x_wconf 79' lang='lat' dir='ltr'><strong>IV.</strong></span> 
     </span>
    </p>
   </div>
   <div class='ocr_carea' id='block_1_70' title="bbox 256 5181 1455 5250">
    <p class='ocr_par' dir='ltr' id='par_1_70' title="bbox 256 5181 1455 5250">
     <span class='ocr_line' id='line_1_70' title="bbox 256 5181 1455 5250; baseline -0.003 -13"><span class='ocrx_word' id='word_1_530' title='bbox 256 5185 440 5250; x_wconf 79' lang='lat' dir='ltr'><strong>Quales</strong></span> <span class='ocrx_word' id='word_1_531' title='bbox 469 5186 697 5240; x_wconf 83' lang='lat' dir='ltr'><strong>monachi</strong></span> <span class='ocrx_word' id='word_1_532' title='bbox 727 5183 1034 5248; x_wconf 79' lang='lat' dir='ltr'><strong>recipiantur</strong></span> <span class='ocrx_word' id='word_1_533' title='bbox 1057 5181 1111 5234; x_wconf 88' lang='lat' dir='ltr'><strong>in</strong></span> <span class='ocrx_word' id='word_1_534' title='bbox 1137 5189 1455 5236; x_wconf 74' lang='lat' dir='ltr'><strong>ittouasterio.</strong></span> 
     </span>
    </p>
   </div>
   <div class='ocr_carea' id='block_1_71' title="bbox 162 5270 1632 5344">
    <p class='ocr_par' dir='ltr' id='par_1_71' title="bbox 162 5270 1632 5344">
     <span class='ocr_line' id='line_1_71' title="bbox 162 5270 1632 5344; baseline -0.001 -18"><span class='ocrx_word' id='word_1_535' title='bbox 162 5273 384 5334; x_wconf 78' lang='lat' dir='ltr'><strong>llunachi</strong></span> <span class='ocrx_word' id='word_1_536' title='bbox 405 5317 422 5339; x_wconf 93' lang='lat'><strong>,</strong></span> <span class='ocrx_word' id='word_1_537' title='bbox 453 5275 541 5344; x_wconf 90' lang='lat' dir='ltr'><strong>qui</strong></span> <span class='ocrx_word' id='word_1_538' title='bbox 565 5274 635 5328; x_wconf 91' lang='lat' dir='ltr'><strong>ob</strong></span> <span class='ocrx_word' id='word_1_539' title='bbox 663 5273 931 5343; x_wconf 78' lang='lat' dir='ltr'><strong>religionis</strong></span> <span class='ocrx_word' id='word_1_540' title='bbox 955 5271 1227 5326; x_wconf 90' lang='lat' dir='ltr'><strong>obtentum</strong></span> <span class='ocrx_word' id='word_1_541' title='bbox 1258 5270 1632 5325; x_wconf 82' lang='lat' dir='ltr'><strong>monasterium</strong></span> 
     </span>
    </p>
   </div>
   <div class='ocr_carea' id='block_1_72' title="bbox 101 5359 1636 5433">
    <p class='ocr_par' dir='ltr' id='par_1_72' title="bbox 101 5359 1636 5433">
     <span class='ocr_line' id='line_1_72' title="bbox 101 5359 1636 5433; baseline 0.002 -20"><span class='ocrx_word' id='word_1_542' title='bbox 101 5361 280 5432; x_wconf 52' lang='lat' dir='ltr'><strong>ingredi</strong></span> <span class='ocrx_word' id='word_1_543' title='bbox 322 5375 538 5433; x_wconf 84' lang='lat' dir='ltr'><strong>petunt,</strong></span> <span class='ocrx_word' id='word_1_544' title='bbox 582 5364 806 5432; x_wconf 88' lang='lat' dir='ltr'><strong>primum</strong></span> <span class='ocrx_word' id='word_1_545' title='bbox 844 5373 966 5416; x_wconf 82' lang='lat' dir='ltr'><strong>ante</strong></span> <span class='ocrx_word' id='word_1_546' title='bbox 995 5361 1134 5416; x_wconf 80' lang='lat' dir='ltr'><strong>fores</strong></span> <span class='ocrx_word' id='word_1_547' title='bbox 1179 5361 1345 5416; x_wconf 88' lang='lat' dir='ltr'><strong>tribus</strong></span> <span class='ocrx_word' id='word_1_548' title='bbox 1373 5359 1555 5415; x_wconf 86' lang='lat' dir='ltr'><strong>diebus</strong></span> <span class='ocrx_word' id='word_1_549' title='bbox 1581 5370 1636 5416; x_wconf 90' lang='lat' dir='ltr'><strong>et</strong></span> 
     </span>
    </p>
   </div>
   <div class='ocr_carea' id='block_1_73' title="bbox 99 5453 1634 5525">
    <p class='ocr_par' dir='ltr' id='par_1_73' title="bbox 99 5453 1634 5525">
     <span class='ocr_line' id='line_1_73' title="bbox 99 5453 1634 5525; baseline 0 -17"><span class='ocrx_word' id='word_1_550' title='bbox 99 5454 325 5510; x_wconf 60' lang='lat' dir='ltr'><strong>noctibus</strong></span> <span class='ocrx_word' id='word_1_551' title='bbox 349 5454 639 5519; x_wconf 72' lang='lat' dir='ltr'><strong>excubant.</strong></span> <span class='ocrx_word' id='word_1_552' title='bbox 667 5463 720 5510; x_wconf 85' lang='lat' dir='ltr'><strong>et</strong></span> <span class='ocrx_word' id='word_1_553' title='bbox 745 5467 814 5509; x_wconf 81' lang='lat' dir='ltr'><strong>ex</strong></span> <span class='ocrx_word' id='word_1_554' title='bbox 843 5453 1105 5510; x_wconf 80' lang='lat' dir='ltr'><strong>industria.</strong></span> <span class='ocrx_word' id='word_1_555' title='bbox 1121 5454 1316 5525; x_wconf 73' lang='lat' dir='ltr'><strong>iugiter</strong></span> <span class='ocrx_word' id='word_1_556' title='bbox 1342 5453 1410 5507; x_wconf 88' lang='lat' dir='ltr'><strong>ab</strong></span> <span class='ocrx_word' id='word_1_557' title='bbox 1439 5453 1634 5508; x_wconf 87' lang='lat' dir='ltr'><strong>hebdo-</strong></span> 
     </span>
    </p>
   </div>
   <div class='ocr_carea' id='block_1_74' title="bbox 99 5531 1632 5618">
    <p class='ocr_par' dir='ltr' id='par_1_74' title="bbox 99 5531 1632 5618">
     <span class='ocr_line' id='line_1_74' title="bbox 99 5531 1632 5618; baseline 0.001 -19"><span class='ocrx_word' id='word_1_558' title='bbox 99 5545 326 5604; x_wconf 83' lang='lat' dir='ltr'><strong>tnadariis</strong></span> <span class='ocrx_word' id='word_1_559' title='bbox 345 5531 764 5618; x_wconf 66' lang='lat' dir='ltr'><strong>esprobreittur;</strong></span> <span class='ocrx_word' id='word_1_560' title='bbox 789 5547 980 5616; x_wconf 85' lang='lat' dir='ltr'><strong>quibus</strong></span> <span class='ocrx_word' id='word_1_561' title='bbox 1005 5544 1190 5599; x_wconf 89' lang='lat' dir='ltr'><strong>diebus</strong></span> <span class='ocrx_word' id='word_1_562' title='bbox 1217 5548 1466 5616; x_wconf 83' lang='lat' dir='ltr'><strong>peractis,</strong></span> <span class='ocrx_word' id='word_1_563' title='bbox 1489 5554 1632 5615; x_wconf 82' lang='lat' dir='ltr'><strong>post-</strong></span> 
     </span>
    </p>
   </div>
   <div class='ocr_carea' id='block_1_75' title="bbox 101 5633 1628 5706">
    <p class='ocr_par' dir='ltr' id='par_1_75' title="bbox 101 5633 1628 5706">
     <span class='ocr_line' id='line_1_75' title="bbox 101 5633 1628 5706; baseline 0.003 -22"><span class='ocrx_word' id='word_1_564' title='bbox 101 5637 293 5693; x_wconf 79' lang='lat' dir='ltr'><strong>modum</strong></span> <span class='ocrx_word' id='word_1_565' title='bbox 337 5636 750 5706; x_wconf 85' lang='lat' dir='ltr'><strong>interrogentur,</strong></span> <span class='ocrx_word' id='word_1_566' title='bbox 797 5645 967 5690; x_wconf 90' lang='lat' dir='ltr'><strong>utrum</strong></span> <span class='ocrx_word' id='word_1_567' title='bbox 1017 5633 1165 5688; x_wconf 87' lang='lat' dir='ltr'><strong>liberi</strong></span> <span class='ocrx_word' id='word_1_568' title='bbox 1209 5637 1314 5688; x_wconf 87' lang='lat' dir='ltr'><strong>sint</strong></span> <span class='ocrx_word' id='word_1_569' title='bbox 1357 5649 1426 5689; x_wconf 87' lang='lat' dir='ltr'><strong>an</strong></span> <span class='ocrx_word' id='word_1_570' title='bbox 1469 5635 1628 5690; x_wconf 72' lang='lat' dir='ltr'><strong>servi.</strong></span> 
     </span>
    </p>
   </div>
   <div class='ocr_carea' id='block_1_76' title="bbox 97 5718 1630 5795">
    <p class='ocr_par' dir='ltr' id='par_1_76' title="bbox 97 5718 1630 5795">
     <span class='ocr_line' id='line_1_76' title="bbox 97 5718 1630 5795; baseline -0.003 -12"><span class='ocrx_word' id='word_1_571' title='bbox 97 5725 230 5790; x_wconf 77' lang='lat' dir='ltr'><strong>Quod</strong></span> <span class='ocrx_word' id='word_1_572' title='bbox 257 5727 301 5784; x_wconf 76' lang='lat' dir='ltr'><strong>si</strong></span> <span class='ocrx_word' id='word_1_573' title='bbox 321 5728 462 5784; x_wconf 79' lang='lat' dir='ltr'><strong>servi</strong></span> <span class='ocrx_word' id='word_1_574' title='bbox 492 5733 651 5794; x_wconf 86' lang='lat' dir='ltr'><strong>sunt,</strong></span> <span class='ocrx_word' id='word_1_575' title='bbox 683 5742 786 5782; x_wconf 92' lang='lat' dir='ltr'><strong>non</strong></span> <span class='ocrx_word' id='word_1_576' title='bbox 824 5723 1160 5795; x_wconf 87' lang='lat' dir='ltr'><strong>recipiantur,</strong></span> <span class='ocrx_word' id='word_1_577' title='bbox 1193 5725 1293 5779; x_wconf 86' lang='lat' dir='ltr'><strong>nisi</strong></span> <span class='ocrx_word' id='word_1_578' title='bbox 1337 5718 1630 5789; x_wconf 76' lang='lat' dir='ltr'><strong>libertatem</strong></span> 
     </span>
    </p>
   </div>
   <div class='ocr_carea' id='block_1_77' title="bbox 1743 1943 3291 2012">
    <p class='ocr_par' dir='ltr' id='par_1_77' title="bbox 1743 1943 3291 2012">
     <span class='ocr_line' id='line_1_77' title="bbox 1743 1943 3291 2012; baseline 0 -20"><span class='ocrx_word' id='word_1_579' title='bbox 1743 1943 1911 1994; x_wconf 87' lang='lat' dir='ltr'><strong>mittit.</strong></span> <span class='ocrx_word' id='word_1_580' title='bbox 1948 1943 2006 1995; x_wconf 83' lang='lat' dir='ltr'><strong>Et</strong></span> <span class='ocrx_word' id='word_1_581' title='bbox 2038 1943 2124 2012; x_wconf 90' lang='lat' dir='ltr'><strong>qui</strong></span> <span class='ocrx_word' id='word_1_582' title='bbox 2153 1945 2324 1996; x_wconf 90' lang='lat' dir='ltr'><strong>omnia</strong></span> <span class='ocrx_word' id='word_1_583' title='bbox 2356 1945 2514 2010; x_wconf 79' lang='lat' dir='ltr'><strong>dixit,</strong></span> <span class='ocrx_word' id='word_1_584' title='bbox 2549 1944 2677 1997; x_wconf 89' lang='lat' dir='ltr'><strong>ttibil</strong></span> <span class='ocrx_word' id='word_1_585' title='bbox 2705 1945 2770 1997; x_wconf 90' lang='lat' dir='ltr'><strong>de</strong></span> <span class='ocrx_word' id='word_1_586' title='bbox 2815 1943 3022 2011; x_wconf 91' lang='lat' dir='ltr'><strong>propria</strong></span> <span class='ocrx_word' id='word_1_587' title='bbox 3050 1944 3291 1994; x_wconf 80' lang='lat' dir='ltr'><strong>facultate</strong></span> 
     </span>
    </p>
   </div>
   <div class='ocr_carea' id='block_1_78' title="bbox 1739 2037 3287 2101">
    <p class='ocr_par' dir='ltr' id='par_1_78' title="bbox 1739 2037 3287 2101">
     <span class='ocr_line' id='line_1_78' title="bbox 1739 2037 3287 2101; baseline 0.003 -16"><span class='ocrx_word' id='word_1_588' title='bbox 1739 2037 1998 2088; x_wconf 86' lang='lat' dir='ltr'><strong>reservari</strong></span> <span class='ocrx_word' id='word_1_589' title='bbox 2054 2039 2350 2100; x_wconf 73' lang='lat' dir='ltr'><strong>mandavit;</strong></span> <span class='ocrx_word' id='word_1_590' title='bbox 2406 2048 2458 2091; x_wconf 89' lang='lat' dir='ltr'><strong>et</strong></span> <span class='ocrx_word' id='word_1_591' title='bbox 2508 2052 2610 2090; x_wconf 91' lang='lat' dir='ltr'><strong>non</strong></span> <span class='ocrx_word' id='word_1_592' title='bbox 2663 2037 2905 2101; x_wconf 87' lang='lat' dir='ltr'><strong>cuilibet,</strong></span> <span class='ocrx_word' id='word_1_593' title='bbox 2958 2037 3048 2090; x_wconf 86' lang='lat' dir='ltr'><strong>sed</strong></span> <span class='ocrx_word' id='word_1_594' title='bbox 3102 2044 3287 2090; x_wconf 80' lang='lat' dir='ltr'><strong>cuncta</strong></span> 
     </span>
    </p>
   </div>
   <div class='ocr_carea' id='block_1_79' title="bbox 1740 2121 3285 2194">
    <p class='ocr_par' dir='ltr' id='par_1_79' title="bbox 1740 2121 3285 2194">
     <span class='ocr_line' id='line_1_79' title="bbox 1740 2121 3285 2194; baseline 0.003 -21"><span class='ocrx_word' id='word_1_595' title='bbox 1740 2121 1932 2174; x_wconf 82' lang='lat' dir='ltr'><strong>Christi</strong></span> <span class='ocrx_word' id='word_1_596' title='bbox 1967 2126 2280 2192; x_wconf 84' lang='lat' dir='ltr'><strong>pauperibus</strong></span> <span class='ocrx_word' id='word_1_597' title='bbox 2308 2127 2576 2194; x_wconf 80' lang='lat' dir='ltr'><strong>erogavit;</strong></span> <span class='ocrx_word' id='word_1_598' title='bbox 2605 2138 2658 2180; x_wconf 91' lang='lat' dir='ltr'><strong>et</strong></span> <span class='ocrx_word' id='word_1_599' title='bbox 2687 2141 2789 2180; x_wconf 91' lang='lat' dir='ltr'><strong>non</strong></span> <span class='ocrx_word' id='word_1_600' title='bbox 2819 2127 2960 2180; x_wconf 82' lang='lat' dir='ltr'><strong>dedit</strong></span> <span class='ocrx_word' id='word_1_601' title='bbox 2987 2127 3153 2190; x_wconf 88' lang='lat' dir='ltr'><strong>patri,</strong></span> <span class='ocrx_word' id='word_1_602' title='bbox 3180 2142 3285 2179; x_wconf 88' lang='lat' dir='ltr'><strong>non</strong></span> 
     </span>
    </p>
   </div>
   <div class='ocr_carea' id='block_1_80' title="bbox 1741 2212 3280 2283">
    <p class='ocr_par' dir='ltr' id='par_1_80' title="bbox 1741 2212 3280 2283">
     <span class='ocr_line' id='line_1_80' title="bbox 1741 2212 3280 2283; baseline 0.003 -21"><span class='ocrx_word' id='word_1_603' title='bbox 1741 2212 1916 2273; x_wconf 88' lang='lat' dir='ltr'><strong>tnatri,</strong></span> <span class='ocrx_word' id='word_1_604' title='bbox 1947 2229 2046 2264; x_wconf 88' lang='lat' dir='ltr'><strong>non</strong></span> <span class='ocrx_word' id='word_1_605' title='bbox 2076 2213 2246 2276; x_wconf 87' lang='lat' dir='ltr'><strong>fratri,</strong></span> <span class='ocrx_word' id='word_1_606' title='bbox 2276 2229 2378 2266; x_wconf 91' lang='lat' dir='ltr'><strong>non</strong></span> <span class='ocrx_word' id='word_1_607' title='bbox 2409 2215 2718 2282; x_wconf 89' lang='lat' dir='ltr'><strong>propinquo,</strong></span> <span class='ocrx_word' id='word_1_608' title='bbox 2744 2230 2846 2266; x_wconf 88' lang='lat' dir='ltr'><strong>tton</strong></span> <span class='ocrx_word' id='word_1_609' title='bbox 2874 2215 3280 2283; x_wconf 82' lang='lat' dir='ltr'><strong>consanguineo,</strong></span> 
     </span>
    </p>
   </div>
   <div class='ocr_carea' id='block_1_81' title="bbox 1740 2303 3284 2372">
    <p class='ocr_par' dir='ltr' id='par_1_81' title="bbox 1740 2303 3284 2372">
     <span class='ocr_line' id='line_1_81' title="bbox 1740 2303 3284 2372; baseline 0.001 -16"><span class='ocrx_word' id='word_1_610' title='bbox 1740 2320 1840 2358; x_wconf 91' lang='lat' dir='ltr'><strong>non</strong></span> <span class='ocrx_word' id='word_1_611' title='bbox 1874 2303 1979 2357; x_wconf 85' lang='lat' dir='ltr'><strong>lilio</strong></span> <span class='ocrx_word' id='word_1_612' title='bbox 2007 2305 2270 2372; x_wconf 84' lang='lat' dir='ltr'><strong>adoptivo,</strong></span> <span class='ocrx_word' id='word_1_613' title='bbox 2304 2323 2404 2358; x_wconf 94' lang='lat' dir='ltr'><strong>non</strong></span> <span class='ocrx_word' id='word_1_614' title='bbox 2447 2308 2618 2369; x_wconf 78' lang='lat' dir='ltr'><strong>uxori,</strong></span> <span class='ocrx_word' id='word_1_615' title='bbox 2659 2320 2762 2358; x_wconf 92' lang='lat' dir='ltr'><strong>nou</strong></span> <span class='ocrx_word' id='word_1_616' title='bbox 2804 2307 3000 2370; x_wconf 81' lang='lat' dir='ltr'><strong>liberis,</strong></span> <span class='ocrx_word' id='word_1_617' title='bbox 3045 2319 3147 2359; x_wconf 91' lang='lat' dir='ltr'><strong>non</strong></span> <span class='ocrx_word' id='word_1_618' title='bbox 3189 2305 3284 2358; x_wconf 81' lang='lat' dir='ltr'><strong>Ec-</strong></span> 
     </span>
    </p>
   </div>
   <div class='ocr_carea' id='block_1_82' title="bbox 1740 2393 3285 2463">
    <p class='ocr_par' dir='ltr' id='par_1_82' title="bbox 1740 2393 3285 2463">
     <span class='ocr_line' id='line_1_82' title="bbox 1740 2393 3285 2463; baseline -0.002 -15"><span class='ocrx_word' id='word_1_619' title='bbox 1740 2397 1932 2461; x_wconf 68' lang='lat' dir='ltr'><strong>clesiae,</strong></span> <span class='ocrx_word' id='word_1_620' title='bbox 1967 2411 2068 2448; x_wconf 92' lang='lat' dir='ltr'><strong>non</strong></span> <span class='ocrx_word' id='word_1_621' title='bbox 2100 2396 2317 2463; x_wconf 86' lang='lat' dir='ltr'><strong>principi</strong></span> <span class='ocrx_word' id='word_1_622' title='bbox 2352 2404 2530 2461; x_wconf 72' lang='lat' dir='ltr'><strong>terrm,</strong></span> <span class='ocrx_word' id='word_1_623' title='bbox 2565 2410 2666 2447; x_wconf 91' lang='lat' dir='ltr'><strong>non</strong></span> <span class='ocrx_word' id='word_1_624' title='bbox 2711 2396 2902 2460; x_wconf 82' lang='lat' dir='ltr'><strong>servis,</strong></span> <span class='ocrx_word' id='word_1_625' title='bbox 2942 2395 3178 2461; x_wconf 82' lang='lat' dir='ltr'><strong>exceptis</strong></span> <span class='ocrx_word' id='word_1_626' title='bbox 3224 2393 3285 2446; x_wconf 81' lang='lat' dir='ltr'><strong>li-</strong></span> 
     </span>
    </p>
   </div>
   <div class='ocr_carea' id='block_1_83' title="bbox 1741 2485 3341 2553">
    <p class='ocr_par' dir='ltr' id='par_1_83' title="bbox 1741 2485 3341 2553">
     <span class='ocr_line' id='line_1_83' title="bbox 1741 2485 3341 2553; baseline -0.003 -14"><span class='ocrx_word' id='word_1_627' title='bbox 1741 2487 1968 2541; x_wconf 81' lang='lat' dir='ltr'><strong>bertates</strong></span> <span class='ocrx_word' id='word_1_628' title='bbox 2019 2487 2421 2540; x_wconf 85' lang='lat' dir='ltr'><strong>confirmandas.</strong></span> <span class='ocrx_word' id='word_1_629' title='bbox 2478 2486 2708 2553; x_wconf 85' lang='lat' dir='ltr'><strong>Cumque</strong></span> <span class='ocrx_word' id='word_1_630' title='bbox 2765 2487 2865 2552; x_wconf 87' lang='lat' dir='ltr'><strong>ita,</strong></span> <span class='ocrx_word' id='word_1_631' title='bbox 2926 2494 2979 2537; x_wconf 89' lang='lat' dir='ltr'><strong>ut</strong></span> <span class='ocrx_word' id='word_1_632' title='bbox 3033 2485 3280 2549; x_wconf 80' lang='lat' dir='ltr'><strong>diximus,</strong></span> <span class='ocrx_word' id='word_1_633' title='bbox 3331 2505 3341 2514; x_wconf 88' lang='grc'><strong>·</strong></span> 
     </span>
    </p>
   </div>
   <div class='ocr_carea' id='block_1_84' title="bbox 1741 2574 3284 2642">
    <p class='ocr_par' dir='ltr' id='par_1_84' title="bbox 1741 2574 3284 2642">
     <span class='ocr_line' id='line_1_84' title="bbox 1741 2574 3284 2642; baseline -0.001 -16"><span class='ocrx_word' id='word_1_634' title='bbox 1741 2574 1892 2628; x_wconf 88' lang='lat' dir='ltr'><strong>fuerit</strong></span> <span class='ocrx_word' id='word_1_635' title='bbox 1921 2577 2237 2638; x_wconf 78' lang='lat' dir='ltr'><strong>sciscitatus,</strong></span> <span class='ocrx_word' id='word_1_636' title='bbox 2284 2577 2612 2642; x_wconf 72' lang='lat' dir='ltr'><strong>postmodum</strong></span> <span class='ocrx_word' id='word_1_637' title='bbox 2659 2577 2708 2629; x_wconf 92' lang='lat' dir='ltr'><strong>in</strong></span> <span class='ocrx_word' id='word_1_638' title='bbox 2739 2575 2918 2628; x_wconf 89' lang='lat' dir='ltr'><strong>ultimo</strong></span> <span class='ocrx_word' id='word_1_639' title='bbox 2945 2575 3105 2642; x_wconf 83' lang='lat' dir='ltr'><strong>gradu</strong></span> <span class='ocrx_word' id='word_1_640' title='bbox 3153 2575 3284 2628; x_wconf 88' lang='lat' dir='ltr'><strong>reci-</strong></span> 
     </span>
    </p>
   </div>
   <div class='ocr_carea' id='block_1_85' title="bbox 1739 2666 3287 2737">
    <p class='ocr_par' dir='ltr' id='par_1_85' title="bbox 1739 2666 3287 2737">
     <span class='ocr_line' id='line_1_85' title="bbox 1739 2666 3287 2737; baseline 0.001 -20"><span class='ocrx_word' id='word_1_641' title='bbox 1739 2668 1927 2734; x_wconf 86' lang='lat' dir='ltr'><strong>piatur.</strong></span> <span class='ocrx_word' id='word_1_642' title='bbox 1974 2668 2119 2734; x_wconf 87' lang='lat' dir='ltr'><strong>Quod</strong></span> <span class='ocrx_word' id='word_1_643' title='bbox 2162 2671 2207 2720; x_wconf 88' lang='lat' dir='ltr'><strong>si</strong></span> <span class='ocrx_word' id='word_1_644' title='bbox 2254 2669 2460 2733; x_wconf 84' lang='lat' dir='ltr'><strong>ltorum,</strong></span> <span class='ocrx_word' id='word_1_645' title='bbox 2499 2683 2630 2736; x_wconf 87' lang='lat' dir='ltr'><strong>quos</strong></span> <span class='ocrx_word' id='word_1_646' title='bbox 2669 2683 2823 2737; x_wconf 86' lang='lat' dir='ltr'><strong>supra</strong></span> <span class='ocrx_word' id='word_1_647' title='bbox 2863 2666 3108 2729; x_wconf 75' lang='lat' dir='ltr'><strong>diximus,</strong></span> <span class='ocrx_word' id='word_1_648' title='bbox 3141 2680 3287 2719; x_wconf 90' lang='lat' dir='ltr'><strong>more</strong></span> 
     </span>
    </p>
   </div>
   <div class='ocr_carea' id='block_1_86' title="bbox 1739 2756 3286 2825">
    <p class='ocr_par' dir='ltr' id='par_1_86' title="bbox 1739 2756 3286 2825">
     <span class='ocr_line' id='line_1_86' title="bbox 1739 2756 3286 2825; baseline -0.004 -15"><span class='ocrx_word' id='word_1_649' title='bbox 1739 2759 1951 2825; x_wconf 88' lang='lat' dir='ltr'><strong>pietatis</strong></span> <span class='ocrx_word' id='word_1_650' title='bbox 1978 2759 2056 2810; x_wconf 88' lang='lat' dir='ltr'><strong>vel</strong></span> <span class='ocrx_word' id='word_1_651' title='bbox 2087 2773 2245 2809; x_wconf 90' lang='lat' dir='ltr'><strong>unum</strong></span> <span class='ocrx_word' id='word_1_652' title='bbox 2294 2773 2561 2809; x_wconf 90' lang='lat' dir='ltr'><strong>nummum</strong></span> <span class='ocrx_word' id='word_1_653' title='bbox 2611 2756 2801 2811; x_wconf 88' lang='lat' dir='ltr'><strong>alicubi</strong></span> <span class='ocrx_word' id='word_1_654' title='bbox 2848 2757 2982 2808; x_wconf 84' lang='lat' dir='ltr'><strong>male</strong></span> <span class='ocrx_word' id='word_1_655' title='bbox 3027 2758 3286 2807; x_wconf 84' lang='lat' dir='ltr'><strong>abrenun-</strong></span> 
     </span>
    </p>
   </div>
   <div class='ocr_carea' id='block_1_87' title="bbox 1740 2848 3284 2916">
    <p class='ocr_par' dir='ltr' id='par_1_87' title="bbox 1740 2848 3284 2916">
     <span class='ocr_line' id='line_1_87' title="bbox 1740 2848 3284 2916; baseline -0.001 -17"><span class='ocrx_word' id='word_1_656' title='bbox 1740 2848 1872 2901; x_wconf 79' lang='lat' dir='ltr'><strong>tians</strong></span> <span class='ocrx_word' id='word_1_657' title='bbox 1901 2849 2124 2916; x_wconf 88' lang='lat' dir='ltr'><strong>reliquit,</strong></span> <span class='ocrx_word' id='word_1_658' title='bbox 2172 2849 2344 2900; x_wconf 87' lang='lat' dir='ltr'><strong>statim</strong></span> <span class='ocrx_word' id='word_1_659' title='bbox 2392 2863 2510 2902; x_wconf 89' lang='lat' dir='ltr'><strong>eum</strong></span> <span class='ocrx_word' id='word_1_660' title='bbox 2556 2849 2693 2903; x_wconf 87' lang='lat' dir='ltr'><strong>foras</strong></span> <span class='ocrx_word' id='word_1_661' title='bbox 2735 2848 2913 2914; x_wconf 86' lang='lat' dir='ltr'><strong>repelli</strong></span> <span class='ocrx_word' id='word_1_662' title='bbox 2957 2849 3284 2909; x_wconf 85' lang='lat' dir='ltr'><strong>mandamus,</strong></span> 
     </span>
    </p>
   </div>
   <div class='ocr_carea' id='block_1_88' title="bbox 1736 2933 3285 3006">
    <p class='ocr_par' dir='ltr' id='par_1_88' title="bbox 1736 2933 3285 3006">
     <span class='ocr_line' id='line_1_88' title="bbox 1736 2933 3285 3006; baseline -0.001 -19"><span class='ocrx_word' id='word_1_663' title='bbox 1736 2941 1854 3006; x_wconf 82' lang='lat' dir='ltr'><strong>quia</strong></span> <span class='ocrx_word' id='word_1_664' title='bbox 1887 2954 1986 2989; x_wconf 91' lang='lat' dir='ltr'><strong>non</strong></span> <span class='ocrx_word' id='word_1_665' title='bbox 2035 2950 2156 2991; x_wconf 89' lang='lat' dir='ltr'><strong>eum</strong></span> <span class='ocrx_word' id='word_1_666' title='bbox 2188 2938 2238 2990; x_wconf 93' lang='lat' dir='ltr'><strong>in</strong></span> <span class='ocrx_word' id='word_1_667' title='bbox 2279 2937 2636 3003; x_wconf 78' lang='lat' dir='ltr'><strong>apostolorum</strong></span> <span class='ocrx_word' id='word_1_668' title='bbox 2683 2950 2919 2996; x_wconf 90' lang='lat' dir='ltr'><strong>numero,</strong></span> <span class='ocrx_word' id='word_1_669' title='bbox 2950 2936 3040 2988; x_wconf 85' lang='lat' dir='ltr'><strong>sed</strong></span> <span class='ocrx_word' id='word_1_670' title='bbox 3070 2933 3285 2987; x_wconf 65' lang='lat' dir='ltr'><strong>Ananiae</strong></span> 
     </span>
    </p>
   </div>
   <div class='ocr_carea' id='block_1_89' title="bbox 1737 3025 3285 3094">
    <p class='ocr_par' dir='ltr' id='par_1_89' title="bbox 1737 3025 3285 3094">
     <span class='ocr_line' id='line_1_89' title="bbox 1737 3025 3285 3094; baseline -0.004 -14"><span class='ocrx_word' id='word_1_671' title='bbox 1737 3037 1792 3081; x_wconf 91' lang='lat' dir='ltr'><strong>et</strong></span> <span class='ocrx_word' id='word_1_672' title='bbox 1842 3028 2079 3094; x_wconf 70' lang='lat' dir='ltr'><strong>Saphirar</strong></span> <span class='ocrx_word' id='word_1_673' title='bbox 2135 3043 2412 3094; x_wconf 71' lang='lat' dir='ltr'><strong>sequacem</strong></span> <span class='ocrx_word' id='word_1_674' title='bbox 2461 3026 2716 3080; x_wconf 82' lang='lat' dir='ltr'><strong>videmus.</strong></span> <span class='ocrx_word' id='word_1_675' title='bbox 2772 3025 2957 3078; x_wconf 80' lang='lat' dir='ltr'><strong>Sciatis</strong></span> <span class='ocrx_word' id='word_1_676' title='bbox 3009 3038 3124 3077; x_wconf 88' lang='lat' dir='ltr'><strong>eum</strong></span> <span class='ocrx_word' id='word_1_677' title='bbox 3182 3037 3285 3074; x_wconf 89' lang='lat' dir='ltr'><strong>non</strong></span> 
     </span>
    </p>
   </div>
   <div class='ocr_carea' id='block_1_90' title="bbox 1743 3113 3280 3182">
    <p class='ocr_par' dir='ltr' id='par_1_90' title="bbox 1743 3113 3280 3182">
     <span class='ocr_line' id='line_1_90' title="bbox 1743 3113 3280 3182; baseline -0.005 -12"><span class='ocrx_word' id='word_1_678' title='bbox 1743 3132 1898 3182; x_wconf 90' lang='lat' dir='ltr'><strong>posse</strong></span> <span class='ocrx_word' id='word_1_679' title='bbox 1942 3119 1992 3170; x_wconf 93' lang='lat' dir='ltr'><strong>in</strong></span> <span class='ocrx_word' id='word_1_680' title='bbox 2039 3118 2356 3171; x_wconf 85' lang='lat' dir='ltr'><strong>monasterio</strong></span> <span class='ocrx_word' id='word_1_681' title='bbox 2387 3117 2436 3169; x_wconf 91' lang='lat' dir='ltr'><strong>in</strong></span> <span class='ocrx_word' id='word_1_682' title='bbox 2470 3131 2768 3171; x_wconf 86' lang='lat' dir='ltr'><strong>mensuram</strong></span> <span class='ocrx_word' id='word_1_683' title='bbox 2799 3117 2974 3168; x_wconf 86' lang='lat' dir='ltr'><strong>venire</strong></span> <span class='ocrx_word' id='word_1_684' title='bbox 3019 3113 3280 3182; x_wconf 78' lang='lat' dir='ltr'><strong>monachi,</strong></span> 
     </span>
    </p>
   </div>
   <div class='ocr_carea' id='block_1_91' title="bbox 1745 3205 3284 3277">
    <p class='ocr_par' dir='ltr' id='par_1_91' title="bbox 1745 3205 3284 3277">
     <span class='ocr_line' id='line_1_91' title="bbox 1745 3205 3284 3277; baseline -0.003 -17"><span class='ocrx_word' id='word_1_685' title='bbox 1745 3225 1912 3277; x_wconf 84' lang='lat' dir='ltr'><strong>neque</strong></span> <span class='ocrx_word' id='word_1_686' title='bbox 1959 3210 2022 3262; x_wconf 90' lang='lat' dir='ltr'><strong>ad</strong></span> <span class='ocrx_word' id='word_1_687' title='bbox 2071 3221 2430 3277; x_wconf 82' lang='lat' dir='ltr'><strong>paupertatem</strong></span> <span class='ocrx_word' id='word_1_688' title='bbox 2475 3209 2792 3262; x_wconf 86' lang='lat' dir='ltr'><strong>descendere</strong></span> <span class='ocrx_word' id='word_1_689' title='bbox 2835 3205 3064 3270; x_wconf 75' lang='lat' dir='ltr'><strong>Chrisd,</strong></span> <span class='ocrx_word' id='word_1_690' title='bbox 3118 3217 3284 3270; x_wconf 87' lang='lat' dir='ltr'><strong>neque</strong></span> 
     </span>
    </p>
   </div>
   <div class='ocr_carea' id='block_1_92' title="bbox 1741 3297 3286 3366">
    <p class='ocr_par' dir='ltr' id='par_1_92' title="bbox 1741 3297 3286 3366">
     <span class='ocr_line' id='line_1_92' title="bbox 1741 3297 3286 3366; baseline -0.003 -15"><span class='ocrx_word' id='word_1_691' title='bbox 1741 3300 2084 3353; x_wconf 88' lang='lat' dir='ltr'><strong>humilitatem</strong></span> <span class='ocrx_word' id='word_1_692' title='bbox 2125 3302 2417 3366; x_wconf 88' lang='lat' dir='ltr'><strong>acquirere,</strong></span> <span class='ocrx_word' id='word_1_693' title='bbox 2456 3315 2620 3366; x_wconf 89' lang='lat' dir='ltr'><strong>neque</strong></span> <span class='ocrx_word' id='word_1_694' title='bbox 2649 3297 2898 3352; x_wconf 88' lang='lat' dir='ltr'><strong>obediens</strong></span> <span class='ocrx_word' id='word_1_695' title='bbox 2935 3309 3073 3360; x_wconf 89' lang='lat' dir='ltr'><strong>esse,</strong></span> <span class='ocrx_word' id='word_1_696' title='bbox 3119 3308 3286 3359; x_wconf 86' lang='lat' dir='ltr'><strong>neque</strong></span> 
     </span>
    </p>
   </div>
   <div class='ocr_carea' id='block_1_93' title="bbox 1740 3372 3283 3456">
    <p class='ocr_par' dir='ltr' id='par_1_93' title="bbox 1740 3372 3283 3456">
     <span class='ocr_line' id='line_1_93' title="bbox 1740 3372 3283 3456; baseline -0.003 -18"><span class='ocrx_word' id='word_1_697' title='bbox 1740 3388 1934 3442; x_wconf 89' lang='lat' dir='ltr'><strong>ibidem</strong></span> <span class='ocrx_word' id='word_1_698' title='bbox 1967 3398 2218 3456; x_wconf 84' lang='lat' dir='ltr'><strong>perpetuo</strong></span> <span class='ocrx_word' id='word_1_699' title='bbox 2264 3372 2578 3454; x_wconf 87' lang='lat' dir='ltr'><strong>perdurare;</strong></span> <span class='ocrx_word' id='word_1_700' title='bbox 2608 3388 2698 3440; x_wconf 87' lang='lat' dir='ltr'><strong>sed</strong></span> <span class='ocrx_word' id='word_1_701' title='bbox 2730 3402 2846 3440; x_wconf 85' lang='lat' dir='ltr'><strong>cum</strong></span> <span class='ocrx_word' id='word_1_702' title='bbox 2878 3385 3048 3453; x_wconf 85' lang='lat' dir='ltr'><strong>aliqua</strong></span> <span class='ocrx_word' id='word_1_703' title='bbox 3077 3384 3283 3437; x_wconf 89' lang='lat' dir='ltr'><strong>occasio</strong></span> 
     </span>
    </p>
   </div>
   <div class='ocr_carea' id='block_1_94' title="bbox 1739 3475 3284 3545">
    <p class='ocr_par' dir='ltr' id='par_1_94' title="bbox 1739 3475 3284 3545">
     <span class='ocr_line' id='line_1_94' title="bbox 1739 3475 3284 3545; baseline -0.003 -14"><span class='ocrx_word' id='word_1_704' title='bbox 1739 3493 1832 3545; x_wconf 93' lang='lat' dir='ltr'><strong>pro</strong></span> <span class='ocrx_word' id='word_1_705' title='bbox 1857 3476 2033 3545; x_wconf 89' lang='lat' dir='ltr'><strong>aliquo</strong></span> <span class='ocrx_word' id='word_1_706' title='bbox 2060 3495 2090 3532; x_wconf 91' lang='lat' dir='ltr'><strong>a</strong></span> <span class='ocrx_word' id='word_1_707' title='bbox 2127 3493 2224 3532; x_wconf 86' lang='lat' dir='ltr'><strong>suo</strong></span> <span class='ocrx_word' id='word_1_708' title='bbox 2249 3478 2437 3533; x_wconf 87' lang='lat' dir='ltr'><strong>abbate</strong></span> <span class='ocrx_word' id='word_1_709' title='bbox 2472 3479 2773 3532; x_wconf 87' lang='lat' dir='ltr'><strong>monasterii</strong></span> <span class='ocrx_word' id='word_1_710' title='bbox 2811 3475 3154 3544; x_wconf 78' lang='lat' dir='ltr'><strong>distringentli</strong></span> <span class='ocrx_word' id='word_1_711' title='bbox 3191 3486 3284 3527; x_wconf 89' lang='lat' dir='ltr'><strong>aut</strong></span> 
     </span>
    </p>
   </div>
   <div class='ocr_carea' id='block_1_95' title="bbox 1734 3561 3282 3636">
    <p class='ocr_par' dir='ltr' id='par_1_95' title="bbox 1734 3561 3282 3636">
     <span class='ocr_line' id='line_1_95' title="bbox 1734 3561 3282 3636; baseline -0.004 -14"><span class='ocrx_word' id='word_1_712' title='bbox 1734 3569 2049 3623; x_wconf 86' lang='lat' dir='ltr'><strong>emendandi</strong></span> <span class='ocrx_word' id='word_1_713' title='bbox 2080 3561 2382 3635; x_wconf 81' lang='lat' dir='ltr'><strong>accesserit,</strong></span> <span class='ocrx_word' id='word_1_714' title='bbox 2410 3571 2658 3623; x_wconf 90' lang='lat' dir='ltr'><strong>continuo</strong></span> <span class='ocrx_word' id='word_1_715' title='bbox 2687 3570 2738 3622; x_wconf 92' lang='lat' dir='ltr'><strong>in</strong></span> <span class='ocrx_word' id='word_1_716' title='bbox 2768 3567 3066 3636; x_wconf 84' lang='lat' dir='ltr'><strong>superbiam</strong></span> <span class='ocrx_word' id='word_1_717' title='bbox 3095 3565 3282 3634; x_wconf 78' lang='lat' dir='ltr'><strong>surgit,</strong></span> 
     </span>
    </p>
   </div>
   <div class='ocr_carea' id='block_1_96' title="bbox 1733 3654 3289 3727">
    <p class='ocr_par' dir='ltr' id='par_1_96' title="bbox 1733 3654 3289 3727">
     <span class='ocr_line' id='line_1_96' title="bbox 1733 3654 3289 3727; baseline -0.003 -14"><span class='ocrx_word' id='word_1_718' title='bbox 1733 3670 1787 3713; x_wconf 90' lang='lat' dir='ltr'><strong>et</strong></span> <span class='ocrx_word' id='word_1_719' title='bbox 1816 3661 2013 3713; x_wconf 70' lang='lat' dir='ltr'><strong>acedim</strong></span> <span class='ocrx_word' id='word_1_720' title='bbox 2054 3659 2240 3727; x_wconf 82' lang='lat' dir='ltr'><strong>spiritu</strong></span> <span class='ocrx_word' id='word_1_721' title='bbox 2272 3658 2511 3724; x_wconf 78' lang='lat' dir='ltr'><strong>inﬂatus,</strong></span> <span class='ocrx_word' id='word_1_722' title='bbox 2543 3657 2914 3712; x_wconf 84' lang='lat' dir='ltr'><strong>monasterium</strong></span> <span class='ocrx_word' id='word_1_723' title='bbox 2962 3656 3160 3726; x_wconf 81' lang='lat' dir='ltr'><strong>fugiens</strong></span> <span class='ocrx_word' id='word_1_724' title='bbox 3188 3654 3289 3709; x_wconf 86' lang='lat' dir='ltr'><strong>de-</strong></span> 
     </span>
    </p>
   </div>
   <div class='ocr_carea' id='block_1_97' title="bbox 1735 3750 2004 3816">
    <p class='ocr_par' dir='ltr' id='par_1_97' title="bbox 1735 3750 2004 3816">
     <span class='ocr_line' id='line_1_97' title="bbox 1735 3750 2004 3816; baseline -0.004 -14"><span class='ocrx_word' id='word_1_725' title='bbox 1735 3750 2004 3816; x_wconf 87' lang='lat' dir='ltr'><strong>relinquit.</strong></span> 
     </span>
    </p>
   </div>
   <div class='ocr_carea' id='block_1_98' title="bbox 2348 3833 2667 3889">
    <p class='ocr_par' dir='ltr' id='par_1_98' title="bbox 2348 3833 2667 3889">
     <span class='ocr_line' id='line_1_98' title="bbox 2348 3833 2667 3889; baseline -0.009 -1"><span class='ocrx_word' id='word_1_726' title='bbox 2348 3833 2566 3889; x_wconf 78' lang='lat' dir='ltr'><strong>CAPUT</strong></span> <span class='ocrx_word' id='word_1_727' title='bbox 2607 3834 2667 3886; x_wconf 86' lang='lat' dir='ltr'><strong>V.</strong></span> 
     </span>
    </p>
   </div>
   <div class='ocr_carea' id='block_1_99' title="bbox 1818 3920 3208 3992">
    <p class='ocr_par' dir='ltr' id='par_1_99' title="bbox 1818 3920 3208 3992">
     <span class='ocr_line' id='line_1_99' title="bbox 1818 3920 3208 3992; baseline -0.003 -14"><span class='ocrx_word' id='word_1_728' title='bbox 1818 3925 2045 3992; x_wconf 85' lang='lat' dir='ltr'><strong>Qualiter</strong></span> <span class='ocrx_word' id='word_1_729' title='bbox 2073 3925 2278 3979; x_wconf 81' lang='lat' dir='ltr'><strong>debeant</strong></span> <span class='ocrx_word' id='word_1_730' title='bbox 2307 3924 2538 3976; x_wconf 83' lang='lat' dir='ltr'><strong>monachi</strong></span> <span class='ocrx_word' id='word_1_731' title='bbox 2569 3922 2750 3975; x_wconf 88' lang='lat' dir='ltr'><strong>subditi</strong></span> <span class='ocrx_word' id='word_1_732' title='bbox 2779 3937 2881 3975; x_wconf 87' lang='lat' dir='ltr'><strong>esse</strong></span> <span class='ocrx_word' id='word_1_733' title='bbox 2907 3937 2999 3974; x_wconf 91' lang='lat' dir='ltr'><strong>suo</strong></span> <span class='ocrx_word' id='word_1_734' title='bbox 3027 3920 3208 3974; x_wconf 85' lang='lat' dir='ltr'><strong>abbati.</strong></span> 
     </span>
    </p>
   </div>
   <div class='ocr_carea' id='block_1_100' title="bbox 1805 4011 3284 4082">
    <p class='ocr_par' dir='ltr' id='par_1_100' title="bbox 1805 4011 3284 4082">
     <span class='ocr_line' id='line_1_100' title="bbox 1805 4011 3284 4082; baseline -0.006 -11"><span class='ocrx_word' id='word_1_735' title='bbox 1805 4017 1860 4071; x_wconf 95' lang='lat' dir='ltr'><strong>In</strong></span> <span class='ocrx_word' id='word_1_736' title='bbox 1892 4027 2090 4071; x_wconf 88' lang='lat' dir='ltr'><strong>tantum</strong></span> <span class='ocrx_word' id='word_1_737' title='bbox 2116 4016 2310 4070; x_wconf 89' lang='lat' dir='ltr'><strong>debent</strong></span> <span class='ocrx_word' id='word_1_738' title='bbox 2349 4014 2588 4068; x_wconf 87' lang='lat' dir='ltr'><strong>monachi</strong></span> <span class='ocrx_word' id='word_1_739' title='bbox 2631 4012 2906 4082; x_wconf 69' lang='lat' dir='ltr'><strong>praeceptis</strong></span> <span class='ocrx_word' id='word_1_740' title='bbox 2933 4011 3144 4064; x_wconf 84' lang='lat' dir='ltr'><strong>obedire</strong></span> <span class='ocrx_word' id='word_1_741' title='bbox 3171 4024 3284 4063; x_wconf 87' lang='lat' dir='ltr'><strong>ma-</strong></span> 
     </span>
    </p>
   </div>
   <div class='ocr_carea' id='block_1_101' title="bbox 1729 4100 3282 4176">
    <p class='ocr_par' dir='ltr' id='par_1_101' title="bbox 1729 4100 3282 4176">
     <span class='ocr_line' id='line_1_101' title="bbox 1729 4100 3282 4176; baseline -0.007 -13"><span class='ocrx_word' id='word_1_742' title='bbox 1729 4108 1924 4176; x_wconf 86' lang='lat' dir='ltr'><strong>jorum,</strong></span> <span class='ocrx_word' id='word_1_743' title='bbox 1957 4109 2092 4161; x_wconf 87' lang='lat' dir='ltr'><strong>sicut</strong></span> <span class='ocrx_word' id='word_1_744' title='bbox 2128 4106 2368 4162; x_wconf 89' lang='lat' dir='ltr'><strong>Christus</strong></span> <span class='ocrx_word' id='word_1_745' title='bbox 2409 4105 2547 4159; x_wconf 86' lang='lat' dir='ltr'><strong>Patri</strong></span> <span class='ocrx_word' id='word_1_746' title='bbox 2590 4104 2838 4159; x_wconf 88' lang='lat' dir='ltr'><strong>obediens</strong></span> <span class='ocrx_word' id='word_1_747' title='bbox 2882 4101 2976 4155; x_wconf 87' lang='lat' dir='ltr'><strong>fuit</strong></span> <span class='ocrx_word' id='word_1_748' title='bbox 3016 4115 3178 4170; x_wconf 87' lang='lat' dir='ltr'><strong>usque</strong></span> <span class='ocrx_word' id='word_1_749' title='bbox 3216 4100 3282 4152; x_wconf 89' lang='lat' dir='ltr'><strong>ad</strong></span> 
     </span>
    </p>
   </div>
   <div class='ocr_carea' id='block_1_102' title="bbox 1735 4191 3280 4263">
    <p class='ocr_par' dir='ltr' id='par_1_102' title="bbox 1735 4191 3280 4263">
     <span class='ocr_line' id='line_1_102' title="bbox 1735 4191 3280 4263; baseline -0.005 -13"><span class='ocrx_word' id='word_1_750' title='bbox 1735 4208 1952 4251; x_wconf 90' lang='lat' dir='ltr'><strong>mortem</strong></span> <span class='ocrx_word' id='word_1_751' title='bbox 1995 4213 2011 4249; x_wconf 89' lang='lat'><strong>:</strong></span> <span class='ocrx_word' id='word_1_752' title='bbox 2051 4197 2190 4263; x_wconf 89' lang='lat' dir='ltr'><strong>quod</strong></span> <span class='ocrx_word' id='word_1_753' title='bbox 2239 4196 2282 4248; x_wconf 88' lang='lat' dir='ltr'><strong>si</strong></span> <span class='ocrx_word' id='word_1_754' title='bbox 2333 4196 2487 4248; x_wconf 87' lang='lat' dir='ltr'><strong>aliter</strong></span> <span class='ocrx_word' id='word_1_755' title='bbox 2535 4193 2771 4253; x_wconf 85' lang='lat' dir='ltr'><strong>fecerint,</strong></span> <span class='ocrx_word' id='word_1_756' title='bbox 2823 4194 2990 4244; x_wconf 84' lang='lat' dir='ltr'><strong>sciant</strong></span> <span class='ocrx_word' id='word_1_757' title='bbox 3039 4204 3097 4243; x_wconf 87' lang='lat' dir='ltr'><strong>se</strong></span> <span class='ocrx_word' id='word_1_758' title='bbox 3143 4191 3280 4242; x_wconf 86' lang='lat' dir='ltr'><strong>viam</strong></span> 
     </span>
    </p>
   </div>
   <div class='ocr_carea' id='block_1_103' title="bbox 1733 4277 3280 4354">
    <p class='ocr_par' dir='ltr' id='par_1_103' title="bbox 1733 4277 3280 4354">
     <span class='ocr_line' id='line_1_103' title="bbox 1733 4277 3280 4354; baseline -0.005 -17"><span class='ocrx_word' id='word_1_759' title='bbox 1733 4299 1889 4354; x_wconf 89' lang='lat' dir='ltr'><strong>quam</strong></span> <span class='ocrx_word' id='word_1_760' title='bbox 1933 4283 2238 4350; x_wconf 67' lang='lat' dir='ltr'><strong>quaerebant</strong></span> <span class='ocrx_word' id='word_1_761' title='bbox 2286 4282 2595 4349; x_wconf 83' lang='lat' dir='ltr'><strong>perdidisse.</strong></span> <span class='ocrx_word' id='word_1_762' title='bbox 2647 4280 2810 4334; x_wconf 80' lang='lat' dir='ltr'><strong>Nemo</strong></span> <span class='ocrx_word' id='word_1_763' title='bbox 2858 4279 2996 4332; x_wconf 86' lang='lat' dir='ltr'><strong>vadit</strong></span> <span class='ocrx_word' id='word_1_764' title='bbox 3023 4278 3085 4331; x_wconf 89' lang='lat' dir='ltr'><strong>ad</strong></span> <span class='ocrx_word' id='word_1_765' title='bbox 3130 4277 3280 4330; x_wconf 82' lang='lat' dir='ltr'><strong>Chri-</strong></span> 
     </span>
    </p>
   </div>
   <div class='ocr_carea' id='block_1_104' title="bbox 1733 4368 3371 4442">
    <p class='ocr_par' dir='ltr' id='par_1_104' title="bbox 1733 4368 3371 4442">
     <span class='ocr_line' id='line_1_104' title="bbox 1733 4368 3371 4442; baseline -0.005 -15"><span class='ocrx_word' id='word_1_766' title='bbox 1733 4384 1892 4436; x_wconf 85' lang='lat' dir='ltr'><strong>stum,</strong></span> <span class='ocrx_word' id='word_1_767' title='bbox 1917 4375 2015 4426; x_wconf 89' lang='lat' dir='ltr'><strong>nisi</strong></span> <span class='ocrx_word' id='word_1_768' title='bbox 2045 4387 2136 4442; x_wconf 87' lang='lat' dir='ltr'><strong>per</strong></span> <span class='ocrx_word' id='word_1_769' title='bbox 2158 4373 2443 4426; x_wconf 89' lang='lat' dir='ltr'><strong>Christum.</strong></span> <span class='ocrx_word' id='word_1_770' title='bbox 2477 4370 2700 4423; x_wconf 81' lang='lat' dir='ltr'><strong>Proinde</strong></span> <span class='ocrx_word' id='word_1_771' title='bbox 2729 4369 2970 4422; x_wconf 87' lang='lat' dir='ltr'><strong>monachi</strong></span> <span class='ocrx_word' id='word_1_772' title='bbox 3002 4369 3154 4421; x_wconf 88' lang='lat' dir='ltr'><strong>talem</strong></span> <span class='ocrx_word' id='word_1_773' title='bbox 3181 4368 3279 4420; x_wconf 88' lang='lat' dir='ltr'><strong>sibi</strong></span> <span class='ocrx_word' id='word_1_774' title='bbox 3362 4389 3371 4397; x_wconf 88' lang='lat'><strong>-</strong></span> 
     </span>
    </p>
   </div>
   <div class='ocr_carea' id='block_1_105' title="bbox 1734 4459 3282 4526">
    <p class='ocr_par' dir='ltr' id='par_1_105' title="bbox 1734 4459 3282 4526">
     <span class='ocr_line' id='line_1_105' title="bbox 1734 4459 3282 4526; baseline -0.006 -10"><span class='ocrx_word' id='word_1_775' title='bbox 1734 4465 1927 4518; x_wconf 87' lang='lat' dir='ltr'><strong>debent</strong></span> <span class='ocrx_word' id='word_1_776' title='bbox 1972 4462 2141 4516; x_wconf 86' lang='lat' dir='ltr'><strong>facere</strong></span> <span class='ocrx_word' id='word_1_777' title='bbox 2179 4461 2628 4523; x_wconf 86' lang='lat' dir='ltr'><strong>consuetudinem,</strong></span> <span class='ocrx_word' id='word_1_778' title='bbox 2671 4465 2762 4526; x_wconf 85' lang='lat' dir='ltr'><strong>per</strong></span> <span class='ocrx_word' id='word_1_779' title='bbox 2806 4474 2960 4526; x_wconf 87' lang='lat' dir='ltr'><strong>quant</strong></span> <span class='ocrx_word' id='word_1_780' title='bbox 3002 4473 3030 4512; x_wconf 82' lang='lat' dir='ltr'><strong>a</strong></span> <span class='ocrx_word' id='word_1_781' title='bbox 3077 4459 3282 4525; x_wconf 77' lang='lat' dir='ltr'><strong>tramite</strong></span> 
     </span>
    </p>
   </div>
   <div class='ocr_carea' id='block_1_106' title="bbox 1739 4549 3284 4618">
    <p class='ocr_par' dir='ltr' id='par_1_106' title="bbox 1739 4549 3284 4618">
     <span class='ocr_line' id='line_1_106' title="bbox 1739 4549 3284 4618; baseline -0.005 -11"><span class='ocrx_word' id='word_1_782' title='bbox 1739 4565 1880 4608; x_wconf 81' lang='lat' dir='ltr'><strong>recto</strong></span> <span class='ocrx_word' id='word_1_783' title='bbox 1931 4554 2225 4606; x_wconf 87' lang='lat' dir='ltr'><strong>nullatenus</strong></span> <span class='ocrx_word' id='word_1_784' title='bbox 2277 4551 2480 4618; x_wconf 88' lang='lat' dir='ltr'><strong>possint</strong></span> <span class='ocrx_word' id='word_1_785' title='bbox 2526 4550 2753 4604; x_wconf 84' lang='lat' dir='ltr'><strong>deviare.</strong></span> <span class='ocrx_word' id='word_1_786' title='bbox 2804 4550 3032 4602; x_wconf 86' lang='lat' dir='ltr'><strong>Primum</strong></span> <span class='ocrx_word' id='word_1_787' title='bbox 3076 4549 3284 4601; x_wconf 86' lang='lat' dir='ltr'><strong>discant</strong></span> 
     </span>
    </p>
   </div>
   <div class='ocr_carea' id='block_1_107' title="bbox 1734 4638 3284 4710">
    <p class='ocr_par' dir='ltr' id='par_1_107' title="bbox 1734 4638 3284 4710">
     <span class='ocr_line' id='line_1_107' title="bbox 1734 4638 3284 4710; baseline -0.005 -11"><span class='ocrx_word' id='word_1_788' title='bbox 1734 4647 2032 4699; x_wconf 87' lang='lat' dir='ltr'><strong>voluntates</strong></span> <span class='ocrx_word' id='word_1_789' title='bbox 2066 4643 2299 4710; x_wconf 66' lang='lat' dir='ltr'><strong>proiirias</strong></span> <span class='ocrx_word' id='word_1_790' title='bbox 2347 4657 2618 4709; x_wconf 89' lang='lat' dir='ltr'><strong>superare,</strong></span> <span class='ocrx_word' id='word_1_791' title='bbox 2651 4653 2705 4694; x_wconf 90' lang='lat' dir='ltr'><strong>et</strong></span> <span class='ocrx_word' id='word_1_792' title='bbox 2753 4639 2881 4693; x_wconf 89' lang='lat' dir='ltr'><strong>nihil</strong></span> <span class='ocrx_word' id='word_1_793' title='bbox 2925 4653 3020 4691; x_wconf 89' lang='lat' dir='ltr'><strong>suo</strong></span> <span class='ocrx_word' id='word_1_794' title='bbox 3063 4638 3284 4702; x_wconf 86' lang='lat' dir='ltr'><strong>arbitrio</strong></span> 
     </span>
    </p>
   </div>
   <div class='ocr_carea' id='block_1_108' title="bbox 1734 4729 3284 4802">
    <p class='ocr_par' dir='ltr' id='par_1_108' title="bbox 1734 4729 3284 4802">
     <span class='ocr_line' id='line_1_108' title="bbox 1734 4729 3284 4802; baseline -0.006 -12"><span class='ocrx_word' id='word_1_795' title='bbox 1734 4739 1814 4791; x_wconf 86' lang='lat' dir='ltr'><strong>vel</strong></span> <span class='ocrx_word' id='word_1_796' title='bbox 1848 4739 2118 4790; x_wconf 90' lang='lat' dir='ltr'><strong>minimum</strong></span> <span class='ocrx_word' id='word_1_797' title='bbox 2147 4733 2341 4801; x_wconf 76' lang='lat' dir='ltr'><strong>aliquid</strong></span> <span class='ocrx_word' id='word_1_798' title='bbox 2389 4748 2578 4802; x_wconf 88' lang='lat' dir='ltr'><strong>agere;</strong></span> <span class='ocrx_word' id='word_1_799' title='bbox 2627 4732 2752 4786; x_wconf 87' lang='lat' dir='ltr'><strong>nihil</strong></span> <span class='ocrx_word' id='word_1_800' title='bbox 2783 4730 2919 4800; x_wconf 90' lang='lat' dir='ltr'><strong>loqui</strong></span> <span class='ocrx_word' id='word_1_801' title='bbox 2950 4729 3049 4782; x_wconf 87' lang='lat' dir='ltr'><strong>nisi</strong></span> <span class='ocrx_word' id='word_1_802' title='bbox 3090 4729 3155 4782; x_wconf 88' lang='lat' dir='ltr'><strong>ad</strong></span> <span class='ocrx_word' id='word_1_803' title='bbox 3200 4730 3284 4784; x_wconf 84' lang='lat' dir='ltr'><strong>in-</strong></span> 
     </span>
    </p>
   </div>
   <div class='ocr_carea' id='block_1_109' title="bbox 1735 4821 3283 4896">
    <p class='ocr_par' dir='ltr' id='par_1_109' title="bbox 1735 4821 3283 4896">
     <span class='ocr_line' id='line_1_109' title="bbox 1735 4821 3283 4896; baseline -0.005 -17"><span class='ocrx_word' id='word_1_804' title='bbox 1735 4837 2017 4896; x_wconf 82' lang='lat' dir='ltr'><strong>terrogata,</strong></span> <span class='ocrx_word' id='word_1_805' title='bbox 2049 4834 2102 4879; x_wconf 87' lang='lat' dir='ltr'><strong>et</strong></span> <span class='ocrx_word' id='word_1_806' title='bbox 2138 4825 2480 4892; x_wconf 84' lang='lat' dir='ltr'><strong>cogitationes</strong></span> <span class='ocrx_word' id='word_1_807' title='bbox 2505 4823 2570 4877; x_wconf 92' lang='lat' dir='ltr'><strong>de</strong></span> <span class='ocrx_word' id='word_1_808' title='bbox 2610 4822 2693 4876; x_wconf 89' lang='lat' dir='ltr'><strong>die</strong></span> <span class='ocrx_word' id='word_1_809' title='bbox 2733 4823 2782 4873; x_wconf 90' lang='lat' dir='ltr'><strong>in</strong></span> <span class='ocrx_word' id='word_1_810' title='bbox 2823 4821 2963 4873; x_wconf 87' lang='lat' dir='ltr'><strong>diem</strong></span> <span class='ocrx_word' id='word_1_811' title='bbox 3008 4827 3283 4873; x_wconf 86' lang='lat' dir='ltr'><strong>nascentes</strong></span> 
     </span>
    </p>
   </div>
   <div class='ocr_carea' id='block_1_110' title="bbox 1734 4909 3282 4986">
    <p class='ocr_par' dir='ltr' id='par_1_110' title="bbox 1734 4909 3282 4986">
     <span class='ocr_line' id='line_1_110' title="bbox 1734 4909 3282 4986; baseline -0.006 -16"><span class='ocrx_word' id='word_1_812' title='bbox 1734 4934 1850 4971; x_wconf 89' lang='lat' dir='ltr'><strong>cum</strong></span> <span class='ocrx_word' id='word_1_813' title='bbox 1897 4917 2097 4986; x_wconf 77' lang='lat' dir='ltr'><strong>jejunio</strong></span> <span class='ocrx_word' id='word_1_814' title='bbox 2149 4927 2201 4969; x_wconf 88' lang='lat' dir='ltr'><strong>et</strong></span> <span class='ocrx_word' id='word_1_815' title='bbox 2253 4909 2493 4970; x_wconf 74' lang='lat' dir='ltr'><strong>aratione</strong></span> <span class='ocrx_word' id='word_1_816' title='bbox 2543 4912 2826 4981; x_wconf 81' lang='lat' dir='ltr'><strong>expellere,</strong></span> <span class='ocrx_word' id='word_1_817' title='bbox 2866 4920 2918 4964; x_wconf 88' lang='lat' dir='ltr'><strong>et</strong></span> <span class='ocrx_word' id='word_1_818' title='bbox 2968 4924 3064 4962; x_wconf 89' lang='lat' dir='ltr'><strong>suo</strong></span> <span class='ocrx_word' id='word_1_819' title='bbox 3111 4910 3282 4962; x_wconf 85' lang='lat' dir='ltr'><strong>abbati</strong></span> 
     </span>
    </p>
   </div>
   <div class='ocr_carea' id='block_1_111' title="bbox 1734 5001 3280 5076">
    <p class='ocr_par' dir='ltr' id='par_1_111' title="bbox 1734 5001 3280 5076">
     <span class='ocr_line' id='line_1_111' title="bbox 1734 5001 3280 5076; baseline -0.006 -15"><span class='ocrx_word' id='word_1_820' title='bbox 1734 5022 1996 5076; x_wconf 88' lang='lat' dir='ltr'><strong>nunquam</strong></span> <span class='ocrx_word' id='word_1_821' title='bbox 2029 5004 2320 5076; x_wconf 85' lang='lat' dir='ltr'><strong>celare._Et</strong></span> <span class='ocrx_word' id='word_1_822' title='bbox 2345 5004 2593 5074; x_wconf 89' lang='lat' dir='ltr'><strong>quidquid</strong></span> <span class='ocrx_word' id='word_1_823' title='bbox 2632 5002 2880 5062; x_wconf 81' lang='lat' dir='ltr'><strong>fecerint,</strong></span> <span class='ocrx_word' id='word_1_824' title='bbox 2910 5001 3107 5068; x_wconf 85' lang='lat' dir='ltr'><strong>absque</strong></span> <span class='ocrx_word' id='word_1_825' title='bbox 3135 5005 3280 5052; x_wconf 82' lang='lat' dir='ltr'><strong>mur-</strong></span> 
     </span>
    </p>
   </div>
   <div class='ocr_carea' id='block_1_112' title="bbox 1735 5088 3278 5162">
    <p class='ocr_par' dir='ltr' id='par_1_112' title="bbox 1735 5088 3278 5162">
     <span class='ocr_line' id='line_1_112' title="bbox 1735 5088 3278 5162; baseline -0.006 -13"><span class='ocrx_word' id='word_1_826' title='bbox 1735 5096 2025 5151; x_wconf 83' lang='lat' dir='ltr'><strong>muratione</strong></span> <span class='ocrx_word' id='word_1_827' title='bbox 2053 5095 2268 5161; x_wconf 85' lang='lat' dir='ltr'><strong>faciant,</strong></span> <span class='ocrx_word' id='word_1_828' title='bbox 2300 5109 2390 5160; x_wconf 90' lang='lat' dir='ltr'><strong>ne,</strong></span> <span class='ocrx_word' id='word_1_829' title='bbox 2419 5097 2555 5162; x_wconf 82' lang='lat' dir='ltr'><strong>quod</strong></span> <span class='ocrx_word' id='word_1_830' title='bbox 2601 5092 2773 5155; x_wconf 88' lang='lat' dir='ltr'><strong>absit,</strong></span> <span class='ocrx_word' id='word_1_831' title='bbox 2820 5088 3192 5144; x_wconf 87' lang='lat' dir='ltr'><strong>murmurando</strong></span> <span class='ocrx_word' id='word_1_832' title='bbox 3219 5102 3278 5142; x_wconf 86' lang='lat' dir='ltr'><strong>ea</strong></span> 
     </span>
    </p>
   </div>
   <div class='ocr_carea' id='block_1_113' title="bbox 1734 5180 3356 5253">
    <p class='ocr_par' dir='ltr' id='par_1_113' title="bbox 1734 5180 3356 5253">
     <span class='ocr_line' id='line_1_113' title="bbox 1734 5180 3356 5253; baseline -0.007 -12"><span class='ocrx_word' id='word_1_833' title='bbox 1734 5189 1988 5241; x_wconf 88' lang='lat' dir='ltr'><strong>sententia</strong></span> <span class='ocrx_word' id='word_1_834' title='bbox 2039 5191 2273 5253; x_wconf 86' lang='lat' dir='ltr'><strong>pereant,</strong></span> <span class='ocrx_word' id='word_1_835' title='bbox 2314 5199 2417 5252; x_wconf 87' lang='lat' dir='ltr'><strong>qua</strong></span> <span class='ocrx_word' id='word_1_836' title='bbox 2469 5183 2733 5251; x_wconf 88' lang='lat' dir='ltr'><strong>perierunt</strong></span> <span class='ocrx_word' id='word_1_837' title='bbox 2779 5181 2815 5236; x_wconf 93' lang='lat' dir='ltr'><strong>ii</strong></span> <span class='ocrx_word' id='word_1_838' title='bbox 2861 5181 2948 5249; x_wconf 90' lang='lat' dir='ltr'><strong>qui</strong></span> <span class='ocrx_word' id='word_1_839' title='bbox 2994 5180 3045 5233; x_wconf 93' lang='lat' dir='ltr'><strong>in</strong></span> <span class='ocrx_word' id='word_1_840' title='bbox 3075 5180 3281 5232; x_wconf 78' lang='lat' dir='ltr'><strong>deserto</strong></span> <span class='ocrx_word' id='word_1_841' title='bbox 3351 5193 3356 5199; x_wconf 89' lang='grc'><strong>·</strong></span> 
     </span>
    </p>
   </div>
   <div class='ocr_carea' id='block_1_114' title="bbox 1734 5269 3277 5344">
    <p class='ocr_par' dir='ltr' id='par_1_114' title="bbox 1734 5269 3277 5344">
     <span class='ocr_line' id='line_1_114' title="bbox 1734 5269 3277 5344; baseline -0.01 -12"><span class='ocrx_word' id='word_1_842' title='bbox 1734 5286 2188 5332; x_wconf 85' lang='lat' dir='ltr'><strong>murmuraverunt</strong></span> <span class='ocrx_word' id='word_1_843' title='bbox 2223 5274 2407 5344; x_wconf 79' lang='lat' dir='ltr'><strong>(Nunt.</strong></span> <span class='ocrx_word' id='word_1_844' title='bbox 2435 5287 2487 5327; x_wconf 79' lang='lat' dir='ltr'><strong>st</strong></span> <span class='ocrx_word' id='word_1_845' title='bbox 2515 5271 2662 5340; x_wconf 66' lang='grc' dir='ltr'><strong>αφ).</strong></span> <span class='ocrx_word' id='word_1_846' title='bbox 2696 5269 2768 5325; x_wconf 93' lang='lat' dir='ltr'><strong>Illi</strong></span> <span class='ocrx_word' id='word_1_847' title='bbox 2799 5271 3063 5338; x_wconf 88' lang='lat' dir='ltr'><strong>perierunt</strong></span> <span class='ocrx_word' id='word_1_848' title='bbox 3088 5279 3277 5320; x_wconf 86' lang='lat' dir='ltr'><strong>manna</strong></span> 
     </span>
    </p>
   </div>
   <div class='ocr_carea' id='block_1_115' title="bbox 1734 5357 3279 5435">
    <p class='ocr_par' dir='ltr' id='par_1_115' title="bbox 1734 5357 3279 5435">
     <span class='ocr_line' id='line_1_115' title="bbox 1734 5357 3279 5435; baseline -0.01 -16"><span class='ocrx_word' id='word_1_849' title='bbox 1734 5363 2115 5435; x_wconf 88' lang='lat' dir='ltr'><strong>manducando,</strong></span> <span class='ocrx_word' id='word_1_850' title='bbox 2147 5374 2202 5418; x_wconf 88' lang='lat' dir='ltr'><strong>et</strong></span> <span class='ocrx_word' id='word_1_851' title='bbox 2255 5364 2336 5417; x_wconf 85' lang='lat' dir='ltr'><strong>isti</strong></span> <span class='ocrx_word' id='word_1_852' title='bbox 2392 5364 2442 5416; x_wconf 93' lang='lat' dir='ltr'><strong>in</strong></span> <span class='ocrx_word' id='word_1_853' title='bbox 2497 5357 2818 5416; x_wconf 82' lang='lat' dir='ltr'><strong>monasterio</strong></span> <span class='ocrx_word' id='word_1_854' title='bbox 2867 5363 3279 5411; x_wconf 88' lang='lat' dir='ltr'><strong>murmuratores</strong></span> 
     </span>
    </p>
   </div>
   <div class='ocr_carea' id='block_1_116' title="bbox 1733 5440 3282 5524">
    <p class='ocr_par' dir='ltr' id='par_1_116' title="bbox 1733 5440 3282 5524">
     <span class='ocr_line' id='line_1_116' title="bbox 1733 5440 3282 5524; baseline -0.013 -12"><span class='ocrx_word' id='word_1_855' title='bbox 1733 5457 2031 5524; x_wconf 86' lang='lat' dir='ltr'><strong>Scriptoras</strong></span> <span class='ocrx_word' id='word_1_856' title='bbox 2061 5453 2350 5507; x_wconf 87' lang='lat' dir='ltr'><strong>recitando.</strong></span> <span class='ocrx_word' id='word_1_857' title='bbox 2400 5450 2477 5503; x_wconf 92' lang='lat' dir='ltr'><strong>llli</strong></span> <span class='ocrx_word' id='word_1_858' title='bbox 2521 5463 2709 5503; x_wconf 83' lang='lat' dir='ltr'><strong>manna</strong></span> <span class='ocrx_word' id='word_1_859' title='bbox 2754 5440 3114 5507; x_wconf 79' lang='lat' dir='ltr'><strong>manducando</strong></span> <span class='ocrx_word' id='word_1_860' title='bbox 3141 5454 3282 5494; x_wconf 90' lang='lat' dir='ltr'><strong>mor-</strong></span> 
     </span>
    </p>
   </div>
   <div class='ocr_carea' id='block_1_117' title="bbox 1735 5528 3285 5609">
    <p class='ocr_par' dir='ltr' id='par_1_117' title="bbox 1735 5528 3285 5609">
     <span class='ocr_line' id='line_1_117' title="bbox 1735 5528 3285 5609; baseline -0.01 -11"><span class='ocrx_word' id='word_1_861' title='bbox 1735 5545 1808 5598; x_wconf 94' lang='lat' dir='ltr'><strong>tui</strong></span> <span class='ocrx_word' id='word_1_862' title='bbox 1837 5553 1982 5608; x_wconf 86' lang='lat' dir='ltr'><strong>sum,</strong></span> <span class='ocrx_word' id='word_1_863' title='bbox 2015 5557 2066 5597; x_wconf 79' lang='lat' dir='ltr'><strong>et.</strong></span> <span class='ocrx_word' id='word_1_864' title='bbox 2094 5542 2180 5596; x_wconf 90' lang='lat' dir='ltr'><strong>isti</strong></span> <span class='ocrx_word' id='word_1_865' title='bbox 2211 5541 2499 5608; x_wconf 83' lang='lat' dir='ltr'><strong>scripturas</strong></span> <span class='ocrx_word' id='word_1_866' title='bbox 2524 5537 2743 5607; x_wconf 86' lang='lat' dir='ltr'><strong>legendo</strong></span> <span class='ocrx_word' id='word_1_867' title='bbox 2766 5546 2818 5590; x_wconf 86' lang='lat' dir='ltr'><strong>ct</strong></span> <span class='ocrx_word' id='word_1_868' title='bbox 2841 5528 3102 5609; x_wconf 87' lang='lat' dir='ltr'><strong>audiendo</strong></span> <span class='ocrx_word' id='word_1_869' title='bbox 3126 5529 3285 5596; x_wconf 80' lang='lat' dir='ltr'><strong>spiri-</strong></span> 
     </span>
    </p>
   </div>
   <div class='ocr_carea' id='block_1_118' title="bbox 1735 5616 3278 5701">
    <p class='ocr_par' dir='ltr' id='par_1_118' title="bbox 1735 5616 3278 5701">
     <span class='ocr_line' id='line_1_118' title="bbox 1735 5616 3278 5701; baseline -0.011 -14"><span class='ocrx_word' id='word_1_870' title='bbox 1735 5633 1856 5687; x_wconf 88' lang='lat' dir='ltr'><strong>tuali</strong></span> <span class='ocrx_word' id='word_1_871' title='bbox 1887 5633 2025 5686; x_wconf 80' lang='lat' dir='ltr'><strong>fame</strong></span> <span class='ocrx_word' id='word_1_872' title='bbox 2051 5630 2284 5701; x_wconf 89' lang='lat' dir='ltr'><strong>quotidie</strong></span> <span class='ocrx_word' id='word_1_873' title='bbox 2311 5627 2620 5682; x_wconf 89' lang='lat' dir='ltr'><strong>moriuntur.</strong></span> <span class='ocrx_word' id='word_1_874' title='bbox 2666 5625 2740 5680; x_wconf 85' lang='lat' dir='ltr'><strong>llll</strong></span> <span class='ocrx_word' id='word_1_875' title='bbox 2771 5616 3143 5677; x_wconf 86' lang='lat' dir='ltr'><strong>murmurando</strong></span> <span class='ocrx_word' id='word_1_876' title='bbox 3171 5626 3278 5671; x_wconf 87' lang='lat' dir='ltr'><strong>ter-</strong></span> 
     </span>
    </p>
   </div>
   <div class='ocr_carea' id='block_1_119' title="bbox 1734 5702 3271 5799">
    <p class='ocr_par' dir='ltr' id='par_1_119' title="bbox 1734 5702 3271 5799">
     <span class='ocr_line' id='line_1_119' title="bbox 1734 5702 3271 5799; baseline -0.012 -20"><span class='ocrx_word' id='word_1_877' title='bbox 1734 5741 1843 5780; x_wconf 84' lang='lat' dir='ltr'><strong>ram</strong></span> <span class='ocrx_word' id='word_1_878' title='bbox 1869 5719 2290 5794; x_wconf 80' lang='lat' dir='ltr'><strong>repromissionis</strong></span> <span class='ocrx_word' id='word_1_879' title='bbox 2319 5733 2420 5773; x_wconf 92' lang='lat' dir='ltr'><strong>non</strong></span> <span class='ocrx_word' id='word_1_880' title='bbox 2467 5719 2814 5799; x_wconf 73' lang='lat' dir='ltr'><strong>intraverunt,</strong></span> <span class='ocrx_word' id='word_1_881' title='bbox 2845 5721 2899 5767; x_wconf 88' lang='lat' dir='ltr'><strong>et</strong></span> <span class='ocrx_word' id='word_1_882' title='bbox 2927 5710 3010 5766; x_wconf 88' lang='lat' dir='ltr'><strong>isti</strong></span> <span class='ocrx_word' id='word_1_883' title='bbox 3040 5702 3271 5766; x_wconf 83' lang='lat' dir='ltr'><strong>murmu-</strong></span> 
     </span>
    </p>
   </div>
  </div>
