3880 6236
545 364 680 416 IIIS

1485 360 1540 413 S.
1569 358 1965 414 'FRUCTUOSI
2008 357 2475 415 BRACARENSIS
2516 347 2812 418 EPISCOPI

3601 357 3727 409 Ηιϐ

545 475 706 524 rando
737 471 955 536 paradisi
981 472 1338 538 promissionis
1364 481 1551 524 terram
1581 487 1682 523 non
1707 471 2075 536 ingrediuntur.
2112 472 2154 526 A
2192 475 2272 519 lur
2299 475 2595 525 monasterii
2620 475 2854 538 servitio,
2876 483 2926 527 et
2949 475 3182 540 coquinae
3209 471 3399 533 ofﬁcio,
3431 471 3495 521 ita
3519 481 3570 522 ut
3591 485 3724 522 scin-

544 562 752 612 tirande
775 564 984 620 malum,
1007 560 1072 612 de
1097 561 1320 627 Aigypto
1342 563 1505 622 exire,
1533 576 1675 613 mare
1698 563 2086 625 transvadassc,

547 663 847 719 tympanum
872 666 985 702 cum
1020 652 1194 719 Moyse
1215 660 1268 703 et
1289 653 1470 713 Maria,
1498 653 1766 705 Pharaone
1793 655 2086 716 submerso,

544 744 792 801 tenuisse,
844 757 1031 793 manna
1076 742 1439 804 manducasse,
1485 753 1535 794 et
1576 753 1764 794 terram
1810 746 2090 810 repromis-

544 832 709 883 sionis
737 847 840 882 non
874 834 1094 883 intrasse
1125 849 1135 880 :
1170 832 1361 882 malum
1392 833 1656 898 pejus,-de
1683 831 1909 898 Egypto
1937 832 2087 885 istius

539 920 717 972 seaculi
748 921 908 981 exire,
957 936 1100 972 mare
1131 920 1369 984 baptismi
1399 936 1513 971 cum
1546 922 1865 986 pauitantia:
1894 923 2086 974 amari-

543 1011 725 1062 tudine
751 1011 987 1077 quotidie
1032 1025 1270 1077 pergere,
1317 1022 1616 1078 tympanum
1650 1013 1872 1076 pulsare,
1909 1014 1956 1065 id
1988 1024 2086 1076 est,

541 1113 752 1150 carnem
781 1113 897 1149 cum
927 1099 1134 1151 Christo
1163 1100 1493 1166 cruciﬁgere,
1523 1109 1574 1150 et
1603 1113 1812 1159 manna,
1843 1100 1979 1165 quod
2007 1110 2089 1152 est

539 1186 770 1238 caelestis
796 1187 980 1252 gratia,
1014 1185 1359 1249 manducare;
1390 1197 1438 1238 et
1472 1186 1702 1238 ccelestis
1728 1187 1956 1254 regionis
1987 1196 2083 1238 ter-

542 1288 653 1325 ram
702 1290 804 1326 non
850 1273 1065 1325 intrare.
1114 1273 1424 1325 Timendum
1468 1284 1549 1326 est
1594 1289 1740 1341 ergo,
1794 1275 2086 1327 charissimi

541 1363 753 1427 fratres,
801 1375 853 1416 et
897 1363 1268 1431 cogitandum,
1315 1373 1369 1417 et
1416 1364 1830 1430 praevidendum,
1879 1365 2085 1431 qualem

539 1454 675 1504 viam
719 1454 952 1519 arripere
997 1454 1240 1514 debeant,
1282 1453 1367 1521 qui
1422 1469 1514 1519 per
1540 1453 1800 1505 Christum
1841 1457 1903 1506 ad
1933 1455 2086 1508 Chri-

540 1554 677 1595 stum
707 1542 785 1595 ire
813 1544 1140 1609 desiderant,
1183 1553 1240 1596 et
1279 1545 1469 1610 liquide
1499 1545 1712 1597 audiant
1741 1546 1877 1612 quod
1908 1546 2088 1598 obser-

538 1645 661 1683 vare
688 1632 932 1684 debeant.
972 1631 1289 1685 Obedientes
1318 1636 1421 1684 sint
1450 1632 1621 1684 abbati
1655 1648 1818 1698 usque
1845 1633 1906 1684 ad
1948 1649 2086 1686 mor-

539 1731 672 1782 tem;
708 1722 756 1775 in
791 1733 1021 1783 tantum,
1068 1733 1121 1772 ut
1160 1724 1351 1775 nullam
1383 1725 1645 1789 propriam
1681 1725 1869 1775 faciant
1903 1726 2087 1777 volun-

538 1818 718 1872 tatem,
746 1812 834 1862 sed
871 1811 1059 1861 Patris.
1092 1810 1223 1862 Nihil
1259 1821 1361 1862 tam
1393 1812 1605 1864 charum
1635 1812 1740 1863 Deo
1770 1813 2008 1874 habetur,
2038 1816 2081 1867 si

536 1898 778 1949 voluntas
825 1900 1031 1966 propria
1079 1898 1362 1967 frangatur.
1413 1901 1544 1954 llinc
1592 1901 1774 1954 Petrus
1821 1904 1935 1955 ait:
1971 1903 2083 1956 Nos

536 1987 620 2053 qui
649 1987 923 2038 dimisimus
951 1993 1136 2053 omnia,
1178 1999 1222 2040 et
1261 1993 1413 2042 secuti
1448 2007 1618 2043 sumus
1661 2002 1740 2056 te,
1784 1995 1905 2061 quid
1944 1995 2082 2046 nobis

534 2077 664 2128 erit?
690 2076 798 2128 Non
831 2079 999 2130 solum
1041 2079 1171 2131 dixit
1199 2097 1212 2131 :
1247 2079 1541 2133 Dimisimus
1567 2083 1759 2144 omnia,
1795 2084 1914 2150 quid
1945 2086 2083 2137 nobis

534 2167 663 2217 erit?
690 2167 779 2217 sed
807 2168 1042 2220 addidit:
1069 2168 1240 2220 Secuti
1268 2185 1437 2220 sumus
1465 2179 1510 2221 te
1538 2171 1746 2237 (Matth.
1773 2173 1904 2236 XIX).
1937 2172 2079 2224 Multi

535 2259 707 2306 omnia
759 2257 1062 2316 dimittunt,
1128 2257 1218 2309 sed
1277 2257 1546 2308 Dominum
1609 2273 1710 2309 non
1772 2268 2080 2323 sequuntur.

535 2344 746 2407 Quare?
796 2344 914 2409 quia
962 2358 1063 2395 non
1116 2346 1297 2410 patris,
1345 2346 1434 2396 sed
1479 2360 1624 2397 suam
1657 2344 1973 2398 voluntatem
2003 2345 2080 2398 fa-

459 2453 462 2456 ·
537 2435 702 2487 ciunt.
734 2435 832 2500 Qui
863 2436 973 2488 vult
1001 2447 1126 2503 ergo
1155 2447 1348 2486 arctam
1391 2444 1441 2486 et
1471 2444 1736 2499 angustam
1769 2437 1902 2486 viam
1936 2435 2081 2488 inve-

535 2531 666 2592 nire,
697 2537 752 2580 et
793 2542 908 2580 eam
953 2528 1066 2579 sine
1106 2526 1416 2578 oll'endirulo
1463 2541 1692 2592 pergere,
1725 2536 1777 2579 et
1820 2531 2082 2595 pergendo

535 2633 637 2668 nott
684 2615 922 2682 perdere,
973 2624 1026 2667 et
1075 2631 1174 2666 non
1210 2615 1473 2680 perdendo
1502 2616 1564 2666 ad
1593 2614 1853 2668 Christum
1898 2632 2081 2683 perve-

534 2707 672 2769 nire,
720 2707 863 2772 prius
891 2706 1057 2757 discat
1101 2706 1391 2757 voluntates
1438 2705 1670 2770 proprias
1711 2721 1978 2771 superare,
2029 2717 2081 2759 et

533 2797 661 2849 nihil
682 2799 817 2864 quod
851 2798 1056 2865 propria
1079 2800 1318 2851 voluntas
1342 2799 1576 2864 corporis
1597 2799 1862 2867 quaesierit
1884 2800 2077 2865 facere,

530 2897 579 2941 et
610 2886 661 2939 in
691 2888 854 2941 Patris
881 2888 1179 2941 obedientia
1210 2904 1372 2955 usque
1397 2890 1461 2942 ad
1494 2892 1646 2944 llnem
1679 2891 1798 2944 vita:
1839 2906 2083 2957 persevea

529 2994 665 3033 rare.
715 2980 836 3033 ηειξο
878 2982 1085 3048 proprie
1117 2980 1195 3032 vis
1238 2991 1378 3034 arcta
1407 2990 1473 3045 et
1497 2990 1744 3050 angusta,
1787 2998 1903 3048 qua:
1938 2983 2083 3035 ducit

527 3072 592 3121 ad
620 3069 801 3122 vitam.

1136 3180 1358 3234 CAPUT
1389 3180 1472 3235 Vl.

532 3268 756 3331 Qualiter
779 3268 988 3320 debeant
1009 3270 1101 3341 uiri
1119 3286 1235 3341 cum
1258 3270 1496 3322 tutoribus
1519 3286 1578 3321 ac
1597 3271 1717 3334 ﬁliis
1739 3271 1921 3339 absque
1941 3273 2074 3341 ptri-

937 3338 1053 3389 culo
1082 3340 1240 3391 vivere
1270 3341 1319 3390 in
1350 3344 1666 3393 monasterio.

596 3428 725 3481 Cum
745 3430 944 3482 venerit
965 3433 1237 3497 quisquam
1261 3447 1378 3484 cum
1406 3446 1565 3482 uxore
1579 3432 1659 3482 vel
1685 3432 1802 3483 filiis
1821 3433 2071 3498 parvulis,

530 3518 580 3570 id
609 3529 706 3582 est,
739 3517 869 3570 inira
908 3529 1110 3586 septem
1141 3535 1323 3582 annos,
1367 3521 1559 3585 placuit
1597 3531 1788 3571 sancta:
1810 3521 2073 3572 communi

525 3609 717 3676 regula:
750 3617 804 3661 ut
833 3619 935 3661 tam
984 3619 1227 3677 parentes
1269 3626 1421 3677 quam
1453 3611 1541 3662 filii
1589 3611 1638 3661 in
1677 3619 1985 3679 potestatem
2015 3625 2074 3664 se

527 3703 736 3752 tradant
763 3699 984 3761 abbatis,
1017 3701 1103 3768 qui
1134 3709 1185 3753 ct
1209 3701 1319 3770 ipse
1362 3702 1520 3754 abbas
1555 3707 1695 3754 omni
1728 3703 2072 3757 sollicitudine

528 3793 652 3859 quid
707 3793 988 3846 observare
1042 3794 1264 3847 debeant
1305 3796 1679 3848 rationabiliter
1704 3796 1780 3847 eis
1810 3795 2066 3862 disponat.

531 3882 764 3933 Primum
823 3884 1014 3934 nullam
1072 3885 1306 3950 corporis
1335 3885 1412 3936 sui
1469 3894 1774 3952 potestatem
1827 3884 2067 3945 habeant,

524 3983 692 4036 neque
716 3970 782 4022 de
803 3971 919 4022 cibo
935 3980 1020 4021 aut
1047 3973 1348 4024 indumento
1370 3973 1686 4038 recogitent;
1717 3986 1885 4038 neque
1909 3970 2070 4022 facul-

522 4071 655 4113 tates
702 4070 792 4113 aut
841 4063 1063 4126 villulas,
1114 4078 1246 4132 quas
1286 4066 1448 4116 semel
1481 4064 1819 4131 reliquerunt,
1853 4064 2070 4117 ulterius

519 4151 787 4216 possidere
823 4163 1163 4215 praesumant;
1191 4154 1280 4204 sed
1304 4161 1546 4217 tanquam
1573 4154 1804 4220 hospites
1835 4164 1887 4206 et
1917 4167 2070 4219 pere-

519 4241 654 4307 grini
686 4240 904 4308 subjecti
936 4242 986 4294 in
1019 4245 1331 4297 monasterio
1358 4236 1566 4308 vivant;
1610 4255 1664 4298 et
1690 4259 1858 4311 neque
1882 4259 2067 4311 paren-

523 4338 603 4381 tes
620 4329 828 4381 solliciti
859 4332 965 4382 sint
995 4346 1086 4396 pro
1119 4333 1258 4396 ﬁliis,
1305 4347 1473 4399 neque
1500 4334 1589 4386 ﬁlii
1621 4348 1715 4400 pro
1739 4333 2060 4400 parentibus.

519 4417 698 4485 Neque
718 4433 1047 4473 communem
1075 4422 1547 4475 contabulationem
1577 4423 1819 4489 habeant,
1840 4434 2060 4491 excepto
2086 4436 2142 4498 υ

517 4513 560 4563 si
592 4526 691 4564 non
714 4513 994 4565 auctoritas
1025 4514 1211 4580 prioris
1236 4513 1552 4581 preceperit.
1592 4511 1710 4568 Illos
1734 4524 1905 4568 tamen
1937 4529 2066 4583 par-

520 4604 686 4666 vulos,
717 4619 846 4672 quos
873 4605 1046 4658 adhuc
1091 4607 1141 4659 in
1169 4605 1451 4673 crepundia
1479 4607 1715 4661 videmus
1745 4609 2062 4671 tenerculos,

525 4705 737 4761 propter
763 4696 1173 4750 misericordiam
1199 4711 1504 4750 concessam
1536 4697 1758 4751 habeant
1780 4697 2062 4766 licentiam,

519 4783 727 4851 quando
755 4785 1034 4850 voluerint,
1065 4784 1128 4837 ad
1154 4795 1351 4852 patrem
1374 4796 1462 4839 aut
1489 4796 1706 4839 matrem
1731 4794 1967 4855 pergant,
2001 4802 2066 4843 ne

522 4876 744 4926 fortasse
761 4884 997 4940 parentes
1027 4889 1122 4942 pro
1150 4875 1273 4940 ipsis
1299 4875 1348 4926 in
1377 4876 1502 4928 vitio
1521 4875 1949 4929 murmurationis
1974 4889 2067 4929 ca-

517 4967 673 5029 dant;
703 4965 819 5033 quia
851 4966 982 5017 solet
1012 4980 1108 5034 pro
1133 4965 1214 5020 eis
1237 4966 1447 5035 grandis
1491 4967 1539 5020 in
1570 4969 1890 5022 monasterio
1918 4982 2065 5021 mur-

521 5057 743 5109 muratio
770 5057 1004 5109 evenire.
1059 5057 1158 5109 Sed
1188 5058 1324 5110 inter
1347 5063 1596 5125 utrosque
1623 5059 1916 5123 foveantur,
1939 5072 2068 5124 quo-

517 5162 683 5213 usque
705 5146 1217 5213 quantulumcunque
1237 5148 1466 5216 regulam
1488 5159 1827 5216 cognoscant,
1855 5157 1907 5202 et
1927 5163 2068 5202 sem-

516 5252 610 5306 per
641 5237 989 5299 instruantur,
1040 5245 1095 5288 ut
1121 5238 1229 5291 sive
1250 5239 1357 5291 sint
1385 5237 1548 5303 pueri,
1579 5238 1691 5292 sive
1713 5240 1921 5305 puellae,
1951 5253 2068 5291 mo-

518 5328 744 5380 nasterio
777 5333 1125 5393 provocentur
1170 5327 1254 5379 ubi
1289 5313 1524 5380 habitare
1573 5326 1730 5380 futuri
1764 5340 1939 5381 erunt.
1999 5328 2067 5380 Et

517 5418 740 5482 qualiter
788 5415 886 5485 ipsi
915 5416 1138 5470 infantes
1177 5418 1227 5471 in
1258 5420 1574 5473 monasterio
1605 5419 1914 5485 nutriantur,
1959 5421 2068 5485 pla-

515 5521 634 5558 nam
664 5507 1173 5571 ostendimusviam,
1218 5511 1260 5561 si
1289 5509 1539 5562 Dominus
1565 5509 1768 5562 dederit
1798 5525 2065 5564 commea-

514 5606 640 5648 tum.
700 5597 933 5666 Eligatur
984 5599 1222 5653 cellarius
1267 5599 1416 5652 bona:
1471 5600 1730 5668 patientia:
1780 5599 2064 5667 probatus,

517 5702 665 5756 quem
697 5691 984 5745 communis
1005 5691 1217 5760 elegerit
1247 5692 1474 5758 collatio,
1506 5701 1559 5748 ct
1583 5694 1648 5748 ab
1669 5693 1809 5748 omni
1842 5706 2061 5748 excuse-

2191 571 2280 620 per
2307 558 2574 612 cellarium
2607 569 2802 623 teneat,
2853 574 3061 627 propter
3086 561 3229 626 ipsos
3257 559 3517 626 parvulos,
3554 572 3721 618 senes,

2189 645 2440 710 infirmos,
2474 650 2548 701 vel
2582 650 2829 715 hospites.
2865 652 2922 702 Et
2945 651 2986 702 si
3004 652 3166 716 major
3195 649 3352 702 fuerit
3375 650 3720 715 congregatio,

2182 733 2356 800 junior
2385 736 2429 787 ei
2458 738 2610 789 detur
2635 755 2725 804 pro
2754 743 2865 806 ipso
2893 741 3102 792 servitio
3124 739 3484 797 discurrendo,
3511 736 3722 802 qualiter

2187 826 2284 891 ipsi
2319 828 2539 880 infantes
2569 832 2634 881 ab
2659 832 2819 898 ipsius
2849 830 3066 898 imperio
3094 830 3156 881 ad
3181 831 3337 882 horas
3358 841 3605 894 congruas
3633 841 3719 878 co.

2189 916 2448 981 putentur,
2492 928 2543 970 et
2570 921 2824 983 accipiant
2853 922 3176 974 alimentum.
3245 922 3284 970 A
3318 927 3494 970 sancto
3531 916 3715 969 Pascha

2189 1015 2350 1068 usque
2379 1013 2562 1056 octavo
2589 1006 2844 1060 Kalendas
2872 1009 3114 1059 Octobris
3159 1007 3474 1058 manducent
3504 1020 3591 1071 per
3614 1006 3716 1057 sin-

2187 1094 2334 1158 gulos
2362 1095 2472 1145 dies
2488 1106 2704 1161 quatuor
2730 1099 2884 1151 vices.
2915 1100 2991 1150 Ab
3016 1109 3196 1168 octavo
3216 1096 3470 1148 Kalendas
3485 1095 3716 1148 Octobris

2189 1196 2350 1248 usque
2377 1184 2439 1235 ad
2471 1184 2723 1239 Kalendas
2753 1187 3051 1240 Decembris
3084 1197 3190 1238 tres
3219 1187 3377 1250 vices,
3428 1200 3454 1235 a
3481 1183 3716 1236 Kalendis

2189 1270 2560 1326 Decembribus
2590 1290 2751 1342 usque
2780 1278 2842 1328 ad
2890 1284 3124 1328 sanctum
3155 1275 3351 1327 Pascha
3379 1275 3428 1326 in
3475 1281 3717 1338 potestate

2186 1364 2256 1414 sit
2298 1363 2458 1431 ipsius
2501 1367 2717 1418 cellarii.
2763 1365 3018 1419 Caeterum
3049 1383 3172 1420 vero
3199 1368 3274 1419 sic
3303 1368 3632 1424 instruantur,
3668 1373 3720 1412 ut

2185 1450 2380 1516 absque
2410 1451 2767 1506 benedictione
2796 1463 2848 1505 et
2877 1455 3090 1519 imperio
3129 1455 3257 1529 nihil
3288 1455 3338 1504 in
3373 1466 3466 1504 ore
3491 1465 3583 1502 suo
3605 1449 3718 1501 mit-

2189 1549 2297 1594 tere
2324 1540 2576 1595 debeant:
2625 1543 2710 1607 qui
2739 1552 2791 1594 et
2819 1543 2914 1608 ipsi
2944 1542 3171 1594 infantes
3199 1557 3348 1593 suum
3378 1539 3596 1592 habeant
3633 1540 3717 1589 dc-

2185 1646 2396 1692 canum,
2444 1631 2529 1699 qui
2561 1632 2673 1697 plus
2696 1616 2761 1683 de
2791 1633 2865 1684 eis
2893 1631 3147 1698 intelligit,
3195 1639 3251 1681 ut
3296 1630 3521 1695 regulam
3566 1641 3716 1692 super

2186 1735 2276 1773 eos
2303 1723 2576 1784 observet;
2607 1731 2660 1774 et
2685 1722 2750 1774 ab
2771 1737 2834 1774 eo
2864 1736 3071 1788 semper
3099 1723 3494 1778 admoneamur,
3543 1732 3606 1770 ne
3629 1718 3717 1767 ali-

2117 1798 2160 1855 Β
2185 1813 2306 1878 quid
2351 1813 2547 1880 absque
2577 1813 2754 1881 regula
2782 1813 2971 1865 faciant
2998 1820 3089 1863 aut
3119 1812 3408 1878 loquantur,
3459 1817 3546 1859 aut
3585 1817 3722 1859 certe

2183 1907 2231 1958 in
2290 1905 2578 1968 mendacio,
2627 1903 2782 1967 furto,
2842 1902 2923 1955 vel
2977 1902 3205 1969 perjurio
3255 1898 3718 1964 deprehendantur.

2180 1996 2326 2059 Quod
2369 1997 2411 2047 si
2461 1995 2510 2046 in
2551 1995 2723 2062 aliquo
2752 2007 2867 2062 qua:
2897 1992 3121 2045 diximus
3173 1989 3478 2058 deprehensi
3519 1987 3720 2049 fuerint,

2179 2088 2427 2139 continuo
2464 2085 2529 2137 ab
2569 2089 2681 2152 ipso
2724 2099 2820 2136 suo
2865 2085 3062 2136 decano
3087 2083 3228 2148 virga
3251 2081 3610 2134 emendentur.
3663 2079 3724 2128 Η

2182 2177 2292 2242 ipse
2318 2175 2561 2228 cellarius
2592 2176 2671 2227 eis
2705 2175 2861 2239 pedes
2890 2183 2941 2225 et
2962 2173 3268 2224 vestimenta
3294 2171 3457 2229 lavet;
3505 2175 3557 2218 et
3600 2180 3721 2231 qua-

2181 2265 2301 2317 liter
2348 2266 2399 2316 in
2438 2265 2712 2316 sanctitate
2756 2261 3047 2328 proﬁciant,
3093 2272 3210 2311 cum
3257 2256 3400 2308 omni
3443 2254 3722 2306 intentione

2180 2354 2413 2413 edoceat,
2462 2363 2516 2405 ut
2559 2366 2587 2403 a
2620 2351 2836 2403 Domino
2862 2351 3063 2416 plenam
3092 2345 3560 2400 remunerationem
3589 2344 3719 2392 acci-

2182 2446 2305 2510 piat,
2329 2453 2381 2496 et
2410 2443 2638 2496 veritatis
2671 2450 2923 2506 praecepta
2974 2439 3196 2492 dicentis
3246 2436 3438 2499 audiat,
3484 2434 3570 2501 qui
3619 2436 3716 2482 ait:

2181 2535 2345 2588 Sinite
2365 2533 2599 2603 parvulos
2620 2538 2782 2584 venire
2802 2533 2866 2583 ad
2885 2546 2980 2594 me,
3002 2546 3062 2581 ne
3084 2528 3384 2596 prohibeatis
3412 2541 3513 2590 eos,
3541 2523 3716 2575 talium

2179 2627 2311 2678 enim
2339 2634 2408 2677 est
2435 2641 2641 2692 regnum
2673 2623 2905 2675 caelorum
2936 2621 3145 2691 (Matth.
3174 2621 3271 2687 ix).

2762 2734 2983 2788 CAPUT
3025 2733 3129 2786 Vll.

2323 2807 2550 2873 Qualiter
2574 2806 2763 2872 infirmi
2782 2806 2832 2856 in
2859 2806 3155 2856 monasterio
3177 2801 3381 2854 debeant
3408 2799 3580 2852 teneri.

2249 2897 2442 2952 Infirmi
2470 2895 2702 2961 quolibet
2717 2896 2898 2946 morbo
2911 2893 3098 2946 defessi
3119 2894 3168 2944 in
3190 2904 3288 2944 una
3307 2889 3516 2957 iaceant
3533 2887 3715 2952 domo,

2180 3000 2231 3041 et
2258 2988 2365 3049 uni,
2392 2985 2480 3051 qui
2507 2995 2657 3049 aptus
2688 2994 2767 3036 est
2792 2983 3128 3050 delegentur;
3183 2990 3236 3033 et
3263 2988 3408 3032 tanto
3435 2977 3720 3030 mlnisterio

2102 3113 2147 3173 Ο
2181 3079 2474 3140 foveantur,
2499 3085 2553 3127 ut
2592 3089 2687 3128 nec
2711 3075 3114 3141 propinquorum
3143 3071 3377 3137 allectus,
3402 3083 3497 3124 nec
3515 3069 3717 3123 urbium

2177 3168 2393 3221 delicias
2425 3167 2712 3233 requirant,
2745 3157 2834 3218 sed
2860 3164 2997 3233 quod
3027 3179 3238 3217 necesse
3280 3163 3570 3222 habuerint,
3617 3162 3717 3215 cel-

2175 3260 2332 3311 larius
2357 3266 2410 3311 et
2433 3261 2739 3324 pra-positus
2779 3256 3114 3321 praevideant.
3195 3254 3295 3320 Ipsi
3351 3267 3477 3305 vero
3527 3253 3716 3306 inﬁrmi

2177 3356 2315 3400 tanta
2339 3346 2688 3398 sollicitudine
2709 3344 3107 3407 admoneamur,
3141 3349 3196 3393 ut
3221 3342 3283 3392 de
3306 3355 3400 3393 ore
3423 3354 3601 3393 eorum
3626 3354 3717 3391 nec

2174 3439 2660 3506 quantuluscunque
2688 3438 2765 3488 vel
2801 3436 2925 3487 levis
2953 3448 3125 3487 sermo
3155 3429 3580 3484 murmurationis
3600 3443 3717 3495 pro-

2175 3529 2347 3591 cedat,
2376 3529 2466 3581 sed
2499 3528 2547 3578 in
2574 3542 2665 3578 sua
2720 3527 3021 3578 inﬁrmitate
3048 3538 3165 3576 cum
3192 3521 3342 3575 hilari
3391 3530 3566 3573 mente
3607 3519 3719 3571 sine

2178 3617 2584 3676 intermissione,
2616 3624 2668 3667 et
2696 3614 2864 3666 ablata
2890 3611 3314 3664 murmurationis
3334 3608 3628 3670 occasione,
3666 3616 3718 3660 et

2174 3723 2294 3761 vera
2324 3705 2493 3758 cordis
2520 3705 2934 3770 compulit-tione,
2965 3716 3170 3769 semper
3195 3700 3300 3752 Deo
3322 3700 3517 3768 gratias
3535 3706 3713 3764 agant;

2176 3805 2227 3847 et
2253 3796 2411 3848 frater
2439 3794 2525 3860 qui
2556 3795 2631 3845 eis
2661 3793 2938 3855 ministrat,
2971 3792 3116 3843 nullo
3157 3800 3305 3855 pacto
3344 3787 3608 3841 offendere
3631 3802 3717 3840 au-

2173 3883 2313 3936 deat.
2388 3881 2535 3945 Quod
2583 3881 2626 3932 si
2666 3880 2871 3944 aliquis,
2927 3887 2984 3930 ut
3029 3877 3278 3939 diximus,
3328 3889 3393 3928 ex
3419 3887 3511 3927 ore
3538 3887 3714 3927 eorum

2175 3968 2606 4022 murmurationis
2633 3965 2944 4034 processerit
2971 3965 3266 4032 scrupulus,
3308 3965 3377 4016 ab
3419 3961 3608 4015 abbate
3644 3960 3714 4010 iu-

2173 4068 2473 4124 crcpentur,
2528 4065 2582 4110 et
2607 4071 2674 4110 ne
2705 4056 2822 4108 talia
2849 4054 3144 4121 supradicta
3186 4052 3359 4106 facere
3384 4060 3712 4120 praesumant,

2174 4151 2573 4212 admoneamur,
2617 4150 2684 4202 ita
2732 4159 2786 4201 ut
2816 4149 2901 4202 ille
2927 4162 3020 4202 eos
3043 4154 3274 4211 accuset,
3327 4146 3414 4213 qui
3446 4145 3545 4196 hoc
3569 4145 3714 4196 mini-

2172 4243 2388 4297 sterium
2418 4241 2705 4308 injunctum
2730 4240 2906 4293 habet.

2755 4353 2974 4409 CAPUT
3003 4352 3127 4406 \'lll.

2278 4429 2507 4493 Qualiter
2537 4426 2742 4479 debeant
2765 4441 2905 4477 senes
2930 4422 3194 4494 gubernari
3214 4421 3268 4474 in
3290 4419 3616 4472 monasterio.

2243 4517 2429 4571 Solent
2471 4516 2705 4583 plerique
2745 4514 2922 4566 novitii
2952 4526 3106 4566 senes
3156 4509 3337 4564 venire
3364 4508 3430 4561 ad
3459 4516 3714 4561 monaste-

2170 4606 2326 4670 rium,
2383 4614 2437 4658 et
2465 4604 2656 4657 multos
2687 4617 2751 4656 ex
2782 4602 2860 4654 his
2890 4601 3251 4670 cognoscimus
3272 4595 3598 4650 necessitatis
3626 4596 3714 4647 itu-

2168 4693 2452 4752 becillitate
2477 4691 2711 4760 polliceri
2738 4703 2967 4758 pactum,
3012 4703 3117 4743 non
3147 4689 3213 4742 ob
3240 4686 3510 4754 religionis
3531 4685 3710 4738 obten-

2168 4793 2300 4838 tum.
2345 4780 2475 4834 Cum
2515 4780 2645 4833 tales
2674 4782 2863 4847 reperti
2893 4777 3108 4840 fuerint,
3156 4777 3328 4829 acrius
3372 4788 3595 4829 necesse
3640 4780 3714 4825 est

2168 4880 2484 4940 arguantur;
2509 4878 2562 4922 et
2590 4870 2725 4923 inter
2748 4878 2937 4922 castera
2963 4866 3306 4919 instrumenta
3330 4865 3432 4918 nisi
3459 4863 3527 4918 ad
3557 4864 3713 4918 inter-

2168 4973 2348 5031 rogata
2375 4975 2478 5014 non
2508 4962 2804 5029 loquantur.
2848 4957 3050 5012 [labent
3069 4959 3208 5012 enim
3231 4967 3284 5011 et
3311 4957 3406 5024 ipsi
3433 4962 3712 5010 consuetu-

2166 5055 2344 5107 dinem
2368 5066 2542 5106 mores
2567 5050 2810 5121 pristinos
2829 5063 3088 5115 nunquam
3112 5049 3414 5107 abhorrere,
3442 5056 3498 5098 et
3520 5055 3577 5098 ut
3594 5046 3708 5098 olim

2170 5143 2382 5198 fuerunt
2407 5143 2568 5206 docti,
2599 5141 2749 5192 vanis
2771 5137 2954 5190 fabulis
2977 5137 3205 5205 evagari.
3256 5135 3320 5187 Et
3346 5148 3467 5186 cum
3493 5133 3628 5188 forte
3652 5132 3712 5184 ah

2166 5234 2342 5298 aliquo
2393 5231 2552 5285 fratre
2580 5229 2802 5298 spiritali
2828 5228 3180 5295 corriguntur,
3229 5223 3483 5278 continuo
3515 5228 3568 5278 in
3616 5226 3710 5278 ira-

2166 5323 2406 5377 cundiam
2432 5320 2729 5387 prosiliunt,
2755 5327 2808 5371 et
2830 5331 2925 5384 per
2941 5316 3242 5370 diuturnum
3266 5322 3471 5381 tempus
3496 5310 3709 5366 tristitia

2168 5411 2352 5466 morbo
2376 5410 2732 5472 stimulantur,
2761 5417 2814 5462 et
2838 5422 2868 5461 a
2895 5419 3113 5461 rancore
3138 5405 3351 5459 malitia:
3379 5405 3590 5473 penitus
3615 5414 3708 5454 non

2167 5503 2445 5556 desistunt.
2513 5499 2721 5552 Etcum
2751 5499 3047 5566 frequenter
3071 5503 3126 5548 et
3164 5494 3510 5548 immoderate
3538 5492 3596 5543 in
3631 5490 3712 5543 tali

2168 5593 2294 5648 vitio
2319 5592 2639 5656 dilabuntur,
2671 5589 2878 5644 tristitia
2920 5603 3038 5642 cum
3069 5587 3285 5651 deserit,
3316 5585 3468 5638 solita
3497 5596 3712 5635 consue-

2170 5687 2349 5743 tudiue
2376 5686 2427 5741 in
2456 5685 2642 5740 fabulis
2670 5694 2721 5739 ct
2745 5685 2851 5738 risu
2881 5682 3020 5737 frena
3047 5682 3303 5736 laxantur.
3351 5675 3586 5732 Proinde
3603 5688 3710 5729 cum
