  <div class='ocr_page' id='page_1' title='image "/cluster/home/n/w/nwhite01/storage/ocr_20150623/87-88/uva.x000827073/566.png"; bbox 0 0 3820 6326; ppageno 0'>
   <div class='ocr_carea' id='block_1_1' title="bbox 74 244 85 275">
    <p class='ocr_par' dir='ltr' id='par_1_1' title="bbox 74 244 85 275">
     <span class='ocr_line' id='line_1_1' title="bbox 74 244 85 275; baseline 0 -5"><span class='ocrx_word' id='word_1_1' title='bbox 74 244 85 275; x_wconf 66' lang='grc' dir='ltr'><strong>Ι</strong></span> 
     </span>
    </p>
   </div>
   <div class='ocr_carea' id='block_1_2' title="bbox 78 346 1586 436">
    <p class='ocr_par' dir='ltr' id='par_1_2' title="bbox 78 346 1586 416">
     <span class='ocr_line' id='line_1_2' title="bbox 78 346 1586 416; baseline 0.004 -8"><span class='ocrx_word' id='word_1_2' title='bbox 78 346 79 349; x_wconf 31' lang='grc'><em>“</em></span> <span class='ocrx_word' id='word_1_3' title='bbox 131 357 251 411; x_wconf 69' lang='grc'>1117</span> <span class='ocrx_word' id='word_1_4' title='bbox 1180 360 1456 416; x_wconf 74' lang='lat' dir='ltr'><strong>REGULA</strong></span> <span class='ocrx_word' id='word_1_5' title='bbox 1495 360 1586 414; x_wconf 74' lang='grc'>110</span> 
     </span>
    </p>
   </div>
   <div class='ocr_carea' id='block_1_3' title="bbox 1765 346 3273 436">
    <p class='ocr_par' dir='ltr' id='par_1_3' title="bbox 1770 361 3273 436">
     <span class='ocr_line' id='line_1_3' title="bbox 1770 361 3273 436; baseline 0.013 -20"><span class='ocrx_word' id='word_1_6' title='bbox 1770 361 1876 417; x_wconf 78' lang='lat' dir='ltr'><strong>ICA</strong></span> <span class='ocrx_word' id='word_1_7' title='bbox 1912 364 2276 423; x_wconf 68' lang='lat' dir='ltr'><strong>COMMUNIS.</strong></span> <span class='ocrx_word' id='word_1_8' title='bbox 3142 383 3273 436; x_wconf 87' lang='grc'>1118</span> 
     </span>
    </p>
   </div>
   <div class='ocr_carea' id='block_1_4' title="bbox 110 466 3271 562">
    <p class='ocr_par' dir='ltr' id='par_1_4' title="bbox 110 466 3271 562">
     <span class='ocr_line' id='line_1_4' title="bbox 110 466 3271 562; baseline 0.009 -42"><span class='ocrx_word' id='word_1_9' title='bbox 110 470 186 520; x_wconf 87' lang='lat' dir='ltr'><strong>tali</strong></span> <span class='ocrx_word' id='word_1_10' title='bbox 212 466 517 562; x_wconf 73' lang='lat' dir='ltr'><strong>cautione</strong></span> <span class='ocrx_word' id='word_1_11' title='bbox 540 469 782 522; x_wconf 72' lang='lat' dir='ltr'><strong>cmnobio</strong></span> <span class='ocrx_word' id='word_1_12' title='bbox 807 468 1224 534; x_wconf 88' lang='lat' dir='ltr'><strong>introducuntur,</strong></span> <span class='ocrx_word' id='word_1_13' title='bbox 1254 488 1309 526; x_wconf 87' lang='lat' dir='ltr'><strong>ut</strong></span> <span class='ocrx_word' id='word_1_14' title='bbox 1332 474 1416 527; x_wconf 89' lang='lat' dir='ltr'><strong>die</strong></span> <span class='ocrx_word' id='word_1_15' title='bbox 1440 484 1625 558; x_wconf 87' lang='lat' dir='ltr'><strong>noctu-</strong></span> <span class='ocrx_word' id='word_1_16' title='bbox 1658 474 1704 531; x_wconf 83' lang='grc' dir='ltr'><strong>Α</strong></span> <span class='ocrx_word' id='word_1_17' title='bbox 1732 475 1807 525; x_wconf 86' lang='lat' dir='ltr'><strong>sic</strong></span> <span class='ocrx_word' id='word_1_18' title='bbox 1822 477 1896 527; x_wconf 90' lang='lat' dir='ltr'><strong>eis</strong></span> <span class='ocrx_word' id='word_1_19' title='bbox 1914 478 2200 542; x_wconf 71' lang='lat' dir='ltr'><strong>praebeatur</strong></span> <span class='ocrx_word' id='word_1_20' title='bbox 2222 478 2584 536; x_wconf 72' lang='lat' dir='ltr'><strong>vestimentum</strong></span> <span class='ocrx_word' id='word_1_21' title='bbox 2603 488 3093 555; x_wconf 81' lang='lat' dir='ltr'><strong>ctcalceamentum,</strong></span> <span class='ocrx_word' id='word_1_22' title='bbox 3113 510 3271 562; x_wconf 82' lang='lat' dir='ltr'><strong>quan—</strong></span> 
     </span>
    </p>
   </div>
   <div class='ocr_carea' id='block_1_5' title="bbox 108 554 3269 642">
    <p class='ocr_par' dir='ltr' id='par_1_5' title="bbox 108 554 3269 642">
     <span class='ocr_line' id='line_1_5' title="bbox 108 554 3269 642; baseline 0.008 -36"><span class='ocrx_word' id='word_1_23' title='bbox 108 572 194 619; x_wconf 84' lang='lat' dir='ltr'><strong>que</strong></span> <span class='ocrx_word' id='word_1_24' title='bbox 221 570 319 607; x_wconf 86' lang='lat' dir='ltr'><strong>non</strong></span> <span class='ocrx_word' id='word_1_25' title='bbox 353 555 535 609; x_wconf 87' lang='lat' dir='ltr'><strong>fabulis</strong></span> <span class='ocrx_word' id='word_1_26' title='bbox 560 568 861 624; x_wconf 70' lang='lat' dir='ltr'><strong>evagentur,</strong></span> <span class='ocrx_word' id='word_1_27' title='bbox 888 559 979 611; x_wconf 88' lang='lat' dir='ltr'><strong>sed</strong></span> <span class='ocrx_word' id='word_1_28' title='bbox 1010 559 1059 610; x_wconf 91' lang='lat' dir='ltr'><strong>in</strong></span> <span class='ocrx_word' id='word_1_29' title='bbox 1108 561 1332 627; x_wconf 91' lang='lat' dir='ltr'><strong>singultu</strong></span> <span class='ocrx_word' id='word_1_30' title='bbox 1380 573 1434 615; x_wconf 88' lang='lat' dir='ltr'><strong>et</strong></span> <span class='ocrx_word' id='word_1_31' title='bbox 1463 554 1633 631; x_wconf 81' lang='lat' dir='ltr'><strong>lacry-</strong></span> <span class='ocrx_word' id='word_1_32' title='bbox 1744 575 1849 613; x_wconf 89' lang='lat' dir='ltr'><strong>tum</strong></span> <span class='ocrx_word' id='word_1_33' title='bbox 1873 580 2087 619; x_wconf 88' lang='lat' dir='ltr'><strong>necesse</strong></span> <span class='ocrx_word' id='word_1_34' title='bbox 2116 578 2194 619; x_wconf 83' lang='lat' dir='ltr'><strong>est</strong></span> <span class='ocrx_word' id='word_1_35' title='bbox 2220 569 2283 620; x_wconf 76' lang='lat' dir='ltr'><strong>all</strong></span> <span class='ocrx_word' id='word_1_36' title='bbox 2314 571 2633 639; x_wconf 46' lang='lat' dir='ltr'><strong>suﬂectum,</strong></span> <span class='ocrx_word' id='word_1_37' title='bbox 2675 576 2739 628; x_wconf 82' lang='lat' dir='ltr'><strong>Et</strong></span> <span class='ocrx_word' id='word_1_38' title='bbox 2770 592 2860 642; x_wconf 91' lang='lat' dir='ltr'><strong>pro</strong></span> <span class='ocrx_word' id='word_1_39' title='bbox 2884 554 3099 634; x_wconf 81' lang='lat' dir='ltr'><strong>servitio</strong></span> <span class='ocrx_word' id='word_1_40' title='bbox 3130 554 3269 637; x_wconf 60' lang='lat' dir='ltr'><strong>unus</strong></span> 
     </span>
    </p>
   </div>
   <div class='ocr_carea' id='block_1_6' title="bbox 112 644 3271 724">
    <p class='ocr_par' dir='ltr' id='par_1_6' title="bbox 112 644 3271 724">
     <span class='ocr_line' id='line_1_6' title="bbox 112 644 3271 724; baseline 0.009 -29"><span class='ocrx_word' id='word_1_41' title='bbox 112 648 221 704; x_wconf 88' lang='lat' dir='ltr'><strong>mis,</strong></span> <span class='ocrx_word' id='word_1_42' title='bbox 246 644 427 698; x_wconf 84' lang='lat' dir='ltr'><strong>cinere</strong></span> <span class='ocrx_word' id='word_1_43' title='bbox 462 655 514 697; x_wconf 88' lang='lat' dir='ltr'><strong>et</strong></span> <span class='ocrx_word' id='word_1_44' title='bbox 538 647 707 699; x_wconf 87' lang='lat' dir='ltr'><strong>cilicio</strong></span> <span class='ocrx_word' id='word_1_45' title='bbox 746 658 1034 711; x_wconf 82' lang='lat' dir='ltr'><strong>versentur,</strong></span> <span class='ocrx_word' id='word_1_46' title='bbox 1062 658 1113 702; x_wconf 89' lang='lat' dir='ltr'><strong>et</strong></span> <span class='ocrx_word' id='word_1_47' title='bbox 1140 660 1397 705; x_wconf 86' lang='lat' dir='ltr'><strong>retroacta</strong></span> <span class='ocrx_word' id='word_1_48' title='bbox 1431 662 1637 715; x_wconf 80' lang='lat' dir='ltr'><strong>peccata</strong></span> <span class='ocrx_word' id='word_1_49' title='bbox 1744 661 1940 704; x_wconf 77' lang='lat' dir='ltr'><strong>tantum</strong></span> <span class='ocrx_word' id='word_1_50' title='bbox 1971 669 2121 719; x_wconf 91' lang='lat' dir='ltr'><strong>quem</strong></span> <span class='ocrx_word' id='word_1_51' title='bbox 2148 656 2392 721; x_wconf 87' lang='lat' dir='ltr'><strong>diximus,</strong></span> <span class='ocrx_word' id='word_1_52' title='bbox 2445 676 2546 713; x_wconf 88' lang='lat' dir='ltr'><strong>non</strong></span> <span class='ocrx_word' id='word_1_53' title='bbox 2575 671 2746 717; x_wconf 85' lang='lat' dir='ltr'><strong>tamen</strong></span> <span class='ocrx_word' id='word_1_54' title='bbox 2794 681 2974 720; x_wconf 81' lang='lat' dir='ltr'><strong>ornues</strong></span> <span class='ocrx_word' id='word_1_55' title='bbox 3006 670 3055 720; x_wconf 90' lang='lat' dir='ltr'><strong>in</strong></span> <span class='ocrx_word' id='word_1_56' title='bbox 3088 688 3271 724; x_wconf 84' lang='lat' dir='ltr'><strong>mona-</strong></span> 
     </span>
    </p>
   </div>
   <div class='ocr_carea' id='block_1_7' title="bbox 104 733 3273 827">
    <p class='ocr_par' dir='ltr' id='par_1_7' title="bbox 104 733 3273 827">
     <span class='ocr_line' id='line_1_7' title="bbox 104 733 3273 827; baseline 0.005 -46"><span class='ocrx_word' id='word_1_57' title='bbox 104 745 208 781; x_wconf 84' lang='lat' dir='ltr'><strong>cutn</strong></span> <span class='ocrx_word' id='word_1_58' title='bbox 233 734 427 827; x_wconf 69' lang='lat' dir='ltr'><strong>gemitu</strong></span> <span class='ocrx_word' id='word_1_59' title='bbox 452 733 981 827; x_wconf 59' lang='lat' dir='ltr'><strong>cordis—paniteant,</strong></span> <span class='ocrx_word' id='word_1_60' title='bbox 1007 748 1059 827; x_wconf 88' lang='lat' dir='ltr'><strong>et</strong></span> <span class='ocrx_word' id='word_1_61' title='bbox 1091 738 1385 827; x_wconf 75' lang='lat' dir='ltr'><strong>pmnitcnda</strong></span> <span class='ocrx_word' id='word_1_62' title='bbox 1416 740 1636 791; x_wconf 79' lang='lat' dir='ltr'><strong>ulterius</strong></span> <span class='ocrx_word' id='word_1_63' title='bbox 1738 749 1899 791; x_wconf 71' lang='grc' dir='ltr'><strong>δίει-ιο</strong></span> <span class='ocrx_word' id='word_1_64' title='bbox 1925 743 2289 807; x_wconf 83' lang='lat' dir='ltr'><strong>inquietentur.</strong></span> <span class='ocrx_word' id='word_1_65' title='bbox 2342 746 2399 799; x_wconf 76' lang='lat' dir='ltr'><strong>Et</strong></span> <span class='ocrx_word' id='word_1_66' title='bbox 2429 749 2547 815; x_wconf 93' lang='lat' dir='ltr'><strong>quia</strong></span> <span class='ocrx_word' id='word_1_67' title='bbox 2593 751 2760 805; x_wconf 84' lang='lat' dir='ltr'><strong>solent</strong></span> <span class='ocrx_word' id='word_1_68' title='bbox 2790 760 3017 809; x_wconf 84' lang='lat' dir='ltr'><strong>nonnulli</strong></span> <span class='ocrx_word' id='word_1_69' title='bbox 3040 762 3124 824; x_wconf 84' lang='lat' dir='ltr'><strong>qui</strong></span> <span class='ocrx_word' id='word_1_70' title='bbox 3153 775 3273 827; x_wconf 57' lang='grc' dir='ltr'><strong>με-</strong></span> 
     </span>
    </p>
   </div>
   <div class='ocr_carea' id='block_1_8' title="bbox 106 821 3269 912">
    <p class='ocr_par' dir='ltr' id='par_1_8' title="bbox 106 821 3269 912">
     <span class='ocr_line' id='line_1_8' title="bbox 106 821 3269 912; baseline 0.009 -40"><span class='ocrx_word' id='word_1_71' title='bbox 106 835 194 872; x_wconf 88' lang='lat' dir='ltr'><strong>non</strong></span> <span class='ocrx_word' id='word_1_72' title='bbox 214 821 556 874; x_wconf 84' lang='lat' dir='ltr'><strong>committant.</strong></span> <span class='ocrx_word' id='word_1_73' title='bbox 617 823 679 874; x_wconf 83' lang='lat' dir='ltr'><strong>Et</strong></span> <span class='ocrx_word' id='word_1_74' title='bbox 710 833 957 888; x_wconf 86' lang='lat' dir='ltr'><strong>quantum</strong></span> <span class='ocrx_word' id='word_1_75' title='bbox 976 826 1261 878; x_wconf 85' lang='lat' dir='ltr'><strong>habuerunt</strong></span> <span class='ocrx_word' id='word_1_76' title='bbox 1292 826 1341 877; x_wconf 88' lang='lat' dir='ltr'><strong>in</strong></span> <span class='ocrx_word' id='word_1_77' title='bbox 1368 828 1632 891; x_wconf 80' lang='lat' dir='ltr'><strong>peccando</strong></span> <span class='ocrx_word' id='word_1_78' title='bbox 1737 844 1827 893; x_wconf 86' lang='lat' dir='ltr'><strong>ges</strong></span> <span class='ocrx_word' id='word_1_79' title='bbox 1851 831 2148 883; x_wconf 79' lang='lat' dir='ltr'><strong>custodiunt</strong></span> <span class='ocrx_word' id='word_1_80' title='bbox 2168 849 2515 903; x_wconf 80' lang='lat' dir='ltr'><strong>murmurare,</strong></span> <span class='ocrx_word' id='word_1_81' title='bbox 2547 850 2599 891; x_wconf 92' lang='lat' dir='ltr'><strong>et</strong></span> <span class='ocrx_word' id='word_1_82' title='bbox 2628 844 2818 896; x_wconf 91' lang='lat' dir='ltr'><strong>nullam</strong></span> <span class='ocrx_word' id='word_1_83' title='bbox 2849 861 2905 897; x_wconf 91' lang='lat' dir='ltr'><strong>se</strong></span> <span class='ocrx_word' id='word_1_84' title='bbox 2936 863 3028 912; x_wconf 89' lang='lat' dir='ltr'><strong>pro</strong></span> <span class='ocrx_word' id='word_1_85' title='bbox 3056 821 3269 902; x_wconf 62' lang='lat' dir='ltr'><strong>taliser-</strong></span> 
     </span>
    </p>
   </div>
   <div class='ocr_carea' id='block_1_9' title="bbox 108 912 3269 1004">
    <p class='ocr_par' dir='ltr' id='par_1_9' title="bbox 108 912 3269 1004">
     <span class='ocr_line' id='line_1_9' title="bbox 108 912 3269 1004; baseline 0.009 -43"><span class='ocrx_word' id='word_1_86' title='bbox 108 926 265 976; x_wconf 71' lang='lat' dir='ltr'><strong>prava:</strong></span> <span class='ocrx_word' id='word_1_87' title='bbox 292 926 401 963; x_wconf 80' lang='lat' dir='ltr'><strong>sua:</strong></span> <span class='ocrx_word' id='word_1_88' title='bbox 432 912 622 965; x_wconf 85' lang='lat' dir='ltr'><strong>mentis</strong></span> <span class='ocrx_word' id='word_1_89' title='bbox 669 914 1032 975; x_wconf 89' lang='lat' dir='ltr'><strong>intentionem,</strong></span> <span class='ocrx_word' id='word_1_90' title='bbox 1082 916 1293 981; x_wconf 89' lang='lat' dir='ltr'><strong>duplum</strong></span> <span class='ocrx_word' id='word_1_91' title='bbox 1333 918 1555 968; x_wconf 82' lang='lat' dir='ltr'><strong>habeant</strong></span> <span class='ocrx_word' id='word_1_92' title='bbox 1581 920 1631 969; x_wconf 88' lang='lat' dir='ltr'><strong>in</strong></span> <span class='ocrx_word' id='word_1_93' title='bbox 1738 920 1863 969; x_wconf 90' lang='lat' dir='ltr'><strong>vitio</strong></span> <span class='ocrx_word' id='word_1_94' title='bbox 1893 930 2071 985; x_wconf 88' lang='lat' dir='ltr'><strong>putant</strong></span> <span class='ocrx_word' id='word_1_95' title='bbox 2113 923 2303 977; x_wconf 88' lang='lat' dir='ltr'><strong>habere</strong></span> <span class='ocrx_word' id='word_1_96' title='bbox 2331 932 2643 993; x_wconf 76' lang='lat' dir='ltr'><strong>mercedem,</strong></span> <span class='ocrx_word' id='word_1_97' title='bbox 2679 947 2794 984; x_wconf 89' lang='lat' dir='ltr'><strong>cum</strong></span> <span class='ocrx_word' id='word_1_98' title='bbox 2826 950 2881 985; x_wconf 88' lang='lat' dir='ltr'><strong>se</strong></span> <span class='ocrx_word' id='word_1_99' title='bbox 2910 936 2958 987; x_wconf 93' lang='lat' dir='ltr'><strong>in</strong></span> <span class='ocrx_word' id='word_1_100' title='bbox 2990 952 3269 1004; x_wconf 84' lang='lat' dir='ltr'><strong>congrega-</strong></span> 
     </span>
    </p>
   </div>
   <div class='ocr_carea' id='block_1_10' title="bbox 66 1001 3274 1085">
    <p class='ocr_par' dir='ltr' id='par_1_10' title="bbox 66 1001 3274 1085">
     <span class='ocr_line' id='line_1_10' title="bbox 66 1001 3274 1085; baseline 0.009 -36"><span class='ocrx_word' id='word_1_101' title='bbox 66 1001 421 1052; x_wconf 69' lang='lat' dir='ltr'><strong>lilsmentando</strong></span> <span class='ocrx_word' id='word_1_102' title='bbox 470 1002 671 1066; x_wconf 78' lang='lat' dir='ltr'><strong>plenam</strong></span> <span class='ocrx_word' id='word_1_103' title='bbox 714 1002 1067 1055; x_wconf 90' lang='lat' dir='ltr'><strong>devotionem.</strong></span> <span class='ocrx_word' id='word_1_104' title='bbox 1138 1004 1263 1068; x_wconf 84' lang='lat' dir='ltr'><strong>Quia</strong></span> <span class='ocrx_word' id='word_1_105' title='bbox 1312 1019 1403 1070; x_wconf 87' lang='lat' dir='ltr'><strong>per</strong></span> <span class='ocrx_word' id='word_1_106' title='bbox 1426 1014 1635 1068; x_wconf 88' lang='lat' dir='ltr'><strong>septua-</strong></span> <span class='ocrx_word' id='word_1_107' title='bbox 1736 1009 1875 1059; x_wconf 86' lang='lat' dir='ltr'><strong>tione</strong></span> <span class='ocrx_word' id='word_1_108' title='bbox 1900 1022 2106 1062; x_wconf 75' lang='lat' dir='ltr'><strong>orantes</strong></span> <span class='ocrx_word' id='word_1_109' title='bbox 2153 1022 2205 1064; x_wconf 93' lang='lat' dir='ltr'><strong>et</strong></span> <span class='ocrx_word' id='word_1_110' title='bbox 2251 1015 2541 1069; x_wconf 75' lang='lat' dir='ltr'><strong>laborantes</strong></span> <span class='ocrx_word' id='word_1_111' title='bbox 2586 1022 2795 1072; x_wconf 76' lang='lat' dir='ltr'><strong>minime</strong></span> <span class='ocrx_word' id='word_1_112' title='bbox 2830 1024 3016 1085; x_wconf 88' lang='lat' dir='ltr'><strong>vident,</strong></span> <span class='ocrx_word' id='word_1_113' title='bbox 3066 1001 3274 1078; x_wconf 77' lang='lat' dir='ltr'><strong>audiant</strong></span> 
     </span>
    </p>
   </div>
   <div class='ocr_carea' id='block_1_11' title="bbox 102 1090 3271 1179">
    <p class='ocr_par' dir='ltr' id='par_1_11' title="bbox 102 1090 3271 1179">
     <span class='ocr_line' id='line_1_11' title="bbox 102 1090 3271 1179; baseline 0.009 -39"><span class='ocrx_word' id='word_1_114' title='bbox 102 1090 229 1155; x_wconf 88' lang='lat' dir='ltr'><strong>ginta</strong></span> <span class='ocrx_word' id='word_1_115' title='bbox 246 1100 299 1143; x_wconf 89' lang='lat' dir='ltr'><strong>et</strong></span> <span class='ocrx_word' id='word_1_116' title='bbox 321 1105 385 1143; x_wconf 86' lang='lat' dir='ltr'><strong>eo</strong></span> <span class='ocrx_word' id='word_1_117' title='bbox 412 1092 632 1159; x_wconf 79' lang='lat' dir='ltr'><strong>amplius</strong></span> <span class='ocrx_word' id='word_1_118' title='bbox 656 1104 821 1143; x_wconf 85' lang='lat' dir='ltr'><strong>annos</strong></span> <span class='ocrx_word' id='word_1_119' title='bbox 840 1092 1056 1157; x_wconf 86' lang='lat' dir='ltr'><strong>abrupte</strong></span> <span class='ocrx_word' id='word_1_120' title='bbox 1074 1094 1415 1157; x_wconf 79' lang='lat' dir='ltr'><strong>peccaverint,</strong></span> <span class='ocrx_word' id='word_1_121' title='bbox 1438 1102 1491 1145; x_wconf 92' lang='lat' dir='ltr'><strong>et</strong></span> <span class='ocrx_word' id='word_1_122' title='bbox 1515 1095 1633 1145; x_wconf 85' lang='lat' dir='ltr'><strong>ideo</strong></span> <span class='ocrx_word' id='word_1_123' title='bbox 1735 1097 1857 1161; x_wconf 88' lang='lat' dir='ltr'><strong>quid</strong></span> <span class='ocrx_word' id='word_1_124' title='bbox 1887 1098 2061 1149; x_wconf 85' lang='lat' dir='ltr'><strong>dicunt</strong></span> <span class='ocrx_word' id='word_1_125' title='bbox 2115 1100 2321 1153; x_wconf 85' lang='lat' dir='ltr'><strong>Patrum</strong></span> <span class='ocrx_word' id='word_1_126' title='bbox 2357 1107 2569 1169; x_wconf 71' lang='lat' dir='ltr'><strong>regulae,</strong></span> <span class='ocrx_word' id='word_1_127' title='bbox 2603 1118 2831 1163; x_wconf 74' lang='lat' dir='ltr'><strong>tat-entes</strong></span> <span class='ocrx_word' id='word_1_128' title='bbox 2878 1116 3187 1179; x_wconf 75' lang='lat' dir='ltr'><strong>recogitent:</strong></span> <span class='ocrx_word' id='word_1_129' title='bbox 3222 1128 3271 1167; x_wconf 87' lang='lat' dir='ltr'><strong>et</strong></span> 
     </span>
    </p>
   </div>
   <div class='ocr_carea' id='block_1_12' title="bbox 104 1181 3271 1265">
    <p class='ocr_par' dir='ltr' id='par_1_12' title="bbox 104 1181 3271 1265">
     <span class='ocr_line' id='line_1_12' title="bbox 104 1181 3271 1265; baseline 0.008 -36"><span class='ocrx_word' id='word_1_130' title='bbox 104 1194 373 1245; x_wconf 86' lang='lat' dir='ltr'><strong>congruum</strong></span> <span class='ocrx_word' id='word_1_131' title='bbox 403 1190 481 1230; x_wconf 88' lang='lat' dir='ltr'><strong>est</strong></span> <span class='ocrx_word' id='word_1_132' title='bbox 524 1187 581 1230; x_wconf 89' lang='lat' dir='ltr'><strong>ut</strong></span> <span class='ocrx_word' id='word_1_133' title='bbox 606 1189 745 1230; x_wconf 88' lang='lat' dir='ltr'><strong>arcta</strong></span> <span class='ocrx_word' id='word_1_134' title='bbox 778 1181 1081 1244; x_wconf 71' lang='lat' dir='ltr'><strong>pmnitentia</strong></span> <span class='ocrx_word' id='word_1_135' title='bbox 1110 1190 1464 1243; x_wconf 84' lang='lat' dir='ltr'><strong>coerceantur,</strong></span> <span class='ocrx_word' id='word_1_136' title='bbox 1510 1183 1630 1247; x_wconf 86' lang='lat' dir='ltr'><strong>quia</strong></span> <span class='ocrx_word' id='word_1_137' title='bbox 1734 1184 1942 1238; x_wconf 67' lang='lat' dir='ltr'><strong>Patrum</strong></span> <span class='ocrx_word' id='word_1_138' title='bbox 1973 1190 2207 1256; x_wconf 79' lang='lat' dir='ltr'><strong>exempla</strong></span> <span class='ocrx_word' id='word_1_139' title='bbox 2238 1196 2639 1256; x_wconf 64' lang='lat' dir='ltr'><strong>praecedentium</strong></span> <span class='ocrx_word' id='word_1_140' title='bbox 2680 1213 3113 1265; x_wconf 71' lang='lat' dir='ltr'><strong>recognoscentes</strong></span> <span class='ocrx_word' id='word_1_141' title='bbox 3135 1204 3271 1255; x_wconf 77' lang='lat' dir='ltr'><strong>sibi—</strong></span> 
     </span>
    </p>
   </div>
   <div class='ocr_carea' id='block_1_13' title="bbox 101 1268 3270 1357">
    <p class='ocr_par' dir='ltr' id='par_1_13' title="bbox 101 1268 3270 1357">
     <span class='ocr_line' id='line_1_13' title="bbox 101 1268 3270 1357; baseline 0.007 -38"><span class='ocrx_word' id='word_1_142' title='bbox 101 1282 146 1319; x_wconf 74' lang='grc' dir='ltr'><strong>ει</strong></span> <span class='ocrx_word' id='word_1_143' title='bbox 171 1268 397 1320; x_wconf 88' lang='lat' dir='ltr'><strong>medicus</strong></span> <span class='ocrx_word' id='word_1_144' title='bbox 420 1278 559 1321; x_wconf 88' lang='lat' dir='ltr'><strong>tanto</strong></span> <span class='ocrx_word' id='word_1_145' title='bbox 588 1268 895 1334; x_wconf 77' lang='lat' dir='ltr'><strong>profundius</strong></span> <span class='ocrx_word' id='word_1_146' title='bbox 921 1270 1127 1321; x_wconf 80' lang='lat' dir='ltr'><strong>vulnera</strong></span> <span class='ocrx_word' id='word_1_147' title='bbox 1158 1268 1432 1332; x_wconf 79' lang='lat' dir='ltr'><strong>abscindit,</strong></span> <span class='ocrx_word' id='word_1_148' title='bbox 1466 1282 1631 1333; x_wconf 87' lang='lat' dir='ltr'><strong>quan-</strong></span> <span class='ocrx_word' id='word_1_149' title='bbox 1734 1278 1968 1339; x_wconf 81' lang='lat' dir='ltr'><strong>metipsis</strong></span> <span class='ocrx_word' id='word_1_150' title='bbox 2012 1279 2340 1344; x_wconf 86' lang='lat' dir='ltr'><strong>denuntient,</strong></span> <span class='ocrx_word' id='word_1_151' title='bbox 2393 1288 2510 1349; x_wconf 85' lang='lat' dir='ltr'><strong>quia</strong></span> <span class='ocrx_word' id='word_1_152' title='bbox 2541 1288 2843 1352; x_wconf 65' lang='lat' dir='ltr'><strong>patriarcha</strong></span> <span class='ocrx_word' id='word_1_153' title='bbox 2894 1304 3071 1357; x_wconf 83' lang='lat' dir='ltr'><strong>greges</strong></span> <span class='ocrx_word' id='word_1_154' title='bbox 3114 1308 3270 1356; x_wconf 87' lang='lat' dir='ltr'><strong>pave-</strong></span> 
     </span>
    </p>
   </div>
   <div class='ocr_carea' id='block_1_14' title="bbox 102 1357 3270 1447">
    <p class='ocr_par' dir='ltr' id='par_1_14' title="bbox 102 1357 3270 1447">
     <span class='ocr_line' id='line_1_14' title="bbox 102 1357 3270 1447; baseline 0.007 -35"><span class='ocrx_word' id='word_1_155' title='bbox 102 1370 198 1411; x_wconf 85' lang='lat' dir='ltr'><strong>tutn</strong></span> <span class='ocrx_word' id='word_1_156' title='bbox 222 1358 664 1433; x_wconf 69' lang='lat' dir='ltr'><strong>putridascarnes</strong></span> <span class='ocrx_word' id='word_1_157' title='bbox 692 1358 852 1411; x_wconf 87' lang='lat' dir='ltr'><strong>videt.</strong></span> <span class='ocrx_word' id='word_1_158' title='bbox 902 1357 1054 1411; x_wconf 80' lang='lat' dir='ltr'><strong>Tales</strong></span> <span class='ocrx_word' id='word_1_159' title='bbox 1081 1373 1206 1425; x_wconf 68' lang='lat' dir='ltr'><strong>ergo</strong></span> <span class='ocrx_word' id='word_1_160' title='bbox 1237 1372 1327 1423; x_wconf 86' lang='lat' dir='ltr'><strong>per</strong></span> <span class='ocrx_word' id='word_1_161' title='bbox 1380 1358 1633 1424; x_wconf 75' lang='lat' dir='ltr'><strong>pmniten-</strong></span> <span class='ocrx_word' id='word_1_162' title='bbox 1734 1374 1873 1423; x_wconf 85' lang='lat' dir='ltr'><strong>runt,</strong></span> <span class='ocrx_word' id='word_1_163' title='bbox 1904 1375 1955 1416; x_wconf 90' lang='lat' dir='ltr'><strong>et</strong></span> <span class='ocrx_word' id='word_1_164' title='bbox 1988 1367 2169 1420; x_wconf 88' lang='lat' dir='ltr'><strong>Petrus</strong></span> <span class='ocrx_word' id='word_1_165' title='bbox 2200 1372 2475 1436; x_wconf 77' lang='lat' dir='ltr'><strong>piscatoris</strong></span> <span class='ocrx_word' id='word_1_166' title='bbox 2502 1377 2663 1442; x_wconf 87' lang='lat' dir='ltr'><strong>gessit</strong></span> <span class='ocrx_word' id='word_1_167' title='bbox 2706 1378 2954 1439; x_wconf 78' lang='lat' dir='ltr'><strong>cilicium,</strong></span> <span class='ocrx_word' id='word_1_168' title='bbox 3002 1392 3052 1431; x_wconf 82' lang='lat' dir='ltr'><strong>et</strong></span> <span class='ocrx_word' id='word_1_169' title='bbox 3080 1381 3270 1447; x_wconf 81' lang='lat' dir='ltr'><strong>loseph</strong></span> 
     </span>
    </p>
   </div>
   <div class='ocr_carea' id='block_1_15' title="bbox 102 1450 3271 1535">
    <p class='ocr_par' dir='ltr' id='par_1_15' title="bbox 102 1450 3271 1535">
     <span class='ocr_line' id='line_1_15' title="bbox 102 1450 3271 1535; baseline 0.005 -32"><span class='ocrx_word' id='word_1_170' title='bbox 102 1452 214 1503; x_wconf 86' lang='lat' dir='ltr'><strong>tiam</strong></span> <span class='ocrx_word' id='word_1_171' title='bbox 242 1466 420 1535; x_wconf 61' lang='lat' dir='ltr'><strong>veram</strong></span> <span class='ocrx_word' id='word_1_172' title='bbox 450 1451 802 1517; x_wconf 75' lang='lat' dir='ltr'><strong>corrigantur,</strong></span> <span class='ocrx_word' id='word_1_173' title='bbox 843 1461 898 1502; x_wconf 93' lang='lat' dir='ltr'><strong>ut</strong></span> <span class='ocrx_word' id='word_1_174' title='bbox 938 1450 980 1503; x_wconf 96' lang='lat' dir='ltr'><strong>si</strong></span> <span class='ocrx_word' id='word_1_175' title='bbox 1013 1451 1293 1514; x_wconf 90' lang='lat' dir='ltr'><strong>noluerint,</strong></span> <span class='ocrx_word' id='word_1_176' title='bbox 1325 1465 1632 1503; x_wconf 88' lang='lat' dir='ltr'><strong>excommu-</strong></span> <span class='ocrx_word' id='word_1_177' title='bbox 1730 1453 1919 1518; x_wconf 83' lang='lat' dir='ltr'><strong>justus,</strong></span> <span class='ocrx_word' id='word_1_178' title='bbox 1980 1455 2062 1507; x_wconf 94' lang='lat' dir='ltr'><strong>cui</strong></span> <span class='ocrx_word' id='word_1_179' title='bbox 2104 1459 2249 1523; x_wconf 83' lang='lat' dir='ltr'><strong>virgo</strong></span> <span class='ocrx_word' id='word_1_180' title='bbox 2288 1461 2444 1513; x_wconf 70' lang='lat' dir='ltr'><strong>Maria</strong></span> <span class='ocrx_word' id='word_1_181' title='bbox 2480 1465 2788 1528; x_wconf 80' lang='lat' dir='ltr'><strong>desponsata</strong></span> <span class='ocrx_word' id='word_1_182' title='bbox 2836 1470 3070 1531; x_wconf 89' lang='lat' dir='ltr'><strong>exstitit,</strong></span> <span class='ocrx_word' id='word_1_183' title='bbox 3130 1471 3271 1522; x_wconf 73' lang='lat' dir='ltr'><strong>faber</strong></span> 
     </span>
    </p>
   </div>
   <div class='ocr_carea' id='block_1_16' title="bbox 102 1536 3273 1621">
    <p class='ocr_par' dir='ltr' id='par_1_16' title="bbox 102 1536 3273 1621">
     <span class='ocr_line' id='line_1_16' title="bbox 102 1536 3273 1621; baseline 0.005 -29"><span class='ocrx_word' id='word_1_184' title='bbox 102 1536 644 1595; x_wconf 56' lang='lat' dir='ltr'><strong>nicatione‘continno</strong></span> <span class='ocrx_word' id='word_1_185' title='bbox 670 1542 1033 1594; x_wconf 87' lang='lat' dir='ltr'><strong>emendentur.</strong></span> <span class='ocrx_word' id='word_1_186' title='bbox 1088 1542 1237 1606; x_wconf 79' lang='lat' dir='ltr'><strong>Quod</strong></span> <span class='ocrx_word' id='word_1_187' title='bbox 1263 1543 1305 1593; x_wconf 89' lang='lat' dir='ltr'><strong>si</strong></span> <span class='ocrx_word' id='word_1_188' title='bbox 1337 1542 1413 1596; x_wconf 90' lang='lat' dir='ltr'><strong>bis</strong></span> <span class='ocrx_word' id='word_1_189' title='bbox 1441 1543 1634 1607; x_wconf 82' lang='lat' dir='ltr'><strong>septies</strong></span> <span class='ocrx_word' id='word_1_190' title='bbox 1735 1540 1978 1608; x_wconf 86' lang='lat' dir='ltr'><strong>lignarius</strong></span> <span class='ocrx_word' id='word_1_191' title='bbox 2025 1543 2137 1596; x_wconf 88' lang='lat' dir='ltr'><strong>fuit.</strong></span> <span class='ocrx_word' id='word_1_192' title='bbox 2198 1544 2423 1599; x_wconf 85' lang='lat' dir='ltr'><strong>Proinde</strong></span> <span class='ocrx_word' id='word_1_193' title='bbox 2475 1550 2558 1601; x_wconf 86' lang='lat' dir='ltr'><strong>isti</strong></span> <span class='ocrx_word' id='word_1_194' title='bbox 2601 1566 2702 1603; x_wconf 91' lang='lat' dir='ltr'><strong>non</strong></span> <span class='ocrx_word' id='word_1_195' title='bbox 2752 1553 2943 1606; x_wconf 88' lang='lat' dir='ltr'><strong>debent</strong></span> <span class='ocrx_word' id='word_1_196' title='bbox 3000 1556 3273 1621; x_wconf 84' lang='lat' dir='ltr'><strong>despicere</strong></span> 
     </span>
    </p>
   </div>
   <div class='ocr_carea' id='block_1_17' title="bbox 99 1630 3266 1709">
    <p class='ocr_par' dir='ltr' id='par_1_17' title="bbox 99 1630 3266 1709">
     <span class='ocr_line' id='line_1_17' title="bbox 99 1630 3266 1709; baseline 0.005 -28"><span class='ocrx_word' id='word_1_197' title='bbox 99 1632 339 1683; x_wconf 87' lang='lat' dir='ltr'><strong>admoniti</strong></span> <span class='ocrx_word' id='word_1_198' title='bbox 364 1632 430 1683; x_wconf 79' lang='lat' dir='ltr'><strong>ab</strong></span> <span class='ocrx_word' id='word_1_199' title='bbox 450 1631 546 1683; x_wconf 83' lang='lat' dir='ltr'><strong>hoc</strong></span> <span class='ocrx_word' id='word_1_200' title='bbox 567 1634 693 1683; x_wconf 89' lang='lat' dir='ltr'><strong>vitio</strong></span> <span class='ocrx_word' id='word_1_201' title='bbox 721 1646 822 1683; x_wconf 88' lang='lat' dir='ltr'><strong>non</strong></span> <span class='ocrx_word' id='word_1_202' title='bbox 848 1630 1039 1683; x_wconf 85' lang='lat' dir='ltr'><strong>fuerint</strong></span> <span class='ocrx_word' id='word_1_203' title='bbox 1060 1631 1342 1693; x_wconf 88' lang='lat' dir='ltr'><strong>emendati,</strong></span> <span class='ocrx_word' id='word_1_204' title='bbox 1372 1631 1635 1685; x_wconf 88' lang='lat' dir='ltr'><strong>deducan-</strong></span> <span class='ocrx_word' id='word_1_205' title='bbox 1732 1645 1861 1698; x_wconf 91' lang='lat' dir='ltr'><strong>quas</strong></span> <span class='ocrx_word' id='word_1_206' title='bbox 1889 1632 2151 1699; x_wconf 87' lang='lat' dir='ltr'><strong>delegatas</strong></span> <span class='ocrx_word' id='word_1_207' title='bbox 2176 1648 2300 1689; x_wconf 90' lang='lat' dir='ltr'><strong>oves</strong></span> <span class='ocrx_word' id='word_1_208' title='bbox 2329 1636 2537 1701; x_wconf 88' lang='lat' dir='ltr'><strong>habent,</strong></span> <span class='ocrx_word' id='word_1_209' title='bbox 2585 1641 2703 1703; x_wconf 84' lang='lat' dir='ltr'><strong>quia</strong></span> <span class='ocrx_word' id='word_1_210' title='bbox 2747 1643 2932 1695; x_wconf 88' lang='lat' dir='ltr'><strong>exinde</strong></span> <span class='ocrx_word' id='word_1_211' title='bbox 2958 1659 3059 1696; x_wconf 89' lang='lat' dir='ltr'><strong>non</strong></span> <span class='ocrx_word' id='word_1_212' title='bbox 3090 1660 3266 1709; x_wconf 88' lang='lat' dir='ltr'><strong>unam,</strong></span> 
     </span>
    </p>
   </div>
   <div class='ocr_carea' id='block_1_18' title="bbox 101 1719 3268 1794">
    <p class='ocr_par' dir='ltr' id='par_1_18' title="bbox 101 1719 3268 1794">
     <span class='ocr_line' id='line_1_18' title="bbox 101 1719 3268 1794; baseline 0.006 -23"><span class='ocrx_word' id='word_1_213' title='bbox 101 1730 174 1771; x_wconf 89' lang='lat' dir='ltr'><strong>tur</strong></span> <span class='ocrx_word' id='word_1_214' title='bbox 196 1719 245 1771; x_wconf 89' lang='lat' dir='ltr'><strong>in</strong></span> <span class='ocrx_word' id='word_1_215' title='bbox 270 1730 527 1772; x_wconf 87' lang='lat' dir='ltr'><strong>conventu</strong></span> <span class='ocrx_word' id='word_1_216' title='bbox 551 1720 826 1785; x_wconf 85' lang='lat' dir='ltr'><strong>majorum,</strong></span> <span class='ocrx_word' id='word_1_217' title='bbox 856 1732 908 1773; x_wconf 92' lang='lat' dir='ltr'><strong>et</strong></span> <span class='ocrx_word' id='word_1_218' title='bbox 932 1720 1121 1772; x_wconf 88' lang='lat' dir='ltr'><strong>ibidem</strong></span> <span class='ocrx_word' id='word_1_219' title='bbox 1148 1721 1319 1772; x_wconf 90' lang='lat' dir='ltr'><strong>denuo</strong></span> <span class='ocrx_word' id='word_1_220' title='bbox 1345 1721 1633 1773; x_wconf 82' lang='lat' dir='ltr'><strong>discutian-</strong></span> <span class='ocrx_word' id='word_1_221' title='bbox 1665 1777 1705 1794; x_wconf 69' lang='lat'><strong>_</strong></span> <span class='ocrx_word' id='word_1_222' title='bbox 1733 1720 1823 1773; x_wconf 82' lang='lat' dir='ltr'><strong>sed</strong></span> <span class='ocrx_word' id='word_1_223' title='bbox 1852 1725 2039 1775; x_wconf 85' lang='lat' dir='ltr'><strong>multas</strong></span> <span class='ocrx_word' id='word_1_224' title='bbox 2066 1738 2456 1792; x_wconf 86' lang='lat' dir='ltr'><strong>consequuntur</strong></span> <span class='ocrx_word' id='word_1_225' title='bbox 2484 1734 2771 1794; x_wconf 84' lang='lat' dir='ltr'><strong>mercedes.</strong></span> <span class='ocrx_word' id='word_1_226' title='bbox 2822 1734 2942 1789; x_wconf 85' lang='lat' dir='ltr'><strong>inde</strong></span> <span class='ocrx_word' id='word_1_227' title='bbox 2966 1748 3268 1790; x_wconf 78' lang='lat' dir='ltr'><strong>recreantur</strong></span> 
     </span>
    </p>
   </div>
   <div class='ocr_carea' id='block_1_19' title="bbox 97 1777 3265 1895">
    <p class='ocr_par' dir='ltr' id='par_1_19' title="bbox 97 1777 3265 1895">
     <span class='ocr_line' id='line_1_19' title="bbox 97 1777 3265 1895; baseline 0.008 -39"><span class='ocrx_word' id='word_1_228' title='bbox 97 1818 201 1870; x_wconf 89' lang='lat' dir='ltr'><strong>tur,</strong></span> <span class='ocrx_word' id='word_1_229' title='bbox 226 1819 280 1860; x_wconf 84' lang='lat' dir='ltr'><strong>et</strong></span> <span class='ocrx_word' id='word_1_230' title='bbox 306 1808 347 1859; x_wconf 86' lang='lat' dir='ltr'><strong>si</strong></span> <span class='ocrx_word' id='word_1_231' title='bbox 376 1822 431 1861; x_wconf 87' lang='lat' dir='ltr'><strong>se</strong></span> <span class='ocrx_word' id='word_1_232' title='bbox 475 1812 742 1873; x_wconf 88' lang='lat' dir='ltr'><strong>corripere</strong></span> <span class='ocrx_word' id='word_1_233' title='bbox 771 1823 873 1860; x_wconf 90' lang='lat' dir='ltr'><strong>non</strong></span> <span class='ocrx_word' id='word_1_234' title='bbox 908 1809 1255 1875; x_wconf 80' lang='lat' dir='ltr'><strong>permiserint,</strong></span> <span class='ocrx_word' id='word_1_235' title='bbox 1306 1812 1442 1860; x_wconf 81' lang='lat' dir='ltr'><strong>foras</strong></span> <span class='ocrx_word' id='word_1_236' title='bbox 1473 1810 1633 1875; x_wconf 90' lang='lat' dir='ltr'><strong>proji-</strong></span> <span class='ocrx_word' id='word_1_237' title='bbox 1662 1777 1706 1836; x_wconf 70' lang='grc' dir='ltr'><strong><em>Β</em></strong></span> <span class='ocrx_word' id='word_1_238' title='bbox 1735 1814 1954 1875; x_wconf 76' lang='lat' dir='ltr'><strong>parvuli,</strong></span> <span class='ocrx_word' id='word_1_239' title='bbox 1982 1814 2102 1867; x_wconf 91' lang='lat' dir='ltr'><strong>inde</strong></span> <span class='ocrx_word' id='word_1_240' title='bbox 2118 1814 2352 1870; x_wconf 88' lang='lat' dir='ltr'><strong>foventur</strong></span> <span class='ocrx_word' id='word_1_241' title='bbox 2372 1833 2542 1883; x_wconf 87' lang='lat' dir='ltr'><strong>senes,</strong></span> <span class='ocrx_word' id='word_1_242' title='bbox 2570 1823 2689 1873; x_wconf 82' lang='lat' dir='ltr'><strong>inde</strong></span> <span class='ocrx_word' id='word_1_243' title='bbox 2716 1824 3037 1878; x_wconf 88' lang='lat' dir='ltr'><strong>redimuntur</strong></span> <span class='ocrx_word' id='word_1_244' title='bbox 3056 1828 3265 1895; x_wconf 87' lang='lat' dir='ltr'><strong>captivi,</strong></span> 
     </span>
    </p>
   </div>
   <div class='ocr_carea' id='block_1_20' title="bbox 96 1895 3267 1981">
    <p class='ocr_par' dir='ltr' id='par_1_20' title="bbox 96 1895 3267 1981">
     <span class='ocr_line' id='line_1_20' title="bbox 96 1895 3267 1981; baseline 0.006 -34"><span class='ocrx_word' id='word_1_245' title='bbox 96 1895 307 1948; x_wconf 80' lang='lat' dir='ltr'><strong>cian&#39;ur.</strong></span> <span class='ocrx_word' id='word_1_246' title='bbox 373 1896 471 1949; x_wconf 85' lang='lat' dir='ltr'><strong>Eos</strong></span> <span class='ocrx_word' id='word_1_247' title='bbox 500 1911 621 1949; x_wconf 89' lang='lat' dir='ltr'><strong>vero</strong></span> <span class='ocrx_word' id='word_1_248' title='bbox 673 1910 847 1959; x_wconf 88' lang='lat' dir='ltr'><strong>senes,</strong></span> <span class='ocrx_word' id='word_1_249' title='bbox 896 1911 1025 1963; x_wconf 87' lang='lat' dir='ltr'><strong>quos</strong></span> <span class='ocrx_word' id='word_1_250' title='bbox 1072 1898 1295 1963; x_wconf 86' lang='lat' dir='ltr'><strong>quietos,</strong></span> <span class='ocrx_word' id='word_1_251' title='bbox 1348 1897 1630 1963; x_wconf 79' lang='lat' dir='ltr'><strong>simplices,</strong></span> <span class='ocrx_word' id='word_1_252' title='bbox 1732 1896 1850 1952; x_wconf 90' lang='lat' dir='ltr'><strong>inde</strong></span> <span class='ocrx_word' id='word_1_253' title='bbox 1892 1902 2241 1972; x_wconf 85' lang='lat' dir='ltr'><strong>suscipiuntur</strong></span> <span class='ocrx_word' id='word_1_254' title='bbox 2292 1905 2522 1975; x_wconf 79' lang='lat' dir='ltr'><strong>hospites</strong></span> <span class='ocrx_word' id='word_1_255' title='bbox 2548 1919 2601 1961; x_wconf 87' lang='lat' dir='ltr'><strong>et</strong></span> <span class='ocrx_word' id='word_1_256' title='bbox 2628 1912 2901 1978; x_wconf 75' lang='lat' dir='ltr'><strong>peregrini.</strong></span> <span class='ocrx_word' id='word_1_257' title='bbox 2968 1912 3032 1964; x_wconf 88' lang='lat' dir='ltr'><strong>Et</strong></span> <span class='ocrx_word' id='word_1_258' title='bbox 3062 1914 3267 1981; x_wconf 76' lang='lat' dir='ltr'><strong>insuper</strong></span> 
     </span>
    </p>
   </div>
   <div class='ocr_carea' id='block_1_21' title="bbox 98 1987 3269 2061">
    <p class='ocr_par' dir='ltr' id='par_1_21' title="bbox 98 1987 3269 2061">
     <span class='ocr_line' id='line_1_21' title="bbox 98 1987 3269 2061; baseline 0.004 -22"><span class='ocrx_word' id='word_1_259' title='bbox 98 1988 337 2053; x_wconf 80' lang='lat' dir='ltr'><strong>humiles,</strong></span> <span class='ocrx_word' id='word_1_260' title='bbox 393 1998 445 2041; x_wconf 89' lang='lat' dir='ltr'><strong>et</strong></span> <span class='ocrx_word' id='word_1_261' title='bbox 467 1988 797 2051; x_wconf 87' lang='lat' dir='ltr'><strong>obedientes,</strong></span> <span class='ocrx_word' id='word_1_262' title='bbox 848 1989 898 2041; x_wconf 93' lang='lat' dir='ltr'><strong>in</strong></span> <span class='ocrx_word' id='word_1_263' title='bbox 929 1990 1163 2040; x_wconf 86' lang='lat' dir='ltr'><strong>oratione</strong></span> <span class='ocrx_word' id='word_1_264' title='bbox 1214 1987 1532 2054; x_wconf 82' lang='lat' dir='ltr'><strong>frequentes,</strong></span> <span class='ocrx_word' id='word_1_265' title='bbox 1578 1998 1631 2041; x_wconf 90' lang='lat' dir='ltr'><strong>et</strong></span> <span class='ocrx_word' id='word_1_266' title='bbox 1731 1988 1811 2038; x_wconf 85' lang='lat' dir='ltr'><strong>vix</strong></span> <span class='ocrx_word' id='word_1_267' title='bbox 1843 1989 2002 2041; x_wconf 89' lang='lat' dir='ltr'><strong>tribus</strong></span> <span class='ocrx_word' id='word_1_268' title='bbox 2034 1992 2297 2044; x_wconf 89' lang='lat' dir='ltr'><strong>mensibus</strong></span> <span class='ocrx_word' id='word_1_269' title='bbox 2352 2010 2442 2058; x_wconf 68' lang='grc' dir='ltr'><strong>ροι-</strong></span> <span class='ocrx_word' id='word_1_270' title='bbox 2481 1997 2724 2061; x_wconf 74' lang='lat' dir='ltr'><strong>pleraque</strong></span> <span class='ocrx_word' id='word_1_271' title='bbox 2759 2001 3071 2052; x_wconf 88' lang='lat' dir='ltr'><strong>monasteria</strong></span> <span class='ocrx_word' id='word_1_272' title='bbox 3106 2003 3269 2054; x_wconf 89' lang='lat' dir='ltr'><strong>abun-</strong></span> 
     </span>
    </p>
   </div>
   <div class='ocr_carea' id='block_1_22' title="bbox 95 2065 3267 2153">
    <p class='ocr_par' dir='ltr' id='par_1_22' title="bbox 95 2065 3267 2153">
     <span class='ocr_line' id='line_1_22' title="bbox 95 2065 3267 2153; baseline 0.005 -25"><span class='ocrx_word' id='word_1_273' title='bbox 95 2088 193 2128; x_wconf 80' lang='lat' dir='ltr'><strong>tsm</strong></span> <span class='ocrx_word' id='word_1_274' title='bbox 217 2078 420 2144; x_wconf 83' lang='lat' dir='ltr'><strong>propria</strong></span> <span class='ocrx_word' id='word_1_275' title='bbox 446 2093 599 2144; x_wconf 70' lang='lat' dir='ltr'><strong>(luam</strong></span> <span class='ocrx_word' id='word_1_276' title='bbox 619 2078 786 2130; x_wconf 90' lang='lat' dir='ltr'><strong>aliena</strong></span> <span class='ocrx_word' id='word_1_277' title='bbox 812 2086 1018 2145; x_wconf 82' lang='lat' dir='ltr'><strong>peccata</strong></span> <span class='ocrx_word' id='word_1_278' title='bbox 1045 2078 1400 2143; x_wconf 85' lang='lat' dir='ltr'><strong>deplorantes,</strong></span> <span class='ocrx_word' id='word_1_279' title='bbox 1422 2090 1475 2131; x_wconf 90' lang='lat' dir='ltr'><strong>et</strong></span> <span class='ocrx_word' id='word_1_280' title='bbox 1503 2094 1631 2145; x_wconf 67' lang='lat' dir='ltr'><strong>quo-</strong></span> <span class='ocrx_word' id='word_1_281' title='bbox 1728 2078 1961 2140; x_wconf 86' lang='lat' dir='ltr'><strong>daretur,</strong></span> <span class='ocrx_word' id='word_1_282' title='bbox 1992 2080 2033 2130; x_wconf 89' lang='lat' dir='ltr'><strong>si</strong></span> <span class='ocrx_word' id='word_1_283' title='bbox 2066 2083 2173 2132; x_wconf 84' lang='lat' dir='ltr'><strong>sola</strong></span> <span class='ocrx_word' id='word_1_284' title='bbox 2212 2084 2510 2148; x_wconf 82' lang='lat' dir='ltr'><strong>quotidiana</strong></span> <span class='ocrx_word' id='word_1_285' title='bbox 2535 2065 2749 2138; x_wconf 79' lang='lat' dir='ltr'><strong>fuissent</strong></span> <span class='ocrx_word' id='word_1_286' title='bbox 2778 2090 3053 2153; x_wconf 87' lang='lat' dir='ltr'><strong>paximatia</strong></span> <span class='ocrx_word' id='word_1_287' title='bbox 3089 2091 3138 2141; x_wconf 92' lang='lat' dir='ltr'><strong>in</strong></span> <span class='ocrx_word' id='word_1_288' title='bbox 3172 2093 3267 2143; x_wconf 88' lang='lat' dir='ltr'><strong>hac</strong></span> 
     </span>
    </p>
   </div>
   <div class='ocr_carea' id='block_1_23' title="bbox 92 2167 3263 2243">
    <p class='ocr_par' dir='ltr' id='par_1_23' title="bbox 92 2167 3263 2243">
     <span class='ocr_line' id='line_1_23' title="bbox 92 2167 3263 2243; baseline 0.003 -25"><span class='ocrx_word' id='word_1_289' title='bbox 92 2168 210 2221; x_wconf 88' lang='lat' dir='ltr'><strong>tidie</strong></span> <span class='ocrx_word' id='word_1_290' title='bbox 234 2170 299 2223; x_wconf 90' lang='lat' dir='ltr'><strong>de</strong></span> <span class='ocrx_word' id='word_1_291' title='bbox 326 2172 428 2222; x_wconf 89' lang='lat' dir='ltr'><strong>vita</strong></span> <span class='ocrx_word' id='word_1_292' title='bbox 458 2169 831 2236; x_wconf 82' lang='lat' dir='ltr'><strong>periclitantes,</strong></span> <span class='ocrx_word' id='word_1_293' title='bbox 861 2179 913 2223; x_wconf 86' lang='lat' dir='ltr'><strong>et</strong></span> <span class='ocrx_word' id='word_1_294' title='bbox 934 2170 1196 2222; x_wconf 81' lang='lat' dir='ltr'><strong>Christum</strong></span> <span class='ocrx_word' id='word_1_295' title='bbox 1223 2182 1432 2235; x_wconf 85' lang='lat' dir='ltr'><strong>semper</strong></span> <span class='ocrx_word' id='word_1_296' title='bbox 1454 2170 1504 2220; x_wconf 90' lang='lat' dir='ltr'><strong>in</strong></span> <span class='ocrx_word' id='word_1_297' title='bbox 1538 2182 1631 2222; x_wconf 91' lang='lat' dir='ltr'><strong>ore</strong></span> <span class='ocrx_word' id='word_1_298' title='bbox 1730 2167 1989 2232; x_wconf 82' lang='lat' dir='ltr'><strong>provincia</strong></span> <span class='ocrx_word' id='word_1_299' title='bbox 2013 2169 2126 2231; x_wconf 82' lang='lat' dir='ltr'><strong>plus</strong></span> <span class='ocrx_word' id='word_1_300' title='bbox 2152 2172 2391 2224; x_wconf 91' lang='lat' dir='ltr'><strong>omnibus</strong></span> <span class='ocrx_word' id='word_1_301' title='bbox 2420 2177 2569 2225; x_wconf 87' lang='lat' dir='ltr'><strong>terris</strong></span> <span class='ocrx_word' id='word_1_302' title='bbox 2595 2176 2868 2229; x_wconf 84' lang='lat' dir='ltr'><strong>laboriosa.</strong></span> <span class='ocrx_word' id='word_1_303' title='bbox 2920 2179 3263 2243; x_wconf 84' lang='lat' dir='ltr'><strong>Quamobrem</strong></span> 
     </span>
    </p>
   </div>
   <div class='ocr_carea' id='block_1_24' title="bbox 98 2258 3266 2330">
    <p class='ocr_par' dir='ltr' id='par_1_24' title="bbox 98 2258 3266 2330">
     <span class='ocr_line' id='line_1_24' title="bbox 98 2258 3266 2330; baseline 0.003 -21"><span class='ocrx_word' id='word_1_304' title='bbox 98 2260 360 2323; x_wconf 88' lang='lat' dir='ltr'><strong>habentes,</strong></span> <span class='ocrx_word' id='word_1_305' title='bbox 391 2270 441 2312; x_wconf 86' lang='lat' dir='ltr'><strong>et</strong></span> <span class='ocrx_word' id='word_1_306' title='bbox 464 2261 507 2313; x_wconf 88' lang='lat' dir='ltr'><strong>si</strong></span> <span class='ocrx_word' id='word_1_307' title='bbox 535 2260 826 2314; x_wconf 87' lang='lat' dir='ltr'><strong>secundum</strong></span> <span class='ocrx_word' id='word_1_308' title='bbox 857 2264 994 2313; x_wconf 83' lang='lat' dir='ltr'><strong>vires</strong></span> <span class='ocrx_word' id='word_1_309' title='bbox 1030 2260 1137 2312; x_wconf 90' lang='lat' dir='ltr'><strong>otio</strong></span> <span class='ocrx_word' id='word_1_310' title='bbox 1160 2275 1260 2312; x_wconf 92' lang='lat' dir='ltr'><strong>non</strong></span> <span class='ocrx_word' id='word_1_311' title='bbox 1285 2273 1550 2323; x_wconf 78' lang='lat' dir='ltr'><strong>vacantes,</strong></span> <span class='ocrx_word' id='word_1_312' title='bbox 1578 2268 1633 2312; x_wconf 87' lang='lat' dir='ltr'><strong>et</strong></span> <span class='ocrx_word' id='word_1_313' title='bbox 1730 2259 1817 2323; x_wconf 88' lang='lat' dir='ltr'><strong>qui</strong></span> <span class='ocrx_word' id='word_1_314' title='bbox 1850 2258 1955 2328; x_wconf 31' lang='lat' dir='ltr'><strong>hoc.</strong></span> <span class='ocrx_word' id='word_1_315' title='bbox 1974 2260 2241 2311; x_wconf 89' lang='lat' dir='ltr'><strong>servitium</strong></span> <span class='ocrx_word' id='word_1_316' title='bbox 2273 2262 2505 2313; x_wconf 87' lang='lat' dir='ltr'><strong>habuerit</strong></span> <span class='ocrx_word' id='word_1_317' title='bbox 2530 2263 2836 2330; x_wconf 85' lang='lat' dir='ltr'><strong>injunctum,</strong></span> <span class='ocrx_word' id='word_1_318' title='bbox 2865 2280 2981 2318; x_wconf 89' lang='lat' dir='ltr'><strong>cum</strong></span> <span class='ocrx_word' id='word_1_319' title='bbox 3014 2266 3266 2319; x_wconf 72' lang='lat' dir='ltr'><strong>hilaritate</strong></span> 
     </span>
    </p>
   </div>
   <div class='ocr_carea' id='block_1_25' title="bbox 92 2345 3263 2419">
    <p class='ocr_par' dir='ltr' id='par_1_25' title="bbox 92 2345 3263 2419">
     <span class='ocr_line' id='line_1_25' title="bbox 92 2345 3263 2419; baseline 0.003 -21"><span class='ocrx_word' id='word_1_320' title='bbox 92 2363 187 2399; x_wconf 89' lang='lat' dir='ltr'><strong>non</strong></span> <span class='ocrx_word' id='word_1_321' title='bbox 214 2363 326 2409; x_wconf 90' lang='lat' dir='ltr'><strong>suo,</strong></span> <span class='ocrx_word' id='word_1_322' title='bbox 356 2350 445 2402; x_wconf 88' lang='lat' dir='ltr'><strong>sed</strong></span> <span class='ocrx_word' id='word_1_323' title='bbox 477 2349 734 2415; x_wconf 75' lang='lat' dir='ltr'><strong>majorum</strong></span> <span class='ocrx_word' id='word_1_324' title='bbox 758 2349 978 2401; x_wconf 90' lang='lat' dir='ltr'><strong>arbitrio</strong></span> <span class='ocrx_word' id='word_1_325' title='bbox 1008 2349 1311 2414; x_wconf 84' lang='lat' dir='ltr'><strong>pendentes,</strong></span> <span class='ocrx_word' id='word_1_326' title='bbox 1344 2357 1395 2401; x_wconf 87' lang='lat' dir='ltr'><strong>et</strong></span> <span class='ocrx_word' id='word_1_327' title='bbox 1424 2349 1629 2414; x_wconf 87' lang='lat' dir='ltr'><strong>propin-</strong></span> <span class='ocrx_word' id='word_1_328' title='bbox 1730 2345 1900 2398; x_wconf 86' lang='lat' dir='ltr'><strong>cordis</strong></span> <span class='ocrx_word' id='word_1_329' title='bbox 1924 2348 2155 2411; x_wconf 88' lang='lat' dir='ltr'><strong>obediat,</strong></span> <span class='ocrx_word' id='word_1_330' title='bbox 2183 2359 2234 2399; x_wconf 89' lang='lat' dir='ltr'><strong>et</strong></span> <span class='ocrx_word' id='word_1_331' title='bbox 2273 2351 2559 2403; x_wconf 83' lang='lat' dir='ltr'><strong>certissime</strong></span> <span class='ocrx_word' id='word_1_332' title='bbox 2586 2352 2768 2403; x_wconf 84' lang='lat' dir='ltr'><strong>credat</strong></span> <span class='ocrx_word' id='word_1_333' title='bbox 2805 2354 2940 2419; x_wconf 85' lang='lat' dir='ltr'><strong>quod</strong></span> <span class='ocrx_word' id='word_1_334' title='bbox 2970 2355 3263 2407; x_wconf 78' lang='lat' dir='ltr'><strong>obedientia</strong></span> 
     </span>
    </p>
   </div>
   <div class='ocr_carea' id='block_1_26' title="bbox 92 2439 3263 2506">
    <p class='ocr_par' dir='ltr' id='par_1_26' title="bbox 92 2439 3263 2506">
     <span class='ocr_line' id='line_1_26' title="bbox 92 2439 3263 2506; baseline 0.002 -19"><span class='ocrx_word' id='word_1_335' title='bbox 92 2441 299 2505; x_wconf 85' lang='lat' dir='ltr'><strong>qmtatis</strong></span> <span class='ocrx_word' id='word_1_336' title='bbox 325 2439 566 2492; x_wconf 77' lang='lat' dir='ltr'><strong>aﬂ‘ectum</strong></span> <span class='ocrx_word' id='word_1_337' title='bbox 600 2439 828 2506; x_wconf 88' lang='lat' dir='ltr'><strong>perfecte</strong></span> <span class='ocrx_word' id='word_1_338' title='bbox 863 2439 1185 2500; x_wconf 87' lang='lat' dir='ltr'><strong>deserentes,</strong></span> <span class='ocrx_word' id='word_1_339' title='bbox 1234 2447 1287 2491; x_wconf 91' lang='lat' dir='ltr'><strong>et</strong></span> <span class='ocrx_word' id='word_1_340' title='bbox 1306 2447 1490 2490; x_wconf 88' lang='lat' dir='ltr'><strong>cuncta</strong></span> <span class='ocrx_word' id='word_1_341' title='bbox 1514 2452 1628 2503; x_wconf 74' lang='lat' dir='ltr'><strong>quae</strong></span> <span class='ocrx_word' id='word_1_342' title='bbox 1728 2449 1756 2486; x_wconf 88' lang='lat' dir='ltr'><strong>a</strong></span> <span class='ocrx_word' id='word_1_343' title='bbox 1784 2440 1966 2502; x_wconf 88' lang='lat' dir='ltr'><strong>quovis</strong></span> <span class='ocrx_word' id='word_1_344' title='bbox 1998 2439 2227 2502; x_wconf 80' lang='lat' dir='ltr'><strong>periculo</strong></span> <span class='ocrx_word' id='word_1_345' title='bbox 2255 2439 2459 2502; x_wconf 87' lang='lat' dir='ltr'><strong>liberat,</strong></span> <span class='ocrx_word' id='word_1_346' title='bbox 2488 2452 2540 2492; x_wconf 91' lang='lat' dir='ltr'><strong>et</strong></span> <span class='ocrx_word' id='word_1_347' title='bbox 2570 2455 2806 2506; x_wconf 86' lang='lat' dir='ltr'><strong>magnum</strong></span> <span class='ocrx_word' id='word_1_348' title='bbox 2835 2441 2930 2494; x_wconf 87' lang='lat' dir='ltr'><strong>sibi</strong></span> <span class='ocrx_word' id='word_1_349' title='bbox 2954 2452 3073 2495; x_wconf 88' lang='lat' dir='ltr'><strong>ante</strong></span> <span class='ocrx_word' id='word_1_350' title='bbox 3102 2443 3263 2496; x_wconf 78' lang='lat' dir='ltr'><strong>Deum</strong></span> 
     </span>
    </p>
   </div>
   <div class='ocr_carea' id='block_1_27' title="bbox 90 2520 3263 2595">
    <p class='ocr_par' dir='ltr' id='par_1_27' title="bbox 90 2520 3263 2595">
     <span class='ocr_line' id='line_1_27' title="bbox 90 2520 3263 2595; baseline 0.001 -14"><span class='ocrx_word' id='word_1_351' title='bbox 90 2528 366 2592; x_wconf 80' lang='lat' dir='ltr'><strong>possident,</strong></span> <span class='ocrx_word' id='word_1_352' title='bbox 395 2544 494 2581; x_wconf 91' lang='lat' dir='ltr'><strong>non</strong></span> <span class='ocrx_word' id='word_1_353' title='bbox 517 2528 649 2593; x_wconf 86' lang='lat' dir='ltr'><strong>suis,</strong></span> <span class='ocrx_word' id='word_1_354' title='bbox 678 2528 767 2583; x_wconf 82' lang='lat' dir='ltr'><strong>sed</strong></span> <span class='ocrx_word' id='word_1_355' title='bbox 783 2527 974 2580; x_wconf 83' lang='lat' dir='ltr'><strong>Christi</strong></span> <span class='ocrx_word' id='word_1_356' title='bbox 1000 2521 1308 2595; x_wconf 82' lang='lat' dir='ltr'><strong>pauperibus</strong></span> <span class='ocrx_word' id='word_1_357' title='bbox 1329 2532 1624 2592; x_wconf 86' lang='lat' dir='ltr'><strong>erogantes,</strong></span> <span class='ocrx_word' id='word_1_358' title='bbox 1730 2536 1984 2589; x_wconf 71' lang='lat' dir='ltr'><strong>praeparat</strong></span> <span class='ocrx_word' id='word_1_359' title='bbox 2006 2520 2250 2594; x_wconf 79' lang='lat' dir='ltr'><strong>fructum,</strong></span> <span class='ocrx_word' id='word_1_360' title='bbox 2278 2530 2413 2582; x_wconf 83' lang='lat' dir='ltr'><strong>sicut</strong></span> <span class='ocrx_word' id='word_1_361' title='bbox 2440 2538 2493 2582; x_wconf 91' lang='lat' dir='ltr'><strong>et</strong></span> <span class='ocrx_word' id='word_1_362' title='bbox 2521 2530 2824 2583; x_wconf 87' lang='lat' dir='ltr'><strong>inobediens</strong></span> <span class='ocrx_word' id='word_1_363' title='bbox 2842 2530 3059 2583; x_wconf 88' lang='lat' dir='ltr'><strong>incurrit</strong></span> <span class='ocrx_word' id='word_1_364' title='bbox 3078 2530 3263 2584; x_wconf 76' lang='lat' dir='ltr'><strong>anima:</strong></span> 
     </span>
    </p>
   </div>
   <div class='ocr_carea' id='block_1_28' title="bbox 86 2612 2113 2680">
    <p class='ocr_par' dir='ltr' id='par_1_28' title="bbox 86 2612 2113 2680">
     <span class='ocr_line' id='line_1_28' title="bbox 86 2612 2113 2680; baseline -0.001 -10"><span class='ocrx_word' id='word_1_365' title='bbox 86 2628 133 2670; x_wconf 85' lang='lat' dir='ltr'><strong>et</strong></span> <span class='ocrx_word' id='word_1_366' title='bbox 166 2616 289 2669; x_wconf 88' lang='lat' dir='ltr'><strong>nihil</strong></span> <span class='ocrx_word' id='word_1_367' title='bbox 345 2618 556 2671; x_wconf 85' lang='lat' dir='ltr'><strong>sibimet</strong></span> <span class='ocrx_word' id='word_1_368' title='bbox 605 2627 961 2680; x_wconf 78' lang='lat' dir='ltr'><strong>reservantes,</strong></span> <span class='ocrx_word' id='word_1_369' title='bbox 1012 2626 1065 2669; x_wconf 93' lang='lat' dir='ltr'><strong>et</strong></span> <span class='ocrx_word' id='word_1_370' title='bbox 1107 2615 1434 2669; x_wconf 87' lang='lat' dir='ltr'><strong>dilectionem</strong></span> <span class='ocrx_word' id='word_1_371' title='bbox 1459 2614 1546 2666; x_wconf 89' lang='lat' dir='ltr'><strong>Dei</strong></span> <span class='ocrx_word' id='word_1_372' title='bbox 1576 2622 1630 2665; x_wconf 90' lang='lat' dir='ltr'><strong>et</strong></span> <span class='ocrx_word' id='word_1_373' title='bbox 1727 2612 2113 2666; x_wconf 87' lang='lat' dir='ltr'><strong>detrimentum.</strong></span> 
     </span>
    </p>
   </div>
   <div class='ocr_carea' id='block_1_29' title="bbox 88 2701 2652 2791">
    <p class='ocr_par' dir='ltr' id='par_1_29' title="bbox 88 2701 2652 2791">
     <span class='ocr_line' id='line_1_29' title="bbox 88 2701 2652 2791; baseline 0.001 -36"><span class='ocrx_word' id='word_1_374' title='bbox 88 2706 300 2769; x_wconf 78' lang='lat' dir='ltr'><strong>proximi</strong></span> <span class='ocrx_word' id='word_1_375' title='bbox 351 2715 452 2757; x_wconf 87' lang='lat' dir='ltr'><strong>tota</strong></span> <span class='ocrx_word' id='word_1_376' title='bbox 485 2716 659 2759; x_wconf 86' lang='lat' dir='ltr'><strong>mente</strong></span> <span class='ocrx_word' id='word_1_377' title='bbox 715 2716 767 2757; x_wconf 88' lang='lat' dir='ltr'><strong>et</strong></span> <span class='ocrx_word' id='word_1_378' title='bbox 815 2704 1118 2757; x_wconf 89' lang='lat' dir='ltr'><strong>fortitudine</strong></span> <span class='ocrx_word' id='word_1_379' title='bbox 1149 2713 1406 2791; x_wconf 72' lang='lat' dir='ltr'><strong>tepentes,</strong></span> <span class='ocrx_word' id='word_1_380' title='bbox 1462 2710 1516 2754; x_wconf 88' lang='lat' dir='ltr'><strong>et</strong></span> <span class='ocrx_word' id='word_1_381' title='bbox 1541 2701 1628 2755; x_wconf 85' lang='lat' dir='ltr'><strong>die</strong></span> <span class='ocrx_word' id='word_1_382' title='bbox 2330 2701 2550 2758; x_wconf 80' lang='lat' dir='ltr'><strong>CAPUT</strong></span> <span class='ocrx_word' id='word_1_383' title='bbox 2587 2706 2652 2759; x_wconf 85' lang='lat' dir='ltr'><strong>X.</strong></span> 
     </span>
    </p>
   </div>
   <div class='ocr_carea' id='block_1_30' title="bbox 86 2788 2939 2862">
    <p class='ocr_par' dir='ltr' id='par_1_30' title="bbox 86 2788 2939 2862">
     <span class='ocr_line' id='line_1_30' title="bbox 86 2788 2939 2862; baseline 0.002 -19"><span class='ocrx_word' id='word_1_384' title='bbox 86 2803 339 2860; x_wconf 82' lang='lat' dir='ltr'><strong>noctuque</strong></span> <span class='ocrx_word' id='word_1_385' title='bbox 366 2794 417 2846; x_wconf 87' lang='lat' dir='ltr'><strong>in</strong></span> <span class='ocrx_word' id='word_1_386' title='bbox 468 2794 582 2862; x_wconf 85' lang='lat' dir='ltr'><strong>lege</strong></span> <span class='ocrx_word' id='word_1_387' title='bbox 615 2794 817 2847; x_wconf 87' lang='lat' dir='ltr'><strong>Domini</strong></span> <span class='ocrx_word' id='word_1_388' title='bbox 850 2792 1155 2846; x_wconf 84' lang='lat' dir='ltr'><strong>meditantes</strong></span> <span class='ocrx_word' id='word_1_389' title='bbox 1197 2788 1313 2844; x_wconf 78' lang='lat' dir='ltr'><strong>esse</strong></span> <span class='ocrx_word' id='word_1_390' title='bbox 1363 2792 1627 2856; x_wconf 80' lang='lat' dir='ltr'><strong>cognosci-</strong></span> <span class='ocrx_word' id='word_1_391' title='bbox 2052 2788 2187 2851; x_wconf 84' lang='lat' dir='ltr'><strong>Quid</strong></span> <span class='ocrx_word' id='word_1_392' title='bbox 2211 2791 2416 2844; x_wconf 79' lang='lat' dir='ltr'><strong>debeant</strong></span> <span class='ocrx_word' id='word_1_393' title='bbox 2443 2798 2696 2846; x_wconf 77' lang='lat' dir='ltr'><strong>observare</strong></span> <span class='ocrx_word' id='word_1_394' title='bbox 2719 2794 2939 2850; x_wconf 80' lang='lat' dir='ltr'><strong>obbam.</strong></span> 
     </span>
    </p>
   </div>
   <div class='ocr_carea' id='block_1_31' title="bbox 90 2877 3257 2952">
    <p class='ocr_par' dir='ltr' id='par_1_31' title="bbox 90 2877 3257 2952">
     <span class='ocr_line' id='line_1_31' title="bbox 90 2877 3257 2952; baseline 0.002 -19"><span class='ocrx_word' id='word_1_395' title='bbox 90 2896 218 2942; x_wconf 87' lang='lat' dir='ltr'><strong>mus,</strong></span> <span class='ocrx_word' id='word_1_396' title='bbox 270 2883 355 2949; x_wconf 88' lang='lat' dir='ltr'><strong>pia</strong></span> <span class='ocrx_word' id='word_1_397' title='bbox 405 2884 739 2936; x_wconf 87' lang='lat' dir='ltr'><strong>miseratione</strong></span> <span class='ocrx_word' id='word_1_398' title='bbox 767 2885 902 2936; x_wconf 90' lang='lat' dir='ltr'><strong>sicut</strong></span> <span class='ocrx_word' id='word_1_399' title='bbox 953 2883 1230 2935; x_wconf 82' lang='lat' dir='ltr'><strong>infantulos</strong></span> <span class='ocrx_word' id='word_1_400' title='bbox 1260 2880 1442 2942; x_wconf 82' lang='lat' dir='ltr'><strong>foveri,</strong></span> <span class='ocrx_word' id='word_1_401' title='bbox 1491 2878 1624 2930; x_wconf 85' lang='lat' dir='ltr'><strong>sicut</strong></span> <span class='ocrx_word' id='word_1_402' title='bbox 1797 2877 2025 2931; x_wconf 88' lang='lat' dir='ltr'><strong>Primum</strong></span> <span class='ocrx_word' id='word_1_403' title='bbox 2074 2882 2225 2933; x_wconf 88' lang='lat' dir='ltr'><strong>horas</strong></span> <span class='ocrx_word' id='word_1_404' title='bbox 2267 2883 2564 2943; x_wconf 76' lang='lat' dir='ltr'><strong>canonicas,</strong></span> <span class='ocrx_word' id='word_1_405' title='bbox 2605 2884 2655 2937; x_wconf 90' lang='lat' dir='ltr'><strong>id</strong></span> <span class='ocrx_word' id='word_1_406' title='bbox 2684 2893 2785 2947; x_wconf 87' lang='lat' dir='ltr'><strong>est,</strong></span> <span class='ocrx_word' id='word_1_407' title='bbox 2815 2887 3051 2952; x_wconf 88' lang='lat' dir='ltr'><strong>primam,</strong></span> <span class='ocrx_word' id='word_1_408' title='bbox 3084 2888 3257 2940; x_wconf 79' lang='lat' dir='ltr'><strong>missis</strong></span> 
     </span>
    </p>
   </div>
   <div class='ocr_carea' id='block_1_32' title="bbox 85 2957 3253 3041">
    <p class='ocr_par' dir='ltr' id='par_1_32' title="bbox 85 2957 3253 3041">
     <span class='ocr_line' id='line_1_32' title="bbox 85 2957 3253 3041; baseline 0.001 -18"><span class='ocrx_word' id='word_1_409' title='bbox 85 2982 247 3035; x_wconf 79' lang='lat' dir='ltr'><strong>patres</strong></span> <span class='ocrx_word' id='word_1_410' title='bbox 275 2972 519 3027; x_wconf 83' lang='lat' dir='ltr'><strong>honorari</strong></span> <span class='ocrx_word' id='word_1_411' title='bbox 544 2975 872 3038; x_wconf 71' lang='lat' dir='ltr'><strong>mandamus,</strong></span> <span class='ocrx_word' id='word_1_412' title='bbox 904 2974 971 3027; x_wconf 88' lang='lat' dir='ltr'><strong>ita</strong></span> <span class='ocrx_word' id='word_1_413' title='bbox 1002 2983 1105 3026; x_wconf 88' lang='lat' dir='ltr'><strong>uta</strong></span> <span class='ocrx_word' id='word_1_414' title='bbox 1136 2957 1351 3040; x_wconf 60' lang='lat' dir='ltr'><strong>pistrino</strong></span> <span class='ocrx_word' id='word_1_415' title='bbox 1372 2980 1425 3023; x_wconf 90' lang='lat' dir='ltr'><strong>et</strong></span> <span class='ocrx_word' id='word_1_416' title='bbox 1446 2968 1622 3037; x_wconf 89' lang='lat' dir='ltr'><strong>coqni-</strong></span> <span class='ocrx_word' id='word_1_417' title='bbox 1727 2968 1978 3033; x_wconf 84' lang='lat' dir='ltr'><strong>operariis</strong></span> <span class='ocrx_word' id='word_1_418' title='bbox 2025 2969 2074 3020; x_wconf 92' lang='lat' dir='ltr'><strong>in</strong></span> <span class='ocrx_word' id='word_1_419' title='bbox 2122 2970 2358 3031; x_wconf 88' lang='lat' dir='ltr'><strong>vineam;</strong></span> <span class='ocrx_word' id='word_1_420' title='bbox 2394 2973 2619 3035; x_wconf 86' lang='lat' dir='ltr'><strong>tertiam,</strong></span> <span class='ocrx_word' id='word_1_421' title='bbox 2649 2983 2881 3025; x_wconf 86' lang='lat' dir='ltr'><strong>sanctum</strong></span> <span class='ocrx_word' id='word_1_422' title='bbox 2910 2975 3156 3041; x_wconf 75' lang='lat' dir='ltr'><strong>Spiritum</strong></span> <span class='ocrx_word' id='word_1_423' title='bbox 3203 2979 3253 3027; x_wconf 86' lang='lat' dir='ltr'><strong>in</strong></span> 
     </span>
    </p>
   </div>
   <div class='ocr_carea' id='block_1_33' title="bbox 84 3058 3255 3152">
    <p class='ocr_par' dir='ltr' id='par_1_33' title="bbox 84 3058 3255 3152">
     <span class='ocr_line' id='line_1_33' title="bbox 84 3058 3255 3152; baseline 0.001 -40"><span class='ocrx_word' id='word_1_424' title='bbox 84 3076 259 3115; x_wconf 81' lang='lat' dir='ltr'><strong>narum</strong></span> <span class='ocrx_word' id='word_1_425' title='bbox 289 3064 401 3115; x_wconf 84' lang='lat' dir='ltr'><strong>vice</strong></span> <span class='ocrx_word' id='word_1_426' title='bbox 447 3075 781 3126; x_wconf 86' lang='lat' dir='ltr'><strong>excusentur,</strong></span> <span class='ocrx_word' id='word_1_427' title='bbox 819 3075 872 3118; x_wconf 87' lang='lat' dir='ltr'><strong>et</strong></span> <span class='ocrx_word' id='word_1_428' title='bbox 910 3065 975 3117; x_wconf 91' lang='lat' dir='ltr'><strong>ab</strong></span> <span class='ocrx_word' id='word_1_429' title='bbox 1018 3078 1144 3133; x_wconf 77' lang='lat' dir='ltr'><strong>agro</strong></span> <span class='ocrx_word' id='word_1_430' title='bbox 1189 3074 1242 3117; x_wconf 87' lang='lat' dir='ltr'><strong>et</strong></span> <span class='ocrx_word' id='word_1_431' title='bbox 1279 3065 1413 3117; x_wconf 89' lang='lat' dir='ltr'><strong>duro</strong></span> <span class='ocrx_word' id='word_1_432' title='bbox 1445 3065 1621 3118; x_wconf 86' lang='lat' dir='ltr'><strong>labore</strong></span> <span class='ocrx_word' id='word_1_433' title='bbox 1649 3092 1693 3152; x_wconf 65' lang='grc' dir='ltr'>Ο</span> <span class='ocrx_word' id='word_1_434' title='bbox 1726 3058 1990 3123; x_wconf 74' lang='lat' dir='ltr'><strong>apostolos</strong></span> <span class='ocrx_word' id='word_1_435' title='bbox 2030 3058 2395 3121; x_wconf 84' lang='lat' dir='ltr'><strong>descendisse;</strong></span> <span class='ocrx_word' id='word_1_436' title='bbox 2432 3071 2652 3126; x_wconf 86' lang='lat' dir='ltr'><strong>sextam,</strong></span> <span class='ocrx_word' id='word_1_437' title='bbox 2685 3062 2952 3115; x_wconf 90' lang='lat' dir='ltr'><strong>Dominum</strong></span> <span class='ocrx_word' id='word_1_438' title='bbox 2981 3064 3029 3114; x_wconf 93' lang='lat' dir='ltr'><strong>in</strong></span> <span class='ocrx_word' id='word_1_439' title='bbox 3052 3077 3255 3116; x_wconf 78' lang='lat' dir='ltr'><strong>crucem</strong></span> 
     </span>
    </p>
   </div>
   <div class='ocr_carea' id='block_1_34' title="bbox 81 3148 3251 3221">
    <p class='ocr_par' dir='ltr' id='par_1_34' title="bbox 81 3148 3251 3221">
     <span class='ocr_line' id='line_1_34' title="bbox 81 3148 3251 3221; baseline 0.004 -22"><span class='ocrx_word' id='word_1_440' title='bbox 81 3150 233 3217; x_wconf 85' lang='lat' dir='ltr'><strong>quieti</strong></span> <span class='ocrx_word' id='word_1_441' title='bbox 262 3161 467 3219; x_wconf 82' lang='lat' dir='ltr'><strong>vacent,</strong></span> <span class='ocrx_word' id='word_1_442' title='bbox 510 3164 730 3218; x_wconf 86' lang='lat' dir='ltr'><strong>excepto</strong></span> <span class='ocrx_word' id='word_1_443' title='bbox 768 3154 905 3221; x_wconf 89' lang='lat' dir='ltr'><strong>quod</strong></span> <span class='ocrx_word' id='word_1_444' title='bbox 936 3154 1105 3220; x_wconf 85' lang='lat' dir='ltr'><strong>aliqua</strong></span> <span class='ocrx_word' id='word_1_445' title='bbox 1135 3154 1325 3206; x_wconf 79' lang='lat' dir='ltr'><strong>leviora</strong></span> <span class='ocrx_word' id='word_1_446' title='bbox 1354 3170 1507 3220; x_wconf 80' lang='lat' dir='ltr'><strong>opera</strong></span> <span class='ocrx_word' id='word_1_447' title='bbox 1539 3161 1617 3211; x_wconf 85' lang='lat' dir='ltr'><strong>eis</strong></span> <span class='ocrx_word' id='word_1_448' title='bbox 1660 3148 1690 3152; x_wconf 35' lang='lat' dir='ltr'>V</span> <span class='ocrx_word' id='word_1_449' title='bbox 1720 3148 2051 3209; x_wconf 63' lang='lat' dir='ltr'><strong>ascendisse;</strong></span> <span class='ocrx_word' id='word_1_450' title='bbox 2104 3163 2289 3201; x_wconf 69' lang='lat' dir='ltr'><strong>&quot;(illam</strong></span> <span class='ocrx_word' id='word_1_451' title='bbox 2310 3191 2323 3212; x_wconf 69' lang='grc' dir='ltr'><strong>ν</strong></span> <span class='ocrx_word' id='word_1_452' title='bbox 2354 3150 2588 3215; x_wconf 61' lang='lat' dir='ltr'><strong>8illiilli“!</strong></span> <span class='ocrx_word' id='word_1_453' title='bbox 2640 3152 2909 3213; x_wconf 64' lang='lat' dir='ltr'><strong>emiSlm;</strong></span> <span class='ocrx_word' id='word_1_454' title='bbox 2960 3167 3251 3217; x_wconf 71' lang='grc' dir='ltr'><strong>νοερθηω.</strong></span> 
     </span>
    </p>
   </div>
   <div class='ocr_carea' id='block_1_35' title="bbox 84 3236 1592 3311">
    <p class='ocr_par' dir='ltr' id='par_1_35' title="bbox 84 3240 1582 3311">
     <span class='ocr_line' id='line_1_35' title="bbox 84 3240 1582 3311; baseline 0.007 -24"><span class='ocrx_word' id='word_1_455' title='bbox 84 3240 438 3308; x_wconf 86' lang='lat' dir='ltr'><strong>injungantur,</strong></span> <span class='ocrx_word' id='word_1_456' title='bbox 496 3255 560 3294; x_wconf 87' lang='lat' dir='ltr'><strong>ne</strong></span> <span class='ocrx_word' id='word_1_457' title='bbox 590 3242 725 3293; x_wconf 86' lang='lat' dir='ltr'><strong>fessa</strong></span> <span class='ocrx_word' id='word_1_458' title='bbox 768 3255 893 3293; x_wconf 64' lang='lat' dir='ltr'><strong>astas</strong></span> <span class='ocrx_word' id='word_1_459' title='bbox 935 3250 1056 3295; x_wconf 85' lang='lat' dir='ltr'><strong>ante</strong></span> <span class='ocrx_word' id='word_1_460' title='bbox 1087 3252 1289 3308; x_wconf 88' lang='lat' dir='ltr'><strong>tempus</strong></span> <span class='ocrx_word' id='word_1_461' title='bbox 1318 3242 1582 3311; x_wconf 74' lang='lat' dir='ltr'><strong>frangatur</strong></span> 
     </span>
    </p>
   </div>
   <div class='ocr_carea' id='block_1_36' title="bbox 1744 3236 3252 3311">
    <p class='ocr_par' dir='ltr' id='par_1_36' title="bbox 1744 3236 3252 3301">
     <span class='ocr_line' id='line_1_36' title="bbox 1744 3236 3252 3301; baseline 0.006 -16"><span class='ocrx_word' id='word_1_462' title='bbox 1744 3236 1884 3288; x_wconf 79' lang='lat' dir='ltr'><strong>)avid</strong></span> <span class='ocrx_word' id='word_1_463' title='bbox 1931 3237 2205 3301; x_wconf 87' lang='lat' dir='ltr'><strong>cecinisse,</strong></span> <span class='ocrx_word' id='word_1_464' title='bbox 2247 3236 2710 3290; x_wconf 78' lang='lat' dir='ltr'><strong>dicens:Elmtio</strong></span> <span class='ocrx_word' id='word_1_465' title='bbox 2753 3256 2988 3291; x_wconf 72' lang='lat' dir='ltr'><strong>manuum</strong></span> <span class='ocrx_word' id='word_1_466' title='bbox 3032 3257 3252 3294; x_wconf 73' lang='lat' dir='ltr'><strong>mearum</strong></span> 
     </span>
    </p>
   </div>
   <div class='ocr_carea' id='block_1_37' title="bbox 80 3324 1588 3393">
    <p class='ocr_par' dir='ltr' id='par_1_37' title="bbox 80 3328 1588 3393">
     <span class='ocr_line' id='line_1_37' title="bbox 80 3328 1588 3393; baseline 0.006 -15"><span class='ocrx_word' id='word_1_467' title='bbox 80 3328 177 3379; x_wconf 85' lang='lat' dir='ltr'><strong>cibi</strong></span> <span class='ocrx_word' id='word_1_468' title='bbox 197 3339 376 3381; x_wconf 84' lang='lat' dir='ltr'><strong>tamen</strong></span> <span class='ocrx_word' id='word_1_469' title='bbox 397 3330 582 3393; x_wconf 86' lang='lat' dir='ltr'><strong>quibus</strong></span> <span class='ocrx_word' id='word_1_470' title='bbox 614 3329 933 3391; x_wconf 79' lang='lat' dir='ltr'><strong>reﬁciantur,</strong></span> <span class='ocrx_word' id='word_1_471' title='bbox 967 3332 1131 3383; x_wconf 90' lang='lat' dir='ltr'><strong>teneri</strong></span> <span class='ocrx_word' id='word_1_472' title='bbox 1162 3338 1206 3383; x_wconf 91' lang='lat' dir='ltr'><strong>et</strong></span> <span class='ocrx_word' id='word_1_473' title='bbox 1241 3333 1423 3384; x_wconf 89' lang='lat' dir='ltr'><strong>molles</strong></span> <span class='ocrx_word' id='word_1_474' title='bbox 1449 3346 1509 3385; x_wconf 89' lang='lat' dir='ltr'><strong>ex</strong></span> <span class='ocrx_word' id='word_1_475' title='bbox 1540 3333 1588 3387; x_wconf 88' lang='lat' dir='ltr'><strong>in</strong></span> 
     </span>
    </p>
   </div>
   <div class='ocr_carea' id='block_1_38' title="bbox 1743 3324 3251 3393">
    <p class='ocr_par' dir='ltr' id='par_1_38' title="bbox 1745 3324 3251 3392">
     <span class='ocr_line' id='line_1_38' title="bbox 1745 3324 3251 3392; baseline 0.006 -19"><span class='ocrx_word' id='word_1_476' title='bbox 1745 3326 2020 3385; x_wconf 71' lang='lat' dir='ltr'><strong>artiﬁcium</strong></span> <span class='ocrx_word' id='word_1_477' title='bbox 2064 3324 2396 3390; x_wconf 75' lang='lat' dir='ltr'><strong>vespertinum</strong></span> <span class='ocrx_word' id='word_1_478' title='bbox 2441 3324 2605 3392; x_wconf 86' lang='lat' dir='ltr'><strong>(Psal.</strong></span> <span class='ocrx_word' id='word_1_479' title='bbox 2628 3330 2786 3388; x_wconf 71' lang='lat' dir='ltr'><strong>est);</strong></span> <span class='ocrx_word' id='word_1_480' title='bbox 2815 3327 3035 3379; x_wconf 87' lang='lat' dir='ltr'><strong>mediam</strong></span> <span class='ocrx_word' id='word_1_481' title='bbox 3068 3332 3251 3392; x_wconf 83' lang='lat' dir='ltr'><strong>noctis,</strong></span> 
     </span>
    </p>
   </div>
   <div class='ocr_carea' id='block_1_39' title="bbox 76 3412 1584 3485">
    <p class='ocr_par' dir='ltr' id='par_1_39' title="bbox 76 3416 1584 3485">
     <span class='ocr_line' id='line_1_39' title="bbox 76 3416 1584 3485; baseline 0.004 -19"><span class='ocrx_word' id='word_1_482' title='bbox 76 3416 270 3469; x_wconf 74' lang='lat' dir='ltr'><strong>duStria</strong></span> <span class='ocrx_word' id='word_1_483' title='bbox 293 3417 362 3470; x_wconf 91' lang='lat' dir='ltr'><strong>ab</strong></span> <span class='ocrx_word' id='word_1_484' title='bbox 387 3416 807 3470; x_wconf 79' lang='lat' dir='ltr'><strong>hebdomadariis</strong></span> <span class='ocrx_word' id='word_1_485' title='bbox 832 3426 1142 3485; x_wconf 87' lang='lat' dir='ltr'><strong>coquantur,</strong></span> <span class='ocrx_word' id='word_1_486' title='bbox 1174 3427 1227 3471; x_wconf 90' lang='lat' dir='ltr'><strong>et</strong></span> <span class='ocrx_word' id='word_1_487' title='bbox 1250 3434 1435 3472; x_wconf 86' lang='lat' dir='ltr'><strong>carnes</strong></span> <span class='ocrx_word' id='word_1_488' title='bbox 1464 3430 1515 3472; x_wconf 92' lang='lat' dir='ltr'><strong>et</strong></span> <span class='ocrx_word' id='word_1_489' title='bbox 1544 3423 1584 3472; x_wconf 90' lang='lat' dir='ltr'><strong>vi</strong></span> 
     </span>
    </p>
   </div>
   <div class='ocr_carea' id='block_1_40' title="bbox 1736 3412 3244 3485">
    <p class='ocr_par' dir='ltr' id='par_1_40' title="bbox 1736 3412 3244 3481">
     <span class='ocr_line' id='line_1_40' title="bbox 1736 3412 3244 3481; baseline 0.004 -19"><span class='ocrx_word' id='word_1_490' title='bbox 1736 3412 1834 3479; x_wconf 66' lang='lat' dir='ltr'><strong>tuia</strong></span> <span class='ocrx_word' id='word_1_491' title='bbox 1877 3426 1935 3464; x_wconf 85' lang='lat' dir='ltr'><strong>ea</strong></span> <span class='ocrx_word' id='word_1_492' title='bbox 1969 3412 2091 3463; x_wconf 87' lang='lat' dir='ltr'><strong>hora</strong></span> <span class='ocrx_word' id='word_1_493' title='bbox 2120 3424 2309 3467; x_wconf 78' lang='lat' dir='ltr'><strong>clamor</strong></span> <span class='ocrx_word' id='word_1_494' title='bbox 2337 3412 2498 3479; x_wconf 80' lang='lat' dir='ltr'><strong>factus</strong></span> <span class='ocrx_word' id='word_1_495' title='bbox 2528 3423 2596 3466; x_wconf 79' lang='lat' dir='ltr'><strong>est</strong></span> <span class='ocrx_word' id='word_1_496' title='bbox 2621 3428 2640 3466; x_wconf 91' lang='lat'><strong><em>:</em></strong></span> <span class='ocrx_word' id='word_1_497' title='bbox 2670 3414 2796 3466; x_wconf 80' lang='lat' dir='ltr'><strong>Ecce</strong></span> <span class='ocrx_word' id='word_1_498' title='bbox 2834 3431 3042 3479; x_wconf 73' lang='lat' dir='ltr'><strong>sponsus</strong></span> <span class='ocrx_word' id='word_1_499' title='bbox 3092 3418 3244 3481; x_wconf 75' lang='lat' dir='ltr'><strong>venit,</strong></span> 
     </span>
    </p>
   </div>
   <div class='ocr_carea' id='block_1_41' title="bbox 80 3501 1588 3575">
    <p class='ocr_par' dir='ltr' id='par_1_41' title="bbox 80 3504 1588 3575">
     <span class='ocr_line' id='line_1_41' title="bbox 80 3504 1588 3575; baseline 0.004 -20"><span class='ocrx_word' id='word_1_500' title='bbox 80 3518 197 3556; x_wconf 89' lang='lat' dir='ltr'><strong>num</strong></span> <span class='ocrx_word' id='word_1_501' title='bbox 241 3515 459 3572; x_wconf 81' lang='lat' dir='ltr'><strong>propter</strong></span> <span class='ocrx_word' id='word_1_502' title='bbox 489 3504 900 3558; x_wconf 80' lang='lat' dir='ltr'><strong>imbecillitatem</strong></span> <span class='ocrx_word' id='word_1_503' title='bbox 931 3506 1197 3559; x_wconf 85' lang='lat' dir='ltr'><strong>moderate</strong></span> <span class='ocrx_word' id='word_1_504' title='bbox 1244 3508 1320 3560; x_wconf 82' lang='lat' dir='ltr'><strong>eis</strong></span> <span class='ocrx_word' id='word_1_505' title='bbox 1353 3510 1588 3575; x_wconf 67' lang='lat' dir='ltr'><strong>pracbean</strong></span> 
     </span>
    </p>
   </div>
   <div class='ocr_carea' id='block_1_42' title="bbox 1742 3501 3250 3575">
    <p class='ocr_par' dir='ltr' id='par_1_42' title="bbox 1742 3501 3250 3570">
     <span class='ocr_line' id='line_1_42' title="bbox 1742 3501 3250 3570; baseline 0.003 -18"><span class='ocrx_word' id='word_1_506' title='bbox 1742 3502 1846 3552; x_wconf 62' lang='lat' dir='ltr'><strong>mite</strong></span> <span class='ocrx_word' id='word_1_507' title='bbox 1900 3501 2090 3552; x_wconf 81' lang='lat' dir='ltr'><strong>obviam</strong></span> <span class='ocrx_word' id='word_1_508' title='bbox 2134 3501 2175 3553; x_wconf 83' lang='lat' dir='ltr'><strong>ei</strong></span> <span class='ocrx_word' id='word_1_509' title='bbox 2223 3501 2431 3567; x_wconf 73' lang='lat' dir='ltr'><strong>(Matth.</strong></span> <span class='ocrx_word' id='word_1_510' title='bbox 2456 3504 2600 3570; x_wconf 83' lang='lat' dir='ltr'><strong>xxv),</strong></span> <span class='ocrx_word' id='word_1_511' title='bbox 2643 3513 2696 3555; x_wconf 87' lang='lat' dir='ltr'><strong>et</strong></span> <span class='ocrx_word' id='word_1_512' title='bbox 2744 3513 2799 3555; x_wconf 90' lang='lat' dir='ltr'><strong>ut</strong></span> <span class='ocrx_word' id='word_1_513' title='bbox 2844 3504 3083 3557; x_wconf 84' lang='lat' dir='ltr'><strong>ea&#39;bora</strong></span> <span class='ocrx_word' id='word_1_514' title='bbox 3134 3519 3250 3559; x_wconf 81' lang='lat' dir='ltr'><strong>cum</strong></span> 
     </span>
    </p>
   </div>
   <div class='ocr_carea' id='block_1_43' title="bbox 79 3588 3253 3661">
    <p class='ocr_par' dir='ltr' id='par_1_43' title="bbox 79 3588 3253 3661">
     <span class='ocr_line' id='line_1_43' title="bbox 79 3588 3253 3661; baseline 0.001 -19"><span class='ocrx_word' id='word_1_515' title='bbox 79 3603 184 3655; x_wconf 89' lang='lat' dir='ltr'><strong>tur;</strong></span> <span class='ocrx_word' id='word_1_516' title='bbox 213 3605 267 3643; x_wconf 83' lang='lat' dir='ltr'><strong>et</strong></span> <span class='ocrx_word' id='word_1_517' title='bbox 295 3608 480 3645; x_wconf 87' lang='lat' dir='ltr'><strong>omnes</strong></span> <span class='ocrx_word' id='word_1_518' title='bbox 504 3596 567 3645; x_wconf 89' lang='lat' dir='ltr'><strong>ad</strong></span> <span class='ocrx_word' id='word_1_519' title='bbox 596 3595 854 3647; x_wconf 87' lang='lat' dir='ltr'><strong>edendum</strong></span> <span class='ocrx_word' id='word_1_520' title='bbox 879 3596 929 3647; x_wconf 92' lang='lat' dir='ltr'><strong>in</strong></span> <span class='ocrx_word' id='word_1_521' title='bbox 962 3611 1061 3647; x_wconf 88' lang='lat' dir='ltr'><strong>una</strong></span> <span class='ocrx_word' id='word_1_522' title='bbox 1086 3610 1261 3648; x_wconf 90' lang='lat' dir='ltr'><strong>mensa</strong></span> <span class='ocrx_word' id='word_1_523' title='bbox 1286 3598 1614 3661; x_wconf 63' lang='lat' dir='ltr'><strong>cepulentur,</strong></span> <span class='ocrx_word' id='word_1_524' title='bbox 1719 3591 1782 3640; x_wconf 88' lang='lat' dir='ltr'><strong>ad</strong></span> <span class='ocrx_word' id='word_1_525' title='bbox 1821 3588 2071 3653; x_wconf 80' lang='lat' dir='ltr'><strong>judicium</strong></span> <span class='ocrx_word' id='word_1_526' title='bbox 2117 3591 2349 3651; x_wconf 87' lang='lat' dir='ltr'><strong>venerit,</strong></span> <span class='ocrx_word' id='word_1_527' title='bbox 2390 3605 2490 3642; x_wconf 89' lang='lat' dir='ltr'><strong>non</strong></span> <span class='ocrx_word' id='word_1_528' title='bbox 2538 3606 2631 3644; x_wconf 91' lang='lat' dir='ltr'><strong>nos</strong></span> <span class='ocrx_word' id='word_1_529' title='bbox 2686 3591 3006 3646; x_wconf 88' lang='lat' dir='ltr'><strong>dormientes</strong></span> <span class='ocrx_word' id='word_1_530' title='bbox 3048 3595 3137 3645; x_wconf 86' lang='lat' dir='ltr'><strong>sed</strong></span> <span class='ocrx_word' id='word_1_531' title='bbox 3178 3595 3253 3645; x_wconf 87' lang='lat' dir='ltr'><strong>vi-</strong></span> 
     </span>
    </p>
   </div>
   <div class='ocr_carea' id='block_1_44' title="bbox 78 3677 3248 3747">
    <p class='ocr_par' dir='ltr' id='par_1_44' title="bbox 78 3677 3248 3747">
     <span class='ocr_line' id='line_1_44' title="bbox 78 3677 3248 3747; baseline 0.001 -18"><span class='ocrx_word' id='word_1_532' title='bbox 78 3682 346 3746; x_wconf 65' lang='lat' dir='ltr'><strong>aqtialiter</strong></span> <span class='ocrx_word' id='word_1_533' title='bbox 376 3684 494 3735; x_wconf 87' lang='lat' dir='ltr'><strong>cibo</strong></span> <span class='ocrx_word' id='word_1_534' title='bbox 521 3694 573 3735; x_wconf 91' lang='lat' dir='ltr'><strong>et</strong></span> <span class='ocrx_word' id='word_1_535' title='bbox 596 3692 716 3747; x_wconf 89' lang='lat' dir='ltr'><strong>potu</strong></span> <span class='ocrx_word' id='word_1_536' title='bbox 736 3698 839 3733; x_wconf 89' lang='lat' dir='ltr'><strong>uno</strong></span> <span class='ocrx_word' id='word_1_537' title='bbox 866 3683 1179 3734; x_wconf 68' lang='lat' dir='ltr'><strong>reﬁciantur.</strong></span> <span class='ocrx_word' id='word_1_538' title='bbox 1238 3683 1614 3736; x_wconf 81' lang='lat' dir='ltr'><strong>Vestimentum</strong></span> <span class='ocrx_word' id='word_1_539' title='bbox 1717 3677 1933 3742; x_wconf 80' lang='lat' dir='ltr'><strong>gilantes</strong></span> <span class='ocrx_word' id='word_1_540' title='bbox 1979 3677 2238 3741; x_wconf 89' lang='lat' dir='ltr'><strong>inveniat;</strong></span> <span class='ocrx_word' id='word_1_541' title='bbox 2271 3678 2618 3743; x_wconf 73' lang='lat' dir='ltr'><strong>gallicinium,</strong></span> <span class='ocrx_word' id='word_1_542' title='bbox 2648 3678 2909 3731; x_wconf 67' lang='lat' dir='ltr'><strong>Christum</strong></span> <span class='ocrx_word' id='word_1_543' title='bbox 2954 3694 2982 3731; x_wconf 91' lang='lat' dir='ltr'><strong>a</strong></span> <span class='ocrx_word' id='word_1_544' title='bbox 3029 3684 3248 3733; x_wconf 83' lang='lat' dir='ltr'><strong>mortuis</strong></span> 
     </span>
    </p>
   </div>
   <div class='ocr_carea' id='block_1_45' title="bbox 78 3769 3241 3846">
    <p class='ocr_par' dir='ltr' id='par_1_45' title="bbox 78 3769 3241 3846">
     <span class='ocr_line' id='line_1_45' title="bbox 78 3769 3241 3846; baseline 0.002 -28"><span class='ocrx_word' id='word_1_545' title='bbox 78 3790 197 3826; x_wconf 71' lang='lat' dir='ltr'><strong>vero</strong></span> <span class='ocrx_word' id='word_1_546' title='bbox 226 3785 274 3827; x_wconf 76' lang='lat' dir='ltr'><strong>et</strong></span> <span class='ocrx_word' id='word_1_547' title='bbox 308 3777 717 3829; x_wconf 65' lang='grc' dir='ltr'><strong>ςειοθεπιεηιυτη</strong></span> <span class='ocrx_word' id='word_1_548' title='bbox 747 3776 823 3827; x_wconf 73' lang='lat' dir='ltr'><strong>sic</strong></span> <span class='ocrx_word' id='word_1_549' title='bbox 852 3775 928 3828; x_wconf 74' lang='lat' dir='ltr'><strong>eis</strong></span> <span class='ocrx_word' id='word_1_550' title='bbox 955 3774 1308 3843; x_wconf 59' lang='lat' dir='ltr'><strong>prabeantur,</strong></span> <span class='ocrx_word' id='word_1_551' title='bbox 1342 3786 1399 3829; x_wconf 70' lang='lat' dir='ltr'><strong>ut</strong></span> <span class='ocrx_word' id='word_1_552' title='bbox 1424 3780 1619 3846; x_wconf 67' lang='lat' dir='ltr'><strong>absque</strong></span> <span class='ocrx_word' id='word_1_553' title='bbox 1718 3772 2087 3819; x_wconf 85' lang='lat' dir='ltr'><strong>resurrexisse.</strong></span> <span class='ocrx_word' id='word_1_554' title='bbox 2122 3769 2221 3819; x_wconf 87' lang='lat' dir='ltr'><strong>Has</strong></span> <span class='ocrx_word' id='word_1_555' title='bbox 2253 3770 2405 3821; x_wconf 87' lang='lat' dir='ltr'><strong>horas</strong></span> <span class='ocrx_word' id='word_1_556' title='bbox 2445 3772 2719 3822; x_wconf 83' lang='lat' dir='ltr'><strong>canonicas</strong></span> <span class='ocrx_word' id='word_1_557' title='bbox 2747 3771 2811 3821; x_wconf 87' lang='lat' dir='ltr'><strong>ab</strong></span> <span class='ocrx_word' id='word_1_558' title='bbox 2838 3770 3048 3824; x_wconf 80' lang='lat' dir='ltr'><strong>Oriente</strong></span> <span class='ocrx_word' id='word_1_559' title='bbox 3078 3788 3241 3839; x_wconf 84' lang='lat' dir='ltr'><strong>usque</strong></span> 
     </span>
    </p>
   </div>
   <div class='ocr_carea' id='block_1_46' title="bbox 76 3857 3243 3935">
    <p class='ocr_par' dir='ltr' id='par_1_46' title="bbox 76 3857 3243 3935">
     <span class='ocr_line' id='line_1_46' title="bbox 76 3857 3243 3935; baseline -0.001 -18"><span class='ocrx_word' id='word_1_560' title='bbox 76 3864 189 3919; x_wconf 75' lang='lat' dir='ltr'><strong>loco</strong></span> <span class='ocrx_word' id='word_1_561' title='bbox 214 3865 429 3935; x_wconf 87' lang='lat' dir='ltr'><strong>frigoris</strong></span> <span class='ocrx_word' id='word_1_562' title='bbox 456 3870 521 3919; x_wconf 87' lang='lat' dir='ltr'><strong>ab</strong></span> <span class='ocrx_word' id='word_1_563' title='bbox 558 3867 633 3919; x_wconf 89' lang='lat' dir='ltr'><strong>eis</strong></span> <span class='ocrx_word' id='word_1_564' title='bbox 668 3866 925 3933; x_wconf 86' lang='lat' dir='ltr'><strong>asperitas</strong></span> <span class='ocrx_word' id='word_1_565' title='bbox 953 3876 1211 3918; x_wconf 85' lang='lat' dir='ltr'><strong>arceatur.</strong></span> <span class='ocrx_word' id='word_1_566' title='bbox 1717 3857 1768 3909; x_wconf 91' lang='lat' dir='ltr'><strong>in</strong></span> <span class='ocrx_word' id='word_1_567' title='bbox 1797 3857 2132 3910; x_wconf 79' lang='lat' dir='ltr'><strong>Occidentem</strong></span> <span class='ocrx_word' id='word_1_568' title='bbox 2180 3859 2454 3921; x_wconf 86' lang='lat' dir='ltr'><strong>catholica,</strong></span> <span class='ocrx_word' id='word_1_569' title='bbox 2502 3859 2549 3911; x_wconf 90' lang='lat' dir='ltr'><strong>id</strong></span> <span class='ocrx_word' id='word_1_570' title='bbox 2578 3868 2678 3921; x_wconf 82' lang='lat' dir='ltr'><strong>est,</strong></span> <span class='ocrx_word' id='word_1_571' title='bbox 2712 3861 3020 3913; x_wconf 85' lang='lat' dir='ltr'><strong>universalis</strong></span> <span class='ocrx_word' id='word_1_572' title='bbox 3050 3861 3243 3915; x_wconf 81' lang='lat' dir='ltr'><strong>indesi-</strong></span> 
     </span>
    </p>
   </div>
   <div class='ocr_carea' id='block_1_47' title="bbox 687 3947 3240 4031">
    <p class='ocr_par' dir='ltr' id='par_1_47' title="bbox 687 3947 3240 4031">
     <span class='ocr_line' id='line_1_47' title="bbox 687 3947 3240 4031; baseline -0.003 -20"><span class='ocrx_word' id='word_1_573' title='bbox 687 3975 909 4030; x_wconf 67' lang='grc' dir='ltr'><strong>ρΑρυτ</strong></span> <span class='ocrx_word' id='word_1_574' title='bbox 934 3976 1025 4031; x_wconf 43' lang='grc' dir='ltr'><strong>ιχ.</strong></span> <span class='ocrx_word' id='word_1_575' title='bbox 1719 3956 1902 3999; x_wconf 85' lang='lat' dir='ltr'><strong>neuter</strong></span> <span class='ocrx_word' id='word_1_576' title='bbox 1943 3949 2172 4019; x_wconf 70' lang='lat' dir='ltr'><strong>celebrat</strong></span> <span class='ocrx_word' id='word_1_577' title='bbox 2212 3947 2461 4001; x_wconf 76' lang='lat' dir='ltr'><strong>Ecclesia.</strong></span> <span class='ocrx_word' id='word_1_578' title='bbox 2492 3948 2714 4004; x_wconf 82' lang='lat' dir='ltr'><strong>Proinde</strong></span> <span class='ocrx_word' id='word_1_579' title='bbox 2756 3964 2881 4017; x_wconf 88' lang='lat' dir='ltr'><strong>ergo</strong></span> <span class='ocrx_word' id='word_1_580' title='bbox 2906 3950 3120 4003; x_wconf 68' lang='lat' dir='ltr'><strong>abbate:</strong></span> <span class='ocrx_word' id='word_1_581' title='bbox 3149 3966 3240 4018; x_wconf 84' lang='lat' dir='ltr'><strong>per</strong></span> 
     </span>
    </p>
   </div>
   <div class='ocr_carea' id='block_1_48' title="bbox 76 4039 1584 4137">
    <p class='ocr_par' dir='ltr' id='par_1_48' title="bbox 76 4063 1584 4137">
     <span class='ocr_line' id='line_1_48' title="bbox 76 4063 1584 4137; baseline 0.003 -20"><span class='ocrx_word' id='word_1_582' title='bbox 76 4063 301 4129; x_wconf 75' lang='lat' dir='ltr'><strong>Qualiter</strong></span> <span class='ocrx_word' id='word_1_583' title='bbox 326 4066 735 4127; x_wconf 77' lang='lat' dir='ltr'><strong>debenntvt&#39;vcre,</strong></span> <span class='ocrx_word' id='word_1_584' title='bbox 776 4066 863 4137; x_wconf 79' lang='lat' dir='ltr'><strong>qui</strong></span> <span class='ocrx_word' id='word_1_585' title='bbox 878 4081 1053 4137; x_wconf 79' lang='lat' dir='ltr'><strong>greges</strong></span> <span class='ocrx_word' id='word_1_586' title='bbox 1094 4068 1380 4122; x_wconf 79' lang='lat' dir='ltr'><strong>monasterii</strong></span> <span class='ocrx_word' id='word_1_587' title='bbox 1420 4069 1584 4137; x_wconf 74' lang='lat' dir='ltr'><strong>delega</strong></span> 
     </span>
    </p>
   </div>
   <div class='ocr_carea' id='block_1_49' title="bbox 1735 4039 3243 4137">
    <p class='ocr_par' dir='ltr' id='par_1_49' title="bbox 1735 4039 3243 4102">
     <span class='ocr_line' id='line_1_49' title="bbox 1735 4039 3243 4102; baseline 0.005 -17"><span class='ocrx_word' id='word_1_588' title='bbox 1735 4040 2027 4088; x_wconf 87' lang='lat' dir='ltr'><strong>nonasteria</strong></span> <span class='ocrx_word' id='word_1_589' title='bbox 2059 4049 2161 4091; x_wconf 89' lang='lat' dir='ltr'><strong>tota</strong></span> <span class='ocrx_word' id='word_1_590' title='bbox 2190 4040 2379 4090; x_wconf 89' lang='lat' dir='ltr'><strong>mentis</strong></span> <span class='ocrx_word' id='word_1_591' title='bbox 2405 4039 2712 4102; x_wconf 85' lang='lat' dir='ltr'><strong>intentione,</strong></span> <span class='ocrx_word' id='word_1_592' title='bbox 2743 4054 2860 4091; x_wconf 90' lang='lat' dir='ltr'><strong>cum</strong></span> <span class='ocrx_word' id='word_1_593' title='bbox 2903 4040 3026 4091; x_wconf 83' lang='lat' dir='ltr'><strong>ﬂetu</strong></span> <span class='ocrx_word' id='word_1_594' title='bbox 3052 4052 3103 4093; x_wconf 91' lang='lat' dir='ltr'><strong>et</strong></span> <span class='ocrx_word' id='word_1_595' title='bbox 3130 4055 3243 4093; x_wconf 90' lang='lat' dir='ltr'><strong>cor-</strong></span> 
     </span>
    </p>
   </div>
   <div class='ocr_carea' id='block_1_50' title="bbox 700 4107 3241 4195">
    <p class='ocr_par' dir='ltr' id='par_1_50' title="bbox 700 4107 3241 4195">
     <span class='ocr_line' id='line_1_50' title="bbox 700 4107 3113 4139; baseline 0.012 -28"><span class='ocrx_word' id='word_1_596' title='bbox 700 4107 735 4127; x_wconf 75' lang='lat'><strong>,,</strong></span> <span class='ocrx_word' id='word_1_597' title='bbox 776 4107 1052 4133; x_wconf 68' lang='lat'><strong>.,_.,..,--</strong></span> <span class='ocrx_word' id='word_1_598' title='bbox 1095 4107 1378 4122; x_wconf 74' lang='lat'><strong>.........-.....</strong></span> <span class='ocrx_word' id='word_1_599' title='bbox 1420 4107 1591 4137; x_wconf 51' lang='grc' dir='ltr'><strong>..μιν</strong></span> <span class='ocrx_word' id='word_1_600' title='bbox 1758 4124 1766 4131; x_wconf 89' lang='grc'><strong>.</strong></span> <span class='ocrx_word' id='word_1_601' title='bbox 1984 4126 2029 4134; x_wconf 87' lang='grc'><strong>,.</strong></span> <span class='ocrx_word' id='word_1_602' title='bbox 2532 4126 2544 4136; x_wconf 93' lang='grc'>.</span> <span class='ocrx_word' id='word_1_603' title='bbox 2721 4126 2772 4138; x_wconf 92' lang='grc'><strong>..</strong></span> <span class='ocrx_word' id='word_1_604' title='bbox 2880 4129 2889 4137; x_wconf 87' lang='grc'><strong><em>.</em></strong></span> <span class='ocrx_word' id='word_1_605' title='bbox 3101 4128 3113 4139; x_wconf 95' lang='grc'><em>.</em></span> 
     </span>
     <span class='ocr_line' id='line_1_51' title="bbox 700 4122 3241 4195; baseline -0 -12"><span class='ocrx_word' id='word_1_606' title='bbox 700 4144 774 4185; x_wconf 81' lang='lat' dir='ltr'><strong>tos</strong></span> <span class='ocrx_word' id='word_1_607' title='bbox 801 4136 979 4195; x_wconf 68' lang='lat' dir='ltr'><strong>haben:</strong></span> <span class='ocrx_word' id='word_1_608' title='bbox 1718 4122 1799 4173; x_wconf 85' lang='lat' dir='ltr'><strong>dis</strong></span> <span class='ocrx_word' id='word_1_609' title='bbox 1829 4133 2155 4193; x_wconf 81' lang='lat' dir='ltr'><strong>contritione,</strong></span> <span class='ocrx_word' id='word_1_610' title='bbox 2183 4124 2354 4177; x_wconf 85' lang='lat' dir='ltr'><strong>ablata</strong></span> <span class='ocrx_word' id='word_1_611' title='bbox 2382 4125 2576 4177; x_wconf 87' lang='lat' dir='ltr'><strong>laboris</strong></span> <span class='ocrx_word' id='word_1_612' title='bbox 2604 4135 2693 4177; x_wconf 88' lang='lat' dir='ltr'><strong>aut</strong></span> <span class='ocrx_word' id='word_1_613' title='bbox 2720 4137 2919 4179; x_wconf 83' lang='lat' dir='ltr'><strong>itineris</strong></span> <span class='ocrx_word' id='word_1_614' title='bbox 2945 4141 3241 4190; x_wconf 82' lang='lat' dir='ltr'><strong>occasione,</strong></span> 
     </span>
    </p>
   </div>
   <div class='ocr_carea' id='block_1_51' title="bbox 136 4212 1644 4294">
    <p class='ocr_par' dir='ltr' id='par_1_51' title="bbox 136 4223 1616 4294">
     <span class='ocr_line' id='line_1_52' title="bbox 136 4223 1616 4294; baseline 0.002 -18"><span class='ocrx_word' id='word_1_615' title='bbox 136 4223 232 4288; x_wconf 84' lang='lat' dir='ltr'><strong>Qui</strong></span> <span class='ocrx_word' id='word_1_616' title='bbox 278 4239 469 4294; x_wconf 82' lang='lat' dir='ltr'><strong>greges</strong></span> <span class='ocrx_word' id='word_1_617' title='bbox 498 4225 799 4278; x_wconf 85' lang='lat' dir='ltr'><strong>monasterii</strong></span> <span class='ocrx_word' id='word_1_618' title='bbox 829 4224 1090 4289; x_wconf 88' lang='lat' dir='ltr'><strong>accipiunt</strong></span> <span class='ocrx_word' id='word_1_619' title='bbox 1134 4224 1371 4288; x_wconf 88' lang='lat' dir='ltr'><strong>alendos,</strong></span> <span class='ocrx_word' id='word_1_620' title='bbox 1424 4234 1616 4279; x_wconf 88' lang='lat' dir='ltr'><strong>tantam</strong></span> 
     </span>
    </p>
   </div>
   <div class='ocr_carea' id='block_1_52' title="bbox 1731 4212 3239 4294">
    <p class='ocr_par' dir='ltr' id='par_1_52' title="bbox 1731 4212 3239 4281">
     <span class='ocr_line' id='line_1_53' title="bbox 1731 4212 3239 4281; baseline 0.005 -19"><span class='ocrx_word' id='word_1_621' title='bbox 1731 4224 1834 4262; x_wconf 86' lang='lat' dir='ltr'><strong>:um</strong></span> <span class='ocrx_word' id='word_1_622' title='bbox 1864 4212 2003 4264; x_wconf 74' lang='lat' dir='ltr'><strong>omni</strong></span> <span class='ocrx_word' id='word_1_623' title='bbox 2035 4213 2401 4265; x_wconf 85' lang='lat' dir='ltr'><strong>monachorum</strong></span> <span class='ocrx_word' id='word_1_624' title='bbox 2424 4215 2823 4281; x_wconf 75' lang='lat' dir='ltr'><strong>congregatione</strong></span> <span class='ocrx_word' id='word_1_625' title='bbox 2846 4214 3115 4269; x_wconf 82' lang='lat' dir='ltr'><strong>celebrare</strong></span> <span class='ocrx_word' id='word_1_626' title='bbox 3130 4214 3239 4270; x_wconf 75' lang='lat' dir='ltr'><strong>de-</strong></span> 
     </span>
    </p>
   </div>
   <div class='ocr_carea' id='block_1_53' title="bbox 70 4300 1578 4381">
    <p class='ocr_par' dir='ltr' id='par_1_53' title="bbox 70 4313 1578 4381">
     <span class='ocr_line' id='line_1_54' title="bbox 70 4313 1578 4381; baseline 0.002 -18"><span class='ocrx_word' id='word_1_627' title='bbox 70 4313 478 4367; x_wconf 85' lang='lat' dir='ltr'><strong>snllicitudinem</strong></span> <span class='ocrx_word' id='word_1_628' title='bbox 500 4328 659 4381; x_wconf 84' lang='lat' dir='ltr'><strong>super</strong></span> <span class='ocrx_word' id='word_1_629' title='bbox 679 4327 771 4366; x_wconf 89' lang='lat' dir='ltr'><strong>eos</strong></span> <span class='ocrx_word' id='word_1_630' title='bbox 791 4328 969 4380; x_wconf 88' lang='lat' dir='ltr'><strong>gerere</strong></span> <span class='ocrx_word' id='word_1_631' title='bbox 996 4314 1206 4375; x_wconf 89' lang='lat' dir='ltr'><strong>debent,</strong></span> <span class='ocrx_word' id='word_1_632' title='bbox 1232 4324 1287 4365; x_wconf 93' lang='lat' dir='ltr'><strong>ut</strong></span> <span class='ocrx_word' id='word_1_633' title='bbox 1310 4313 1436 4365; x_wconf 90' lang='lat' dir='ltr'><strong>nulli</strong></span> <span class='ocrx_word' id='word_1_634' title='bbox 1462 4315 1578 4366; x_wconf 84' lang='lat' dir='ltr'><strong>dam</strong></span> 
     </span>
    </p>
   </div>
   <div class='ocr_carea' id='block_1_54' title="bbox 1739 4300 3247 4381">
    <p class='ocr_par' dir='ltr' id='par_1_54' title="bbox 1739 4300 3247 4369">
     <span class='ocr_line' id='line_1_55' title="bbox 1739 4300 3247 4369; baseline 0.002 -17"><span class='ocrx_word' id='word_1_635' title='bbox 1739 4311 1865 4353; x_wconf 76' lang='lat' dir='ltr'><strong>ient.</strong></span> <span class='ocrx_word' id='word_1_636' title='bbox 1896 4301 1962 4353; x_wconf 86' lang='lat' dir='ltr'><strong>Et</strong></span> <span class='ocrx_word' id='word_1_637' title='bbox 2001 4300 2085 4357; x_wconf 90' lang='lat' dir='ltr'><strong>ubi</strong></span> <span class='ocrx_word' id='word_1_638' title='bbox 2111 4303 2188 4354; x_wconf 89' lang='lat' dir='ltr'><strong>eis</strong></span> <span class='ocrx_word' id='word_1_639' title='bbox 2219 4303 2524 4368; x_wconf 86' lang='lat' dir='ltr'><strong>properandi</strong></span> <span class='ocrx_word' id='word_1_640' title='bbox 2554 4301 2707 4354; x_wconf 89' lang='lat' dir='ltr'><strong>fuerit</strong></span> <span class='ocrx_word' id='word_1_641' title='bbox 2745 4302 3044 4369; x_wconf 81' lang='lat' dir='ltr'><strong>necessitas,</strong></span> <span class='ocrx_word' id='word_1_642' title='bbox 3072 4313 3126 4357; x_wconf 88' lang='lat' dir='ltr'><strong>et</strong></span> <span class='ocrx_word' id='word_1_643' title='bbox 3154 4304 3247 4355; x_wconf 90' lang='lat' dir='ltr'><strong>ho-</strong></span> 
     </span>
    </p>
   </div>
   <div class='ocr_carea' id='block_1_55' title="bbox 74 4392 1582 4470">
    <p class='ocr_par' dir='ltr' id='par_1_55' title="bbox 74 4400 1582 4470">
     <span class='ocr_line' id='line_1_56' title="bbox 74 4400 1582 4470; baseline 0 -17"><span class='ocrx_word' id='word_1_644' title='bbox 74 4418 192 4454; x_wconf 90' lang='lat' dir='ltr'><strong>num</strong></span> <span class='ocrx_word' id='word_1_645' title='bbox 225 4404 278 4455; x_wconf 90' lang='lat' dir='ltr'><strong>in</strong></span> <span class='ocrx_word' id='word_1_646' title='bbox 328 4400 561 4469; x_wconf 84' lang='lat' dir='ltr'><strong>frugibus</strong></span> <span class='ocrx_word' id='word_1_647' title='bbox 589 4402 835 4466; x_wconf 86' lang='lat' dir='ltr'><strong>inferant,</strong></span> <span class='ocrx_word' id='word_1_648' title='bbox 864 4410 919 4455; x_wconf 91' lang='lat' dir='ltr'><strong>et</strong></span> <span class='ocrx_word' id='word_1_649' title='bbox 947 4412 1084 4454; x_wconf 89' lang='lat' dir='ltr'><strong>tanta</strong></span> <span class='ocrx_word' id='word_1_650' title='bbox 1117 4401 1371 4470; x_wconf 81' lang='lat' dir='ltr'><strong>vigilantia</strong></span> <span class='ocrx_word' id='word_1_651' title='bbox 1404 4406 1582 4455; x_wconf 85' lang='lat' dir='ltr'><strong>astutia</strong></span> 
     </span>
    </p>
   </div>
   <div class='ocr_carea' id='block_1_56' title="bbox 1733 4392 3241 4470">
    <p class='ocr_par' dir='ltr' id='par_1_56' title="bbox 1733 4392 3241 4459">
     <span class='ocr_line' id='line_1_57' title="bbox 1733 4392 3241 4459; baseline 0.003 -20"><span class='ocrx_word' id='word_1_652' title='bbox 1733 4405 1895 4443; x_wconf 84' lang='lat' dir='ltr'><strong>rarum</strong></span> <span class='ocrx_word' id='word_1_653' title='bbox 1938 4393 2272 4457; x_wconf 86' lang='lat' dir='ltr'><strong>cognoverint</strong></span> <span class='ocrx_word' id='word_1_654' title='bbox 2304 4402 2490 4455; x_wconf 84' lang='lat' dir='ltr'><strong>metas,</strong></span> <span class='ocrx_word' id='word_1_655' title='bbox 2524 4394 2771 4448; x_wconf 86' lang='lat' dir='ltr'><strong>continuo</strong></span> <span class='ocrx_word' id='word_1_656' title='bbox 2800 4392 2959 4445; x_wconf 84' lang='lat' dir='ltr'><strong>humo</strong></span> <span class='ocrx_word' id='word_1_657' title='bbox 2998 4396 3241 4459; x_wconf 76' lang='lat' dir='ltr'><strong>prostrati</strong></span> 
     </span>
    </p>
   </div>
   <div class='ocr_carea' id='block_1_57' title="bbox 69 4480 1577 4559">
    <p class='ocr_par' dir='ltr' id='par_1_57' title="bbox 69 4491 1577 4559">
     <span class='ocr_line' id='line_1_58' title="bbox 69 4491 1577 4559; baseline -0.001 -14"><span class='ocrx_word' id='word_1_658' title='bbox 69 4509 167 4555; x_wconf 81' lang='lat' dir='ltr'><strong>que</strong></span> <span class='ocrx_word' id='word_1_659' title='bbox 191 4492 560 4552; x_wconf 83' lang='lat' dir='ltr'><strong>sollicitentur,</strong></span> <span class='ocrx_word' id='word_1_660' title='bbox 595 4505 660 4543; x_wconf 87' lang='lat' dir='ltr'><strong>ne</strong></span> <span class='ocrx_word' id='word_1_661' title='bbox 687 4505 715 4541; x_wconf 90' lang='lat' dir='ltr'><strong>a</strong></span> <span class='ocrx_word' id='word_1_662' title='bbox 739 4492 917 4543; x_wconf 82' lang='lat' dir='ltr'><strong>bestiis</strong></span> <span class='ocrx_word' id='word_1_663' title='bbox 947 4492 1280 4551; x_wconf 80' lang='lat' dir='ltr'><strong>devnrentur.</strong></span> <span class='ocrx_word' id='word_1_664' title='bbox 1322 4502 1376 4544; x_wconf 90' lang='lat' dir='ltr'><strong>ut</strong></span> <span class='ocrx_word' id='word_1_665' title='bbox 1404 4491 1577 4559; x_wconf 87' lang='lat' dir='ltr'><strong>fragos</strong></span> 
     </span>
    </p>
   </div>
   <div class='ocr_carea' id='block_1_58' title="bbox 1735 4480 3243 4559">
    <p class='ocr_par' dir='ltr' id='par_1_58' title="bbox 1736 4480 3243 4549">
     <span class='ocr_line' id='line_1_59' title="bbox 1736 4480 3243 4549; baseline 0 -17"><span class='ocrx_word' id='word_1_666' title='bbox 1736 4482 2085 4548; x_wconf 80' lang='lat' dir='ltr'><strong>ndulgentisin</strong></span> <span class='ocrx_word' id='word_1_667' title='bbox 2114 4496 2143 4533; x_wconf 89' lang='lat' dir='ltr'><strong>a</strong></span> <span class='ocrx_word' id='word_1_668' title='bbox 2175 4482 2392 4535; x_wconf 88' lang='lat' dir='ltr'><strong>Domino</strong></span> <span class='ocrx_word' id='word_1_669' title='bbox 2414 4482 2671 4549; x_wconf 86' lang='lat' dir='ltr'><strong>supplices</strong></span> <span class='ocrx_word' id='word_1_670' title='bbox 2702 4491 2897 4549; x_wconf 82' lang='lat' dir='ltr'><strong>petant,</strong></span> <span class='ocrx_word' id='word_1_671' title='bbox 2923 4490 2978 4533; x_wconf 91' lang='lat' dir='ltr'><strong>et</strong></span> <span class='ocrx_word' id='word_1_672' title='bbox 3008 4480 3119 4533; x_wconf 88' lang='lat' dir='ltr'><strong>auis</strong></span> <span class='ocrx_word' id='word_1_673' title='bbox 3150 4482 3243 4532; x_wconf 88' lang='lat' dir='ltr'><strong>ho-</strong></span> 
     </span>
    </p>
   </div>
   <div class='ocr_carea' id='block_1_59' title="bbox 70 4569 3246 4647">
    <p class='ocr_par' dir='ltr' id='par_1_59' title="bbox 70 4569 3246 4647">
     <span class='ocr_line' id='line_1_60' title="bbox 70 4569 3246 4647; baseline 0.002 -17"><span class='ocrx_word' id='word_1_674' title='bbox 70 4589 123 4630; x_wconf 79' lang='lat' dir='ltr'><strong>et</strong></span> <span class='ocrx_word' id='word_1_675' title='bbox 142 4578 146 4581; x_wconf 75' lang='lat'>‘</span> <span class='ocrx_word' id='word_1_676' title='bbox 165 4579 387 4647; x_wconf 79' lang='lat' dir='ltr'><strong>abrupta</strong></span> <span class='ocrx_word' id='word_1_677' title='bbox 415 4580 668 4631; x_wconf 89' lang='lat' dir='ltr'><strong>montium</strong></span> <span class='ocrx_word' id='word_1_678' title='bbox 702 4587 758 4632; x_wconf 89' lang='lat' dir='ltr'><strong>et</strong></span> <span class='ocrx_word' id='word_1_679' title='bbox 791 4580 1161 4633; x_wconf 86' lang='lat' dir='ltr'><strong>inaccessibilia</strong></span> <span class='ocrx_word' id='word_1_680' title='bbox 1199 4582 1405 4633; x_wconf 87' lang='lat' dir='ltr'><strong>vallium</strong></span> <span class='ocrx_word' id='word_1_681' title='bbox 1436 4582 1612 4646; x_wconf 85' lang='lat' dir='ltr'><strong>prolti-</strong></span> <span class='ocrx_word' id='word_1_682' title='bbox 1723 4571 1794 4621; x_wconf 80' lang='lat' dir='ltr'><strong>ris</strong></span> <span class='ocrx_word' id='word_1_683' title='bbox 1827 4569 2189 4636; x_wconf 65' lang='lat' dir='ltr'><strong>peculiaribus.</strong></span> <span class='ocrx_word' id='word_1_684' title='bbox 2218 4570 2268 4623; x_wconf 83' lang='lat' dir='ltr'><strong>id</strong></span> <span class='ocrx_word' id='word_1_685' title='bbox 2295 4581 2395 4635; x_wconf 70' lang='lat' dir='ltr'><strong>est.</strong></span> <span class='ocrx_word' id='word_1_686' title='bbox 2424 4572 2671 4631; x_wconf 66' lang='lat' dir='ltr'><strong>Iucunda.</strong></span> <span class='ocrx_word' id='word_1_687' title='bbox 2701 4578 2904 4635; x_wconf 69' lang='lat' dir='ltr'><strong>quarta.</strong></span> <span class='ocrx_word' id='word_1_688' title='bbox 2932 4570 3130 4636; x_wconf 72' lang='lat' dir='ltr'><strong>quinta.</strong></span> <span class='ocrx_word' id='word_1_689' title='bbox 3161 4585 3246 4624; x_wconf 81' lang='lat' dir='ltr'><strong>se-</strong></span> 
     </span>
    </p>
   </div>
   <div class='ocr_carea' id='block_1_60' title="bbox 72 4659 3243 4740">
    <p class='ocr_par' dir='ltr' id='par_1_60' title="bbox 72 4659 3243 4740">
     <span class='ocr_line' id='line_1_61' title="bbox 72 4659 3243 4740; baseline 0.001 -18"><span class='ocrx_word' id='word_1_690' title='bbox 72 4671 311 4740; x_wconf 69' lang='lat' dir='ltr'><strong>tueantur,</strong></span> <span class='ocrx_word' id='word_1_691' title='bbox 342 4685 407 4723; x_wconf 88' lang='lat' dir='ltr'><strong>ne</strong></span> <span class='ocrx_word' id='word_1_692' title='bbox 433 4672 497 4723; x_wconf 91' lang='lat' dir='ltr'><strong>ad</strong></span> <span class='ocrx_word' id='word_1_693' title='bbox 524 4669 864 4738; x_wconf 69' lang='lat' dir='ltr'><strong>pmcspiuum</strong></span> <span class='ocrx_word' id='word_1_694' title='bbox 894 4668 1139 4723; x_wconf 76' lang='lat' dir='ltr'><strong>deﬂuant.</strong></span> <span class='ocrx_word' id='word_1_695' title='bbox 1171 4670 1318 4735; x_wconf 86' lang='lat' dir='ltr'><strong>Quod</strong></span> <span class='ocrx_word' id='word_1_696' title='bbox 1347 4672 1390 4724; x_wconf 89' lang='lat' dir='ltr'><strong>si</strong></span> <span class='ocrx_word' id='word_1_697' title='bbox 1418 4686 1509 4737; x_wconf 89' lang='lat' dir='ltr'><strong>per</strong></span> <span class='ocrx_word' id='word_1_698' title='bbox 1536 4671 1613 4723; x_wconf 90' lang='lat' dir='ltr'><strong>in-</strong></span> <span class='ocrx_word' id='word_1_699' title='bbox 1718 4662 1894 4725; x_wconf 65' lang='lat' dir='ltr'><strong>mima.</strong></span> <span class='ocrx_word' id='word_1_700' title='bbox 1936 4670 2137 4721; x_wconf 73' lang='lat' dir='ltr'><strong>octava.</strong></span> <span class='ocrx_word' id='word_1_701' title='bbox 2166 4660 2363 4711; x_wconf 75' lang='lat' dir='ltr'><strong>decim</strong></span> <span class='ocrx_word' id='word_1_702' title='bbox 2404 4670 2471 4710; x_wconf 64' lang='grc' dir='ltr'><strong>δι’</strong></span> <span class='ocrx_word' id='word_1_703' title='bbox 2500 4659 2791 4739; x_wconf 75' lang='lat' dir='ltr'><strong>undecim.</strong></span> <span class='ocrx_word' id='word_1_704' title='bbox 2822 4671 2975 4711; x_wconf 78' lang='grc' dir='ltr'><strong>οητο</strong></span> <span class='ocrx_word' id='word_1_705' title='bbox 3021 4672 3125 4711; x_wconf 74' lang='lat' dir='ltr'><strong>non</strong></span> <span class='ocrx_word' id='word_1_706' title='bbox 3174 4661 3243 4725; x_wconf 74' lang='lat' dir='ltr'><strong>ui-</strong></span> 
     </span>
    </p>
   </div>
   <div class='ocr_carea' id='block_1_61' title="bbox 68 4747 1576 4827">
    <p class='ocr_par' dir='ltr' id='par_1_61' title="bbox 68 4758 1575 4827">
     <span class='ocr_line' id='line_1_62' title="bbox 68 4758 1575 4827; baseline -0.002 -15"><span class='ocrx_word' id='word_1_707' title='bbox 68 4760 290 4826; x_wconf 77' lang='lat' dir='ltr'><strong>coriam,</strong></span> <span class='ocrx_word' id='word_1_708' title='bbox 315 4772 406 4812; x_wconf 87' lang='lat' dir='ltr'><strong>ant</strong></span> <span class='ocrx_word' id='word_1_709' title='bbox 436 4771 700 4827; x_wconf 87' lang='lat' dir='ltr'><strong>pastorum</strong></span> <span class='ocrx_word' id='word_1_710' title='bbox 731 4758 1002 4823; x_wconf 89' lang='lat' dir='ltr'><strong>desldiam,</strong></span> <span class='ocrx_word' id='word_1_711' title='bbox 1026 4774 1086 4811; x_wconf 91' lang='lat' dir='ltr'><strong>ex</strong></span> <span class='ocrx_word' id='word_1_712' title='bbox 1111 4761 1419 4827; x_wconf 84' lang='lat' dir='ltr'><strong>supradictis</strong></span> <span class='ocrx_word' id='word_1_713' title='bbox 1441 4761 1575 4827; x_wconf 84' lang='lat' dir='ltr'><strong>aliqu</strong></span> 
     </span>
    </p>
   </div>
   <div class='ocr_carea' id='block_1_62' title="bbox 1730 4747 3238 4827">
    <p class='ocr_par' dir='ltr' id='par_1_62' title="bbox 1730 4747 3238 4817">
     <span class='ocr_line' id='line_1_63' title="bbox 1730 4747 3238 4817; baseline -0.001 -15"><span class='ocrx_word' id='word_1_714' title='bbox 1730 4759 1884 4815; x_wconf 66' lang='lat' dir='ltr'><strong>reant,</strong></span> <span class='ocrx_word' id='word_1_715' title='bbox 1917 4750 2137 4817; x_wconf 87' lang='lat' dir='ltr'><strong>qualiter</strong></span> <span class='ocrx_word' id='word_1_716' title='bbox 2172 4754 2367 4814; x_wconf 81' lang='lat' dir='ltr'><strong>septem</strong></span> <span class='ocrx_word' id='word_1_717' title='bbox 2397 4755 2451 4799; x_wconf 87' lang='lat' dir='ltr'><strong>et</strong></span> <span class='ocrx_word' id='word_1_718' title='bbox 2489 4757 2610 4801; x_wconf 89' lang='lat' dir='ltr'><strong>octo</strong></span> <span class='ocrx_word' id='word_1_719' title='bbox 2656 4747 2951 4802; x_wconf 87' lang='lat' dir='ltr'><strong>Salomonis</strong></span> <span class='ocrx_word' id='word_1_720' title='bbox 2994 4759 3238 4815; x_wconf 83' lang='lat' dir='ltr'><strong>congruat</strong></span> 
     </span>
    </p>
   </div>
   <div class='ocr_carea' id='block_1_63' title="bbox 71 4835 1579 4915">
    <p class='ocr_par' dir='ltr' id='par_1_63' title="bbox 71 4847 1579 4915">
     <span class='ocr_line' id='line_1_64' title="bbox 71 4847 1579 4915; baseline -0.001 -15"><span class='ocrx_word' id='word_1_721' title='bbox 71 4847 371 4914; x_wconf 81' lang='lat' dir='ltr'><strong>provenerit</strong></span> <span class='ocrx_word' id='word_1_722' title='bbox 418 4848 752 4914; x_wconf 81' lang='lat' dir='ltr'><strong>negligentia,</strong></span> <span class='ocrx_word' id='word_1_723' title='bbox 798 4848 1045 4901; x_wconf 88' lang='lat' dir='ltr'><strong>continuo</strong></span> <span class='ocrx_word' id='word_1_724' title='bbox 1090 4848 1303 4915; x_wconf 89' lang='lat' dir='ltr'><strong>pedibus</strong></span> <span class='ocrx_word' id='word_1_725' title='bbox 1350 4850 1579 4901; x_wconf 87' lang='lat' dir='ltr'><strong>seniornr</strong></span> 
     </span>
    </p>
   </div>
   <div class='ocr_carea' id='block_1_64' title="bbox 1729 4835 3237 4915">
    <p class='ocr_par' dir='ltr' id='par_1_64' title="bbox 1729 4835 3237 4905">
     <span class='ocr_line' id='line_1_65' title="bbox 1729 4835 3237 4905; baseline -0.002 -16"><span class='ocrx_word' id='word_1_726' title='bbox 1729 4838 1903 4890; x_wconf 88' lang='lat' dir='ltr'><strong>lictutn</strong></span> <span class='ocrx_word' id='word_1_727' title='bbox 1938 4856 1951 4888; x_wconf 90' lang='lat'><strong>:</strong></span> <span class='ocrx_word' id='word_1_728' title='bbox 1983 4836 2061 4889; x_wconf 86' lang='lat' dir='ltr'><strong>Da</strong></span> <span class='ocrx_word' id='word_1_729' title='bbox 2100 4849 2288 4905; x_wconf 76' lang='lat' dir='ltr'><strong>partem</strong></span> <span class='ocrx_word' id='word_1_730' title='bbox 2330 4845 2513 4903; x_wconf 70' lang='lat' dir='ltr'><strong>septem</strong></span> <span class='ocrx_word' id='word_1_731' title='bbox 2550 4852 2640 4888; x_wconf 77' lang='lat' dir='ltr'><strong>nec</strong></span> <span class='ocrx_word' id='word_1_732' title='bbox 2680 4852 2775 4886; x_wconf 75' lang='lat' dir='ltr'><strong>non</strong></span> <span class='ocrx_word' id='word_1_733' title='bbox 2805 4844 2853 4887; x_wconf 78' lang='lat' dir='ltr'><strong>et</strong></span> <span class='ocrx_word' id='word_1_734' title='bbox 2893 4845 3003 4888; x_wconf 78' lang='lat' dir='ltr'><strong>octo</strong></span> <span class='ocrx_word' id='word_1_735' title='bbox 3044 4835 3237 4905; x_wconf 69' lang='lat' dir='ltr'><strong>(Each.</strong></span> 
     </span>
    </p>
   </div>
   <div class='ocr_carea' id='block_1_65' title="bbox 72 4923 3234 5001">
    <p class='ocr_par' dir='ltr' id='par_1_65' title="bbox 72 4923 3234 5001">
     <span class='ocr_line' id='line_1_66' title="bbox 72 4923 3234 5001; baseline -0.005 -13"><span class='ocrx_word' id='word_1_736' title='bbox 72 4936 466 5000; x_wconf 82' lang='lat' dir='ltr'><strong>provolventes,</strong></span> <span class='ocrx_word' id='word_1_737' title='bbox 503 4941 557 4986; x_wconf 89' lang='lat' dir='ltr'><strong>et</strong></span> <span class='ocrx_word' id='word_1_738' title='bbox 600 4943 845 5001; x_wconf 84' lang='lat' dir='ltr'><strong>tanquam</strong></span> <span class='ocrx_word' id='word_1_739' title='bbox 874 4934 1048 5001; x_wconf 90' lang='lat' dir='ltr'><strong>gravia</strong></span> <span class='ocrx_word' id='word_1_740' title='bbox 1086 4946 1290 5001; x_wconf 86' lang='lat' dir='ltr'><strong>peccata</strong></span> <span class='ocrx_word' id='word_1_741' title='bbox 1334 4935 1609 5001; x_wconf 87' lang='lat' dir='ltr'><strong>deploran—</strong></span> <span class='ocrx_word' id='word_1_742' title='bbox 1712 4927 1805 4990; x_wconf 81' lang='lat' dir='ltr'><strong>st),</strong></span> <span class='ocrx_word' id='word_1_743' title='bbox 1836 4936 1890 4979; x_wconf 86' lang='lat' dir='ltr'><strong>nt</strong></span> <span class='ocrx_word' id='word_1_744' title='bbox 1922 4942 2013 4992; x_wconf 86' lang='lat' dir='ltr'><strong>per</strong></span> <span class='ocrx_word' id='word_1_745' title='bbox 2041 4924 2357 4991; x_wconf 83' lang='lat' dir='ltr'><strong>septiformis</strong></span> <span class='ocrx_word' id='word_1_746' title='bbox 2382 4925 2562 4993; x_wconf 72' lang='lat' dir='ltr'><strong>gratiae</strong></span> <span class='ocrx_word' id='word_1_747' title='bbox 2588 4923 2863 4989; x_wconf 83' lang='lat' dir='ltr'><strong>Spiritum,</strong></span> <span class='ocrx_word' id='word_1_748' title='bbox 2890 4932 2943 4976; x_wconf 89' lang='lat' dir='ltr'><strong>et</strong></span> <span class='ocrx_word' id='word_1_749' title='bbox 2966 4932 3085 4977; x_wconf 86' lang='lat' dir='ltr'><strong>octo</strong></span> <span class='ocrx_word' id='word_1_750' title='bbox 3114 4925 3234 4975; x_wconf 82' lang='lat' dir='ltr'><strong>bea-</strong></span> 
     </span>
    </p>
   </div>
   <div class='ocr_carea' id='block_1_66' title="bbox 68 5011 3238 5093">
    <p class='ocr_par' dir='ltr' id='par_1_66' title="bbox 68 5011 3238 5093">
     <span class='ocr_line' id='line_1_67' title="bbox 68 5011 3238 5093; baseline -0.004 -16"><span class='ocrx_word' id='word_1_751' title='bbox 68 5034 163 5089; x_wconf 77' lang='lat' dir='ltr'><strong>tea,</strong></span> <span class='ocrx_word' id='word_1_752' title='bbox 189 5024 404 5093; x_wconf 80' lang='lat' dir='ltr'><strong>dignam</strong></span> <span class='ocrx_word' id='word_1_753' title='bbox 430 5036 522 5088; x_wconf 85' lang='lat' dir='ltr'><strong>pro</strong></span> <span class='ocrx_word' id='word_1_754' title='bbox 550 5022 698 5087; x_wconf 82' lang='lat' dir='ltr'><strong>culpa</strong></span> <span class='ocrx_word' id='word_1_755' title='bbox 726 5021 905 5089; x_wconf 86' lang='lat' dir='ltr'><strong>perdiu</strong></span> <span class='ocrx_word' id='word_1_756' title='bbox 928 5031 1081 5090; x_wconf 88' lang='lat' dir='ltr'><strong>agant</strong></span> <span class='ocrx_word' id='word_1_757' title='bbox 1102 5024 1477 5089; x_wconf 67' lang='lat' dir='ltr'><strong>paenitentiam,</strong></span> <span class='ocrx_word' id='word_1_758' title='bbox 1506 5036 1607 5088; x_wconf 87' lang='lat' dir='ltr'><strong>qua</strong></span> <span class='ocrx_word' id='word_1_759' title='bbox 1711 5017 1977 5077; x_wconf 84' lang='lat' dir='ltr'><strong>titudines,</strong></span> <span class='ocrx_word' id='word_1_760' title='bbox 2020 5030 2082 5069; x_wconf 89' lang='lat' dir='ltr'><strong>ac</strong></span> <span class='ocrx_word' id='word_1_761' title='bbox 2128 5016 2525 5069; x_wconf 84' lang='lat' dir='ltr'><strong>resurrectionis</strong></span> <span class='ocrx_word' id='word_1_762' title='bbox 2567 5013 2724 5076; x_wconf 87' lang='lat' dir='ltr'><strong>diem,</strong></span> <span class='ocrx_word' id='word_1_763' title='bbox 2759 5013 2939 5065; x_wconf 85' lang='lat' dir='ltr'><strong>liberis</strong></span> <span class='ocrx_word' id='word_1_764' title='bbox 2974 5011 3238 5078; x_wconf 79' lang='lat' dir='ltr'><strong>gressibus</strong></span> 
     </span>
    </p>
   </div>
   <div class='ocr_carea' id='block_1_67' title="bbox 66 5099 3232 5180">
    <p class='ocr_par' dir='ltr' id='par_1_67' title="bbox 66 5099 3232 5180">
     <span class='ocr_line' id='line_1_68' title="bbox 66 5099 3232 5180; baseline -0.004 -14"><span class='ocrx_word' id='word_1_765' title='bbox 66 5121 270 5177; x_wconf 81' lang='lat' dir='ltr'><strong>peracta</strong></span> <span class='ocrx_word' id='word_1_766' title='bbox 289 5111 558 5180; x_wconf 74' lang='lat' dir='ltr'><strong>supplices</strong></span> <span class='ocrx_word' id='word_1_767' title='bbox 578 5120 849 5164; x_wconf 85' lang='lat' dir='ltr'><strong>recurrant</strong></span> <span class='ocrx_word' id='word_1_768' title='bbox 870 5111 932 5163; x_wconf 88' lang='lat' dir='ltr'><strong>ad</strong></span> <span class='ocrx_word' id='word_1_769' title='bbox 953 5112 1189 5175; x_wconf 85' lang='lat' dir='ltr'><strong>veniam;</strong></span> <span class='ocrx_word' id='word_1_770' title='bbox 1218 5122 1308 5163; x_wconf 89' lang='lat' dir='ltr'><strong>aut</strong></span> <span class='ocrx_word' id='word_1_771' title='bbox 1333 5112 1377 5163; x_wconf 90' lang='lat' dir='ltr'><strong>si</strong></span> <span class='ocrx_word' id='word_1_772' title='bbox 1404 5112 1603 5177; x_wconf 88' lang='lat' dir='ltr'><strong>parvuli</strong></span> <span class='ocrx_word' id='word_1_773' title='bbox 1711 5121 1805 5175; x_wconf 85' lang='lat' dir='ltr'><strong>per</strong></span> <span class='ocrx_word' id='word_1_774' title='bbox 1848 5107 2039 5159; x_wconf 83' lang='lat' dir='ltr'><strong>scalam</strong></span> <span class='ocrx_word' id='word_1_775' title='bbox 2082 5103 2262 5167; x_wconf 69' lang='lat' dir='ltr'><strong>Iacob,</strong></span> <span class='ocrx_word' id='word_1_776' title='bbox 2290 5104 2500 5158; x_wconf 80' lang='lat' dir='ltr'><strong>Christo</strong></span> <span class='ocrx_word' id='word_1_777' title='bbox 2544 5102 2642 5156; x_wconf 83' lang='lat' dir='ltr'><strong>sibi</strong></span> <span class='ocrx_word' id='word_1_778' title='bbox 2687 5100 2915 5169; x_wconf 76' lang='lat' dir='ltr'><strong>desuper</strong></span> <span class='ocrx_word' id='word_1_779' title='bbox 2959 5099 3232 5161; x_wconf 87' lang='lat' dir='ltr'><strong>inmtente,</strong></span> 
     </span>
    </p>
   </div>
   <div class='ocr_carea' id='block_1_68' title="bbox 60 5188 3237 5273">
    <p class='ocr_par' dir='ltr' id='par_1_68' title="bbox 60 5188 3237 5273">
     <span class='ocr_line' id='line_1_69' title="bbox 60 5188 3237 5273; baseline -0.004 -22"><span class='ocrx_word' id='word_1_780' title='bbox 60 5204 203 5259; x_wconf 73' lang='lat' dir='ltr'><strong>sant.</strong></span> <span class='ocrx_word' id='word_1_781' title='bbox 228 5197 377 5266; x_wconf 87' lang='lat' dir='ltr'><strong>virga</strong></span> <span class='ocrx_word' id='word_1_782' title='bbox 392 5198 770 5253; x_wconf 86' lang='lat' dir='ltr'><strong>emendationis</strong></span> <span class='ocrx_word' id='word_1_783' title='bbox 794 5198 1051 5267; x_wconf 83' lang='lat' dir='ltr'><strong>accipient</strong></span> <span class='ocrx_word' id='word_1_784' title='bbox 1075 5213 1371 5253; x_wconf 84' lang='lat' dir='ltr'><strong>censuram.</strong></span> <span class='ocrx_word' id='word_1_785' title='bbox 1424 5199 1488 5251; x_wconf 82' lang='lat' dir='ltr'><strong>Et</strong></span> <span class='ocrx_word' id='word_1_786' title='bbox 1519 5198 1605 5273; x_wconf 70' lang='lat' dir='ltr'><strong>tali</strong></span> <span class='ocrx_word' id='word_1_787' title='bbox 1710 5195 2007 5262; x_wconf 84' lang='lat' dir='ltr'><strong>quindecim</strong></span> <span class='ocrx_word' id='word_1_788' title='bbox 2034 5194 2277 5260; x_wconf 84' lang='lat' dir='ltr'><strong>gradibus</strong></span> <span class='ocrx_word' id='word_1_789' title='bbox 2300 5193 2419 5247; x_wconf 77' lang='grc' dir='ltr'><strong>οωιὶ</strong></span> <span class='ocrx_word' id='word_1_790' title='bbox 2456 5190 2807 5245; x_wconf 81' lang='lat' dir='ltr'><strong>conscendere</strong></span> <span class='ocrx_word' id='word_1_791' title='bbox 2830 5190 3041 5243; x_wconf 81' lang='lat' dir='ltr'><strong>valeant</strong></span> <span class='ocrx_word' id='word_1_792' title='bbox 3066 5188 3237 5256; x_wconf 63' lang='lat' dir='ltr'><strong>regio.</strong></span> 
     </span>
    </p>
   </div>
   <div class='ocr_carea' id='block_1_69' title="bbox 60 5278 3235 5359">
    <p class='ocr_par' dir='ltr' id='par_1_69' title="bbox 60 5278 3235 5359">
     <span class='ocr_line' id='line_1_70' title="bbox 60 5278 3235 5359; baseline -0.003 -18"><span class='ocrx_word' id='word_1_793' title='bbox 60 5284 366 5359; x_wconf 71' lang='lat' dir='ltr'><strong>delegantur</strong></span> <span class='ocrx_word' id='word_1_794' title='bbox 392 5287 781 5355; x_wconf 83' lang='lat' dir='ltr'><strong>probatissimo,</strong></span> <span class='ocrx_word' id='word_1_795' title='bbox 812 5291 898 5357; x_wconf 92' lang='lat' dir='ltr'><strong>qui</strong></span> <span class='ocrx_word' id='word_1_796' title='bbox 923 5296 978 5342; x_wconf 87' lang='lat' dir='ltr'><strong>et</strong></span> <span class='ocrx_word' id='word_1_797' title='bbox 1005 5288 1056 5341; x_wconf 91' lang='lat' dir='ltr'><strong>in</strong></span> <span class='ocrx_word' id='word_1_798' title='bbox 1083 5291 1183 5342; x_wconf 85' lang='lat' dir='ltr'><strong>hoc</strong></span> <span class='ocrx_word' id='word_1_799' title='bbox 1209 5289 1425 5343; x_wconf 90' lang='lat' dir='ltr'><strong>servitio</strong></span> <span class='ocrx_word' id='word_1_800' title='bbox 1452 5297 1603 5356; x_wconf 89' lang='lat' dir='ltr'><strong>aptus</strong></span> <span class='ocrx_word' id='word_1_801' title='bbox 1708 5300 1848 5340; x_wconf 87' lang='lat' dir='ltr'><strong>nem.</strong></span> <span class='ocrx_word' id='word_1_802' title='bbox 1884 5284 2148 5347; x_wconf 86' lang='lat' dir='ltr'><strong>Secundo,</strong></span> <span class='ocrx_word' id='word_1_803' title='bbox 2178 5296 2234 5337; x_wconf 91' lang='lat' dir='ltr'><strong>ut</strong></span> <span class='ocrx_word' id='word_1_804' title='bbox 2282 5300 2373 5350; x_wconf 86' lang='lat' dir='ltr'><strong>per</strong></span> <span class='ocrx_word' id='word_1_805' title='bbox 2417 5284 2583 5351; x_wconf 83' lang='lat' dir='ltr'><strong>capita</strong></span> <span class='ocrx_word' id='word_1_806' title='bbox 2635 5283 2889 5337; x_wconf 84' lang='lat' dir='ltr'><strong>mensium</strong></span> <span class='ocrx_word' id='word_1_807' title='bbox 2929 5282 3142 5335; x_wconf 86' lang='lat' dir='ltr'><strong>abbates</strong></span> <span class='ocrx_word' id='word_1_808' title='bbox 3166 5278 3235 5331; x_wconf 83' lang='lat' dir='ltr'><strong>de</strong></span> 
     </span>
    </p>
   </div>
   <div class='ocr_carea' id='block_1_70' title="bbox 58 5368 3238 5440">
    <p class='ocr_par' dir='ltr' id='par_1_70' title="bbox 58 5368 3238 5440">
     <span class='ocr_line' id='line_1_71' title="bbox 58 5368 3238 5440; baseline -0.004 -6"><span class='ocrx_word' id='word_1_809' title='bbox 58 5376 465 5440; x_wconf 66' lang='lat' dir='ltr'><strong>initiamlo,</strong></span> <span class='ocrx_word' id='word_1_810' title='bbox 490 5388 545 5431; x_wconf 80' lang='lat' dir='ltr'><strong>et</strong></span> <span class='ocrx_word' id='word_1_811' title='bbox 570 5393 662 5432; x_wconf 89' lang='lat' dir='ltr'><strong>eos</strong></span> <span class='ocrx_word' id='word_1_812' title='bbox 681 5377 945 5432; x_wconf 86' lang='lat' dir='ltr'><strong>custodire</strong></span> <span class='ocrx_word' id='word_1_813' title='bbox 964 5376 1222 5434; x_wconf 84' lang='lat' dir='ltr'><strong>desiderat</strong></span> <span class='ocrx_word' id='word_1_814' title='bbox 1243 5381 1379 5433; x_wconf 89' lang='lat' dir='ltr'><strong>bono</strong></span> <span class='ocrx_word' id='word_1_815' title='bbox 1402 5382 1600 5440; x_wconf 73' lang='lat' dir='ltr'><strong>animo,</strong></span> <span class='ocrx_word' id='word_1_816' title='bbox 1718 5388 1824 5428; x_wconf 86' lang='lat' dir='ltr'><strong>uno</strong></span> <span class='ocrx_word' id='word_1_817' title='bbox 1851 5373 2077 5427; x_wconf 81' lang='lat' dir='ltr'><strong>conﬁnio</strong></span> <span class='ocrx_word' id='word_1_818' title='bbox 2105 5388 2208 5426; x_wconf 81' lang='lat' dir='ltr'><strong>uno</strong></span> <span class='ocrx_word' id='word_1_819' title='bbox 2237 5388 2295 5426; x_wconf 87' lang='lat' dir='ltr'><strong>se</strong></span> <span class='ocrx_word' id='word_1_820' title='bbox 2334 5371 2574 5439; x_wconf 78' lang='lat' dir='ltr'><strong>copulent</strong></span> <span class='ocrx_word' id='word_1_821' title='bbox 2599 5373 2734 5435; x_wconf 89' lang='lat' dir='ltr'><strong>loco,</strong></span> <span class='ocrx_word' id='word_1_822' title='bbox 2764 5380 2817 5424; x_wconf 90' lang='lat' dir='ltr'><strong>et</strong></span> <span class='ocrx_word' id='word_1_823' title='bbox 2858 5368 3145 5423; x_wconf 78' lang='lat' dir='ltr'><strong>mensuales</strong></span> <span class='ocrx_word' id='word_1_824' title='bbox 3174 5368 3238 5421; x_wconf 83' lang='lat' dir='ltr'><strong>ll-</strong></span> 
     </span>
    </p>
   </div>
   <div class='ocr_carea' id='block_1_71' title="bbox 58 5457 3233 5539">
    <p class='ocr_par' dir='ltr' id='par_1_71' title="bbox 58 5457 3233 5539">
     <span class='ocr_line' id='line_1_72' title="bbox 58 5457 3233 5539; baseline -0.003 -18"><span class='ocrx_word' id='word_1_825' title='bbox 58 5478 114 5521; x_wconf 77' lang='grc' dir='ltr'>ιι</span> <span class='ocrx_word' id='word_1_826' title='bbox 138 5480 408 5539; x_wconf 71' lang='lat' dir='ltr'><strong>nunquam</strong></span> <span class='ocrx_word' id='word_1_827' title='bbox 438 5467 506 5521; x_wconf 84' lang='lat' dir='ltr'><strong>de</strong></span> <span class='ocrx_word' id='word_1_828' title='bbox 534 5481 627 5521; x_wconf 88' lang='lat' dir='ltr'><strong>ore</strong></span> <span class='ocrx_word' id='word_1_829' title='bbox 670 5468 783 5535; x_wconf 82' lang='lat' dir='ltr'><strong>ejus</strong></span> <span class='ocrx_word' id='word_1_830' title='bbox 812 5469 1058 5536; x_wconf 85' lang='lat' dir='ltr'><strong>procedat</strong></span> <span class='ocrx_word' id='word_1_831' title='bbox 1085 5471 1163 5523; x_wconf 88' lang='lat' dir='ltr'><strong>vel</strong></span> <span class='ocrx_word' id='word_1_832' title='bbox 1216 5471 1345 5524; x_wconf 88' lang='lat' dir='ltr'><strong>levis</strong></span> <span class='ocrx_word' id='word_1_833' title='bbox 1370 5485 1603 5523; x_wconf 87' lang='lat' dir='ltr'><strong>murmu-</strong></span> <span class='ocrx_word' id='word_1_834' title='bbox 1706 5463 1871 5515; x_wconf 82' lang='lat' dir='ltr'><strong>taniaa</strong></span> <span class='ocrx_word' id='word_1_835' title='bbox 1914 5471 2126 5516; x_wconf 84' lang='lat' dir='ltr'><strong>strenue</strong></span> <span class='ocrx_word' id='word_1_836' title='bbox 2152 5462 2433 5515; x_wconf 85' lang='lat' dir='ltr'><strong>celebrent.</strong></span> <span class='ocrx_word' id='word_1_837' title='bbox 2460 5469 2513 5511; x_wconf 89' lang='lat' dir='ltr'><strong>et</strong></span> <span class='ocrx_word' id='word_1_838' title='bbox 2542 5475 2636 5525; x_wconf 91' lang='lat' dir='ltr'><strong>pro</strong></span> <span class='ocrx_word' id='word_1_839' title='bbox 2678 5460 2949 5513; x_wconf 79' lang='lat' dir='ltr'><strong>animabus</strong></span> <span class='ocrx_word' id='word_1_840' title='bbox 2976 5458 3073 5512; x_wconf 85' lang='lat' dir='ltr'><strong>sibi</strong></span> <span class='ocrx_word' id='word_1_841' title='bbox 3105 5457 3233 5512; x_wconf 84' lang='lat' dir='ltr'><strong>sub-</strong></span> 
     </span>
    </p>
   </div>
   <div class='ocr_carea' id='block_1_72' title="bbox 57 5546 3229 5626">
    <p class='ocr_par' dir='ltr' id='par_1_72' title="bbox 57 5546 3229 5626">
     <span class='ocr_line' id='line_1_73' title="bbox 57 5546 3229 5626; baseline -0.004 -15"><span class='ocrx_word' id='word_1_842' title='bbox 57 5557 207 5612; x_wconf 82' lang='lat' dir='ltr'><strong>ratin.</strong></span> <span class='ocrx_word' id='word_1_843' title='bbox 254 5557 361 5614; x_wconf 85' lang='lat' dir='ltr'><strong>Sed</strong></span> <span class='ocrx_word' id='word_1_844' title='bbox 400 5566 456 5613; x_wconf 87' lang='lat' dir='ltr'><strong>et</strong></span> <span class='ocrx_word' id='word_1_845' title='bbox 478 5556 1202 5626; x_wconf 82' lang='lat' dir='ltr'><strong>parvuli‘pervicissitndines</strong></span> <span class='ocrx_word' id='word_1_846' title='bbox 1230 5562 1278 5613; x_wconf 90' lang='lat' dir='ltr'><strong>ei</strong></span> <span class='ocrx_word' id='word_1_847' title='bbox 1307 5559 1493 5613; x_wconf 88' lang='lat' dir='ltr'><strong>dentur</strong></span> <span class='ocrx_word' id='word_1_848' title='bbox 1518 5561 1601 5625; x_wconf 86' lang='lat' dir='ltr'><strong>ju-</strong></span> <span class='ocrx_word' id='word_1_849' title='bbox 1699 5550 1821 5604; x_wconf 72' lang='lat' dir='ltr'><strong>ditis</strong></span> <span class='ocrx_word' id='word_1_850' title='bbox 1862 5549 2111 5603; x_wconf 70' lang='lat' dir='ltr'><strong>auxilium</strong></span> <span class='ocrx_word' id='word_1_851' title='bbox 2157 5549 2358 5603; x_wconf 71' lang='lat' dir='ltr'><strong>Domini</strong></span> <span class='ocrx_word' id='word_1_852' title='bbox 2403 5550 2703 5615; x_wconf 86' lang='lat' dir='ltr'><strong>implorent.</strong></span> <span class='ocrx_word' id='word_1_853' title='bbox 2738 5549 2855 5615; x_wconf 89' lang='lat' dir='ltr'><strong>quis</strong></span> <span class='ocrx_word' id='word_1_854' title='bbox 2899 5546 2964 5601; x_wconf 86' lang='lat' dir='ltr'><strong>de</strong></span> <span class='ocrx_word' id='word_1_855' title='bbox 3006 5547 3134 5615; x_wconf 89' lang='lat' dir='ltr'><strong>ipsis</strong></span> <span class='ocrx_word' id='word_1_856' title='bbox 3176 5548 3229 5601; x_wconf 88' lang='lat' dir='ltr'><strong>in</strong></span> 
     </span>
    </p>
   </div>
   <div class='ocr_carea' id='block_1_73' title="bbox 56 5646 3227 5719">
    <p class='ocr_par' dir='ltr' id='par_1_73' title="bbox 56 5646 3227 5719">
     <span class='ocr_line' id='line_1_74' title="bbox 56 5646 3227 5719; baseline -0.004 -10"><span class='ocrx_word' id='word_1_857' title='bbox 56 5661 248 5717; x_wconf 63' lang='lat' dir='ltr'><strong>litora.</strong></span> <span class='ocrx_word' id='word_1_858' title='bbox 277 5663 398 5705; x_wconf 74' lang='lat' dir='ltr'><strong>cum</strong></span> <span class='ocrx_word' id='word_1_859' title='bbox 428 5648 617 5719; x_wconf 79' lang='lat' dir='ltr'><strong>quibus</strong></span> <span class='ocrx_word' id='word_1_860' title='bbox 644 5646 779 5703; x_wconf 76' lang='lat' dir='ltr'><strong>farra</strong></span> <span class='ocrx_word' id='word_1_861' title='bbox 826 5649 987 5719; x_wconf 80' lang='lat' dir='ltr'><strong>possit</strong></span> <span class='ocrx_word' id='word_1_862' title='bbox 1028 5652 1195 5717; x_wconf 90' lang='lat' dir='ltr'><strong>ipsum</strong></span> <span class='ocrx_word' id='word_1_863' title='bbox 1226 5649 1474 5704; x_wconf 86' lang='lat' dir='ltr'><strong>laborem.</strong></span> <span class='ocrx_word' id='word_1_864' title='bbox 1536 5650 1598 5703; x_wconf 80' lang='lat' dir='ltr'><strong>Et</strong></span> <span class='ocrx_word' id='word_1_865' title='bbox 1705 5651 1975 5707; x_wconf 85' lang='lat' dir='ltr'><strong>tremendo</strong></span> <span class='ocrx_word' id='word_1_866' title='bbox 2001 5649 2193 5719; x_wconf 84' lang='lat' dir='ltr'><strong>indicio</strong></span> <span class='ocrx_word' id='word_1_867' title='bbox 2221 5662 2337 5703; x_wconf 90' lang='lat' dir='ltr'><strong>cum</strong></span> <span class='ocrx_word' id='word_1_868' title='bbox 2366 5648 2550 5716; x_wconf 78' lang='lat' dir='ltr'><strong>grandi</strong></span> <span class='ocrx_word' id='word_1_869' title='bbox 2578 5647 2904 5701; x_wconf 81' lang='lat' dir='ltr'><strong>discussione</strong></span> <span class='ocrx_word' id='word_1_870' title='bbox 2931 5652 3139 5714; x_wconf 82' lang='lat' dir='ltr'><strong>sperent</strong></span> <span class='ocrx_word' id='word_1_871' title='bbox 3170 5657 3227 5695; x_wconf 84' lang='lat' dir='ltr'><strong>se</strong></span> 
     </span>
    </p>
   </div>
  </div>
