3880 6236
558 374 690 426 Ηὶ9

1471 367 1543 437 ‘S.
1585 360 1961 418 FRUC'I‘UOSI
2003 356 2470 414 BRACARENSIS
2511 357 2809 413 EPISCOPI
2887 403 2890 408 .

3605 370 3727 426 “‘10

553 483 658 532 Ileo
689 463 917 532 reddere
958 476 1232 530 rationein.
1272 475 1470 540 Tertio,
1506 475 1728 543 qualiter
1769 474 1943 526 vivere
1986 472 2074 524 de-
2116 471 2165 530 Δ
2189 476 2242 519 ει
2271 467 2368 519 hoc
2396 481 2515 520 cum
2549 475 2794 532 tremore.
2823 475 2876 520 Cl
2920 467 3278 536 simplicitate,
3308 481 3367 526 et
3409 489 3533 529 vera
3549 482 3724 534 ’θοι-αις

551 575 722 634 beant,
749 571 816 622 ibi
857 556 1174 635 disponant;
1207 576 1258 620 ct
1289 577 1532 634 tanquam
1562 581 1592 617 a
1621 565 1914 618 senioribus
1940 578 2090 616 com-

552 658 790 723 prehensi
830 658 895 711 ad
942 659 1101 710 cellas
1131 666 1460 710 revertantur
1485 655 1834 722 subplaciiati.
1866 655 2086 720 Quarto,

548 758 802 800 ictroacta
848 758 1149 802 sanctorqu
1199 748 1403 798 Patrum
1445 761 1539 812 per
1579 746 1864 811 scripturas
1911 746 2091 799 scisci-

545 849 713 893 tantes
759 842 1054 900 revolvant,
1086 847 1138 889 ut
1188 839 1255 889 ab
1305 835 1427 903 ipsis
1469 837 1608 903 quod
1645 836 1813 888 facere
1860 835 2087 887 debeant

542 940 847 996 agnoscant,
876 939 932 983 ut
981 929 1120 982 intus
1165 943 1224 980 ac
1269 926 1416 990 foris,
1447 938 1567 980 ante
1596 936 1650 979 et
1687 935 1846 988 retro,
1879 926 2084 993 plenam

547 1031 777 1072 mentem
810 1020 973 1071 oculis
1014 1019 1257 1086 habeant,
1286 1033 1371 1082 ne,
1401 1018 1539 1084 quod
1583 1018 1740 1079 absit,
1772 1018 1823 1071 in
1852 1017 2078 1083 aliquam

543 1107 770 1160 l::eresin
801 1108 1163 1169 devolvuntur,
1193 1117 1245 1160 et
1275 1116 1505 1174 pereant.
1536 1108 1635 1159 Pro
1667 1107 1766 1158 hoc
1792 1120 1917 1172 ergo
1942 1119 2085 1158 sem-

543 1211 634 1261 per
685 1198 733 1249 in
763 1201 1028 1251 communi
1072 1198 1296 1250 concilio
1337 1197 1550 1248 fratrum
1593 1211 1738 1259 aequa
1792 1195 1938 1247 lance
1970 1205 2084 1268 tan-

539 1300 694 1349 quam
730 1287 778 1338 in
827 1301 989 1353 penso
1019 1286 1314 1351 persistant,
1345 1293 1398 1337 ut
1430 1285 1685 1350 praeterita
1730 1285 2076 1348 recordando,

538 1384 590 1426 et
616 1375 783 1428 futura
818 1377 1157 1444 providendo,
1186 1385 1239 1430 et
1272 1377 1542 1443 praesentia
1573 1375 1942 1442 examinando,
1973 1379 2082 1427 lme-

539 1477 712 1516 resum
741 1479 840 1517 non
875 1467 1136 1529 patiantur
1173 1467 1432 1530 stimulos.
1469 1466 1681 1530 Quinto,
1712 1475 1766 1516 ut
1811 1479 1928 1517 cum
1974 1464 2081 1517 fra-

539 1551 703 1606 tribus
732 1554 1124 1607 advenientibus
1153 1553 1443 1619 hospitibus
1483 1566 1534 1607 et
1581 1553 1868 1619 peregrinis
1896 1553 1946 1605 iii
1981 1567 2080 1605 una

538 1657 716 1695 mensa
766 1645 1110 1697 eotnmuniter
1153 1647 1347 1708 vivant,
1375 1646 1493 1710 quia
1539 1645 1608 1697 de
1656 1645 1783 1710 ipsis
1833 1644 2083 1695 Dominus

537 1732 641 1787 ait:
668 1731 863 1799 Hospes
886 1750 1043 1792 erant,
1067 1744 1111 1785 et
1128 1736 1390 1800 ctillegistis
1405 1751 1477 1785 me
1499 1733 1734 1802 (Mattio,
1761 1733 1901 1802 xxv).
1922 1733 2079 1788 Sexto

535 1822 688 1874 talem
718 1823 816 1874 sibi
845 1823 1278 1876 coiisuetudincm
1319 1823 1510 1877 debent
1549 1822 1722 1877 facere
1753 1823 1988 1885 abbates,
2025 1833 2080 1876 ut

534 1929 744 1967 omnem
774 1914 1107 1982 cupiditatem
1135 1925 1187 1968 et
1228 1917 1495 1968 avaritiam
1527 1929 1554 1968 a
1599 1930 1657 1968 se
1703 1915 1952 1967 radicitus
1997 1931 2083 1968 ar-

535 2012 702 2055 tcaut.
738 2004 789 2056 Si
824 2006 922 2057 hoc
951 2007 1140 2056 malum
1172 2021 1271 2058 non
1302 2015 1458 2068 esset,
1490 2006 1745 2059 idolorum
1776 2007 2079 2062 servitutem

535 2108 648 2145 cam
696 2097 971 2159 Apostolus
1003 2110 1104 2148 nou
1133 2097 1353 2150 dixisset
1391 2096 1583 2165 (Gulat.
1628 2100 1706 2158 ll).
1744 2099 1805 2151 Et
1852 2116 1944 2167 per
1984 2103 2082 2156 hnc

536 2197 677 2236 vatus
706 2185 944 2236 monachi
994 2187 1359 2251 cognoscimus
1399 2196 1625 2239 mentem
1671 2190 1926 2251 sauciari;
1960 2198 2014 2242 et
2039 2205 2078 2240 -θ

538 2271 681 2325 nullo
722 2275 842 2325 vitio
887 2277 1089 2338 penitus
1131 2292 1353 2342 iniquam
1404 2278 1588 2342 poterit
1635 2270 1764 2329 liber
1809 2293 1945 2339 esse.
1994 2282 2078 2343 qui

538 2363 626 2412 tali
655 2355 1048 2416 consuetudinis
1075 2365 1280 2430 vinculo
1311 2364 1469 2417 fuerit
1495 2366 1788 2431 obligatus;
1823 2375 1875 2419 et
1906 2368 1956 2419 in
1986 2368 2077 2422 Dei

536 2459 589 2498 ct
623 2442 839 2512 proximi
891 2452 1170 2503 dilectione
1215 2467 1476 2517 nunquam
1527 2454 1926 2519 eri-firmatus,
1960 2459 2078 2523 quia

533 2536 630 2590 hoc
653 2539 785 2605 quod
819 2541 866 2591 in
895 2544 1083 2592 saeculo
1109 2541 1547 2606 concupiscimus,
1582 2542 1694 2595 sine
1717 2542 1874 2597 tlubiu
1903 2550 2078 2612 proxi-

538 2627 632 2677 mis
680 2629 992 2681 invidemus.
1023 2628 1167 2683 Unde
1197 2644 1248 2683 et
1279 2631 1456 2683 Patres
1481 2632 1643 2684 sancti
1671 2634 1866 2698 Spiritu
1896 2647 2079 2690 sancto

535 2717 742 2782 repleti,
771 2730 822 2769 ut
856 2721 1051 2780 possint
1085 2720 1242 2773 Deum
1273 2733 1324 2773 et
1357 2723 1649 2788 proximum
1697 2724 1928 2787 perfecte
1957 2726 2080 2779 dili-

531 2820 675 2871 gere,
702 2810 1006 2861 studuerunt
1035 2811 1083 2862 in
1116 2812 1212 2863 huc
1241 2814 1434 2864 mundo
1463 2811 1590 2864 IllIlII
1617 2813 1829 2866 habere.
1860 2814 1924 2867 Ει
1955 2819 2075 2881 quia

533 2897 644 2948 sine
687 2899 861 2966 aliquo
906 2914 1021 2952 esse
1092 2917 1393 2964 possumus,
1444 2905 1612 2968 ipsum
1678 2903 1924 2957 debemus
1981 2905 2073 2956 ha-

537 2988 676 3046 bere,
705 2990 837 3050 quod
890 3004 985 3041 nos
1035 3005 1134 3038 non
1192 2989 1398 3055 pigeat,
1445 3005 1562 3042 cum
1615 3007 1828 3054 necesse
1886 2994 2072 3057 fuerit,

2195 556 2502 620 humilitate,
2543 565 2785 625 tanquam
2836 556 3138 612 redditurus
3182 559 3402 615 Domino
3452 566 3722 624 rationem.

2195 646 2258 700 Et
2284 647 2418 714 quod
2451 648 2654 711 fecerit,
2686 653 2894 714 semper
2921 647 2972 700 iu
3001 649 3219 703 arbitrio
3249 653 3472 718 pendeat
3506 657 3724 724 abbatis;

2191 733 2318 786 nihil
2364 735 2430 787 de
2474 748 2568 786 sua
2602 737 2896 788 temeritate
2935 747 3240 802 praesumat,
3274 753 3360 802 ne,
3385 742 3520 807 quod
3574 745 3722 807 absit,

2189 821 2240 874 in
2274 821 2511 874 morbum
2539 837 2686 876 vana:
2711 823 2894 890 gloria:
2921 823 3093 876 cadat.
3126 825 3189 877 Et
3214 840 3317 878 non
3349 827 3606 896 prodigus,
3633 835 3720 884 sed

2189 911 2443 963 discretus
2472 912 2604 962 intra
2630 912 2826 964 Christi
2873 912 3121 966 familiam
3157 915 3486 979 distiensator
3513 920 3718 989 piusque

2189 1003 2511 1066 gubernator
2539 1016 2601 1055 ac
2627 1004 2857 1070 Optimus
2893 1019 3103 1071 semper
3130 1009 3366 1072 accedat,
3396 1019 3450 1062 et
3477 1016 3721 1081 cvangeli-

2188 1102 2304 1140 cum
2327 1089 2694 1143 documentum
2717 1092 3022 1158 observans,
3044 1095 3430 1165 Dominumque
3449 1099 3715 1165 dicentem,

2185 1182 2271 1248 qui
2301 1183 2406 1232 ait:
2445 1183 2563 1244 Quis
2591 1193 2738 1252 putas
2759 1193 2828 1235 est
2855 1184 3021 1250 ﬁdelis
3043 1203 3212 1238 servus
3240 1199 3286 1238 et
3317 1191 3554 1256 prudens,
3579 1208 3715 1260 quem

2183 1273 2435 1322 constituit
2469 1270 2710 1324 Dominus
2738 1289 2885 1341 super
2922 1275 3167 1340 familiam
3210 1295 3386 1342 suam,
3414 1289 3466 1332 ut
3511 1281 3589 1331 det
3629 1283 3721 1334 illis

2183 1360 2343 1410 cibum
2391 1362 2440 1411 in
2472 1370 2711 1426 tempore.
2745 1361 2925 1415 Beatus
2963 1365 3050 1416 ille
3088 1382 3281 1431 servus,
3317 1385 3463 1435 quem
3503 1387 3612 1422 cum
3650 1389 3721 1424 re-

2184 1447 2307 1498 nerit
2336 1447 2576 1503 Dominus
2603 1451 2843 1503 invenerit
2872 1453 2944 1504 sic
2983 1456 3253 1521 facientem
3277 1473 3298 1509 :
3342 1473 3486 1510 amen
3519 1462 3624 1512 dico
3651 1479 3724 1515 vo-

2183 1537 2286 1597 bis,
2322 1541 2558 1604 quoniam
2606 1557 2755 1609 super
2799 1547 2967 1596 omnia
3018 1545 3146 1599 bona
3185 1563 3279 1600 sua
3324 1552 3584 1603 constituet
3619 1567 3721 1604 eum

2183 1625 2390 1695 (Matth.
2412 1632 2539 1699 xiv).

2242 1732 2244 1734 '
2778 1721 3000 1778 CAPUT
3031 1724 3142 1779 XII.

2513 1809 2648 1874 Quid
2676 1813 2886 1866 debeant
2915 1815 3174 1868 observare
3202 1817 3404 1872 decani.

2253 1902 2465 1966 Decani,
2495 1908 2579 1980 qui
2611 1921 2771 1972 super
2795 1907 3044 1960 decanias
3069 1898 3192 1962 sunt
3218 1911 3512 1976 constituti,
3537 1922 3719 1966 tantam

2180 1992 2592 2048 sollicitudinem
2631 2007 2814 2064 gerant
2858 2012 3014 2063 super
3055 2013 3186 2066 quos
3228 2001 3493 2066 delegatos
3539 2002 3718 2055 habent

2181 2085 2387 2146 fratres,
2419 2093 2474 2136 ut
2500 2085 2666 2140 nullas
2693 2087 2926 2154 proprias
2954 2087 3145 2142 faciant
3171 2089 3487 2143 voluntates.
3517 2092 3621 2144 Non
3655 2094 3722 2145 lo-

2179 2183 2402 2238 quantur
2444 2174 2541 2225 nisi
2592 2176 2928 2244 inter-rugati;
2961 2191 3054 2230 suo
3095 2179 3311 2232 arbitrio
3366 2180 3492 2232 nihil
3545 2182 3723 2234 faciant

2180 2261 2274 2313 nisi
2310 2262 2564 2325 mandati;
2591 2264 2710 2315 alibi
2743 2280 2843 2316 non
2873 2275 3110 2333 pergant,
3150 2282 3252 2320 non
3275 2268 3533 2334 ordinati;
3564 2272 3723 2324 senio-

2180 2368 2262 2405 res
2294 2354 2527 2416 timeant,
2564 2366 2616 2405 ut
2646 2353 2922 2418 dominos;
2955 2366 3128 2409 ament
3157 2368 3210 2410 ut
3241 2368 3514 2425 parentes;
3547 2359 3720 2413 faciant

2179 2440 2426 2509 quidquid
2459 2445 2524 2494 ali
2569 2445 2644 2496 cis
2676 2445 2987 2510 imperatum
3031 2449 3359 2514 acceperint;
3391 2449 3604 2500 credant
3627 2449 3719 2501 sibi

2177 2533 2403 2585 salutare
2450 2532 2694 2601 quidquid
2727 2537 2794 2586 illi
2826 2538 3204 2604 praeceperint,
3232 2538 3276 2590 si
3311 2538 3409 2591 hoc
3445 2540 3558 2591 sine
3584 2554 3716 2590 mur-

2179 2624 2466 2676 iiiiiraiione
2511 2637 2628 2675 cum
2673 2624 2955 2689 hilaritate,
2998 2637 3051 2686 et
3097 2628 3453 2680 taciturnitate
3493 2629 3718 2691 fecerint,

2177 2711 2383 2765 dicente
2406 2714 2605 2780 Moyse:
2633 2715 2765 2764 Auiti
2789 2713 2968 2779 Israel,
2996 2727 3040 2768 et
3063 2717 3354 2784 tttce(Deut.
3373 2720 3557 2787 xxvu).
3586 2716 3720 2771 Unus

2176 2805 2383 2855 alterius
2411 2819 2561 2855 onera
2603 2815 2793 2871 portate
2823 2805 3016 2874 (Halat.
3048 2809 3157 2874 v1);
3188 2818 3242 2861 et
3269 2823 3425 2862 nemo
3467 2809 3720 2862 neminem

2172 2893 2402 2958 jndicct;
2429 2909 2581 2945 nemo
2609 2897 2866 2949 neminem
2890 2898 3154 2961 detrahat,
3177 2899 3294 2965 quia
3326 2901 3572 2965 scriptum
3599 2910 3678 2951 est
3701 2917 3714 2950 :

2181 2982 2353 3034 Unmis
2385 2985 2630 3036 detractor
2660 2984 3013 3036 eradicubitur.
3050 2986 3192 3039 Unus
3223 2987 3290 3038 ab
3318 2987 3422 3040 alio
3447 2987 3581 3054 quod
3623 3002 3720 3042 twn

537 3077 704 3134 {nl-4mm
731 3077 963 3139 proximo
991 3081 1224 3138 readers.
1251 3092 1299 3130 et
1329 3096 1355 3129 ο
1384 3083 1634 3134 cum-“age
1659 3082 1746 3134 Dei
1775 3093 1825 3134 et
1855 3083 2073 3149 proximi
2099 3104 2150 3167 ε
2181 3075 2331 3127 ιιίιὺυι
2353 3073 2606 3138 παρίδῃ
2637 3090 2767 3129 unus
2794 3077 2859 3130 ab
2880 3078 2982 3129 alio
3003 3077 3170 3132 (“5031
3196 3079 3568 3143 humilitatem;
3595 3095 3721 3132 UIIUS

535 3167 809 3218 dilectione
852 3184 1110 3233 nunquam
1155 3170 1382 3221 animant
1432 3175 1700 3225 relaxare:
1729 3173 1876 3238 cujus
1929 3175 2069 3227 vide-

537 3258 652 3308 licet
695 3258 938 3311 lortitudo
965 3260 1232 3314 cliaritatis
1273 3278 1394 3314 vcra
1439 3280 1633 3317 sancun
1681 3266 1925 3319 Ecclesiae
1958 3281 2082 3321 voce

535 3345 798 3409 laudatur,
844 3363 960 3400 cum
1017 3363 1106 3414 per
1144 3349 1470 3403 Canticorum
1527 3354 1796 3407 Canticum
1849 3355 2077 3409 dicitur:

543 3434 725 3486 Valitla
773 3448 844 3488 est
881 3431 936 3489 iit
972 3456 1099 3490 mors
1143 3440 1341 3492 dilectio
1375 3444 1543 3502 (Cttnt.
1571 3445 1704 3509 un).
1742 3444 1924 3497 Virtuti
1966 3456 2079 3499 ete-

537 3525 642 3575 nim
698 3527 881 3578 mortis
928 3529 1135 3579 dilec'in
1182 3540 1534 3596 comparatur,
1589 3533 1709 3594 quia
1758 3534 1872 3584 sine
1919 3534 2079 3586 dubio

534 3622 762 3664 mentem
809 3628 960 3680 quam
1010 3619 1169 3668 Semel
1217 3620 1417 3685 ceperit
1450 3634 1478 3670 a
1512 3619 1861 3673 delectatione
1899 3624 2078 3676 mundi

534 3703 764 3756 funditus
803 3708 1005 3759 occidit.
1036 3708 1184 3762 Tales
1213 3723 1336 3776 ergo
1367 3712 1561 3764 debent
1604 3712 1820 3765 abbates
1851 3729 1988 3775 esse,
2025 3723 2078 3766 ut

541 3798 740 3859 possint
766 3796 930 3848 Deum
964 3807 1012 3849 ct
1047 3798 1337 3864 proximum
1371 3801 1602 3868 perfecte
1627 3802 1864 3869 diligere,
1895 3804 2074 3855 oculos

535 3886 679 3936 laxos
717 3901 743 3936 a
803 3890 1223 3954 concnpisceutia
1273 3895 1405 3944 mala
1451 3893 1597 3945 istius
1639 3895 1812 3946 saeculi
1863 3896 2074 3957 habere,

534 3977 686 4041 quale
743 3976 793 4028 in
829 3975 1062 4045 paradiso
1110 3980 1289 4032 habuit
1316 3984 1478 4034 Adam
1525 3993 1645 4034 ante
1675 3993 2074 4051 transgressum.

1153 4086 1373 4141 CAPUT
1405 4089 1491 4141 XI.

615 4154 746 4220 Quid
776 4155 981 4207 debeant
1011 4159 1273 4211 observare
1303 4160 1558 4225 prtepmiti
1582 4162 1631 4213 iit
1661 4165 1985 4216 monasterio.

601 4245 654 4295 ln
703 4255 960 4310 potestate
991 4246 1216 4301 habeant
1265 4255 1525 4317 praepositi
1577 4267 1787 4306 omnem
1841 4256 2073 4322 regulam

535 4335 858 4386 monasterii.
892 4335 956 4387 Et
1005 4339 1131 4390 tales
1183 4341 1444 4406 prtepositi
1493 4343 1769 4407 eligantur,
1801 4347 1980 4411 quales
2020 4356 2076 4400 et

2185 3165 2249 3216 ab
2287 3165 2388 3218 alio
2435 3168 2759 3227 charitatcin,
2794 3184 2924 3222 unus
2970 3170 3035 3223 ab
3081 3170 3186 3222 alio
3239 3170 3723 3238 patientiammnus

2181 3257 2247 3308 ab
2271 3255 2371 3308 alio
2399 3254 2697 3320 silentium;
2729 3274 2860 3310 unus
2889 3260 2951 3311 ab
2995 3261 3098 3313 alio
3127 3261 3595 3314 mansuetudinem.
3625 3261 3722 3313 Cu-

2180 3345 2392 3398 medant
2421 3347 2535 3400 sine
2564 3351 2772 3414 querela
2812 3350 3064 3417 quidquid
3091 3349 3168 3403 eis
3204 3352 3504 3418 appositum
3538 3353 3716 3412 fuerit;

2181 3438 2404 3491 vestiant
2431 3439 2569 3505 quod
2599 3451 2919 3508 acceperint.
2945 3441 3056 3495 Non
3088 3445 3258 3496 celent
3290 3443 3476 3496 fratres
3504 3442 3712 3496 Decanis

2179 3529 2289 3582 suis
2325 3530 2576 3596 quidquid
2611 3547 2701 3599 per
2732 3533 2964 3599 singulos
2993 3534 3107 3588 dies
3134 3534 3499 3601 cogitaverim.
3531 3534 3712 3586 DPCillll

2180 3630 2305 3669 vero
2333 3618 2438 3670 sint
2465 3618 2540 3670 cis
2565 3622 2708 3682 quasi
2739 3627 2970 3673 rectores
2993 3632 3044 3673 ct
3072 3622 3333 3684 custodes,
3361 3631 3601 3692 tanquam
3630 3638 3715 3688 pro

2179 3704 2308 3773 ipsis
2351 3706 2605 3760 rationem
2653 3707 2871 3762 Domino
2917 3710 3188 3762 reddituri.
3221 3712 3567 3778 Regligentias
3592 3725 3716 3764 cuu-

2177 3803 2384 3848 ctorum
2436 3797 2532 3863 ipsi
2579 3800 2935 3865 prtevideant,
2967 3810 3022 3853 et
3057 3799 3368 3854 emendandi
3414 3809 3714 3866 potestatem

2179 3884 2431 3948 habeant;
2462 3901 2512 3938 et
2543 3889 2682 3954 quod
2712 3889 2809 3954 ipsi
2843 3904 2944 3942 non
2976 3890 3230 3942 valuerint
3257 3891 3557 3953 emendare,
3591 3907 3712 3959 pra:-

2180 3973 2348 4038 posito
2390 3991 2492 4027 non
2525 3988 2794 4030 morentur
2821 3993 3085 4032 accusare.
3114 3979 3210 4043 Qui
3241 3991 3293 4033 et
3324 3983 3418 4047 ipsi
3460 3982 3712 4048 pra-positi

2178 4063 2254 4116 sic
2287 4063 2383 4116 hoc
2411 4064 2649 4119 districte
2688 4079 2741 4121 et
2785 4067 3163 4121 rationabiliter
3208 4081 3384 4136 agant,
3417 4079 3471 4122 ut
3505 4069 3709 4122 abbates

2178 4171 2298 4208 suos
2323 4155 2465 4208 nullo
2488 4160 2644 4209 modo
2668 4168 2985 4225 prtrsumaut
3012 4159 3318 4226 inquietare,
3341 4171 3560 4226 excepto
3583 4161 3710 4226 quod

2179 4247 2382 4314 utrique
2410 4264 2508 4299 non
2553 4249 2810 4301 valuerint
2836 4250 3152 4303 accelerare.
3187 4249 3247 4302 Et
3279 4250 3330 4302 in
3363 4251 3460 4302 hoc
3488 4267 3617 4303 unus
3644 4254 3711 4302 al-

2180 4335 2272 4388 teri
2319 4346 2512 4388 tantam
2561 4337 2903 4389 humilitatem
2951 4337 3157 4400 habeat,
3192 4347 3249 4389 ut
3297 4353 3555 4406 nunquam
3586 4340 3707 4391 ullus

535 4423 633 4487 ipsi
690 4423 905 4476 abbates
969 4425 1379 4492 dignoscuutur,
1427 4440 1479 4482 ut
1531 4432 1775 4484 abbatum
1826 4448 2067 4488 curarum

2188 4426 2345 4479 ullum
2370 4426 2629 4490 i-ﬂcndat;
2655 4426 2746 4478 sed
2774 4441 2905 4478 unus
2935 4427 2983 4478 in
3013 4426 3176 4481 altero
3207 4438 3451 4494 tanquam
3475 4428 3525 4480 in
3557 4442 3708 4494 penso

533 4526 692 4564 onera
725 4527 816 4580 per
838 4527 928 4565 eos
955 4516 1308 4570 subleventur.
1337 4518 1399 4568 lit
1429 4519 1526 4570 hoc
1549 4519 1642 4572 sibi
1677 4522 1938 4588 proprium
1966 4524 2070 4576 viu-

533 4600 704 4654 dicent
733 4603 948 4655 abbates
994 4601 1091 4655 cibi
1123 4617 1182 4656 ac
1209 4607 1519 4671 vestittieiiti,
1555 4609 1691 4673 quod
1723 4609 1790 4661 ab
1822 4611 1945 4676 ipsis
1975 4611 2074 4663 mi-

538 4692 813 4744 nistratum
839 4696 1164 4759 acecperint;
1194 4705 1479 4763 etexceptn
1504 4699 1554 4750 in
1581 4700 1802 4753 adventu
1833 4702 2072 4768 fratrum,

531 4794 585 4834 et
631 4785 891 4850 languoris
923 4787 1253 4848 necessitate,
1288 4788 1612 4842 delicatiores
1640 4790 1786 4843 cibos
1829 4805 1931 4842 non
1982 4805 2073 4844 au-

531 4875 685 4925 deant
714 4876 870 4927 edere
899 4875 1134 4938 abhates,
1160 4878 1259 4928 nisi
1291 4879 1418 4930 tales
1441 4880 1620 4947 quales
1641 4891 1692 4933 et
1724 4880 1928 4934 fratres.
1954 4883 2077 4935 Oni-

535 4978 651 5015 nem
683 4978 806 5016 vero
832 4969 1131 5019 monasterii
1158 4967 1495 5020 substantiam
1525 4971 1786 5038 praepositi
1816 4971 2077 5040 accipient

532 5053 976 5119 dispensandam;
1023 5066 1073 5108 ct
1116 5058 1156 5109 si
1203 5057 1456 5124 quispiam
1506 5062 1826 5127 captivorum
1880 5064 2075 5130 aliquid

533 5151 764 5201 alimenti
795 5150 998 5214 petierit
1044 5152 1304 5212 abbatem,
1335 5161 1387 5204 et
1426 5168 1518 5218 pro
1543 5169 1860 5221 quacunque
1892 5171 2069 5220 causa,

532 5245 643 5309 ipse
676 5241 985 5307 praepositus
1024 5242 1122 5295 hoc
1162 5244 1454 5310 proii'deat,
1483 5253 1533 5294 et
1581 5253 1636 5296 ut
1684 5247 1846 5298 abbas
1876 5246 2073 5300 nullum

531 5334 765 5386 laborem
795 5332 1005 5394 habeat,
1034 5335 1268 5399 exceptis
1309 5348 1422 5401 qua:
1465 5347 1619 5399 Supra
1649 5335 1898 5402 diximus,
1930 5337 2072 5391 omni

531 5423 818 5476 intentione
880 5422 1281 5478 sollicitudinem
1340 5433 1520 5491 gerat;
1581 5427 2074 5489 cxconimuuicandi

534 5522 707 5565 tamen
750 5527 963 5567 causam
1011 5515 1145 5564 sicut
1179 5515 1360 5576 abbas,
1396 5515 1470 5567 sic
1509 5517 1816 5580 pnepositus
1865 5516 2072 5570 habeat.

531 5600 597 5652 lit
624 5603 760 5670 quod
791 5618 883 5670 per
911 5603 1148 5673 singulos
1189 5621 1394 5658 menses
1440 5618 1726 5668 espenSUm
1776 5604 1953 5671 fuerit.
1987 5623 2076 5668 ινιτ

528 5694 758 5749 omnium
788 5696 958 5764 capita
991 5696 1246 5750 mensium
1289 5702 1544 5751 rationem
1569 5711 1665 5751 suo
1691 5696 1866 5751 abbati
1899 5696 2073 5761 facint,

2180 4516 2440 4583 persistat,
2470 4516 2518 4568 id
2549 4525 2644 4578 eat,
2675 4515 2907 4580 juniores
2941 4519 2988 4568 in
3030 4516 3261 4580 decanis,
3293 4519 3474 4572 decani
3507 4517 3557 4571 in
3588 4533 3706 4586 pra:-

2181 4607 2382 4671 positis,
2412 4607 2678 4671 przepositi
2712 4607 2761 4660 in
2791 4608 3064 4661 abbatibus
3091 4623 3102 4657 :
3137 4624 3268 4661 unus
3298 4610 3455 4660 alium
3484 4621 3703 4674 portans,

2179 4703 2422 4760 tanquam
2461 4692 2512 4744 in
2559 4708 2707 4747 muro
2753 4695 2950 4760 lapides
2992 4696 3254 4761 quadrati,
3290 4697 3539 4760 Apostolu
3582 4707 3702 4754 atte-

2173 4793 2364 4847 stante,
2390 4786 2525 4836 sicut
2550 4800 2706 4852 supra
2735 4802 2749 4840 :
2782 4785 2926 4839 Unus
2949 4785 3151 4837 ulterius
3173 4800 3325 4838 onera
3354 4796 3620 4854 portantes,
3644 4789 3704 4841 sic

2154 4865 2510 4944 "adimpiebitis
2540 4878 2697 4946 leuem
2725 4877 2911 4930 Christi
2936 4876 3255 4948 (Caluum).

2757 4989 2979 5045 CAPUT
3010 4988 3144 5042 XIII.
3619 5025 3622 5030 .

2247 5062 2438 5128 Quibus
2465 5061 2638 5114 diebus
2668 5077 2719 5114 se
2744 5071 3037 5129 congregant
3065 5063 3132 5112 ad
3159 5059 3418 5112 collectam
3448 5063 3643 5128 fratres.

2243 5154 2435 5206 Omnes
2472 5152 2656 5206 decani
2684 5167 2713 5203 a
2743 5152 2854 5203 suis
2901 5150 3191 5218 praipositis
3234 5151 3626 5210 admoneamur,
3657 5159 3704 5200 ut

2173 5247 2344 5300 cuncti
2377 5245 2563 5298 fratres
2591 5259 2619 5296 a
2649 5243 2863 5296 minimo
2889 5254 3052 5309 usque
3091 5242 3156 5294 ad
3205 5241 3491 5293 maximum
3533 5240 3706 5294 diebus

2177 5335 2461 5390 Dmiiiiicis
2499 5336 2546 5386 in
2578 5331 2896 5399 munaSterio
2928 5345 3031 5385 uno
3071 5330 3187 5383 loco
3215 5341 3615 5397 congregemur,
3639 5326 3702 5379 ita

2175 5438 2230 5479 ut
2259 5436 2378 5478 ante
2406 5423 2678 5476 missarum
2723 5421 2974 5475 solemnia
3017 5419 3243 5474 sollicite
3269 5420 3337 5473 ab
3377 5421 3562 5473 abbate
3602 5432 3708 5485 per-

2173 5521 2513 5574 enuctentur,
2566 5527 2630 5565 ne
2682 5511 2903 5565 fortasse
2951 5509 3137 5572 aliquis
3183 5510 3440 5563 adversus
3494 5509 3706 5576 aliquem

2174 5608 2296 5660 odio
2324 5606 2507 5660 livoris
2527 5605 2840 5666 stimuletur,
2861 5594 3186 5655 aut-malitiae
3203 5601 3380 5669 jaculo
3402 5601 3706 5659 vulneretur.

2177 5713 2240 5752 ne
2271 5697 2572 5752 intcsunutu
2600 5695 2744 5753 virus
2775 5693 3087 5764 quandoque
3108 5702 3287 5763 aperte
3317 5692 3368 5747 in
3392 5695 3706 5761 superﬁciem
