3880 6236
148 414 253 469 Mil

1192 397 1463 452 RECULA
1507 396 1897 451 MONASTICA.
1925 395 2289 450 COMMUNIS.

3173 399 3304 452 “23

144 527 257 581 ωιίε
286 525 600 589 perrumpat,
625 524 677 565 et
718 513 853 566 inter
884 511 1173 579 palmarum
1206 509 1401 562 fructus
1431 508 1658 577 myrrha:
1686 511 1737 565 Α
1764 508 2023 559 solitarius
2057 509 2104 556 in
2140 506 2322 558 cellam
2355 506 2654 566 obscuram,
2684 520 2734 555 in
2766 504 2879 557 solo
2911 518 3043 571 pane
3071 517 3124 560 et
3148 520 3304 576 aqua,

145 610 407 667 amaritudo
435 607 841 659 demonstretur.
871 600 1102 675 Primum
1142 612 1265 664 ergo
1313 598 1408 664 ipsi
1438 597 1655 647 abbates

145 722 246 757 cuiu
274 700 374 754 suis
403 694 695 764 pra-positis
723 701 879 758 atque
907 689 1118 743 decanis
1147 689 1463 752 semetipsos
1486 686 1661 738 discu-

148 797 277 853 tiant,
301 799 350 840 et
376 785 438 839 ad
469 788 633 836 instar
661 796 784 834 suos
808 780 1043 846 juniores
1068 776 1306 830 subditos
1331 786 1579 842 arguant;
1609 782 1660 824 et

147 894 284 933 omne
312 874 518 927 ntalitim
546 871 856 925 fermentum
887 865 1144 933 prmdictis
1185 863 1371 917 diebus
1412 862 1659 915 radicitus

148 988 169 1022 a
197 983 282 1021 suo
304 970 460 1019 corde
490 962 741 1014 evellant.
775 958 957 1012 Solent
1002 956 1236 1009 nonnulli
1272 971 1363 1021 pro
1392 954 1501 1005 suis
1533 969 1661 1004 uxo-

148 1064 270 1114 ribus
296 1066 442 1123 atque
470 1053 611 1113 ﬁliis,
635 1057 726 1102 a‘ut
753 1050 905 1100 etiam
930 1048 1327 1115 quibuscunque
1362 1042 1661 1109 propinquis

147 1164 298 1203 curam
328 1147 513 1197 habere
543 1157 694 1194 more
742 1140 967 1207 pietatis.
1000 1137 1240 1202 Plerique
1272 1149 1394 1187 vero
1423 1135 1511 1201 qui
1560 1150 1660 1183 non

148 1248 250 1291 sunt
278 1238 324 1287 in
352 1234 535 1287 talibus
578 1229 847 1296 implicati,
882 1242 973 1293 pro
999 1227 1250 1278 alimento
1274 1234 1393 1276 sunt
1426 1223 1657 1276 solliciti.

149 1330 231 1383 Alii
261 1340 373 1379 vero
414 1323 633 1375 tristitia:
684 1320 863 1371 morbo
912 1317 1129 1368 interius
1174 1322 1580 1376 consumuntur,
1609 1323 1663 1364 et

149 1431 361 1484 tanquam
389 1413 750 1465 vestimentum
779 1425 806 1460 a
837 1410 972 1461 tinea
1005 1408 1315 1458 intrinsecus
1342 1404 1528 1456 mentis
1553 1419 1661 1455 Stlal:

148 1510 365 1562 aviditate
392 1507 735 1565 devorantur,
761 1511 957 1563 etcum
990 1498 1103 1564 ipso
1134 1497 1368 1548 rancoris
1414 1494 1661 1560 languore

151 1602 433 1655 delabuntur
483 1595 534 1647 in
581 1594 1021 1661 desperationem.
1054 1590 1149 1642 Alii
1206 1600 1429 1653 namque
1476 1586 1659 1651 spiritu

151 1690 473 1745 fornicationis
515 1688 690 1738 acrius
739 1685 1145 1744 inflammantur,
1172 1690 1226 1730 et
1272 1692 1412 1742 saepe
1450 1676 1533 1727 tali
1572 1675 1663 1725 sti-

150 1779 272 1831 mulo
297 1776 461 1828 catnis
509 1774 728 1831 incitati,
762 1771 998 1822 interiori
1043 1768 1194 1819 oculo
1245 1763 1422 1816 Caecati
1471 1762 1655 1827 captivi

149 1866 396 1924 ducuntur,
424 1858 630 1910 vinculo
660 1857 967 1923 perditionis
998 1854 1159 1921 ligati.
1193 1850 1292 1905 Alii
1324 1849 1518 1901 acedia:
1549 1850 1655 1913 Spi-

150 1952 234 2004 ritu
261 1949 409 2003 inllati
438 1947 546 1999 otio
572 1955 625 1999 et
652 1960 835 1998 somno
880 1958 1065 1995 vacare
1094 1944 1333 2008 cupiunt,
1366 1949 1418 1991 et
1446 1940 1663 1991 curiosrs

152 2042 312 2095 fabulis
351 2038 713 2099 sollicitantur,
753 2045 836 2097 et,
873 2035 1009 2103 quod
1054 2033 1202 2101 pejus
1246 2042 1357 2093 est,
1394 2046 1421 2083 a
1454 2032 1664 2097 preprio

151 2131 431 2185 Monasterio
458 2143 515 2180 se
544 2131 748 2178 aulerre
800 2125 1101 2191 disponunt.
1131 2122 1229 2173 Alii
1286 2136 1430 2172 vanre
1486 2121 1665 2186 gloriae

150 2220 360 2273 elationis
381 2218 481 2270 telo
506 2220 555 2267 in
583 2215 806 2266 diversis
837 2212 1064 2281 partibus
1081 2211 1477 2267 confodiuotur;
1509 2207 1663 2261 etalii

150 2310 236 2360 alia
271 2306 616 2365 defendentes,
646 2312 697 2355 et
723 2317 844 2355 suas
871 2316 1054 2355 causas
1094 2301 1504 2367 niagnilicantes,
1536 2298 1659 2348 ilum

153 2401 315 2452 nolunt
340 2396 525 2449 Christi
555 2395 868 2463 pauperibus
907 2393 1103 2445 similes
1132 2406 1271 2454 esse,
1301 2391 1658 2457 unusquisque

152 2489 193 2538 in
219 2488 349 2537 vanis
392 2484 498 2537 istis
540 2481 943 2551 cogitationibus
986 2479 1280 2539 elabuntur,
1306 2488 1356 2530 et
1385 2477 1529 2543 qua~i
1588 2477 1660 2527 nil

152 2591 177 2626 a
205 2576 297 2628 Deo
320 2575 611 2641 acceperint
639 2574 706 2625 de
738 2572 961 2639 propriis
1000 2568 1194 2621 viribus
1221 2567 1572 2625 extolluntur;
1604 2575 1655 2616 et

151 2681 257 2718 cum
285 2665 570 2718 laudatores
606 2676 723 2714 non
753 2660 1041 2720 inveniunt,
1071 2656 1169 2724 ipsi
1197 2655 1294 2709 sibi
1326 2656 1374 2705 in
1416 2654 1525 2705 suis
1556 2654 1667 2704 Iau-

152 2757 288 2808 ilibus
308 2753 588 2822 prosiliunt.
618 2752 763 2804 Alius
784 2752 849 2802 de
875 2746 1194 2817 genealogia,
1226 2755 1279 2799 et
1301 2745 1368 2797 de
1394 2758 1484 2796 sua
1510 2751 1664 2810 gente

155 2846 325 2897 fatetur
345 2857 455 2896 esse
493 2842 755 2908 principes
792 2857 807 2892 :
837 2841 969 2891 alius
995 2838 1061 2891 de
1099 2835 1417 2903 parentibus,
1445 2837 1574 2886 alius
1601 2832 1666 2885 de

153 2946 407 3001 germanis,
450 2932 579 2982 alius
626 2929 694 2982 de
740 2930 995 2996 cognatis,
1040 2924 1173 2978 alius
1216 2923 1279 2977 de
1328 2925 1570 2975 lratrihus
1612 2932 1665 2973 et

158 3021 545 3090 consanguineis,
572 3028 626 3073 et
674 3018 900 3081 idoneis,
927 3017 1058 3068 alius
1086 3015 1152 3067 de
1195 3012 1409 3076 divitiis,
1442 3013 1572 3065 alios
1601 3013 1666 3064 ile

156 3117 313 3183 specie
333 3114 634 3182 iuventutis,
673 3112 807 3165 alius
829 3111 896 3164 de
927 3109 1061 3162 bello
1082 3106 1418 3170 fortitudinis,
1450 3105 1579 3158 alius
1604 3106 1668 3158 de

158 3206 528 3273 perlustratione
560 3214 849 3265 terrarum,
878 3201 1009 3254 alius
1053 3200 1119 3253 de
1162 3198 1400 3264 artiticio,
1432 3198 1563 3249 alius
1603 3197 1668 3249 de

156 3282 406 3361 sapientia,
440 3296 573 3347 alius
617 3295 681 3345 de
728 3291 1029 3344 assertionis
1068 3289 1381 3355 eloquentia,
1424 3289 1556 3339 alios
1600 3288 1666 3339 de

159 3382 498 3441 taciturnitate,
544 3380 678 3433 alius
705 3380 771 3432 de
800 3378 1107 3441 humilitate,
1140 3377 1273 3429 alius
1300 3375 1366 3428 de
1394 3373 1665 3436 cbaritate,

156 3472 271 3523 alius
284 3471 346 3524 de
366 3471 597 3538 largitate
617 3484 888 3521 munerum
910 3484 925 3531 ;
948 3468 1076 3520 alios
1097 3466 1162 3518 de
1176 3466 1433 3526 castitate,
1454 3466 1584 3515 alius
1606 3464 1669 3516 de

158 3560 440 3626 virginitate,
465 3561 599 3611 alius
625 3558 693 3611 de
723 3566 1048 3623 paupertate,
1077 3555 1208 3606 alius
1234 3556 1298 3606 de
1328 3553 1665 3619 abstinentia,

156 3653 273 3701 alius
300 3652 359 3702 de
398 3651 692 3701 orationum
742 3649 1053 3715 frequentia,
1092 3648 1223 3699 alius
1266 3647 1331 3699 de
1380 3646 1664 3716 vigilantia,

157 3739 273 3789 alius
300 3739 360 3789 de
386 3737 701 3798 obedientia,
722 3734 867 3788 alius
895 3736 961 3788 de
991 3735 1442 3788 abrenuntiatione
1472 3749 1666 3796 rerum,

157 3830 273 3881 alius
299 3830 361 3881 de
400 3829 637 3896 legendo.
668 3828 803 3879 alius
830 3826 896 3879 de
934 3825 1233 3888 scribendo,
1264 3826 1395 3899 alius
1426 3824 1493 3876 de
1538 3838 1665 3877 voce

158 3917 518 3969 modulationis.
556 3916 679 3969 llmc
703 3915 899 3977 omnia,
923 3927 1035 3981 quae
1065 3926 1217 3978 supra
1248 3910 1663 3978 perstrinximus,

160 4006 486 4073 unusquisque
514 4006 641 4059 dum
676 4005 950 4073 aliquoties
996 4002 1117 4055 talia
1156 4016 1258 4053 non
1301 4000 1436 4069 jussi
1480 4002 1667 4054 immo-

157 4098 320 4149 derate
364 4092 936 4162 loquuntur,’10tiesin
981 4092 1259 4145 elationem
1302 4104 1451 4143 vana:
1488 4090 1669 4157 gloria:

158 4183 457 4249 delabuntur,
488 4192 542 4237 et
570 4197 634 4236 ex
663 4182 777 4247 ipso
804 4180 1005 4247 morbo,
1033 4181 1155 4233 dum
1187 4180 1322 4247 quod
1354 4180 1536 4233 dicunt
1560 4180 1671 4232 via-

158 4278 316 4328 dicare
370 4273 725 4335 contendunt,
778 4272 829 4323 in
894 4268 1188 4337 superbiam
1262 4270 1671 4336 precipitantur.

164 4366 360 4432 Propter
388 4366 482 4417 hoc
509 4379 635 4432 ergo
661 4362 854 4431 jugiter
876 4359 1119 4426 iubemus
1148 4358 1199 4411 in
1228 4356 1446 4411 collecta
1478 4357 1671 4411 fratres

159 4455 345 4515 adesse,
369 4462 415 4505 ct
443 4468 543 4505 non
576 4454 845 4520 plusquam
872 4454 1072 4515 septem
1097 4446 1206 4500 dies
1238 4446 1591 4512 interponere,
1620 4456 1671 4498 et

161 4557 241 4609 per
263 4558 429 4595 omnes
466 4542 580 4594 dies
630 4540 925 4593 lmininicos
972 4552 1147 4592 mores
1190 4537 1435 4606 pristinos
1474 4548 1523 4589 et
1550 4538 1669 4590 vitia

160 4631 416 4683 emendare
462 4629 527 4682 Et
553 4629 672 4695 quis
698 4628 750 4681 in
776 4642 877 4695 quo
904 4627 1259 4697 deprehensus
1288 4628 1460 4688 fuerit,
1490 4637 1668 4678 contra

161 4720 309 4785 ipsum
352 4718 525 4771 vitium
566 4719 720 4771 debet
759 4729 1010 4783 pugnare,
1054 4715 1103 4768 in
1151 4730 1255 4783 quo
1293 4730 1349 4768 se
1373 4715 1673 4783 cognoverit

159 4817 400 4861 certamen
441 4808 654 4861 habere.
682 4805 747 4859 Et
780 4803 917 4874 quod
963 4802 1186 4858 fortasse
1221 4806 1288 4859 ab
1329 4804 1447 4859 aliis
1488 4806 1673 4871 depre-

163 4899 412 4966 henditur,
439 4902 637 4967 absque
663 4893 972 4951 verecundia
1002 4891 1160 4946 debet
1198 4891 1555 4963 manifestare,
1586 4893 1673 4961 qui

166 4976 485 5058 hoc'patitur.
512 4990 662 5055 Quod
701 4988 744 5041 si
796 4985 1007 5041 minime
1050 4982 1250 5048 fecerit,
1285 4999 1385 5036 non
1435 4999 1492 5037 se
1532 4978 1677 5051 putet

164 5080 371 5146 effugere
414 5080 710 5142 diabolum;
757 5091 854 5130 nec
899 5088 958 5129 se
1001 5073 1223 5126 aestimet
1265 5072 1545 5135 victorem,
1582 5070 1675 5123 sed

166 5168 358 5219 victum.
382 5164 524 5229 Quod
553 5150 1056 5226 si‘manifestaverit,
1084 5170 1137 5214 et
1178 5172 1237 5211 se
1280 5174 1369 5226 per
1419 5159 1677 5225 preniten-

168 5256 275 5308 tiam
300 5263 385 5307 aut
426 5251 623 5325 ﬂagella
668 5252 1044 5315 mandaverit,
1074 5250 1327 5305 continuo
1370 5248 1573 5302 hostem
1625 5248 1675 5300 in

170 5344 346 5397 foveam
375 5342 711 5414 praecipitahit
738 5350 791 5394 et
817 5340 1075 5407 impellet.

714 5448 933 5503 CAPUT
968 5446 1105 5499 XIV.

174 5540 368 5602 Qualiter
417 5540 584 5592 debent
633 5541 833 5594 abbate:
889 5551 993 5617 esse
1046 5534 1249 5587 solliciti
1308 5550 1425 5603 erga
1477 5549 1678 5587 excom-

762 5613 1062 5658 "tunicatos.

230 5701 347 5753 tlum
377 5699 857 5755 excoinmuoicatur.
881 5696 1065 5764 aliquis
1095 5708 1188 5764 pro
1215 5692 1366 5761 culpa
1386 5731 1402 5754 ,
1444 5694 1676 5745 mittatur

1762 609 1818 652 ut
1839 599 1889 651 in
1914 611 2158 664 vespera,
2185 605 2299 664 post
2328 610 2535 648 cmnam
2562 595 2800 662 fratrum,
2822 598 3052 650 medium
3083 599 3310 668 accipiat

1749 689 2117 756 'paximatium,
2149 697 2202 740 et
2233 703 2335 741 non
2364 688 2428 739 ad
2460 688 2753 741 satietatem
2790 702 2994 756 aquam,
3029 699 3081 740 et
3113 690 3209 743 hoc
3238 693 3306 742 ab

1760 781 1945 833 abbate
1974 779 2330 838 exsulﬂatnm,
2366 793 2469 830 non
2502 777 2901 831 sanctificatum.
2956 778 3165 845 Absque
3195 782 3305 831 ullo

1760 871 1951 921 solatio
1980 870 2058 921 vel
2092 867 2356 935 colloquio
2386 868 2602 919 fratrum
2635 871 2813 919 sedeat
2835 906 2848 926 ,
2897 867 2994 919 nisi
3026 883 3175 931 quem
3207 871 3301 920 ab-

1762 956 1918 1018 batis,
1942 957 2021 1009 vel
2052 958 2338 1022 pra‘positi,
2367 971 2483 1008 cmn
2516 970 2578 1008 eo
2613 958 2911 1023 prmceperit
2937 958 3218 1009 auctoritas
3246 970 3304 1009 ut

1762 1044 2023 1109 loquatur.
2051 1045 2264 1097 Indutus
2289 1048 2513 1111 tegmine
2541 1061 2656 1098 raSo
2677 1056 2765 1097 aut
2787 1046 2976 1107 cilicio,
3001 1048 3304 1100 seminudus

1762 1146 1919 1202 atque
1951 1137 2297 1189 discalceatus
2327 1151 2457 1203 Opus
2486 1139 2791 1191 monasterii
2823 1148 3066 1195 exerceat
3095 1154 3304 1192 exeom-

1763 1224 2076 1278 tnunicatus.
2129 1226 2185 1279 Si
2229 1226 2456 1300 biduaua
2495 1228 2574 1280 vel
2626 1228 2861 1277 triduana
2897 1226 3052 1280 fuerit
3082 1244 3302 1281 excom-

1762 1317 2043 1367 municatio
2073 1315 2210 1385 ejnS,
2260 1317 2431 1368 mittat
2468 1317 2645 1369 senior
2674 1318 2760 1383 qui
2791 1331 2920 1371 eunL
2939 1322 3301 1371 excommuni-

1761 1408 1899 1458 cavit
1931 1423 2087 1459 unum
2117 1408 2180 1459 de
2212 1408 2494 1473 majoribus
2519 1447 2535 1470 ,
2582 1422 2735 1474 quem
2790 1407 3061 1475 probatum
3107 1408 3263 1462 habet
3290 1450 3303 1469 ,

1761 1498 1848 1563 qui
1876 1513 1992 1549 eum
2024 1500 2196 1551 verbis
2224 1500 2619 1553 Contumeliosis
2648 1499 2901 1566 increpet,
2936 1500 3072 1566 quod
3106 1515 3208 1554 non
3236 1501 3306 1553 ob

1762 1589 2027 1653 religionis
2050 1590 2249 1640 venerit
2274 1589 2629 1652 occasionem,
2657 1603 2750 1641 nec
2776 1603 2869 1653 pro
2891 1588 3081 1642 ChriSti
3105 1604 3304 1651 amore,

1763 1693 1861 1731 nec
1886 1679 2140 1744 gehennae
2172 1692 2397 1745 pavore,
2427 1678 2519 1731 sed
2551 1677 2860 1743 simplicium
2893 1678 3106 1731 fratrum
3139 1681 3308 1749 facere

1764 1767 2213 1821 disturbationem.
2260 1766 2312 1820 Si
2345 1768 2455 1819 lucc
2483 1767 2569 1819 ille
2601 1768 2857 1833 patienter
2885 1768 3102 1831 tulerit,
3146 1778 3199 1821 et
3238 1770 3306 1820 de

1764 1873 1855 1911 ore
1882 1860 1995 1924 ejus
2022 1858 2160 1910 nulla
2190 1857 2457 1910 iracundia
2482 1857 2563 1909 vel
2595 1856 2937 1910 murmuratio
2970 1859 3264 1924 proruperit
3290 1898 3304 1921 ,

1765 1949 2070 2016 simplicitas
2100 1949 2289 2002 mentis
2329 1958 2383 2002 et
2426 1948 2689 2001 bmnilitas
2722 1948 3056 2013 apparuerit;
3104 1949 3181 2001 sic
3224 1949 3305 2001 in-

1765 2049 2005 2109 crepator
2034 2040 2231 2107 absque
2261 2040 2621 2093 immutatione
2649 2040 2925 2092 verborum
2964 2040 3102 2108 quod
3150 2040 3202 2094 in
3242 2057 3308 2095 eo

1768 2133 2062 2198 praeviderit
2090 2131 2266 2183 abbati
2297 2131 2579 2183 renuntiet.
2632 2130 2807 2181 Abbas
2837 2145 2960 2183 vero
2988 2116 3209 2185 sollicite
3254 2142 3309 2183 et

1768 2221 2047 2286 prudenter
2087 2227 2313 2281 tractet,
2363 2228 2535 2269 utrum
2565 2232 2741 2269 veram
2768 2259 2785 2282 ,
2834 2231 2898 2269 an
2946 2218 3304 2285 imaginariam

1767 2310 1952 2363 habeat
1984 2309 2316 2373 patientiam,
2362 2323 2452 2375 per
2482 2324 2636 2377 quam
2670 2309 2837 2374 possit
2874 2323 2931 2362 se
2978 2310 3042 2361 ad
3093 2311 3307 2363 fratrum

1766 2398 2106 2451 recooeiliare
2158 2398 2491 2451 charitateni.
2552 2397 2798 2451 Secundo
2852 2399 3085 2464 ejusdem
3142 2402 3309 2453 meriti

1767 2503 1947 2543 senem
1981 2488 2254 2555 probatum
2288 2488 2351 2538 atl
2382 2486 2801 2553 exprobrandum
2841 2501 2958 2539 eum
2998 2488 3206 2552 mittat,
3260 2506 3313 2543 et

1766 2578 1901 2646 quod
1949 2577 2186 2643 primitus
2217 2578 2452 2639 audivit,
2503 2590 2605 2628 non
2639 2576 2789 2628 facile
2820 2576 3018 2627 credat.
3074 2578 3311 2645 Cumque

1768 2666 1919 2717 tertio
1952 2668 2019 2716 ita
2050 2664 2263 2727 fecerit,
2298 2674 2351 2717 et
2384 2665 2494 2731 pari
2524 2666 2755 2718 convitio
2788 2665 3085 2730 inerepatus
3115 2665 3306 2727 fuerit;

1765 2762 1818 2806 et
1862 2753 1911 2804 in
1958 2753 2130 2819 priore
2159 2751 2520 2819 premissionis
2551 2754 2799 2819 patientia
2829 2756 3311 2808 exeonimunicatus

1768 2844 2126 2910 perduraverit
2146 2881 2160 2905 ,
2208 2852 2264 2896 et
2292 2842 2389 2894 hoc
2416 2832 2580 2894 abbas
2613 2857 2703 2909 per
2734 2853 2840 2896 tres
2871 2853 3031 2898 testes
3061 2845 3310 2910 probave-

1767 2936 1864 2999 rit,
1912 2946 2027 3001 post
2057 2933 2170 2987 haec
2200 2949 2319 2986 eum
2348 2932 2466 3000 ejici
2492 2932 2700 3002 iubeat,
2751 2944 2803 2986 et
2838 2936 2913 2986 sic
2940 2946 3308 3001 prmsentatnm

1770 3040 1859 3091 per
1884 3039 1941 3076 se
1972 3024 2232 3088 increpet,
2276 3032 2451 3075 coram
2483 3031 2744 3075 conventu
2778 3022 3018 3076 fratrum.
3067 3023 3196 3075 Cum
3237 3024 3308 3077 iui

1769 3126 1956 3183 quarto
1984 3117 2132 3169 fuerit
2161 3123 2413 3179 tentatus,
2451 3124 2503 3168 et
2532 3115 2584 3166 in
2618 3114 2907 3167 humilitate
2936 3115 3091 3167 fuerit
3119 3115 3309 3181 proba-

1771 3218 1882 3267 tus.
1929 3215 1979 3259 et
2009 3206 2155 3259 fortis
2186 3205 2341 3257 fuerit
2367 3216 2421 3257 ut
2449 3206 2639 3258 ferrum
2673 3206 2946 3268 inventus,
2980 3206 3310 3271 postmodum

1766 3302 2045 3355 ecclesiam
2080 3300 2425 3367 ingrediatur,
2477 3304 2532 3350 et
2577 3299 2841 3366 cingulum
2872 3297 2923 3350 in
2955 3297 3193 3350 manibus
3220 3311 3313 3364 ge-

1765 3398 1909 3443 stans
1935 3430 1951 3452 ,
2004 3390 2209 3443 abbatis
2252 3389 2332 3440 vel
2385 3387 2601 3440 fratrum
2651 3386 2869 3454 pedibus
2905 3401 3022 3459 cum
3065 3386 3313 3457 laerymis

1766 3480 2133 3547 provolvatur;
2159 3488 2213 3551 et
2234 3493 2352 3531 cum
2374 3478 2599 3546 singultu
2621 3485 2674 3530 et
2694 3478 2887 3545 gemitu
2909 3476 3126 3542 genibus
3154 3477 3312 3529 humo

1767 3570 2094 3640 properando
2124 3584 2151 3620 a
2180 3568 2387 3620 cunctis
2417 3566 2618 3620 veniam
2648 3564 2889 3630 accipere
2920 3572 3214 3626 mereatur;
3257 3573 3313 3615 et

1768 3674 1832 3713 ne
1863 3661 1979 3711 talia
2027 3657 2325 3726 poenitentia
2359 3656 2491 3709 ultra
2518 3656 2808 3709 committat
2836 3654 3213 3717 admoneatur;
3257 3661 3315 3706 et

1769 3759 1885 3815 post
1910 3751 2020 3801 INBC
2038 3749 2304 3802 osculatus
2326 3746 2390 3797 ab
2413 3747 2600 3798 abbate
2627 3748 2676 3797 in
2698 3759 2795 3797 suo
2818 3743 2981 3811 gradu
3006 3743 3311 3811 recipiatur.

1766 3838 1823 3890 Si
1852 3849 2013 3896 certe.
2046 3845 2101 3888 ut
2132 3850 2287 3902 supra
2317 3835 2576 3898 diximus,
2609 3834 2797 3900 aliquis
2826 3833 3311 3885 excommunicatus

1768 3924 1818 3977 in
1850 3924 2016 3991 prima
2048 3922 2457 3989 interrogatione
2485 3920 2819 3988 querulosus‘,
2853 3918 2934 3971 vel
2979 3932 3314 3971 murmurans

1768 4011 2105 4080 apparuerit,
2151 4022 2205 4065 et
2234 4025 2357 4064 suas
2384 4011 2675 4064 sententias
2705 4008 2930 4077 superbe
2952 4048 2966 4071 ,
2998 4008 3083 4062 vel
3112 4009 3313 4076 impor-

1769 4110 1895 4156 tune
1922 4102 2304 4165 vindicaverit,
2355 4109 2408 4152 et
2454 4098 2553 4153 hoc
2598 4098 2775 4152 senior
2818 4094 3151 4150 manifestum
3195 4107 3315 4148 esse

1770 4192 2113 4261 cognoverit,
2162 4203 2327 4258 usque
2358 4189 2407 4242 in
2434 4186 2572 4242 diem
2605 4187 2816 4240 tertium
2864 4192 3073 4237 maneat
3098 4196 3318 4236 excom-

1772 4282 2083 4340 municatus.
2107 4281 2175 4334 ita
2203 4290 2260 4333 ut
2283 4280 2456 4333 nullus
2479 4293 2597 4333 cum
2624 4293 2689 4333 eo
2713 4279 2977 4346 loquatur.
3003 4276 3131 4329 Cum
3156 4276 3314 4331 tertio

1778 4387 1903 4425 vero
1930 4373 2013 4425 die
2042 4372 2111 4425 ita
2138 4370 2466 4431 sciscitatus,
2498 4369 2632 4422 etin
2662 4368 2906 4447 superbia
2933 4382 3033 4435 qua
3062 4367 3308 4432 diximus,

1699 4476 1753 4537 υ
1779 4461 1935 4515 fuerit
1978 4460 2383 4528 deprehensus,
2431 4472 2662 4527 eousque
2708 4458 2973 4527 ergastulo
3017 4466 3314 4513 coarctatus

1776 4563 2112 4619 perseveret,
2162 4551 2331 4604 donec
2378 4565 2589 4604 omnem
2644 4549 2997 4619 arrogantiam
3052 4548 3314 4617 superme

1772 4641 2014 4706 deneget.
2044 4638 2193 4704 Quod
2222 4638 2267 4690 si
2297 4640 2348 4691 in
2378 4637 2517 4690 malo
2536 4650 2895 4705 perseverans
2931 4626 3310 4702 perduraverit,

1773 4734 1829 4780 et
1858 4725 2069 4793 propria
2099 4725 2367 4778 voluntate
2398 4724 2755 4792 panitentiam
2784 4735 2942 4789 agere
2968 4720 3221 4783 noluerit,
3259 4731 3313 4774 et

1774 4829 1915 4882 saepe
1942 4830 2005 4869 ac
2030 4828 2170 4883 sape
2199 4826 2478 4870 contumax
2509 4820 2565 4867 et
2601 4819 2956 4865 murmurator
2985 4814 3159 4876 patule
3184 4824 3313 4864 con-

1774 4914 1852 4957 tra
1879 4903 2142 4958 seniorem
2173 4905 2255 4958 vel
2288 4905 2473 4956 fratres
2499 4902 2551 4955 in
2581 4901 2714 4955 facie
2740 4901 3065 4969 perstiterit,
3101 4909 3155 4955 et
3191 4914 3310 4954 cum

1779 4995 2081 5062 propinquis
2108 5009 2167 5049 se
2190 4993 2455 5046 vindicare
2484 4991 2745 5055 maluerit,
2778 4991 2830 5045 in
2859 4990 3191 5045 collationem
3221 4991 3312 5044 de-

1776 5084 1961 5138 ductus
1985 5094 2208 5138 exuatur
2230 5082 2533 5135 monasterii
2558 5082 2813 5146 vestibus,
2841 5091 2890 5133 et
2922 5080 3164 5133 induatur
3185 5095 3316 5147 quas

1777 5173 1899 5225 olim
1918 5172 2211 5241 adduxerat
2240 5169 2600 5232 saecularibus,
2623 5178 2677 5223 et
2701 5182 2817 5221 cum
2844 5165 3165 5219 confusionis
3191 5176 3311 5218 nota

1780 5276 1809 5315 a
1833 5260 2143 5315 monasterio
2170 5259 2476 5333 expellatur,
2508 5267 2563 5312 ut
2589 5257 2763 5311 caeteri
2795 5256 3158 5316 emendentur,
3188 5253 3310 5305 dum

1781 5355 1997 5407 fortasse
2007 5351 2146 5405 solus
2162 5350 2248 5405 tali
2260 5336 2589 5415 correptione
2602 5348 2684 5401 ille
2696 5345 3003 5413 delinq’ueus
3015 5344 3311 5411 corrigitur.

2357 5456 2577 5512 CAPUT
2618 5452 2730 5509 XV.

1784 5531 2010 5594 Qualiter
2034 5530 2333 5582 rnonasteria
2356 5531 2574 5646 virzrzm
2602 5540 2662 5575 ac
2689 5524 2969 5592 puellarum
2996 5537 3048 5574 se
3066 5518 3317 5573 custodire

2466 5612 2490 5646 ε
2522 5602 2657 5646 eant.

2466 5602 2657 5648 obeant.

1851 5688 2049 5743 Placuit
2082 5699 2275 5742 sanctae
2311 5686 2574 5741 communi
2621 5686 2812 5754 regula:
2845 5692 2898 5737 ut
2928 5678 3170 5735 monachi
3199 5692 3315 5731 cum
