3880 6236
554 377 688 431 “9.3

553 486 818 540 sororibus
866 497 967 536 uno
1016 482 1335 536 monasterio
1381 482 1617 534 habitare
1666 494 1767 531 non
1815 478 2037 536 audeam
2062 513 2078 537 ,
2109 482 2156 533 Α

554 591 720 642 neque
743 574 1024 627 oratorium
1051 586 1330 625 commune
1373 570 1566 622 habere
1593 576 1941 636 praesumant,
1988 563 2082 617 sed

558 678 653 719 nec
678 662 906 715 conclavi
939 674 1041 712 uno
1071 659 1153 711 vel
1193 667 1330 711 tecto
1356 658 1523 724 quivis
1568 672 1674 724 prae
1714 655 1853 723 gravi
1897 667 2080 706 neces-

554 752 707 801 sitate
737 761 950 799 manere
979 756 1324 798 communiter
1346 754 1571 812 queant,
1616 745 1782 796 ablata
1812 742 2077 795 omniex-

551 836 830 889 cusationis
858 838 1152 888 occasione.
1183 834 1272 888 Sic
1295 849 1418 902 ergo
1447 836 1727 887 observare
1755 833 1995 893 debeant,
2026 839 2082 882 ut

552 923 649 988 ipsi
693 923 929 973 monachi
973 936 1088 972 cum
1135 923 1420 984 sororibus,
1450 935 1577 989 quas
1605 920 1798 973 habent
1838 920 2076 984 tuendas,

553 1028 810 1080 nunquam
843 1027 944 1065 uno
971 1013 1201 1065 conclavi
1229 1014 1305 1065 vel
1334 1012 1570 1065 convivio
1593 1011 1780 1065 edendi
1816 1010 2076 1062 licentiam

554 1106 810 1168 habeant;
863 1121 1026 1171 neque
1054 1108 1102 1157 in
1131 1107 1391 1158 communi
1425 1106 1601 1159 labore
1629 1119 1759 1170 opus
1790 1104 2077 1169 injunctum

548 1206 842 1256 exerceant,
874 1197 962 1247 sed
992 1196 1037 1248 si
1070 1198 1343 1250 accesserit
1365 1206 1419 1248 ut
1446 1212 1576 1249 unus
1597 1198 1665 1248 sit
1692 1210 1850 1260 aeger,
1881 1192 2079 1245 divisos

550 1287 797 1337 terminos
828 1296 1073 1348 teneant,
1123 1296 1175 1338 et
1222 1295 1437 1348 uterque
1484 1288 1650 1337 bonos
1691 1284 1972 1345 custodes;
2027 1285 2074 1333 in

548 1383 691 1425 tanto
718 1375 926 1425 silentio
958 1373 1056 1425 hoc
1087 1375 1312 1437 facient,
1342 1385 1399 1426 ut
1426 1391 1526 1427 una
1556 1375 1737 1428 classis
1762 1389 1878 1427 cum
1910 1382 2073 1427 altera

548 1465 684 1515 inter
709 1479 766 1515 se
792 1477 947 1515 voces
978 1478 1078 1514 non
1118 1464 1360 1526 mittant,
1408 1463 1636 1530 exceptis
1676 1465 1977 1516 recitatione
2024 1473 2077 1516 et

546 1550 818 1602 cantilena:
848 1550 1216 1610 modulatione,
1242 1559 1331 1602 aut
1358 1560 1497 1603 certe
1522 1550 1768 1617 gemitum
1796 1559 1884 1602 aut
1906 1550 2074 1616 suspi-
2098 1588 2099 1591 η

547 1637 679 1689 rium
702 1637 971 1703 utriusque
990 1651 1104 1689 cum
1133 1639 1241 1691 suis
1264 1638 1503 1691 habeant.
1538 1638 1700 1691 Tanta
1725 1640 1895 1704 ibique
1918 1638 2075 1691 debet

548 1739 665 1777 esse
692 1725 874 1776 astutia
895 1766 909 1788 ,
954 1734 1198 1790 quantum
1233 1726 1314 1777 fur
1348 1737 1631 1778 nocturnus
1659 1728 1709 1777 in
1742 1736 1948 1789 pectore
1976 1742 2073 1777 no-

1489 370 1548 423 s.
1591 367 1968 423 l-‘itUCTUOSl
2008 364 2469 421 BltACARENSIS
2511 366 2801 423 EPISCOPI
2836 336 2839 337 ⁷

3584 374 3693 429 llis

2740 472 2963 530 CAPUT
3014 477 3172 534 XVII.

2188 583 2365 648 Qualis
2391 583 2562 636 debeat
2589 600 2691 637 csse
2717 576 3017 637 consuetudo
3044 588 3301 640 salutandi
3327 604 3382 641 m
3414 599 3693 647 monasteriis

2646 655 2862 704 virorum
2890 656 3248 722 puellarnmve.

2249 739 2377 791 Cum
2408 754 2464 792 se
2493 742 2700 793 occasio
2726 743 2930 795 dederit
2960 752 3015 794 ut
3038 741 3103 795 de
3133 747 3467 799 monasteriis
3490 749 3689 803 virorum

2180 830 2369 895 aliquis
2399 832 2464 882 de
2492 830 2763 883 abbatibus
2806 842 2894 883 aut
2935 832 3205 885 monachis
3248 832 3312 884 all
3344 840 3685 892 monasterium

2180 919 2353 970 veniat
2387 920 2717 983 puellarum,
2768 930 2820 971 ut
2864 935 2977 973 mos
3020 929 3101 974 est
3127 922 3434 986 salutandi,
3479 940 3573 977 non
3616 943 3691 983 eas

2180 1005 2473 1071 singulatim
2507 1007 2857 1070 pr:ecipimus,
2889 1006 2979 1059 sed
3010 1008 3273 1061 abbatissa
3308 1010 3499 1075 primo,
3543 1024 3591 1065 et
3624 1017 3687 1068 sic

2180 1101 2352 1148 omnis
2381 1098 2715 1164 congregatio
2760 1099 2823 1149 ad
2866 1099 3194 1152 salutandum
3227 1103 3307 1154 eis
3335 1116 3603 1168 occurrat;
3645 1119 3691 1159 et

2180 1185 2278 1236 hoc
2307 1200 2396 1249 pro
2426 1187 2692 1238 inonacbis
2718 1188 2943 1238 dicimus
2970 1187 3058 1253 qui
3083 1188 3149 1241 de
3177 1189 3461 1257 longinquo
3481 1194 3689 1261 veniunt,

2180 1292 2281 1327 u::n
2310 1277 2376 1328 de
2415 1277 2681 1332 vicinitate
2710 1277 3086 1333 habitatoribus
3129 1282 3443 1335 confinium.
3492 1282 3554 1337 Et
3589 1300 3689 1340 cura

2180 1376 2381 1429 tempus
2412 1365 2675 1419 remeandi
2706 1366 2768 1419 ad
2803 1369 3039 1434 proprias
3066 1372 3228 1423 cellas
3259 1372 3449 1437 fuerit,
3493 1376 3582 1440 ipsi
3610 1380 3691 1429 ad-

2180 1454 2448 1505 venientes
2508 1454 2746 1507 monachi
2793 1456 3034 1510 similiter
3077 1460 3398 1513 abbatissam
3447 1478 3558 1515 cum
3597 1469 3690 1521 suis

2175 1542 2477 1605 sororibus,
2519 1544 2653 1595 sicut
2682 1544 2935 1609 primum,
2967 1550 3317 1603 communiter
3346 1565 3437 1604 eas
3464 1555 3689 1609 salutent.

2180 1629 2283 1680 llas
2310 1631 2439 1683 duas
2470 1630 2606 1685 vices
2635 1632 2860 1684 intrandi
2907 1644 2957 1685 et
3006 1637 3229 1688 exeundi
3282 1639 3539 1693 licentiam
3565 1647 3690 1697 salu-

2178 1715 2319 1767 tandi
2352 1716 2543 1770 habere
2572 1719 2897 1783 mandamus,
2941 1735 3096 1787 supra
3128 1722 3305 1777 facere
3333 1728 3603 1793 nolumus;
3642 1743 3691 1786 et

544 1823 655 1865 suo
705 1812 965 1867 Christum
1014 1815 1252 1867 occidere
1299 1816 1538 1876 tesqua“
1588 1826 1641 1868 ει
1678 1830 1777 1867 non
1806 1831 2024 1882 corpora
2052 1855 2066 1879 ,
2110 1790 2149 1847 Β
2178 1803 2274 1857 hoc
2310 1803 2480 1871 ipsum
2510 1819 2628 1857 cum
2659 1819 2861 1859 summa
2894 1812 3203 1863 veri-cundia
3233 1822 3286 1865 et
3311 1819 3548 1881 cautela,
3587 1830 3689 1871 tan-

545 1900 636 1952 seit
663 1900 865 1952 animas
891 1900 1123 1966 jugulare
1147 1900 1427 1956 desiderat.
1458 1902 1803 1965 Quamobrem
1833 1906 1919 1955 tali
1948 1918 2073 1955 can-

543 1988 683 2039 tione
705 1988 968 2039 firmamus
994 1987 1126 2040 hanc
1150 1976 1405 2057 regulam,
1429 1999 1481 2041 ut
1504 2004 1764 2055 nunquam
1791 1993 1931 2043 solus
1953 2007 2070 2043 cum

543 2076 652 2125 sola
681 2074 873 2127 fabulet
912 2076 1092 2142 :quod
1130 2078 1171 2128 si
1216 2077 1463 2140 fecerint,
1514 2079 1680 2130 sciant
1725 2094 1782 2131 se
1828 2094 2071 2146 rumpere

544 2162 751 2217 Patrum
783 2165 1011 2217 instituta
1039 2204 1053 2229 ,
1100 2175 1154 2219 et
1192 2167 1363 2219 contis
1389 2168 1564 2220 vitalia
1609 2170 1791 2222 mortis
1838 2170 2070 2221 iunxisse

538 2254 795 2320 sagittam.
832 2253 930 2306 Pro
959 2254 1056 2311 hoc
1083 2256 1303 2321 paradisi
1333 2258 1568 2324 perditur
1592 2258 1713 2322 vita,
1741 2268 1794 2311 et
1817 2260 2069 2325 supplicio

540 2342 720 2397 tartari
753 2342 1055 2408 adipiscitur
1077 2343 1295 2410 jactura.
1342 2345 1461 2397 Mihi
1493 2347 1719 2408 credite,
1761 2362 1862 2397 non
1894 2357 2069 2413 potest

543 2437 656 2482 toto
680 2431 838 2484 corde
864 2432 1094 2485 habitare
1112 2448 1228 2487 cum
1256 2435 1495 2495 Domino,
1520 2436 1604 2501 qui
1630 2435 1903 2488 mulierum
1929 2452 2068 2503 sape

544 2517 839 2569 accessibus
878 2520 1167 2586 copulatur.
1223 2521 1319 2572 Per
1362 2523 1630 2574 mulierem
1672 2526 1860 2590 quippe
1903 2539 2067 2578 aucu-

538 2613 687 2670 patus
714 2615 793 2657 est
819 2620 1068 2671 serpens,
1102 2604 1153 2657 id
1184 2615 1263 2658 est
1288 2608 1553 2671 diabolus,
1587 2608 1803 2676 primum
1832 2620 2061 2665 nostrum

529 2702 823 2758 parentem.
851 2692 914 2744 Et
938 2692 1059 2759 quia
1088 2706 1189 2745 non
1220 2693 1345 2760 Deo,
1374 2698 1463 2749 sed
1481 2698 1687 2749 diabolo
1708 2700 1910 2751 exstitit
1938 2701 2060 2752 obe-

510 2779 724 2843 ‘diens,
771 2782 1017 2835 continuo
1045 2785 1214 2836 carnis
1245 2784 1482 2851 injuriam
1520 2787 1701 2839 sensit.
1753 2787 1817 2839 Et
1855 2788 1922 2840 ob
1966 2787 2063 2840 hoc

533 2880 659 2934 ergo
688 2870 818 2922 hanc
848 2870 1143 2934 passionem
1175 2870 1261 2923 filii
1292 2874 1569 2937 sentimus,
1599 2875 1665 2927 de
1692 2890 1789 2939 qua
1823 2886 2063 2941 parentes

534 2970 564 3006 a
594 2957 815 3022 paradisi
845 2958 1048 3024 gaudiis
1071 2961 1358 3025 eaptivatos
1386 2975 1503 3015 esse
1530 2966 1911 3030 cognoscimus.
1951 2964 2065 3019 Cir-

530 3044 969 3108 cumspiciendum
1012 3047 1230 3112 proinde
1269 3057 1370 3111 est,
1420 3059 1475 3102 et
1514 3052 1866 3108 indesinenter
1905 3069 2060 3107 oran-

534 3130 657 3182 dum
677 3169 692 3194 ,
739 3140 793 3183 et
830 3133 953 3185 totis
981 3134 1177 3187 viribus
1206 3134 1501 3203 fugiendum
1522 3118 1559 3201 ,’
1583 3154 1647 3191 ne
1683 3154 1868 3193 sensus
1896 3144 2059 3196 nostri

538 3222 626 3273 tali
657 3224 942 3291 muscipula
969 3226 1259 3290 capiantur.
1302 3227 1453 3281 Solus
1482 3244 1607 3297 ergo
1632 3232 1905 3297 cumrsola,
1940 3232 2062 3286 licet

541 3309 593 3361 in
624 3309 807 3364 itinere
835 3327 893 3366 se
920 3314 1159 3382 obvient,
1193 3331 1293 3368 non
1326 3317 1594 3383 loquatur;
1638 3321 1774 3373 nulla
1803 3320 1925 3374 alibi
1949 3323 2060 3374 sola

534 3396 633 3451 nisi
660 3412 777 3451 cum
809 3400 966 3453 altera
995 3404 1093 3455 sibi
1120 3407 1311 3459 comite
1337 3406 1605 3474 dirigatur.
1636 3409 1784 3474 Quod
1811 3416 1853 3464 si
1879 3412 1945 3465 de
1973 3428 2059 3465 su-

529 3499 617 3551 pra
649 3490 837 3539 taxatis
866 3490 1119 3557 quispiam
1150 3494 1295 3546 solus
1322 3508 1441 3547 cum
1469 3497 1580 3549 sola
1612 3498 1846 3553 fabulare
1874 3502 2059 3569 depre-

530 3572 791 3635 henditur,
816 3585 1024 3627 centum
1049 3579 1232 3630 ictibus
1252 3581 1570 3647 ﬂagellorum
1592 3594 1835 3638 extensus
1860 3589 2062 3652 publice

529 3659 854 3713 verberetur.
902 3663 963 3715 Et
986 3666 1072 3730 qui
1103 3666 1217 3717 talia
1250 3666 1418 3721 facere
1449 3676 1739 3735 prtesumit,
1785 3689 1902 3726 cum
1934 3690 2059 3728 cau-

528 3745 671 3799 tione
700 3748 1069 3814 admoneatur,
1101 3754 1236 3818 quod
1264 3756 1477 3808 abusive
1507 3755 1745 3811 habuerit
1776 3763 2061 3815 monacho-

532 3851 647 3889 rum
676 3848 951 3907 prtecepta,
975 3852 1026 3894 et
1052 3841 1183 3895 banc
1209 3846 1438 3898 secundo
1462 3854 1807 3915 geminaverit
1830 3856 2054 3919 culpam,

534 3925 836 3977 verberatus
864 3929 1033 3981 denuo
1059 3933 1255 3983 carceri
1287 3938 1632 4001 mancipetur;
1679 3949 1766 3990 aut
1806 3941 1847 3991 si
1890 3944 2055 4006 pumi-

535 4016 643 4061 tere
670 4010 913 4075 noluerit,
946 4013 1081 4065 foras
1108 4016 1425 4082 projiciatur.

1097 4122 1315 4180 CAPUT
1352 4127 1485 4183 XVI.

528 4210 710 4273 Quales
736 4216 915 4280 fratres
937 4213 1140 4269 debeant
1164 4233 1275 4336 illi:
1294 4220 1542 4273 sororibus
1564 4238 1663 4275 uno
1687 4228 1737 4277 in
1758 4242 1993 4280 multum:
2007 4245 2053 4281 ιο

1182 4303 1228 4336 ια
1263 4300 1405 4336 itare.

1182 4300 1405 4339 taottare.

2173 1906 2328 1955 quam
2373 1892 2415 1943 si
2463 1904 2683 1956 utroque
2728 1894 3021 1947 communis
3054 1892 3302 1951 Dominus
3333 1901 3602 1971 Christus,
3643 1917 3691 1959 et

2174 1978 2381 2030 illarum
2416 1993 2637 2045 sponsus
2660 2023 2674 2045 ,
2723 1983 2871 2046 quasi
2906 1982 2955 2033 in
2982 1984 3178 2049 judicio
3206 1988 3271 2041 de
3302 1996 3569 2053 praesentia
3597 2008 3688 2050 stet

2170 2070 2530 2136 corporaliter.
2557 2070 2838 2140 Zelotypus
2860 2083 2937 2126 est
2960 2073 3213 2139 Christus,
3241 2094 3341 2131 non
3367 2085 3477 2132 vult
3496 2086 3686 2139 donnum

2169 2176 2316 2212 suam
2367 2160 2541 2214 facere
2572 2162 2797 2214 domum
2852 2166 3240 2232 negotiationis.
3289 2170 3542 2226 Caeterum
3580 2190 3688 2229 vero

2171 2246 2324 2300 talé‘m
2372 2250 2797 2303 consuetudinem
2838 2255 3008 2307 facere
3048 2258 3361 2313 mandamus
3387 2299 3401 2323 ,
3455 2274 3507 2315 ut
3554 2266 3591 2317 si
3635 2266 3681 2319 in

2172 2353 2324 2390 unam
2350 2324 2678 2399 saltationem
2709 2342 2772 2393 ad
2802 2344 3112 2399 audiendum
3142 2351 3358 2404 verbum
3389 2354 3567 2409 salutis
3590 2357 3682 2409 fra-

2172 2435 2276 2479 tres
2304 2438 2356 2479 et
2382 2443 2593 2481 sorores
2618 2431 2873 2498 cepulatze
2904 2434 3125 2501 fuerint,
3153 2438 3298 2504 juxta
3331 2447 3471 2496 viros
3498 2461 3687 2501 sorores

2172 2518 2359 2571 sedere
2385 2534 2486 2572 non
2512 2521 2756 2585 audeant,
2778 2525 2870 2577 sed
2900 2534 3119 2593 uterque
3141 2542 3297 2582 sexus
3322 2531 3504 2586 divisis
3530 2538 3687 2589 choris

2165 2610 2364 2662 sedeat.
2419 2610 2597 2663 Nullus
2643 2614 2885 2667 abbatum
2934 2627 3024 2669 aut
3077 2618 3294 2672 fratrum
3336 2637 3394 2674 se
3425 2637 3683 2690 prmsumat

2165 2697 2413 2763 deinceps
2438 2700 2752 2767 ubicunque,
2776 2704 2971 2771 absque
2995 2708 3214 2774 imperio
3236 2713 3519 2777 seniorum,
3542 2730 3682 2769 oscu-

2166 2784 2271 2836 lum
2317 2785 2513 2838 seniori
2545 2801 2830 2856 porrigere,
2880 2807 3049 2860 neque
3094 2798 3145 2848 in
3175 2801 3428 2863 gremium
3456 2815 3678 2858 sororum

2164 2877 2323 2929 veluti
2356 2888 2505 2945 pacto
2532 2890 2685 2947 caput
2713 2883 3007 2947 declinare;
3054 2902 3222 2955 neque
3265 2890 3317 2941 in
3361 2893 3528 2959 capite
3572 2910 3677 2947 uio-

2165 2967 2349 3030 nachi,
2380 2970 2460 3020 vel
2510 2968 2562 3021 in
2596 2971 2928 3037 vestimento,
2969 2974 3162 3028 femina
3190 2977 3253 3029 ad
3284 2982 3679 3047 excomplanan-

2165 3053 2291 3107 dum
2321 3070 2506 3108 manus
2534 3058 2745 3113 mittere
2771 3062 2978 3114 audeat.
3016 3063 3167 3125 Quod
3195 3067 3239 3117 si
3267 3080 3523 3134 egrotans
3547 3074 3679 3139 quis-

2166 3146 2300 3210 piam
2332 3146 2730 3211 monachorum,
2753 3159 2841 3202 aut
2865 3150 2930 3204 de
2956 3152 3259 3221 longinquo,
3283 3166 3372 3209 aut
3396 3156 3461 3211 de
3490 3163 3682 3227 proprio

2163 3234 2499 3298 monasterio,
2532 3249 2633 3287 non
2666 3249 2943 3300 przesumat
2970 3240 3023 3295 in
3051 3253 3372 3297 monasterio
3401 3250 3673 3313 puellarum

2156 3322 2356 3388 jacere,
2400 3324 2763 3387 netrelevatus
2790 3341 3035 3394 corpore,
3069 3334 3244 3385 animo
3276 3318 3675 3404 inTziIiiangt-u-

2162 3420 2292 3463 tare.
2324 3409 2391 3461 Et
2416 3420 2470 3462 ut
2496 3411 2677 3465 beatus
2705 3413 3053 3484 Hieronymus
3082 3418 3193 3471 ait:
3228 3438 3245 3468 ε
3283 3421 3572 3478 Periculose
3598 3427 3678 3479 tibi

2160 3500 2450 3563 ministrat,
2490 3508 2641 3568 cujus
2668 3506 2867 3559 cultum
2894 3520 3101 3575 semper
3128 3511 3378 3564 attendis.
3412 3531 3432 3564 ι
3484 3514 3557 3567 0b
3585 3518 3674 3569 hoc

2159 3600 2282 3652 ergo
2312 3601 2493 3640 omnes
2512 3592 2742 3656 ‘trgrotos
2784 3596 3067 3650 monachos
3110 3597 3158 3650 in
3207 3604 3522 3653 monasterio
3553 3605 3675 3657 viro.

2160 3688 2272 3724 rum
2303 3674 2477 3740 jacere
2509 3681 2871 3745 prtccipimus;
2920 3694 2972 3735 et
3016 3700 3120 3738 non
3160 3700 3401 3754 tnatrem,
3436 3708 3534 3744 non
3565 3709 3674 3761 ger—

2161 3777 2388 3829 manum,
2424 3781 2525 3818 non
2560 3783 2804 3833 uxorem,
2839 3786 2939 3825 non
2970 3772 3128 3827 tiliam
3150 3815 3165 3840 ,
3198 3792 3300 3831 non
3331 3785 3671 3849 prapinquam,

2162 3864 2265 3901 non
2309 3865 2607 3907 extraneam
2634 3895 2649 3918 ,
2700 3874 2801 3909 non
2852 3862 3130 3925 ancillam,
3186 3881 3289 3918 non
3336 3868 3675 3937 qualecunque

2157 3955 2319 4003 genus
2349 3943 2620 3995 mulierum
2654 3944 2777 3998 viris
2809 3950 3103 4002 ministrare
3135 3952 3183 4004 in
3215 3954 3514 4009 infirmitate
3541 3972 3672 4010 Inan-

2155 4032 2369 4091 damus;
2418 4030 2508 4081 sed
2551 4034 2593 4083 si
2636 4036 2918 4087 accesserit
2963 4046 3017 4089 ut
3062 4054 3125 4092 ex
3173 4043 3484 4109 supradictis
3517 4048 3670 4115 aliqua

2160 4131 2276 4167 cum
2307 4118 2695 4173 sorbitiunculis
2722 4122 2789 4173 ab
2816 4124 3078 4179 abbatissa
3115 4127 3273 4182 fuerit
3299 4134 3491 4186 directa
3514 4175 3528 4199 ,
3572 4138 3673 4189 sine

2156 4205 2397 4257 ministro
2427 4207 2752 4263 infirmorum
2783 4228 2897 4264 eum
2928 4215 3135 4267 visitare
3177 4233 3280 4270 non
3324 4223 3544 4287 audeat,
3586 4239 3672 4275 nec

2149 4294 2292 4357 juxta
2322 4312 2437 4347 eum
2468 4312 2679 4350 manere
2707 4312 3004 4366 prtesumat.
3038 4305 3229 4356 Eadem
3258 4316 3311 4357 et
3338 4309 3403 4359 de
3426 4309 3543 4360 viris
3567 4324 3671 4363 esse

595 4365 647 4415 lu
676 4372 990 4421 monasterio
1021 4373 1303 4434 puellarum
1333 4378 1509 4441 procul
1541 4392 1569 4429 a
1598 4379 1728 4431 cella
1759 4385 2045 4438 monachos
2076 4404 2127 4461 Β
2155 4386 2480 4436 mandamus.
2536 4387 2714 4438 Nullus
2763 4390 2811 4439 in
2857 4392 3116 4455 praeterita
3148 4395 3387 4449 castitate
3415 4399 3634 4458 conﬁdat
3654 4442 3667 4464 ,

526 4455 757 4506 habitare
788 4458 1088 4511 mandamus
1113 4480 1123 4511 :
1162 4464 1286 4517 tales
1313 4468 1643 4531 praebeantur
1672 4472 1818 4536 pauci
1845 4486 1898 4525 et
1925 4490 2045 4541 per—

529 4544 673 4605 fecti,
707 4544 775 4595 ita
807 4556 859 4597 ut
889 4548 953 4599 de
985 4548 1212 4613 pluribus
1244 4556 1438 4616 probati
1470 4558 1745 4623 eligantur,
1788 4564 1872 4628 qtti
1904 4575 1953 4616 et
1982 4567 2047 4618 tle

522 4632 787 4695 aliquanto
818 4646 1049 4700 tempore
1097 4652 1227 4705 pene
1272 4643 1319 4690 in
1363 4646 1677 4697 monasterio
1720 4664 2044 4715 senuerunt;

523 4734 653 4779 quos
679 4732 888 4786 semper
916 4727 1168 4778 castitatis
1198 4730 1299 4779 vita
1328 4733 1738 4797 commendavit,
1781 4747 1832 4789 et
1865 4740 2043 4792 crimi-

524 4809 657 4858 nalia
689 4810 873 4861 delicta
922 4812 1056 4865 (oras
1085 4819 1357 4868 ecclesiam
1387 4826 1875 4879 excommunicatos
1906 4839 2044 4881 stare

527 4914 627 4950 non
660 4900 793 4951 fecit.
831 4900 983 4953 Tales
1007 4919 1129 4971 ergo
1160 4906 1207 4956 in
1238 4912 1554 4963 monasterio
1586 4915 1866 4977 puellarum
1900 4919 2044 4970 habi-

526 4994 637 5035 tare
666 4986 919 5050 debeant,
950 4991 1035 5053 qui
1062 5001 1112 5040 et
1143 4992 1219 5041 eis
1248 4995 1438 5060 aliquid
1467 5002 1778 5065 carpentarii
1810 5004 2043 5057 ministe-

524 5073 654 5122 rium
702 5074 915 5138 facient,
962 5088 1013 5129 et
1056 5080 1447 5136 advenientibus
1484 5086 1725 5142 fratribus
1770 5093 2042 5157 hospitium

530 5160 744 5211 iebeant
768 5177 1057 5228 prmparare
1078 5184 1091 5230 ;
1118 5178 1169 5220 et
1191 5184 1347 5235 super
1367 5184 1611 5242 utrosque
1631 5195 1784 5232 sexus
1808 5182 2043 5246 juniores

518 5250 663 5308 quasi
692 5264 928 5305 vasorum
958 5256 1081 5309 fiant
1109 5261 1368 5312 custodes.
1402 5263 1597 5317 Nullam
1630 5269 1891 5322 licentiam
1922 5288 2041 5325 eva-

518 5336 670 5399 gandi
704 5336 924 5390 habeant
953 5357 1191 5407 sorores,
1238 5358 1289 5399 et
1322 5350 1514 5413 absque
1550 5354 1910 5411 benedictione
1941 5361 2037 5413 ab-

522 5427 651 5477 batis
698 5429 942 5494 deinceps
990 5446 1104 5485 cum
1154 5437 1275 5489 viris
1322 5441 1583 5493 osculandi
1650 5456 1738 5497 aut
1792 5449 2039 5514 loquendi

517 5519 843 5570 occasionem
878 5522 1077 5584 penitus
1110 5540 1207 5577 non
1237 5529 1520 5597 requirant,
1551 5534 1687 5598 quod
1716 5536 1759 5589 si
1788 5538 1938 5593 aliter
1965 5539 2039 5593 fe-

515 5608 697 5661 cerint.
730 5610 921 5675 regula:
952 5610 1267 5675 subjaceant.

2148 4476 2265 4539 quia
2300 4488 2394 4525 nec
2425 4476 2613 4526 Davide
2640 4476 2887 4535 sanctior,
2917 4493 3012 4531 nec
3037 4479 3317 4535 Salomone
3344 4488 3533 4550 poterit
3558 4500 3666 4540 esse

2146 4564 2454 4629 Sapientior,
2503 4578 2722 4628 quorum
2772 4566 2927 4617 corda
2976 4582 3068 4634 per
3110 4573 3353 4626 mulieres
3402 4578 3664 4642 depravata

2146 4660 2287 4703 sunt.
2340 4652 2402 4701 Et
2438 4666 2501 4702 ne
2530 4653 2805 4717 quisquam
2835 4653 2930 4707 sibi
2958 4657 3023 4709 de
3055 4662 3437 4727 propinquitate
3464 4668 3663 4731 generis

2146 4742 2393 4791 castitatis
2426 4741 2663 4793 fiduciam
2708 4754 2912 4808 sumat,
2956 4761 3159 4799 memor
3190 4750 3256 4801 sit
3286 4754 3421 4817 quod
3454 4756 3664 4806 Thamar

2144 4829 2211 4878 ab
2244 4830 2461 4879 Ammon
2495 4828 2653 4881 fratre
2700 4846 2795 4883 suo
2843 4834 3200 4901 aegritudinem
3249 4839 3522 4891 simulantc
3551 4857 3658 4893 cor-

2146 4928 2292 4982 rupta
2322 4918 2406 4968 sit.
2449 4920 2671 4973 Proinde
2700 4935 2825 4987 ergo
2852 4936 2967 4975 cum
3001 4924 3091 4976 tali
3120 4929 3362 4981 castitate
3391 4931 3573 4983 fratres
3611 4940 3659 4984 ct

2143 5020 2351 5059 sorores
2382 5007 2558 5061 vivere
2588 5009 2811 5063 debeant
2836 5052 2849 5074 ,
2897 5022 2953 5066 ut
2995 5028 3096 5066 non
3140 5016 3308 5067 solum
3338 5032 3510 5070 coram
3540 5021 3657 5082 Deo,

2142 5096 2231 5148 sed
2262 5100 2416 5149 etiam
2447 5112 2624 5151 coram
2657 5100 2952 5154 hominibus
2979 5102 3168 5156 bonum
3200 5108 3553 5161 testimonium
3580 5109 3659 5162 ba-

2144 5187 2330 5250 beant,
2361 5200 2413 5243 et
2445 5194 2809 5257 superstitibus
2837 5195 3143 5260 sequacibus
3171 5199 3471 5253 sanctitatis
3495 5213 3665 5254 exent-

2143 5278 2256 5343 plar
2292 5280 2603 5343 relinquant.

2620 5453 2631 5455 _
2690 5384 2907 5441 CAPUT
2937 5386 3111 5444 xvut.

2173 5470 2237 5524 Ut
2266 5486 2361 5523 non
2388 5472 2757 5555 recipiantnr‘in
2786 5479 3135 5555 monasterium
3166 5482 3263 5534 nisi
3288 5489 3377 5552 qui
3404 5488 3639 5555 radicitus

2517 5543 2649 5593 enini
2684 5543 2920 5607 facultate
2953 5549 3126 5597 nudati
3157 5564 3287 5602 sunt.

2209 5628 2567 5699 Comperimus
2600 5647 2688 5700 iter
2716 5633 2884 5687 minus
2912 5646 3060 5690 cauta
3093 5644 3405 5695 uxorias-teris
3440 5646 3526 5711 qui
3564 5665 3667 5703 cum
