3820 6326
61 406 181 462 “:25

1095 397 1375 454 REGULA
1415 394 1790 451 HONASTICA
1831 393 2191 448 COMMUNIS.

3103 395 3240 450 1126

61 514 409 573 [δευιιδιὶευίἱε
458 513 571 568 suis
624 512 846 578 ingressi
895 518 1038 572 sunt,
1069 519 1251 576 postea
1304 510 1591 575 tepefactus
1618 515 1661 566 Α
1699 506 1770 558 hil
1801 506 2044 572 prodest,
2075 506 2118 556 si
2148 504 2336 571 aliquis
2361 503 2424 556 de
2452 517 2612 572 regno
2638 505 2939 558 subtractus
2959 547 2972 569 ,
3018 521 3047 558 s
3091 511 3236 572 regni

60 623 160 658 tum
225 606 406 671 grandi
451 601 862 669 exprobratione
906 608 1145 663 repetere
1206 606 1259 650 et
1301 599 1583 658 saeculum,

58 693 182 760 quod
231 693 589 759 reliquerant,
640 700 696 741 ut
730 703 887 741 canes
916 687 982 740 ad
1017 688 1266 739 vomitum
1304 700 1584 737 revocare:

59 795 246 835 etcum
281 785 394 834 suis
439 781 745 849 propinquis
799 778 934 847 quod
986 777 1302 830 monasterio
1350 777 1589 828 contule-

59 881 164 924 rant
210 871 309 924 ltoc
353 879 697 937 extorquere.
754 879 807 921 et
852 868 1057 936 judices
1089 867 1371 920 saeculares
1407 865 1587 932 requi-

59 976 196 1023 rere,
229 969 286 1012 ct
327 973 445 1012 cum
492 958 788 1012 senioribus
832 958 1149 1011 monasteria
1192 956 1482 1019 dissipare,
1532 966 1584 1005 et

59 1064 142 1115 per
181 1045 337 1100 unu'm
380 1045 728 1114 negligentem
776 1048 969 1098 inultus
995 1045 1260 1108 simplices
1287 1044 1590 1095 deturbatos

57 1139 278 1190 videmus
316 1153 455 1190 esse.
507 1136 736 1189 Proinde
775 1137 997 1188 solerter
1043 1135 1429 1202 prinvidendum
1473 1143 1587 1195 est,

56 1236 100 1276 et
126 1226 260 1277 omni
287 1225 578 1277 iutentiooe
608 1223 1007 1275 discernendum
1027 1261 1040 1281 ,
1073 1235 1123 1272 ιιι
1151 1223 1279 1272 tales
1307 1235 1410 1271 non
1452 1221 1585 1271 ret-i—

56 1313 270 1376 piautur,
297 1312 419 1379 quia
446 1326 552 1363 non
577 1324 669 1375 pro
695 1324 875 1362 amore
900 1309 1092 1361 Christi
1120 1309 1200 1359 isti
1231 1309 1470 1369 veniunt,
1497 1308 1586 1359 sed

56 1401 210 1452 vicina
239 1410 409 1451 morte
436 1398 737 1465 perterriti,
763 1408 818 1450 et
844 1397 1160 1449 inﬁrmitatis
1189 1399 1421 1464 angustia
1444 1410 1591 1449 com-

57 1487 212 1550 pulsi,
251 1501 356 1538 non
398 1486 468 1538 ob
511 1499 746 1538 amorem
782 1487 1058 1538 caelestem
1096 1473 1338 1546 incitati,
1364 1486 1453 1538 sed
1498 1499 1587 1537 so-

55 1577 308 1629 lummodo
359 1591 569 1642 pinnam
621 1574 968 1628 formidantes
1015 1575 1226 1626 inferni.
1276 1573 1347 1626 De
1397 1575 1586 1626 talibus

53 1664 322 1729 Apostolus
350 1666 457 1714 ait:
491 1663 592 1726 Qui
632 1664 769 1714 timet
808 1677 907 1713 non
947 1672 1020 1712 est
1058 1665 1302 1729 perfectus
1334 1663 1386 1713 in
1420 1663 1590 1712 chari-

55 1763 162 1814 tate,
190 1752 427 1819 quoniam
457 1753 605 1803 timor
633 1766 830 1818 penam
859 1753 1024 1811 habet,
1058 1752 1144 1801 sed
1175 1751 1390 1817 perfecta
1420 1751 1588 1801 citari-

1694 599 1921 661 potentia
1953 595 2216 656 exclusus,
2251 592 2390 645 ferro
2417 595 2748 655 constrictus,
2775 594 2928 648 hodie
2947 596 3147 649 carceri
3178 609 3231 650 et

1692 682 1814 752 [om]
1838 683 2158 747 mancipatus
2185 697 2200 745 ;
2234 681 2304 734 ita
2333 681 2458 734 nihil
2489 682 2680 744 obstat,
2716 683 2758 734 si
2789 682 2942 735 hodie
2967 698 2996 733 a
3023 699 3238 738 carcere

1691 771 1807 838 quis
1838 771 2058 837 rapitur,
2085 782 2138 822 et
2167 771 2324 836 regali
2361 772 2559 822 honore
2589 771 2944 822 constituitur.
2976 771 3158 824 Nullus
3189 775 3239 826 ei

1693 859 1878 912 sordes
1926 861 2152 911 carceris
2201 861 2457 926 imputat;
2507 861 2599 910 sed
2659 859 2757 910 hoc
2807 859 2977 911 solum
3027 860 3236 922 laudat,

1689 951 1824 1015 quod
1876 953 1924 999 in
1971 965 2035 999 eo
2081 951 2318 1001 miratur.
2367 950 2453 1003 Sic
2499 952 2567 1001 nil
2614 949 2828 1016 prodest
2870 951 3064 1016 justum
3109 951 3242 1022 bene

1692 1043 1905 1098 vivere,
1955 1048 2007 1092 et
2052 1042 2185 1092 male
2229 1042 2387 1093 vitam
2431 1042 2617 1102 linire;
2649 1044 2715 1093 ita
2761 1057 3004 1110 magnum
3047 1043 3240 1094 bonum

1691 1136 1769 1179 est
1791 1167 1803 1189 ,
1837 1138 2161 1194 peccatorum
2191 1129 2254 1179 ad
2286 1129 2646 1194 pmnitentinm
2678 1132 2849 1182 redire
2878 1148 2890 1194 ;
2937 1135 3062 1183 olim
3105 1133 3243 1184 male

1692 1215 1905 1277 vivere,
1940 1230 1990 1268 et
2035 1219 2368 1282 postmodum
2418 1219 2551 1272 bene
2585 1221 2765 1282 linire,
2811 1236 2839 1272 a
2884 1225 3028 1274 nullo
3071 1232 3241 1275 retro-

1692 1317 1803 1356 acta
1855 1317 2062 1370 peccata
2113 1309 2362 1372 imputata
2404 1308 2617 1360 habere.
2653 1309 2930 1362 Credimus
2966 1312 3198 1376 judicem
3223 1351 3238 1374 ,

1689 1397 1898 1462 qualem
1931 1411 2085 1462 quem
2118 1398 2166 1447 in
2200 1399 2300 1448 line
2334 1398 2618 1462 invenerit,
2654 1399 2809 1452 talem
2839 1415 3118 1462 coronare,
3147 1410 3238 1453 aut

1690 1497 1836 1536 certe
1867 1486 2136 1539 damnare.
2175 1487 2236 1538 Et
2262 1491 2506 1554 quamvis
2532 1490 2636 1540 sint
2666 1491 2842 1555 gravia
2873 1491 3065 1543 delicta
3086 1531 3100 1555 ,
3133 1507 3238 1543 non

1688 1582 1764 1623 est
1810 1578 1984 1624 tamen
2027 1573 2129 1625 illis
2169 1576 2233 1626 de
2277 1576 2366 1627 llei
2417 1577 2781 1630 misericordia
2827 1578 3240 1646 deSperandum.

1693 1659 1909 1724 Liquide
1939 1660 2307 1725 cognoscimus
2337 1661 2473 1726 quod
2516 1661 2780 1726 publicani
2812 1675 2866 1717 et
2896 1677 3200 1731 peccatores
3224 1706 3240 1730 ,

1696 1750 1844 1798 nullo
1885 1747 2213 1813 praecedente
2254 1757 2473 1808 merito,
2515 1749 2606 1815 qui
2648 1749 2804 1803 futuri
2854 1767 2946 1818 per
2987 1753 3244 1820 justitiam

53 1854 118 1890 tas
147 1845 278 1905 [oras
306 1841 455 1892 mittit
487 1840 714 1892 timorem
743 1839 802 1908 (l
830 1839 986 1892 Joan.
1022 1842 1136 1906 tv).
1183 1841 1292 1892 Non
1338 1851 1455 1891 sunt
1503 1841 1585 1892 isti
1624 1821 1664 1877 Β
1692 1850 1840 1889 erant
1879 1839 2194 1900 damnandi,
2237 1839 2457 1906 gratuita
2498 1841 2841 1896 miseratione
2890 1859 2983 1909 per
3030 1845 3242 1898 brevem

53 1928 280 1995 discipuli
306 1928 540 1992 Christi,
569 1937 625 1981 et
651 1943 752 1981 non
783 1928 833 1980 in
865 1929 1092 1981 Ecclesia
1120 1939 1234 1980 sunt
1262 1930 1583 1996 requirendi;

49 2018 132 2067 sed
176 2017 225 2068 iu
271 2017 522 2070 membris
569 2015 876 2069 Antichristi
928 2018 1222 2068 inveniendi
1271 2029 1431 2068 sunt:
1484 2034 1584 2089 non

49 2117 158 2156 sunt
188 2105 382 2158 accola:
411 2108 563 2156 bona:
606 2104 1059 2170 repromissionis,
1103 2120 1198 2156 nec
1238 2108 1344 2157 veri
1387 2108 1588 2159 Israeli-

50 2206 138 2256 ιω,
167 2195 258 2245 sed
288 2192 356 2244 de
387 2191 668 2258 longinquo
707 2192 925 2243 advena:
967 2193 1252 2258 proselyti;
1287 2193 1377 2244 sed
1417 2207 1588 2259 neque

52 2282 287 2336 fratribus
319 2283 520 2343 ﬁdeles.
552 2297 723 2348 neque
754 2283 803 2332 ιιι
835 2296 1000 2348 pugna
1033 2282 1225 2334 inventi
1252 2292 1377 2335 sunt
1406 2283 1584 2337 fortes.

47 2372 188 2424 Tales
225 2371 354 2424 olim
395 2372 445 2423 in
491 2370 726 2424 Levitico
774 2370 1064 2423 Dotninnm‘
1090 2375 1454 2436 cognoscimus
1495 2371 1588 2425 de-

51 2472 297 2523 Icsmsse,
326 2471 381 2514 et
417 2461 470 2514 iu
514 2461 653 2514 bello
695 2474 760 2512 ne
792 2469 1070 2527 pergerent
1110 2460 1442 2525 prohibuisse
1475 2478 1485 2511 :
1523 2461 1585 2514 Si

48 2552 151 2615 quis
173 2593 186 2614 ,
219 2551 423 2616 inquit,
469 2550 621 2600 corde
657 2549 865 2615 pauidus
909 2558 1012 2610 est,
1056 2564 1157 2600 non
1196 2550 1484 2614 egrediatur
1521 2553 1588 2602 ad

46 2639 263 2700 bellum;
309 2625 478 2701 radat,
507 2646 554 2688 et
583 2645 856 2686 revertatur
881 2636 946 2685 ad
974 2637 1176 2686 domum
1206 2652 1369 2698 suum,
1401 2652 1461 2688 ne
1491 2654 1587 2704 pa-

49 2742 155 2777 rere
178 2725 336 2792 faciat
364 2726 520 2776 corda
546 2729 763 2788 [rutrum
785 2739 991 2777 sitorum
1008 2764 1024 2788 ,
1049 2726 1178 2777 sicut
1205 2733 1252 2776 et
1281 2727 1386 2792 ipse
1415 2727 1590 2778 timore

50 2814 331 2876 perterritus
362 2825 434 2866 est
461 2816 480 2881 (
510 2811 660 2868 Deut.
698 2830 769 2867 sx
791 2813 844 2882 )..
869 2813 941 2868 De
973 2817 1163 2868 talibus
1209 2816 1260 2869 in
1310 2817 1590 2885 Evangelio

51 2902 240 2956 Veritas
268 2905 378 2956 ait:
416 2903 584 2969 Quam
613 2904 823 2970 difﬁcile
850 2913 957 2968 est,
999 2906 1086 2971 qui
1125 2906 1367 2970 pecunias
1408 2901 1590 2959 habent

47 2995 221 3044 intrare
247 2994 299 3044 in
326 3009 532 3060 regnum
560 2995 796 3046 culorum
826 2992 1049 3063 (Matth.
1076 3009 1166 3052 χιι
1194 2996 1211 3068 )
1235 2997 1246 3050 !
1281 2994 1422 3053 Niltil
1449 3013 1588 3055 enim

48 3085 108 3134 de
136 3081 369 3147 pristinis
401 3083 738 3141 facultatibus
767 3089 878 3142 suis
908 3090 960 3143 in
986 3090 1229 3142 eumdem
1262 3091 1432 3143 locum
1451 3129 1468 3154 ,
1501 3090 1586 3143 ubi

46 3175 234 3244 ingredi
258 3196 318 3233 se
344 3181 475 3246 petit
496 3183 871 3234 monasterium
891 3223 906 3245 ,
933 3183 1013 3235 vel
1035 3181 1099 3235 ad
1125 3197 1285 3234 unum
1314 3199 1588 3236 nummum

49 3267 325 3336 recipiatur
350 3288 366 3334 ;
397 3269 491 3324 sed
520 3279 576 3323 et
602 3271 714 3338 ipse
741 3286 896 3325 manu
924 3287 1018 3326 sua
1046 3283 1230 3326 cuncta
1275 3275 1590 3342 pauperibus

49 3369 262 3425 eroget;
293 3370 352 3414 et
394 3361 729 3428 postmodum
765 3364 1132 3430 comprobatus
1153 3403 1167 3427 ,
1212 3365 1587 3418 monasterium

45 3451 135 3500 sub
175 3452 358 3518 regula
396 3452 781 3512 introducalur,
817 3462 870 3504 et
897 3465 1036 3504 anno
1074 3453 1279 3520 integro
1316 3467 1343 3503 a
1386 3452 1589 3506 cunctis

48 3539 286 3604 [nuribus
343 3554 406 3592 es
473 3540 725 3592 industria
782 3541 1029 3594 conviciis
1075 3543 1465 3607 comprobatur.
1525 3543 1588 3596 Et

47 3637 312 3693 postquam
345 3628 590 3692 probatus
618 3629 670 3680 in
694 3629 896 3682 cunctis
921 3629 1171 3683 obediens
1198 3630 1380 3694 fuerit,
1406 3641 1457 3685 et
1483 3645 1586 3684 non

44 3717 88 3765 in
118 3714 308 3780 plumbi
343 3722 528 3768 natura
561 3717 813 3784 mollitus,
838 3716 930 3770 sed
957 3731 1077 3769 acer
1109 3718 1494 3782 perduraverit,
1531 3725 1587 3769 ut

43 3805 258 3868 ferrum,
286 3807 617 3872 postmodum
646 3821 867 3860 ematur
889 3808 1228 3860 saecularibus
1256 3809 1506 3869 vestibus,
1534 3818 1586 3860 et

47 3893 286 3947 induatur
314 3894 629 3947 monaSterii
657 3895 915 3960 religiosis
941 3895 1268 3960 simplicibus
1291 3910 1305 3958 ;
1335 3903 1388 3948 et
1416 3895 1582 3947 adno-

46 3991 175 4033 tetur
203 3983 255 4035 in
285 3993 441 4052 pacto
469 3999 590 4037 cum
639 3984 888 4036 fratribus
907 4021 920 4044 ,
952 3991 1005 4037 et
1027 3983 1175 4052 vivat
1216 3984 1352 4037 inter
1397 3999 1581 4038 mona-

40 4079 160 4122 (bos
189 4075 446 4139 probatus
473 4086 526 4127 et
559 4074 672 4140 ipse
701 4073 1011 4126 monachus.

614 4181 836 4234 CAPUT
877 4181 1013 4233 XIX.

103 4267 232 4328 Quid
260 4271 312 4320 in
340 4272 641 4321 monasterio
667 4271 869 4320 debeant
895 4270 1172 4338 observare,
1196 4272 1281 4335 qui
1311 4281 1516 4338 peccata

342 4339 577 4406 graviora
604 4339 660 4388 ir;
690 4339 876 4389 stzculo
904 4337 1262 4388 commiserint.

1694 1927 2058 1992 pmniteutiatn
2096 1937 2216 1977 sunt
2257 1926 2533 1991 redempti.
2575 1927 2679 1982 Sed
2713 1945 2814 1982 non
2843 1941 2926 1983 est
2954 1933 3003 1983 in
3033 1932 3110 1985 eis
3139 1941 3243 1985 tam

1690 2019 2069 2069 consideranda
2104 2031 2344 2069 mensura
2375 2022 2648 2084 temporis,
2677 2035 2834 2086 quam
2861 2023 3078 2076 doloris.
3111 2027 3249 2092 Agat

1696 2119 1822 2166 ergo
1866 2106 2223 2169 unusquisque
2263 2104 2472 2168 dignam
2515 2108 2874 2170 pcenitentiatn
2900 2146 2914 2166 ,
2955 2113 3242 2163 secundum

1689 2194 1971 2259 qualitates
2002 2193 2304 2257 culparum,
2339 2201 2393 2244 ut
2420 2194 2537 2258 Qpis
2569 2195 2619 2245 in
2652 2208 2754 2260 quo
2783 2195 2974 2248 delicto
3004 2210 3122 2250 sese
3149 2214 3237 2250 co.

1697 2285 1899 2351 gnoscit
1937 2297 2115 2344 reum,
2155 2283 2222 2334 de
2259 2297 2324 2335 eo
2359 2282 2555 2336 delicto
2593 2298 2813 2338 necesse
2841 2296 2920 2338 est
2958 2288 3243 2342 observate

1692 2374 1917 2439 primum
1947 2371 2231 2424 secundum
2264 2373 2492 2425 instituta
2524 2389 2802 2428 canonum.
2839 2376 2893 2428 lit
2930 2377 3045 2442 lege
3076 2377 3234 2432 liabe-

1693 2472 1776 2514 tur
1816 2472 1870 2512 ιιι
1907 2464 2026 2528 quis
2071 2460 2155 2512 cui
2209 2471 2461 2526 quantum
2501 2461 2746 2513 -intulerit
2802 2464 3051 2516 damnum
3078 2502 3094 2527 ,
3150 2474 3241 2516 aut

1694 2550 1877 2602 fecerit
1915 2550 2146 2612 caedem,
2186 2559 2275 2600 aut
2313 2550 2662 2602 connuoverit
2711 2552 2965 2602 ultionem
2989 2591 3002 2614 ,
3050 2551 3244 2619 judicia

1692 2640 1971 2690 dirimatur
1995 2637 2194 2704 judicio
2219 2652 2232 2699 ;
2266 2650 2322 2690 et
2349 2639 2416 2690 de
2445 2644 2819 2691 numerositate
2849 2639 3137 2693 solidorum
3176 2642 3243 2694 ad

1689 2743 1843 2783 suum
1907 2730 2188 2780 reducatur
2245 2729 2560 2804 arbitrium,
2617 2746 2680 2782 ne
2734 2731 2957 2784 fortasse
3013 2745 3239 2798 persona

1693 2831 1883 2887 potens
1933 2819 2149 2870 damnet
2195 2832 2504 2885 oppressum
2533 2858 2548 2882 ,
2599 2829 2648 2870 et
2688 2821 2777 2885 qui
2825 2820 2975 2888 legali
3014 2836 3238 2874 censura

1691 2909 2054 2962 centenarium
2111 2907 2337 2959 habebat
2375 2907 2641 2959 incurrere
2692 2907 2974 2973 damnum,
3032 2912 3239 2963 tertiam

1692 2997 1907 3061 reddat,
1939 2995 2077 3066 quod
2122 2994 2187 3051 dc
2227 2993 2406 3051 liberis
2442 2995 2759 3053 continetur.
2800 2997 2954 3055 Certe
2991 3013 3085 3056 nos
3121 3013 3242 3054 cum

1693 3104 1934 3143 essemus
1959 3091 2094 3142 servi
2127 3092 2366 3156 peccati,
2399 3091 2505 3142 Deo
2533 3091 2849 3156 miserante,
2881 3103 2932 3145 et
2964 3095 3108 3146 nullo
3137 3111 3236 3147 nn-

1693 3188 1805 3232 stro
1834 3181 2023 3233 merito
2053 3179 2412 3245 pra-cedente,
2448 3179 2595 3233 liberi
2627 3179 2747 3232 lacti
2777 3195 2957 3233 sumus
2984 3182 3236 3246 iustitiae;

1691 3278 1746 3320 et
1785 3268 1850 3320 de
1895 3270 2326 3319 innunicrosiiste
2365 3266 2723 3332 peccaminum
2765 3270 2816 3320 in
2856 3267 3243 3322 misericordis-

1691 3357 1812 3410 simi
1837 3356 2030 3424 judicis
2063 3356 2256 3422 pendet
2283 3355 2503 3408 arbitrio
2533 3357 2697 3410 nostri
2731 3359 2928 3422 peccati
2955 3358 3189 3411 debitum
3219 3374 3236 3420 ;

1692 3453 1741 3496 et
1799 3459 1895 3510 pro
1947 3442 2238 3494 centesimo
2284 3442 2516 3508 pondere
2566 3450 2901 3508 peccatorum
2952 3445 3240 3511 iniquitatis

1693 3534 2060 3599 cognoscimus
2099 3545 2368 3597 opponere
2399 3531 2625 3582 villicum
2644 3569 2658 3593 ,
2687 3532 2773 3597 qui
2802 3531 2867 3585 de
2895 3543 3104 3585 centum
3143 3546 3233 3584 ca-

1694 3624 1777 3676 dis
1808 3624 1910 3676 olci
1940 3625 2203 3689 octoginta
2226 3663 2238 3686 ,
2273 3623 2339 3675 de
2363 3631 2578 3674 centum
2609 3622 2749 3675 coris
2791 3623 2946 3675 tritici
2977 3625 3239 3692 quinqua-

1692 3716 1863 3784 ginta,
1896 3716 2223 3768 decurtatum
2255 3717 2496 3782 qumsivit
2533 3715 2799 3777 debitum,
2832 3716 3010 3768 statim
3049 3729 3108 3769 se
3146 3732 3239 3768 co-

1690 3805 1868 3868 gnovit
1896 3818 1925 3854 a
1959 3805 2168 3867 proprio
2197 3803 2412 3854 domino
2441 3816 2559 3854 esse
2590 3803 2851 3854 laudatum
2887 3801 3046 3869 (Luc.
3079 3819 3169 3856 xvt
3195 3809 3236 3870 ).

1692 3893 1766 3945 lta
1800 3894 2032 3958 plerique
2060 3903 2180 3944 sunt
2213 3893 2263 3944 in
2297 3892 2609 3944 monasteria
2641 3891 2899 3959 ingressi,
2928 3893 3014 3960 qui
3043 3891 3111 3945 ob
3137 3893 3238 3945 im-

1693 3984 1998 4036 manitatem
2048 3983 2306 4035 scelerum
2354 3993 2695 4036 excesserunt
2744 3999 3020 4038 numerum
3048 4023 3062 4047 ,
3111 4000 3241 4053 quos

1689 4074 1858 4142 sancti
1911 4088 2142 4127 canones
2194 4075 2336 4126 foras
2385 4075 2624 4127 ecclesia:
2673 4090 2830 4143 agere
2881 4075 3236 4142 paenitentiam

1689 4173 2052 4225 censuerunt;
2102 4172 2157 4215 et
2205 4162 2302 4214 nisi
2347 4163 2397 4214 in
2442 4166 2596 4215 linem
2647 4164 2767 4215 vitae
2815 4164 3238 4215 communionem

1691 4252 1965 4317 percipere
2022 4259 2384 4317 negaverunt:
2439 4264 2534 4302 nos
2588 4262 2761 4303 tamen
2819 4250 3234 4305 misericordiam

1693 4339 1896 4391 Domini
1928 4339 2219 4405 comperti,
2255 4339 2612 4404 pusillanimes
2643 4353 2824 4391 sumus
2851 4338 3135 4402 consolati,
3169 4355 3235 4393 ne

100 4429 196 4488 Uni
241 4429 577 4496 gravioribus
623 4427 789 4495 culpis
838 4435 890 4480 et
930 4427 1238 4480 criminibus
1286 4441 1404 4480 sese
1449 4428 1581 4480 deli-
1608 4443 1660 4498 υ
1689 4431 1833 4495 gravi
1869 4431 2078 4482 tristitia
2111 4429 2367 4482 enarctati
2399 4438 2617 4496 pereant
2642 4428 2933 4494 desperati,
2965 4429 3030 4480 de
3063 4428 3238 4480 multi-

37 4520 207 4579 quisse
254 4525 623 4582 cognoscunt,
679 4516 904 4584 primum
957 4530 1049 4568 eos
1086 4527 1332 4582 optamus
1385 4515 1579 4582 regula:

34 4605 161 4655 colla
198 4603 514 4657 submittere
556 4607 655 4657 sub
697 4606 1068 4672 probatissimo
1104 4606 1322 4668 abbate,
1369 4605 1420 4656 in
1470 4619 1583 4658 mo-

37 4697 255 4748 nasterio
281 4694 550 4748 desudare
572 4733 586 4756 ,
619 4702 670 4744 et
699 4705 884 4746 cuncta
927 4704 1190 4748 retroacta
1219 4703 1432 4760 peccata
1467 4701 1584 4745 tan-

33 4799 182 4848 quam
207 4792 440 4853 :egrotos
471 4781 677 4834 medico
700 4783 919 4849 spiritali
962 4784 1156 4837 seniori
1199 4784 1538 4836 manifestare
1566 4797 1580 4845 ;

34 4884 82 4923 et
117 4875 255 4927 sicut
282 4873 495 4940 publice
523 4880 870 4939 peccaverunt
892 4910 908 4934 ,
945 4871 1148 4937 publice
1189 4871 1446 4939 paenitere
1472 4912 1486 4935 ,
1529 4883 1584 4940 et

35 4962 333 5025 ptemtonda
365 4963 502 5014 ultra
533 4977 638 5014 non
666 4962 1032 5023 committere;
1065 4960 1308 5014 timorem
1349 4963 1414 5016 de
1455 4977 1585 5030 sup-

37 5050 210 5116 plicio,
255 5064 500 5104 amorem
548 5051 615 5104 de
665 5065 860 5118 regno,
910 5063 1056 5115 spem
1105 5049 1173 5102 de
1220 5050 1581 5102 misericordia

36 5140 260 5202 habere.
292 5147 350 5192 et
378 5154 649 5206 nunquam
689 5140 1004 5207 desperare,
1035 5139 1155 5204 quia
1198 5137 1248 5189 in
1284 5139 1470 5190 ultimo
1501 5148 1582 5193 est

33 5243 274 5285 extrema
300 5232 450 5291 vitae,
471 5227 766 5296 justiﬁeare
796 5241 887 5282 aut
916 5230 1286 5282 cundcmnare.
1315 5228 1580 5294 Scriptum

34 5321 271 5372 estcuius
302 5337 315 5371 :
351 5317 477 5386 Ipse
493 5317 750 5385 judicabit
777 5327 1000 5370 extrema
1026 5329 1172 5370 teme
1212 5320 1228 5386 (
1257 5316 1283 5370 Ι
1315 5318 1442 5386 Reg.
1475 5333 1510 5372 ιι
1537 5320 1578 5386 ).

39 5407 473 5476 Unumquemque
514 5406 768 5460 Dominus
807 5401 860 5459 in
908 5406 1027 5460 line.
1048 5419 1139 5460 aut
1175 5408 1460 5475 justillcat,
1493 5417 1583 5460 aut

36 5498 347 5550 condemnat
371 5513 388 5560 ;
417 5508 473 5552 et
502 5498 865 5552 universorum
909 5497 1065 5548 linem
1093 5498 1221 5563 ipse
1251 5499 1579 5563 considerat,

33 5596 84 5634 nt
117 5585 212 5640 nec
242 5595 514 5655 peccator,
545 5586 588 5639 si
619 5586 822 5639 fortiter
851 5585 1186 5651 ingemiscat,
1215 5585 1460 5652 desperet
1484 5601 1579 5640 vc-

40 5674 167 5726 uiam
187 5711 202 5738 ,
233 5687 334 5730 nec
357 5671 536 5741 justus
563 5674 626 5726 dc
658 5676 864 5742 propria
894 5658 1169 5728 sanctitate
1200 5675 1447 5730 conlidat.
1481 5676 1575 5729 Νῆα

1689 4519 1866 4571 tudine
1908 4532 2160 4570 annorum
2200 4517 2264 4568 ad
2306 4518 2515 4570 brevem
2558 4519 2872 4569 recurritnus
2918 4529 3236 4580 numerum;

1685 4617 1741 4662 et
1771 4619 1872 4658 tam
1891 4608 2008 4657 cito
2034 4622 2151 4658 eum
2183 4607 2546 4668 conciliamus,
2576 4621 2728 4673 quant
2760 4606 2863 4656 cito
2891 4619 3008 4656 eum
3033 4619 3233 4672 cogno-

1686 4697 1916 4760 verimus
1945 4695 1994 4746 in
2021 4695 2326 4761 ptenitentia
2353 4705 2404 4746 et
2429 4695 2722 4746 humilitate
2750 4693 3037 4748 fundatum.
3060 4694 3236 4759 Quare
3297 4719 3307 4729 -

1685 4792 1738 4837 et
1770 4792 1893 4835 tunc
1935 4783 2171 4836 medicus
2209 4784 2274 4834 ab
2318 4782 2575 4833 incisione
2613 4783 2901 4843 suspendet
2941 4793 3230 4850 aegrotum,

1684 4887 1803 4927 cum
1847 4888 1962 4925 eam
2011 4888 2102 4938 per
2147 4870 2491 4922 medicamina
2535 4871 2840 4936 cognoverit
2878 4887 2995 4925 esse
3039 4887 3232 4925 sanau-

1685 4963 1830 5017 dum.
1863 4963 2020 5016 Clbos
2051 4974 2175 5014 vero
2201 4962 2331 5012 tales
2369 4962 2445 5014 eis
2487 4964 2721 5028 praebere
2760 4962 3097 5026 mandamus.
3139 4965 3227 5032 qui

1683 5066 1781 5105 nec
1825 5052 2090 5104 lasciviam
2134 5052 2398 5112 nutriant,
2431 5065 2528 5104 nec
2567 5065 2755 5116 corpus
2785 5050 2937 5102 nimis
2968 5049 3223 5121 al‘lligant.

1682 5141 1879 5196 Carnes
1932 5150 2148 5201 tamen,
2205 5138 2469 5204 siceram,
2528 5141 2607 5192 vel
2666 5140 2844 5192 vinum
2892 5143 2970 5193 eis
3024 5143 3230 5194 auferre

1683 5232 1992 5283 mandamus
2023 5245 2034 5278 :
2066 5229 2208 5295 quod
2238 5229 2283 5281 si
2315 5244 2408 5296 per
2438 5229 2789 5281 inﬁrmitatem
2817 5269 2831 5292 ,
2881 5239 2970 5282 aut
3011 5232 3222 5282 nimiam

1683 5327 2038 5378 senectutem,
2071 5327 2158 5367 aut
2187 5325 2334 5369 certe
2361 5318 2583 5382 aliquant
2619 5320 3016 5380 necessitatem,
3047 5334 3107 5372 ex
3140 5317 3223 5370 bis

1684 5405 2016 5462 imbecillitas
2049 5407 2300 5471 patuerit,
2335 5407 2385 5456 in
2420 5398 2644 5458 arbitrio
2675 5417 2726 5459 et
2759 5411 3018 5474 probitate
3056 5407 3222 5472 majo-

1683 5511 1794 5549 rum
1836 5495 2094 5561 ponimus.
2130 5495 2510 5548 Vestimentum
2541 5509 2665 5547 vero
2694 5496 2958 5548 cilicinutn
2992 5495 3226 5560 praebere

1679 5586 1954 5651 juhemus,
2000 5583 2224 5649 qualiter
2269 5596 2358 5647 per
2404 5581 2453 5632 id
2499 5585 2796 5643 compuncti
2833 5596 2922 5646 per
2969 5582 3145 5633 bazdos
3195 5597 3224 5633 a

1681 5673 1904 5727 sinistris
1932 5687 2141 5725 suorum
2176 5686 2380 5737 semper
2424 5673 2821 5725 reminisczmtur
2869 5682 3224 5736 petcatnrum.
