3880 6236
536 413 667 468 “9.7

1460 406 1519 462 s.
1560 405 1935 463 FltUCTUOSl
1978 404 2444 459 nascaneusrs
2488 402 2779 459 EPISCOPI

3570 402 3697 457 MSS

536 531 749 583 Lectum
773 538 939 580 tamen
971 533 1204 578 sternere
1228 522 1532 577 mandamus
1557 522 1699 577 corio
1722 531 1811 575 aut
1847 524 2068 589 psiatho.
2102 524 2147 578 Δ
2173 522 2383 575 inveniet
2413 540 2522 575 eam
2554 521 2771 592 (Matth.
2802 535 2892 573 xvt
2911 519 2950 589 ).
2979 517 3201 572 Proinde
3230 520 3418 573 melius
3448 521 3697 589 multoque

537 617 672 682 quod
706 614 887 667 Latine
916 624 1087 667 storea
1119 622 1471 680 nuncupatur,
1503 621 1592 665 aut
1619 620 1761 664 certe
1789 613 1967 678 paleas
1998 620 2074 662 te-

541 722 703 770 nues,
735 707 778 759 si
807 705 992 758 borum
1024 706 1149 757 nihil
1183 704 1425 763 habetur,
1456 703 1691 770 exceptis
1733 701 1955 755 infirmis
1975 740 1989 765 ,
2022 712 2076 754 ct

542 798 697 850 nimia
728 804 996 849 senectute
1022 791 1266 853 defessis,
1295 794 1368 845 uti
1400 800 1451 845 et
1474 791 1599 859 ipsis
1619 790 1837 843 arbitrio
1860 790 2076 843 fovean—

542 899 622 940 tur
665 886 889 940 abbatis.
931 883 1051 936 Ilaac
1093 897 1209 948 quae
1255 895 1409 948 supra
1446 879 1738 932 notavimus
1768 892 1858 946 per
1910 877 2076 944 paeni-

541 980 750 1032 tentiam
782 977 1021 1045 dignam,
1049 983 1103 1026 et
1132 988 1233 1025 non
1263 972 1432 1024 fictam
1480 969 1856 1030 humilitatem,
1889 981 2079 1019 unum-

539 1080 798 1135 quemque
844 1064 1019 1118 venire
1064 1060 1507 1130 cognoscatis-ad
1554 1073 1728 1113 veram
1776 1059 2073 1111 sanitatem.

540 1160 729 1207 Amen.

1119 1257 1335 1313 CAPUT
1378 1256 1497 1310 XX.

613 1352 745 1417 Quid
773 1349 1129 1403 observandum
1156 1350 1217 1398 sit
1249 1347 1310 1398 de
1346 1343 1604 1417 monachis
1631 1342 1717 1407 qui
1746 1357 1776 1390 a
1801 1340 2006 1410 praprio

868 1417 1164 1470 monasterio
1197 1430 1282 1479 per
1310 1414 1430 1464 vitia
1462 1412 1773 1464 dilabuntur.

612 1505 739 1559 Cum
784 1504 1110 1572 aliquis’per
1153 1501 1330 1552 vitium
1372 1499 1602 1565 dilapsus
1650 1496 1802 1548 fuerit
1829 1509 1857 1547 a
1895 1507 2076 1545 mona-

546 1597 728 1658 sterio,
761 1595 812 1647 in
845 1593 981 1645 aliud
1015 1605 1116 1644 non
1149 1589 1427 1655 recipiatur
1455 1585 1786 1646 cmnobiutn,
1820 1596 1991 1649 neque
2031 1582 2080 1632 in

547 1682 881 1738 humanitatis
917 1680 1262 1737 charitatem,
1302 1690 1468 1741 neque
1516 1674 1569 1725 iu
1618 1675 1761 1738 pacis
1803 1674 2079 1730 oecnltun;

552 1774 642 1825 sed
672 1773 919 1824 continuo
939 1810 954 1833 ,
1000 1768 1187 1821 vinctis
1215 1774 1331 1832 post
1361 1772 1560 1829 tergunt
1607 1760 1877 1819 manibus,
1906 1756 2081 1810 abbati

2176 614 2364 665 melius
2390 624 2471 666 est
2497 612 2742 663 mundum
2768 610 2992 672 calcare,
3018 609 3280 661 Christum
3307 610 3501 671 audire,
3534 610 3693 662 Evan-

2175 704 2368 769 gelium
2408 702 2694 767 complere,
2726 702 2886 751 vitam
2919 701 3123 751 beatam
3152 713 3270 751 cum
3302 700 3496 765 angelis
3520 702 3698 752 sanctis

2177 792 2226 842 in
2271 797 2523 842 aeternum
2572 803 2664 855 per
2706 788 2883 839 omnia
2927 787 3116 839 sacula
3165 784 3451 852 possidere.
3485 784 3697 840 Proinde

2175 879 2353 932 divino
2384 879 2572 930 ardore
2601 876 2841 939 accensi,
2873 891 2995 928 ecce
3026 889 3121 928 nos
3163 888 3377 937 omnes,
3411 876 3495 939 qui
3534 876 3700 929 subter

2177 968 2387 1022 notandi
2416 982 2626 1028 sumus,
2661 966 2769 1018 Deo
2798 973 2851 1018 et
2881 965 2974 1017 tibi
3004 965 3218 1017 domino
3248 974 3301 1017 et
3348 963 3484 1014 Patri
3529 975 3695 1017 nostro

2179 1059 2432 1110 tradimus
2462 1056 2667 1108 animas
2697 1064 2924 1129 nostras,
2951 1063 3006 1104 ιιι
3035 1052 3320 1105 secundum
3346 1051 3565 1104 edictum
3588 1067 3725 1119 apo--

2178 1147 2460 1207 stolornm,
2493 1155 2544 1196 ct
2572 1138 2832 1210 regulam,
2864 1155 2916 1194 et
2955 1142 3104 1194 sicuti
3136 1150 3317 1192 sancta
3348 1140 3550 1192 Patrum
3581 1154 3702 1203 pm-

2177 1236 2472 1287 cedentium
2515 1234 2689 1285 sanxit
2727 1232 3040 1295 auctoritas,
3076 1245 3181 1283 uno
3220 1245 3318 1283 nos
3358 1230 3407 1281 in
3438 1232 3699 1293 coenobio,

2176 1322 2386 1377 Christo
2428 1321 2792 1388 prmcedeute,
2823 1332 2978 1387 teque
3005 1320 3228 1374 docente
3249 1361 3262 1381 ,
3299 1318 3599 1373 habitemus.
3642 1322 3702 1374 Et

2178 1411 2425 1480 quidquid
2477 1424 2572 1476 pro
2615 1410 2785 1461 salute
2825 1411 3113 1460 animarum
3160 1418 3458 1461 nostrarum
3507 1423 3702 1460 annuu—

2179 1502 2330 1564 tiare,
2355 1501 2568 1560 docere,
2596 1512 2770 1566 agere,
2797 1498 3087 1565 increpare,
3115 1498 3393 1563 imperare,
3420 1512 3706 1550 excommu-

2181 1591 2387 1653 nicare,
2413 1588 2698 1642 secundum
2735 1588 2965 1654 regulam
2998 1587 3298 1647 emendare,
3331 1585 3573 1649 volueris,
3604 1587 3699 1635 hu-

2181 1680 2288 1731 mili
2316 1679 2498 1739 corde,
2524 1675 2759 1743 deposita
2787 1676 2927 1728 omni
2956 1677 3274 1740 arrogantia,
3302 1676 3494 1727 intenta
3523 1685 3706 1733 mente.

2185 1764 2550 1831 desiderioque
2579 1764 2817 1825 ardente,
2844 1764 3014 1815 divina
3045 1764 3205 1830 gratia
3236 1763 3543 1828 epitulaute,
3574 1763 3709 1814 inex-

546 1863 823 1915 retlucatur
869 1852 1099 1925 proprio.
1144 1854 1293 1919 Quod
1339 1854 1385 1904 si
1430 1865 1670 1903 reversus
1712 1848 1777 1901 ad
1825 1836 2113 1900 saeculum?

2196 1857 2510 1919 :usabiliter,
2554 1854 2774 1907 Domino
2822 1854 3058 1915 favente,
3091 1853 3260 1904 omnia
3303 1854 3709 1919 adimplebium.

550 1953 735 2010 ftterit,
768 1957 822 2001 et
850 1962 879 1999 a
908 1936 1214 2012 prepinquis
1243 1941 1403 1993 fretus
1428 1951 1543 1991 cum
1573 1935 1649 1989 eis
1679 1935 1731 1987 itt
1773 1933 2079 2000 superbiam

548 2036 868 2101 surrexerit,
896 2018 951 2090 et
976 2031 1293 2089 monasterio
1316 2030 1483 2081 minas
1514 2025 1782 2086 intulerit,
1813 2025 2008 2090 pariter
2033 2030 2087 2074 et

552 2132 648 2198 ipsi
677 2144 793 2185 cum
820 2143 883 2182 eo
898 2129 1013 2185 sint
1038 2142 1065 2179 a
1094 2125 1340 2177 lsicorum
1366 2119 1588 2174 concilio
1613 2117 1822 2185 publice
1848 2115 2084 2187 expulsi,

549 2229 602 2274 et
624 2220 691 2271 ab
715 2217 853 2271 omni
879 2214 1291 2268 Christianorum
1306 2215 1574 2281 ‘cunventu
1601 2212 1844 2258 maneant
1870 2202 2088 2255 anathe-

552 2304 804 2360 matizati.
830 2301 978 2369 Quod
1019 2300 1065 2353 si
1101 2308 1154 2353 et
1192 2297 1291 2365 ipsi
1333 2296 1451 2349 laici
1492 2307 1589 2347 suo
1630 2306 1747 2344 eam
1789 2289 2089 2357 receperint

551 2396 845 2460 consortio,
892 2400 946 2445 et
989 2388 1181 2457 pariter
1229 2401 1348 2440 cum
1378 2399 1451 2443 eo
1488 2391 1668 2436 contra
1711 2381 2086 2432 monasterium

552 2481 880 2542 exarserint,
911 2479 963 2531 in
992 2474 1363 2531 contumeliam
1391 2470 1564 2524 cuncti
1589 2484 1615 2520 a
1645 2476 1818 2518 nostra
1850 2465 2087 2517 Ecclesia

553 2570 897 2637 expellantur,
927 2575 979 2619 et
1006 2564 1148 2616 nullo
1174 2562 1444 2615 nobiscum
1472 2555 1741 2609 charitatis
1772 2554 1971 2607 fmdere
2003 2567 2090 2603 co-

557 2662 832 2726 pulentut‘,
880 2668 1147 2722 quousque
1184 2652 1458 2703 veritatem
1500 2653 1847 2714 cognoscant,
1896 2653 1949 2697 et
1992 2657 2086 2694 nu-

558 2748 755 2801 biscum
792 2753 1013 2807 stantes,
1048 2740 1267 2806 injurias
1309 2735 1553 2790 Ecclesia:
1575 2735 1933 2798 vindicantes,
1976 2732 2089 2799 pari

556 2835 830 2887 devotione
854 2836 1188 2896 consurgant.
1228 2828 1280 2880 Si
1314 2835 1457 2880 certe
1486 2825 1580 2892 ipsi
1609 2832 1859 2893 apostala‘.
1888 2822 1953 2874 ab
1977 2835 2093 2873 om-

561 2927 714 2982 nibus
738 2926 927 2980 fuerint
953 2938 1012 2978 ex
1023 2923 1149 2989 pulsi
1166 2961 1181 2986 ,
1205 2931 1257 2975 et
1284 2922 1384 2974 huc
1410 2921 1632 2987 illucque
1656 2924 1900 2985 vagantes
1923 2916 2093 2966 diver-

559 3017 636 3067 sis
678 3014 805 3067 locis
836 3010 1101 3065 instabiles
1129 3018 1283 3076 atque
1311 3008 1608 3061 vacillantes
1648 3020 1743 3057 suo
1773 3000 2091 3056 monasterio

560 3102 753 3155 reverti
783 3116 839 3153 se
866 3098 1145 3165 petierint,
1190 3095 1499 3148 necessitate
1540 3094 1831 3159 compulsi,
1875 3095 1924 3144 in
1969 3110 2095 3148 cou-

559 3197 717 3241 ventu
750 3186 1003 3251 majorum
1033 3182 1386 3242 deducantur,
1416 3191 1467 3232 et
1495 3190 1549 3231 ut
1575 3193 1696 3230 vasa
1728 3179 1867 3246 ﬁguli
1899 3180 1951 3233 in
1983 3180 2091 3232 fur-
2119 3168 2166 3229 C

562 3289 692 3328 nace
738 3274 1061 3341 probentur;
1105 3279 1155 3323 et
1192 3282 1311 3321 cum
1353 3267 1549 3334 probati
1592 3265 1815 3330 iuerint,
1847 3282 1941 3320 suo
1974 3284 2090 3320 mo-

563 3362 789 3417 nasterio
832 3359 1223 3422 reformentur;
1275 3365 1327 3409 et
1376 3368 1476 3409 non
1529 3356 1721 3423 prima,
1770 3356 1861 3408 sed
1910 3355 2092 3409 ultima

560 3437 806 3506 Cathedra
836 3447 1177 3516 recipiantur.

1119 3534 1334 3603 Expiicit
1358 3532 1552 3604 regula.

735 3648 797 3701 IN
828 3644 1075 3699 NOMINE
1108 3643 1333 3697 DOHINI
1363 3641 1596 3696 INCIPIT
1628 3641 1919 3695 PACTUM.

697 3750 747 3791 IN
781 3750 974 3789 NOIINE
1008 3747 1053 3785 8.
1086 3745 1414 3792 τηικιτλτιε,
1447 3744 1665 3795 PATRIS,
1706 3744 1771 3782 ετ
1808 3744 1927 3782 ιἰιιι
1954 3765 1971 3792 ,

1050 3816 1117 3853 ΒΤ
1155 3814 1386 3853 δριιιιτυς
1417 3814 1617 3853 SANCTI.

634 3896 777 3961 Quod
798 3892 954 3947 corde
977 3891 1258 3953 credimus,
1282 3899 1336 3943 et
1361 3896 1461 3943 ore‘
1475 3889 1807 3956 proferimus.
1829 3887 2101 3943 Credimus

568 3986 772 4038 Patrem
811 3983 1124 4047 ingenitum,
1168 3980 1353 4034 Filium
1393 3981 1643 4046 genitura,
1684 3978 1936 4045 Spiritum
1981 3995 2102 4031 sano

569 4084 707 4124 ctum
737 4071 803 4122 ab
834 4080 1050 4135 utroque
1079 4068 1469 4135 procedentem.
1495 4068 1678 4119 Filium
1704 4068 1869 4118 solum
1891 4081 2099 4119 carnem

568 4165 634 4216 de
659 4161 869 4228 Virgine
896 4157 1215 4226 suscepisse,
1242 4165 1295 4208 et
1323 4156 1371 4209 in
1402 4156 1648 4212 mundum
1674 4170 1767 4221 pro
1791 4158 1959 4209 salute
1986 4173 2102 4208 utn-

560 4253 714 4308 .niutn
745 4250 795 4302 in
831 4262 888 4301 se
915 4247 1237 4299 credentium
1271 4246 1640 4312 descendisse,
1676 4245 1819 4299 etde
1864 4246 2019 4299 Patre
2050 4255 2137 4301 et.

572 4339 771 4405 Spiritu
800 4347 981 4390 sancto
1005 4351 1267 4405 nunquam
1294 4335 1600 4389 recessisse.
1632 4334 1762 4400 Quia
1797 4336 1905 4399 ipse
1932 4335 2061 4387 dixit
2088 4352 2100 4386 :

576 4427 681 4495 Ego
711 4435 755 4476 et
790 4424 939 4475 Pater
969 4438 1121 4473 unum
1150 4439 1319 4475 sumus
1348 4422 1521 4489 (Jaan.
1551 4428 1624 4487 κ).
1658 4424 1757 4475 Et;
1788 4422 1884 4485 Qui
1914 4437 1989 4472 me
2016 4423 2105 4476 Ita-

574 4514 649 4564 bet
674 4522 717 4564 et
747 4507 949 4562 Patrem
979 4508 1143 4559 habet.
1178 4507 1275 4558 Et:
1314 4508 1406 4569 Qui
1442 4524 1520 4560 me
1556 4510 1721 4571 videt,
1749 4510 1878 4561 videt
1919 4518 1964 4559 et
1998 4507 2103 4561 Pa-

575 4614 693 4652 trem
728 4596 919 4660 (Joan.
953 4594 1100 4664 xlv).
1139 4594 1276 4648 Idem
1303 4608 1428 4646 vero
1455 4596 1619 4647 dixit:
1651 4595 1837 4649 Caelum
1878 4599 1999 4651 mihi
2030 4614 2107 4650 se-

575 4691 658 4738 des
682 4696 752 4737 est
771 4726 782 4741 .
811 4694 855 4736 et
882 4696 1009 4735 terra
1030 4683 1299 4735 scabellum
1324 4682 1502 4747 pedum
1528 4698 1746 4734 mearum
1770 4683 1919 4751 (lsai.
1937 4701 1997 4738 1.x
2009 4688 2104 4753 vt).

583 4776 632 4826 lu
687 4776 827 4829 cmlo
876 4774 1044 4838 angeli
1094 4784 1251 4826 totam
1299 4772 1603 4825 Trinitatem
1653 4776 1905 4838 adorant,
1948 4787 2001 4829 et
2054 4778 2107 4830 in

582 4874 718 4915 terra
767 4862 1019 4917 Dominus
1062 4861 1361 4914 hominibus
1404 4860 1688 4927 praedicat,
1738 4862 1955 4915 dicens:
1989 4865 2109 4928 Ite,

578 4953 770 5002 vendite
799 4951 969 5004 omnia
998 4963 1111 5017 qua:
1141 4949 1433 5013 possidetis,
1468 4960 1513 5003 et
1544 4951 1659 5001 date
1701 4952 1996 5017 pauperibus
2022 4993 2036 5015 ,
2066 4962 2112 5003 et

579 5042 761 5101 venite,
789 5040 1047 5105 sequimini
1078 5053 1153 5088 me
1176 5035 1383 5103 (Matth.
1411 5042 1540 5105 xix).
1574 5039 1636 5091 Et
1664 5040 1850 5091 iterum
1873 5056 1884 5091 :
1919 5041 1977 5091 Si
2003 5043 2112 5108 quis

581 5127 681 5178 vult
729 5136 837 5191 post
886 5141 961 5176 me
1008 5126 1203 5190 venire,
1245 5125 1447 5190 abneget
1490 5128 1841 5192 semetipsum,
1883 5138 1929 5179 et
1970 5129 2111 5181 tollat

581 5226 773 5262 crucem
801 5226 940 5261 suam
960 5250 974 5273 ,
1002 5222 1047 5262 et
1073 5222 1305 5279 sequatur
1332 5226 1408 5262 me
1438 5211 1582 5277 (Luc.
1608 5217 1709 5281 ιι).
1742 5216 1802 5267 lit
1830 5215 1948 5268 alibi
1977 5233 1988 5268 :
2020 5216 2114 5280 Qui

588 5298 701 5363 plus
731 5296 901 5364 fecerit
926 5300 1089 5363 patri,
1117 5310 1200 5350 aut
1239 5302 1424 5362 matri,
1456 5302 1600 5351 urori
1618 5342 1631 5365 ,
1664 5304 1812 5367 ﬁliis,
1843 5305 1917 5356 vel
1954 5304 2116 5356 omni-

584 5388 672 5437 bus
706 5400 817 5452 qua:
856 5400 964 5434 cum
1004 5389 1187 5437 mundo
1228 5398 1518 5450 transeunt,
1548 5406 1695 5457 quam
1732 5396 1882 5458 mihi,
1916 5409 2015 5445 non
2044 5404 2116 5447 est

586 5488 659 5524 me
682 5474 862 5541 dignus
888 5474 904 5541 (
928 5471 1110 5525 Matth.
1144 5489 1171 5525 x
1265 5478 1326 5528 Et
1358 5480 1540 5529 iterum
1566 5494 1580 5529 :
1615 5477 1712 5540 Qui
1742 5498 1837 5532 nou
1869 5484 1972 5534 odit
2001 5484 2114 5535 ani-

586 5578 715 5613 mam
747 5579 883 5615 suam
910 5572 1109 5629 propter
1135 5580 1209 5614 me
1228 5604 1243 5627 ,
1268 5582 1366 5617 non
1393 5577 1462 5619 est
1493 5582 1567 5617 me
1591 5569 1769 5633 dignus
1796 5571 1945 5636 (Luc.
1975 5574 2113 5641 XIV).

591 5649 687 5701 l‘lt:
716 5649 813 5715 Qui
842 5652 1109 5715 perdiderit
1140 5666 1243 5702 eum
1272 5664 1467 5720 propter
1495 5672 1589 5717 me,
1619 5656 1670 5707 in
1706 5659 1852 5709 vitam
1881 5671 2116 5714 aeternam

2183 1946 2330 2010 Quod
2373 1944 2416 1995 si
2459 1943 2654 2009 aliquis
2691 1958 2755 1995 ex
2797 1942 2980 2005 nobis,
3008 1952 3186 1993 contra
3232 1942 3459 2007 regulam
3489 1951 3540 1993 et
3578 1952 3712 1994 tuum

2186 2041 2507 2101 prmceptum
2527 2072 2541 2095 ,
2567 2044 2916 2094 murmurans,
2942 2036 3221 2093 contumax
3240 2068 3254 2091 ,
3286 2027 3605 2088 inobediens,
3636 2030 3714 2082 vel

2194 2120 2542 2174 calumniator
2569 2119 2863 2184 exstiterit,
2894 2128 3017 2173 tunc
3048 2118 3241 2171 habeas
3276 2126 3576 2184 potestatem
3604 2132 3715 2168 om-

2192 2224 2286 2263 nes
2317 2210 2369 2263 in
2401 2224 2557 2261 unum
2589 2222 2908 2277 congregare
2929 2246 2944 2271 ,
2983 2216 3065 2269 et,
3100 2207 3227 2259 lucta
3268 2220 3443 2258 coram
3487 2203 3715 2256 omnibus

2192 2298 2409 2366 regula,
2455 2296 2663 2363 publice
2705 2296 2909 2363 culpam
2957 2296 3216 2360 probare,
3257 2305 3311 2347 et
3356 2293 3587 2359 ﬂagella,
3628 2307 3716 2345 seu

2196 2385 2823 2444 cacummunicationcm,
2882 2381 3166 2435 secundum
3214 2383 3452 2434 intuitum
3513 2382 3673 2447 culpa!
3702 2420 3716 2441 ,

2201 2474 2558 2543 unusquisque
2602 2488 2750 2527 suum
2794 2482 2993 2526 reatum
3038 2470 3307 2524 convictus
3351 2472 3615 2538 suscipiat.
3667 2472 3735 2527 Si,

2192 2565 2310 2630 quis
2339 2577 2467 2616 sane
2495 2578 2558 2617 ex
2592 2562 2745 2615 nobis
2772 2570 2953 2615 contra
2988 2560 3218 2629 regulam
3261 2562 3462 2613 occulte
3488 2575 3599 2611 cum
3630 2574 3720 2623 pa-

2194 2656 2459 2719 rentibus,
2490 2654 2771 2723 germanis,
2804 2656 2941 2715 filiis,
2974 2654 3232 2722 cognatis,
3281 2654 3360 2707 vel
3408 2651 3717 2720 propinquis,

2197 2752 2288 2795 ant
2316 2752 2463 2796 certe
2488 2759 2603 2795 rum
2635 2745 2791 2796 fratre
2830 2758 3005 2795 sccum
3050 2741 3312 2794 habitante
3351 2742 3620 2793 consilium
3662 2739 3722 2791 tle

2195 2830 2417 2884 absente
2446 2828 2746 2898 supradicto
2773 2829 2925 2882 Patre
2948 2822 3139 2882 nostro
3168 2829 3374 2890 inierit,
3407 2830 3593 2881 habeas
3631 2842 3720 2895 po-

2203 2925 2447 2973 testatem
2480 2919 2530 2971 in
2560 2933 2985 2991 unumquemque
3011 2918 3098 2985 qui
3142 2919 3237 2969 hoc
3271 2916 3469 2969 facinus
3501 2926 3722 2969 tentare

2196 3011 2299 3076 rit,
2330 3021 2387 3063 ut
2427 3024 2516 3078 per
2560 3024 2651 3063 sex
2696 3024 2903 3063 menses
2951 3009 3163 3061 indutus
3211 3009 3437 3076 tegmine
3482 3021 3595 3058 raso
3640 3016 3725 3058 aut

2197 3099 2395 3162 cilicio,
2436 3097 2754 3158 discinctus,
2793 3105 2846 3148 et
2890 3097 3265 3159 discalceatns,
3298 3098 3347 3147 in
3378 3096 3492 3147 solo
3522 3109 3647 3161 parte
3674 3105 3725 3147 et

2195 3202 2326 3251 aqua
2351 3226 2367 3250 ,
2397 3188 2447 3240 in
2480 3187 2609 3240 cella
2641 3188 2858 3239 obscura
2890 3188 3372 3240 excommunicatus
3401 3187 3487 3238 sit.
3514 3185 3654 3251 Quod
3683 3188 3722 3236 si

2196 3277 2386 3345 aliquis
2438 3277 2588 3330 istam
2637 3291 2795 3343 prona
2849 3290 2940 3330 sua
2990 3278 3256 3331 voluntate
3309 3277 3531 3330 noluerit
3577 3291 3723 3343 agere

2199 3365 2597 3431 ptenitentiam,
2642 3374 2891 3417 extcnSus
2932 3366 3071 3418 nudo
3114 3378 3367 3431 corpore,
3411 3365 3723 3432 septuaginta

2201 3464 2253 3509 et
2282 3456 2385 3507 duo
2417 3454 2621 3521 ﬂagella
2662 3454 2948 3519 suscipiat;
2988 3465 3041 3507 et
3080 3455 3315 3522 deposita
3358 3466 3503 3506 veste
3549 3469 3720 3506 mona-

2198 3547 2376 3608 sterii,
2408 3546 2619 3598 indutus
2651 3547 2785 3610 quod
2819 3547 2867 3598 in
2898 3546 3109 3598 introitu
3151 3553 3338 3597 exutus
3362 3551 3443 3596 est
3472 3542 3718 3603 scissum,

2202 3633 2415 3683 notabili
2455 3646 2570 3683 cum
2612 3633 2917 3684 confusione
2957 3648 2984 3684 a
3028 3632 3270 3686 cmnohio
3311 3631 3619 3699 expellatur.
3665 3628 3725 3679 Et

2204 3718 2301 3772 huc
2322 3719 2389 3772 de
2413 3718 2539 3771 viris
2560 3719 2673 3772 sive
2702 3718 2909 3771 feminis
2930 3721 3170 3773 dicimus.
3195 3718 3551 3772 Promittimus
3577 3720 3724 3773 etiarn

2204 3806 2309 3860 Deo
2336 3817 2389 3860 et
2420 3807 2509 3860 tibi
2544 3807 2677 3860 Patri
2707 3816 2906 3871 nostro,
2932 3818 2980 3860 ut
3008 3807 3052 3860 si
3081 3808 3199 3876 quis
3226 3809 3341 3861 sine
3369 3807 3724 3861 benedictione

2202 3896 2418 3949 fratrum
2440 3935 2456 3961 ,
2481 3905 2570 3949 aut
2600 3906 2688 3950 tuo
2715 3898 2953 3975 imperio,
2983 3913 3073 3965 per
3100 3901 3281 3951 vitium
3307 3896 3371 3949 ad
3403 3896 3501 3948 alia
3533 3897 3641 3949 loca
3668 3896 3724 3947 ad

2209 3986 2551 4039 habitandum
2604 3988 2829 4040 transire
2878 3988 3136 4053 voluerit,
3186 3988 3377 4040 habeas
3435 3996 3726 4054 potestatem

2209 4075 2471 4127 incautam
2501 4075 2616 4140 ejus
2644 4074 2891 4141 persequi
2921 4075 3241 4127 voluntatem
3262 4114 3277 4139 ,
3306 4075 3392 4142 qui
3434 4077 3532 4129 hoc
3572 4086 3726 4130 tenta-

2205 4163 2374 4224 verit,
2405 4170 2460 4213 et
2500 4152 2934 4226 comprehensum
2976 4178 3094 4215 cum
3135 4165 3431 4218 senioribus
3471 4164 3724 4232 jndicnm,

2204 4247 2267 4298 ad
2298 4245 2490 4313 regula:
2517 4260 2789 4299 censuram
2818 4250 3068 4302 reducere
3095 4266 3109 4312 ;
3141 4259 3195 4304 et
3222 4249 3267 4304 si
3295 4250 3479 4317 aliquis
3505 4267 3619 4304 eum
3646 4252 3727 4304 de.

2206 4335 2422 4389 fendere
2470 4339 2693 4403 voluerit
2737 4340 3044 4406 epiSCOpuS,
3092 4340 3176 4391 vel
3226 4341 3339 4407 ejus
3375 4342 3462 4407 qui
3508 4343 3727 4407 sequitur

2208 4424 2364 4490 ordo,
2397 4435 2485 4477 aut
2514 4424 2675 4478 laicus
2694 4462 2710 4487 ,
2738 4437 2787 4477 et
2820 4436 2904 4477 tua
2933 4428 3289 4481 admonitione
3315 4428 3489 4482 audita
3520 4431 3649 4493 apud
3677 4444 3727 4481 se

2209 4525 2329 4586 eum
2362 4514 2591 4567 retinere
2619 4504 2877 4578 voluerit,
2904 4512 3305 4570 communicatio
3329 4520 3467 4572 illius
3491 4535 3608 4573 cum
3632 4521 3727 4573 dia-

2205 4603 2326 4657 bolo
2358 4604 2459 4667 sit,
2490 4614 2542 4656 et
2574 4602 2905 4670 participatio
2934 4618 3051 4657 cum
3081 4603 3212 4659 Juda
3246 4607 3454 4661 lscariot
3486 4611 3539 4662 in
3582 4610 3728 4662 infer-

2206 4708 2274 4745 no
2305 4710 2319 4757 ;
2350 4703 2403 4748 et
2432 4697 2481 4746 in
2513 4693 2756 4761 prmsenti
2787 4695 2981 4748 saeculo
3020 4700 3496 4752 excommunicatus
3542 4714 3727 4762 perma-

2208 4792 2327 4835 neat
2375 4785 2439 4834 ab
2485 4782 2628 4835 omni
2677 4796 2814 4837 C(Bltl
2863 4768 3190 4855 Christiano,
3236 4797 3291 4840 et
3344 4803 3439 4840 nec
3488 4787 3542 4841 in
3592 4787 3729 4841 tinent

2208 4870 2456 4923 viaticum
2488 4871 2743 4937 accipiat,
2770 4877 2853 4939 qui
2889 4858 2985 4927 hoc
3014 4874 3213 4930 fecerit.
3241 4875 3355 4929 Tibi
3388 4891 3512 4928 vero
3537 4878 3731 4929 domino

2212 4970 2393 5013 nostro
2421 4964 2771 5030 suggerimus,
2803 4966 2846 5016 si
2880 4966 3062 5027 velles,
3092 4965 3231 5033 quod
3262 4965 3403 5017 credi
3433 4979 3577 5018 certe
3607 4963 3731 5018 nefas

2214 5060 2327 5113 est,
2380 5062 2432 5103 et
2462 5052 2597 5117 quod
2646 5053 2780 5105 Deus
2823 5053 2932 5106 fieri
2979 5070 3080 5106 non
3128 5055 3367 5121 patiatur,
3414 5054 3636 5123 aliquem
3675 5069 3728 5106 cx

2213 5139 2364 5191 nobis
2397 5140 2611 5206 injuste,
2639 5150 2726 5192 aut
2751 5142 2995 5205 superbe,
3025 5149 3115 5192 aut
3145 5142 3391 5195 iracunde
3420 5142 3631 5204 habere,
3654 5151 3730 5195 aut

2213 5238 2357 5281 certe
2387 5244 2541 5280 unttm
2570 5228 2807 5296 diligere,
2836 5236 2889 5279 et
2919 5228 3134 5283 alterum
3168 5231 3346 5285 livoris
3371 5232 3491 5285 odio
3519 5242 3733 5285 contento

2214 5328 2360 5377 nere,
2394 5330 2551 5366 unum
2585 5316 2863 5379 imperare,
2896 5316 3114 5370 alterum
3144 5319 3377 5377 adulare,
3408 5319 3548 5372 sicut
3574 5319 3732 5385 vulgus

2214 5403 2404 5465 habet,
2437 5410 2557 5455 tunc
2588 5403 2869 5455 habeamus
2896 5414 2949 5456 et
2978 5421 3071 5457 nos
3099 5421 3405 5459 concessam
3447 5423 3476 5458 a
3522 5408 3629 5461 Deo
3653 5422 3734 5474 pu—

2216 5500 2459 5545 testatem
2482 5530 2498 5553 ,
2544 5506 2644 5544 non
2688 5496 2944 5562 superbe,
2978 5512 3080 5548 non
3124 5496 3402 5561 iracunde,
3434 5512 3529 5566 per
3573 5512 3733 5552 unam-

2216 5594 2477 5648 quamque
2509 5582 2776 5635 decaniam
2822 5586 3103 5651 praeposito
3143 5596 3322 5637 nostro
3364 5588 3732 5657 querimoniam

2216 5670 2408 5722 inferre
2439 5683 2455 5732 ;
2487 5678 2537 5721 ct
2568 5672 2873 5738 praepositus
2903 5674 2991 5725 tibi
3021 5670 3233 5727 domino
3264 5687 3449 5731 nostro
3494 5675 3740 5728 humiliter
