3880 6236
183 410 305 463 "‘29

182 522 333 589 pedes
360 520 693 585 deosculari,
726 531 781 576 et
823 530 1056 577 nostram
1098 520 1363 589 querelam
1414 523 1476 574 ad
1518 523 1719 592 singula

179 612 430 678 pandere;
473 621 530 666 et
570 621 624 666 tu
668 613 925 680 patienter
963 612 1150 680 iubeas
1188 611 1526 677 auscultare,
1572 624 1625 665 et
1669 615 1720 666 in

176 705 432 759 communi
463 706 639 775 regula
662 708 920 761 cervicem
946 705 1242 769 liumiliare,
1269 713 1322 758 et
1347 704 1640 769 corripere,
1671 715 1723 758 et

184 794 482 847 emendare.
522 795 671 860 Quod
714 794 757 848 si
799 806 848 848 te
888 793 1107 848 minime
1146 792 1416 861 corripere
1456 793 1719 861 volueris,

185 894 303 937 tunc
332 885 613 937 habeamus
641 893 695 938 et
724 899 819 938 nos
844 892 1158 952 potestatem
1183 893 1374 937 cetera
1401 885 1717 939 monasteria

178 986 553 1037 commonere,
584 984 676 1027 aut
716 984 859 1026 certe
897 973 1236 1041 episcopum,
1268 972 1357 1041 qui
1398 975 1497 1026 sub
1541 973 1716 1041 regula

179 1063 335 1127 vivit,
361 1063 442 1117 vel
469 1062 787 1117 catholicum
814 1062 1062 1116 Ecclesia:
1087 1062 1418 1116 defensorem
1447 1063 1714 1127 comitem,

178 1164 226 1203 et
250 1152 505 1206 advocare
532 1152 598 1206 ad
631 1162 860 1207 nostram
889 1152 1258 1215 collationem,
1289 1160 1348 1205 ut
1372 1164 1551 1204 coram
1584 1151 1715 1217 ipsis

1603 414 1923 469 CAMIINA.

3237 406 3366 463 1150

1752 538 1797 594 Α
1829 534 1877 580 te
1906 524 2188 591 corripias,
2232 531 2284 576 et
2323 530 2547 588 emptam
2590 520 2820 589 regulam
2836 486 3105 590 \perficias
3134 536 3147 584 ;
3180 528 3232 573 et
3272 537 3367 575 nos

1824 614 1990 667 simus
2017 613 2257 680 discipuli
2281 652 2295 674 ,
2320 612 2548 677 subditi,
2577 623 2669 664 seu
2701 610 2929 677 adoptivi
2961 609 3053 663 lilii
3074 652 3090 676 ,
3120 608 3363 670 humiles,

1824 705 2127 759 obedientes
2173 705 2222 756 in
2268 704 2514 756 omnibus
2557 716 2673 769 quae
2700 710 2941 770 oportet;
2975 712 3026 755 et
3058 710 3112 755 tu
3152 700 3365 756 demunt

1821 794 2035 848 Christo
2063 796 2177 847 sine
2210 796 2407 847 macula
2442 793 2633 847 offeras
2665 808 2760 847 nos
2789 793 3003 848 illaesos.
3038 793 3228 848 Amen.

1903 883 2020 935 "ea
2046 892 2159 935 sunt
2209 885 2410 935 nomina
2446 898 2556 950 qua
2586 899 2738 936 manu
2764 899 2855 935 sua
2885 885 3225 951 unusquisque
3251 884 3369 936 sub-

1822 974 2140 1041 εσνὶριίοηρηι
2168 974 2242 1025 vel
2270 973 2471 1044 signum
2498 974 2549 1025 in
2577 971 2671 1025 hoc
2698 981 2844 1040 pacto
2871 973 3018 1042 fecit,
3049 973 3101 1025 id
3127 981 3230 1040 est,
3258 971 3363 1037 ille,

1823 1062 1908 1113 ille
1934 1077 1951 1122 ,'
1981 1061 2053 1115 vel
2082 1062 2173 1113 illa
2193 1103 2207 1124 ,
2238 1062 2444 1127 illaque.

1898 1150 2125 1214 Explicit
2156 1149 2331 1216 regula
2365 1149 2533 1202 sancti
2564 1148 2840 1203 Fructuosi
2868 1149 3129 1219 episcopi.

408 1399 840 1459 EPISTOLA
893 1400 1001 1458 AD
1036 1392 1612 1459 BRAULIONEM
1662 1387 2165 1451 EPISCOPUM
2223 1389 3125 1454 CZESARAUGUSTANUM.

565 1536 741 1611 (Vide
778 1534 1141 1611 Patrologite
1178 1538 1322 1593 tom.
1364 1530 1631 1603 LXXX,
1667 1530 1788 1589 col.
1823 1526 1966 1597 690,
1998 1529 2159 1587 inter
2195 1531 2549 1590 Braulionis
2582 1532 2932 1609 epistolas.)

730 1640 3339 1667 *Μ

944 1741 1242 1799 cantum
1283 1739 1703 1799 rnucruosoi
1732 1742 1776 1793 Α
1812 1702 2591 1829 oateusoauascntpm.

1352 1874 1440 1938 (Ex
1471 1872 1658 1934 Floret,
1679 1871 1903 1933 Espagna
1925 1868 2179 1930 Bagrada.)
2252 1916 2253 1919 η

288 2092 326 2144 l.
366 2089 583 2142 Carmen
625 2089 677 2138 in
723 2085 916 2137 laudent
955 2084 1175 2151 episcOpi
1216 2079 1592 2136 Narbonensis.

185 2178 439 2236 Pulehif...
469 2178 683 2236 radians
714 2176 911 2229 meritis
933 2185 986 2228 et
1016 2176 1133 2228 vitae
1160 2172 1352 2225 fovebo

186 2276 402 2339 Apparet
441 2271 491 2323 in
522 2268 727 2323 cunctis
757 2266 1032 2332 prmclarus
1059 2264 1147 2317 ille
1182 2261 1464 2329 triumphis

181 2365 259 2416 Sic
286 2373 333 2415 te
355 2362 455 2413 vita
484 2350 587 2427 pia,
617 2358 692 2410 sic
717 2370 862 2410 mens
893 2362 941 2409 te
966 2357 1105 2421 sepit
1133 2357 1373 2417 honesta,

182 2453 242 2504 Et
266 2454 444 2506 merito
469 2451 642 2502 radies
670 2448 837 2501 honor
867 2446 920 2499 in
960 2447 1090 2499 orbe
1120 2444 1229 2498 Dei.

185 2542 305 2593 Data
349 2539 603 2605 quondam
639 2537 728 2589 tibi
760 2535 947 2597 series,
977 2542 1030 2587 et
1052 2534 1201 2600 origo
1231 2532 1473 2598 praclara

184 2628 357 2679 Extitit
384 2627 433 2677 in
459 2624 671 2677 sarculo.
718 2622 900 2674 Enites
928 2628 1107 2690 gratia:
1130 2619 1291 2672 dono.

180 2713 303 2778 Quae
329 2726 544 2777 namque
574 2708 809 2777 pontifex
836 2708 947 2761 sola
968 2708 1181 2760 sortitus
1202 2705 1430 2773 opimam

183 2802 334 2855 Rexit
360 2800 685 2853 multifariter
713 2797 888 2852 divina
918 2796 1222 2866 dignatione
1261 2793 1577 2847 Narbonam.

180 2893 361 2959 Sicque
387 2891 743 2943 Beterrensem
769 2888 951 2941 Petrus
976 2886 1280 2941 elimaverat
1318 2886 1532 2952 urbem,

180 2980 361 3034 Deceat
388 2990 440 3031 ut
463 2978 654 3031 caelicis
684 2977 841 3030 talem
871 2977 1117 3044 copulare
1156 2976 1444 3044 phalangis.

443 3067 503 3120 ll.
546 3066 763 3119 Carmen
792 3067 844 3117 in
876 3066 1215 3119 Sisenandum
1242 3081 1425 3134 regem.

180 3158 303 3221 Quid
326 3156 662 3211 Siscnzindum
686 3156 913 3210 recolam
938 3156 1102 3224 gratia
1136 3156 1394 3222 praeipua
1416 3168 1594 3223 regem

181 3244 391 3309 Populos
417 3244 499 3310 qui
530 3244 629 3295 rite
659 3245 815 3306 rexit,
839 3252 1166 3309 cunctosque
1189 3240 1400 3296 refovit.

180 3332 445 3383 lllustrium
474 3331 517 3384 si
540 3344 727 3384 exeam
761 3344 1018 3399 generoso
1048 3330 1231 3385 fomite
1258 3346 1492 3397 pompas,

176 3420 379 3489 Ignosce
400 3434 508 3487 ipse
536 3422 775 3489 proprias
800 3420 978 3489 stirpis
1001 3421 1177 3473 inclita
1211 3435 1387 3473 venas.

177 3513 367 3563 Bonum
389 3511 706 3579 propagine:
739 3510 961 3579 gemina:
1003 3509 1260 3577 refulgere
1287 3512 1535 3563 lucernae.

175 3591 236 3655 Αἰ
264 3603 452 3668 Lupus,
483 3602 763 3668 Brutiuque
792 3602 863 3652 titi
901 3604 1132 3669 germani
1156 3601 1351 3663 decori,

172 3690 362 3753 Quibus
388 3690 675 3741 clarissimo
700 3688 896 3741 ditatus
928 3689 1089 3742 Britio
1131 3700 1252 3742 natu

172 3779 392 3829 Obtinuit
416 3777 563 3846 legali
595 3778 795 3831 iustam
820 3778 1067 3844 equitate
1093 3789 1386 3830 matronam

173 3868 389 3934 Mihique
419 3870 661 3923 videlicet
702 3874 847 3922 extat
886 3869 1071 3923 unicus
1101 3884 1254 3922 error

177 3956 382 4011 Unicum
404 3962 585 4012 sortita
630 3962 819 4028 p‘gnus
849 3959 1091 4013 mirabile
1126 3961 1277 4012 nobis

176 4046 235 4096 lu'
256 4062 351 4111 quo
380 4058 643 4099 retentans
674 4048 743 4111 pii
771 4047 956 4114 gaudia
984 4060 1167 4114 magna
1200 4047 1319 4097 viri.

373 4123 449 4185 ill.
497 4134 710 4187 Carmen
758 4136 824 4186 ad
874 4135 1140 4203 quemdam
1195 4136 1485 4186 diaconum.

176 4221 291 4272 ll:rc
317 4230 394 4272 tua
422 4222 555 4273 alme
584 4221 720 4273 Deus
747 4220 944 4275 Christi
972 4229 1256 4289 sancteque
1287 4222 1466 4284 levita,

172 4307 234 4359 Et
255 4309 411 4360 vincis
438 4308 644 4370 merito,
677 4310 1005 4362 transcendis
1029 4310 1260 4364 culmine
1289 4310 1449 4362 cadus

172 4398 350 4462 θυι-νίς
375 4398 512 4466 origo
540 4408 641 4451 tute
679 4397 802 4450 licet
830 4398 1159 4451 nobilissimo
1187 4399 1312 4450 fulta

174 4487 366 4538 Eniteat
392 4488 650 4551 praeconio
671 4485 1029 4555 sanguineque
1068 4488 1318 4553 praeclaro
1344 4504 1355 4537 :

169 4579 276 4640 Quo
305 4585 466 4629 tamen
494 4579 729 4629 constitit
756 4578 982 4644 amplius
1014 4585 1294 4647 propagata
1336 4592 1592 4629 succemu

168 4668 277 4718 Tibi
301 4681 510 4733 namque
538 4664 629 4718 Dei
654 4679 887 4719 summus
915 4666 1044 4719 ordo
1073 4678 1221 4718 sacer
1248 4665 1413 4733 gloria

169 4753 611 4821 Aittributus,spes
639 4752 723 4805 cui
752 4761 887 4818 erat,
912 4752 1046 4805 nites
1070 4754 1173 4805 vita
1204 4754 1411 4820 pudica.

170 4844 439 4909 Nnilusque
466 4843 584 4896 lube
613 4840 736 4893 tacti
765 4839 971 4892 conscia
997 4838 1262 4907 facinoris,

104 4996 119 5010 .
165 4934 345 4999 Optimi
379 4949 521 4988 more
569 4941 626 4987 ut
660 4931 801 5000 genti
831 4928 1037 4983 redoles
1068 4931 1345 4983 virtutibus

168 5022 487 5091 Lectorisque
518 5025 787 5078 alabastro
818 5019 1034 5087 pedibus
1061 5019 1340 5073 dominicis

166 5108 444 5163 Preciosntn
483 5108 658 5163 fundis
687 5116 866 5164 nectar
893 5109 1081 5177 unginc
1109 5109 1393 5162 catholico.

166 5197 435 5250 Delibatum
464 5197 575 5263 ipse
610 5210 857 5252 constans
885 5199 1029 5251 vario
1057 5197 1433 5250 charismatum

164 5283 361 5337 Hunera
396 5296 444 5337 et
471 5294 894 5352 sanctacarpens
917 5287 1052 5341 dona
1080 5287 1219 5357 larga
1240 5289 1462 5355 spiritus

166 5374 415 5428 Adfuturis
436 5378 572 5431 enim
613 5376 799 5430 electis
824 5381 1156 5443 praemiorum
1186 5380 1366 5434 sociis.

869 5463 951 5516 tv.
1486 5530 1492 5537 ,

218 5548 414 5602 Cernite
437 5551 603 5603 cuncti
633 5564 866 5619 prasens
894 5553 1034 5621 quod
1066 5557 1251 5623 pagina
1276 5566 1447 5625 gestat
1483 5542 1489 5550 ’

1742 2080 1791 2140 Β
1821 2074 2000 2129 Sacris
2028 2073 2248 2141 eloquiis
2270 2073 2406 2141 quod
2439 2074 2637 2140 profert
2682 2070 2791 2139 ipsa
2822 2078 3153 2133 sanctissima
3183 2082 3319 2135 vatis
3345 2097 3361 2135 :

1816 2164 2091 2216 Fructuosi
2124 2177 2347 2229 namque
2368 2164 2536 2215 dulcis
2564 2178 2626 2215 ea
2652 2178 2745 2217 ore
2769 2167 2972 2231 laquela

1814 2254 1970 2307 Suavi
2000 2254 2250 2305 emulcet.

1812 2347 2107 2401 Procedens
2143 2346 2336 2415 iugiter
2368 2350 2511 2400 suavi
2536 2362 2721 2402 evoma
2750 2350 3036 2416 permulcet

1811 2435 2128 2488 Cunctorum
2159 2452 2378 2504 eorpura
2409 2438 2704 2489 siStentium
2729 2438 2826 2491 sibi
2856 2439 3042 2493 devota

1812 2525 2102 2579 Dulcisonis
2130 2526 2383 2579 ciabimur
2412 2527 2782 2581 charismatum
2810 2530 2987 2592 donis,

1809 2614 2160 2667 Concentibus
2181 2616 2466 2678 dulcifluis,

1813 2700 2023 2755 Promet
2056 2701 2280 2756 facundo
2329 2718 2394 2758 es
2448 2706 2837 2759 ore‘carminis
2884 2705 3005 2759 almi
3060 2708 3352 2775 glorificum

2434 2812 2437 2813 '
2837 2791 2992 2864 [ῡῆο.
3027 2811 3092 2849 mi
3116 2796 3211 2850 lus.

1812 2881 1898 2935 Sic
1921 2880 2143 2951 denique
2176 2883 2319 2936 claro
2354 2883 2596 2937 intonans
2626 2886 2837 2952 eloquio
2867 2889 3004 2941 fandi

1811 2971 2075 3040 Dogmatis
2106 2974 2342 3041 prmcelsi
2377 2974 2576 3028 crebris
2604 2975 2805 3029 refulsit
2831 2979 3097 3033 miraculis
3121 2981 3274 3046 olim,

1807 3058 1979 3113 Claret
2006 3070 2214 3126 astiectu
2248 3062 2500 3128 jocuudu,
2532 3071 2587 3115 et
2616 3063 2796 3117 hilaris
2824 3077 3035 3131 semper

1811 3149 2008 3202 Emicat
2033 3148 2191 3217 jubar
2223 3153 2443 3205 rutilans
2474 3152 2734 3207 introrsus
2760 3153 2854 3206 viri
2901 3156 2950 3207 in
2998 3156 3157 3209 corde
3197 3159 3350 3211 tlctli-

3074 3246 3215 3315 [cato

1807 3328 2105 3385 Coruscans
2136 3333 2335 3386 caelitus
2361 3330 2619 3401 Paraclyti
2662 3332 2836 3387 lumen
2868 3328 3135 3401 iufulstuu,

1734 3399 1778 3459 ο
1808 3420 2167 3487 Resplendens
2195 3421 2399 3476 sedulle
2426 3420 2529 3473 ulla
2552 3399 2668 3475 sine
2697 3423 3088 3477 intermissione
3112 3399 3342 3480 beatum.

1803 3508 1987 3577 Angeli
2024 3509 2094 3562 ad
2127 3510 2288 3563 instar
2318 3509 2504 3563 intuitu
2535 3511 2708 3563 vultus
2737 3511 2861 3565 almi

1800 3598 2000 3661 Sereno
2025 3615 2344 3671 semperque
2375 3600 2458 3670 pio
2487 3615 2705 3656 cernere
2733 3604 2993 3667 obtutum,

1800 3690 2026 3745 Cimetos
2054 3706 2186 3758 quos
2209 3692 2464 3759 conspicit
2492 3692 2603 3759 ipse
2631 3692 2783 3746 docet
2811 3709 2994 3754 ovans.

1800 3778 1904 3832 Nec
1936 3787 2133 3833 tantum
2155 3781 2360 3835 scilicet
2387 3781 2649 3848 frequenti
2672 3782 2921 3836 admoiiet
2948 3784 3129 3847 verbo,

1798 3870 2055 3929 Quantum
2086 3881 2183 3921 suo
2211 3868 2455 3921 videlicet
2497 3867 2721 3921 ardificat
2766 3882 3017 3936 sequaces
3045 3874 3293 3939 exeuiplu
3326 3893 3342 3929 :

1801 3959 1966 4011 Docet
1993 3960 2133 4012 enim
2169 3959 2522 4013 indesinenter
2556 3950 2922 4028 quodcumque
2954 3961 3074 4015 facit

1797 4050 1926 4115 Quia
1960 4051 2083 4103 facit
2110 4051 2365 4104 instanter
2390 4065 2545 4104 omne
2570 4050 2708 4119 quod
2737 4050 2850 4120 ipse
2887 4052 3058 4107 docet.

1797 4138 2107 4188 Sanctorum
2134 4138 2340 4205 agmina
2370 4140 2516 4193 beata
2547 4153 2670 4192 cura
2697 4140 2858 4192 alacri
2891 4142 3195 4208 pet-nicique

1796 4227 2006 4277 Arctam
2036 4226 2397 4280 incunctanter
2424 4226 2620 4281 intrare
2647 4229 2881 4293 protinus
2908 4244 2998 4293 per
3026 4230 3159 4280 viam

1797 4314 2026 4367 Paradisi
2055 4315 2389 4380 tripudiando
2416 4316 2563 4368 ocius
2595 4315 2889 4383 pertingere
2921 4319 3085 4382 portis

1798 4404 2058 4474 Attgelicis
2080 4404 2219 4458 illico
2250 4405 2404 4473 potiri
2434 4404 2611 4458 choris
2636 4406 2901 4459 consortio
2922 4406 3130 4473 dignus.

1794 4493 2077 4562 Martyrum
2100 4496 2324 4547 catervis
2344 4494 2687 4547 contubernio
2723 4509 2845 4546 mox
2872 4496 3097 4561 adiunge
3128 4495 3297 4548 beatis

1796 4581 2031 4649 Itegnum
2076 4593 2128 4634 ct
2176 4591 2429 4635 uernum
2483 4584 2800 4651 percmniter
2850 4584 2951 4636 frui
3001 4598 3092 4649 per
3139 4590 3331 4637 szcctzla

3021 4673 3231 4743 [cuncta

1798 4762 2051 4832 Linquere
2083 4763 2329 4817 mundum
2367 4764 2475 4816 suis
2505 4778 2622 4817 cum
2656 4762 2913 4816 illecebris
2941 4776 3151 4816 omnem

1793 4850 2015 4905 Temere
2044 4852 2253 4904 divitias
2287 4850 2460 4917 pctius
2487 4851 2790 4904 renuntiare
2818 4851 3003 4917 opilms
3033 4853 3256 4907 cunctis.

1794 4940 1992 4991 Aurum
2013 4938 2306 5004 despicere,
2335 4950 2583 5005 respuere
2608 4942 2821 4993 omnino
2860 4953 3152 5009 argentum,

1794 5026 2134 5079 Parsimonia:
2162 5026 2291 5079 cibis
2312 5036 2365 5079 ut
2394 5027 2590 5094 optimo
2614 5030 2775 5095 pasci.

1789 5115 1997 5170 Tollere
2024 5130 2257 5178 erucem,
2285 5127 2339 5170 et
2367 5118 2505 5186 pium
2546 5120 2689 5185 sequi
2722 5127 2979 5185 pastorem

1798 5209 1895 5271 Qui
1921 5204 2065 5273 parat
2088 5208 2308 5259 eximios
2320 5209 2614 5275 servisliost
2631 5208 2862 5261 laborem
2877 5210 3122 5275 tropheos

1797 5299 1869 5348 Ac
1899 5303 2013 5361 post
2039 5294 2290 5347 immensa
2320 5293 2495 5363 gemiti
2526 5304 2681 5361 atque
2710 5296 2896 5348 semita
2939 5296 3320 5365 laclirymarutn

1797 5384 1992 5438 Reddet
2020 5386 2181 5438 bravii
2210 5386 2423 5453 superni
2456 5386 2505 5437 in
2528 5384 2851 5440 exultatione
2879 5390 3186 5453 triumphos.

1793 5473 1987 5526 l’arans
2046 5490 2252 5543 quoque
2324 5476 2656 5541 insontibus,
2708 5480 2919 5545 praemia
2989 5478 3106 5543 quia
3166 5476 3328 5531 libere

3012 5564 3225 5634 [queant

222 5688 244 5714 ο
279 5680 491 5732 Carmen
527 5678 623 5727 hoc
651 5694 752 5730 non
781 5689 884 5733 tam
914 5695 941 5731 a
982 5680 1272 5738 Fructuoso
1315 5692 1661 5755 compositum
1710 5711 1717 5740 t

1816 5710 1862 5746 tn
1907 5695 1955 5747 in
1987 5695 2190 5749 laudum
2228 5696 2387 5763 ἰρκίιῑδ
2414 5696 2619 5750 videtur
2652 5698 2860 5752 factum.

416 5768 674 5824 i‘tt'rsoL.
716 5764 1083 5831 LXXXVII.

2822 5786 2895 5839 3U
