3820 6396
123 609 3291 650 —._—————i——-——————'———__—'—-'-__

124 492 226 547 ,ιω
1527 477 1659 532 CIIA

1771 474 1849 531 [Ε.
1916 504 1923 511 -
3158 464 3292 527 1154

875 739 1282 894 eum
1384 735 1873 889 Pliillle
1976 736 2559 935 CHARTIE.

1095 979 1190 1040 (Es
1210 978 1507 1041 Brequigny,
1534 976 1824 1040 Diplomata,
1845 978 2051 1040 Chartae,
2077 978 2281 1040 Leges.)

838 1192 879 1247 ι,
1669 1194 1717 1251 Α
1747 1188 1969 1241 viderint
1996 1187 2285 1241 deservire.
2321 1188 2394 1241 De
2434 1190 2768 1255 parochianis
2803 1206 2929 1248 vero
2967 1194 3131 1261 ipsius
3164 1196 3303 1253 villa

1744 1280 1857 1333 ha‘c
1896 1278 2081 1333 eadem
2128 1279 2516 1333 constituimus.
2563 1281 2905 1337 l’eccantibus
2941 1301 3067 1341 vero
3094 1290 3304 1344 clericis

1745 1370 1816 1422 ita
1845 1368 2153 1423 ordinamus
2178 1408 2193 1431 ,
2243 1380 2301 1420 ut
2346 1384 2678 1437 nequaquam
2727 1382 2850 1427 ante
2883 1375 3189 1445 episcopum
3222 1385 3303 1433 vel

1744 1455 1969 1509 clericos
2014 1455 2243 1510 civitatis
2292 1454 2538 1522 veniant,
2569 1460 2661 1513 sed
2707 1462 2757 1513 in
2808 1464 3018 1529 proprio
3055 1469 3305 1533 capitulo.

1746 1553 1870 1597 ante
1912 1545 2256 1610 abbatissam,
2298 1550 2382 1601 vel
2428 1548 2546 1601 illos
2592 1564 2725 1616 quos
2766 1550 2877 1618 ipsa
2907 1552 3309 1622 adjudlcaverit,

1747 1632 2101 1688 satisfaciant.
2152 1636 2225 1689 De
2262 1651 2425 1691 censu
2470 1652 2597 1692 vero
2641 1654 2796 1707 quem
2838 1655 3028 1697 cetera
3072 1646 3311 1701 ecclesim

1748 1721 1997 1788 episcopo
2038 1736 2137 1775 suo
2178 1724 2231 1777 in
2270 1738 2367 1777 usu
2410 1725 2633 1794 debent,
2673 1731 2892 1783 omnino
2928 1733 3150 1787 liberum
3193 1752 3313 1791 esse

1736 1812 2071 1867 censuimus.
2125 1813 2179 1867 Si
2226 1814 2343 1881 quis
2386 1829 2511 1869 vero
2559 1826 2743 1871 contra
2784 1822 2915 1873 banc
2951 1822 3313 1879 definitionem

122 1293 141 1320 ⁸
166 1285 325 1337 αιτιοι
350 1299 454 1350 qua
486 1275 1364 1350 priuilsgtaconeeditﬂborimd
1393 1286 1643 1331 mm.

635 1350 713 1400 rio
750 1348 895 1417 (ann.
933 1346 1079 1412 ϐω).

174 1464 307 1525 Fara,
323 1460 494 1530 gratia
525 1458 643 1523 Dei,
670 1457 921 1511 Ecclesia
944 1454 1221 1511 leldensis
1242 1454 1545 1525 episcopus,
1577 1472 1642 1510 es

117 1549 430 1605 nobilissimis
464 1547 771 1613 parentibus
800 1545 1057 1614 Agnerico
1075 1553 1129 1599 et
1149 1544 1498 1613 Leodeguoda
1529 1561 1647 1614 pro-

115 1641 325 1707 genitus,
352 1651 539 1704 pacem
585 1644 733 1704 optat
780 1636 1027 1688 omnibus
1068 1634 1121 1687 in
1166 1634 1363 1689 Christi
1411 1635 1645 1689 Ecclesia

118 1727 482 1781 famulantibus.
536 1725 729 1778 Notum
782 1724 853 1777 sit
902 1723 1105 1777 cunctis
1150 1730 1359 1777 sancta!
1393 1723 1649 1778 Ecclesia

116 1818 216 1869 ﬁliis
239 1815 319 1881 qui
348 1827 492 1867 nunc
520 1822 666 1874 sunt,
693 1821 747 1865 et
772 1812 861 1880 qui
886 1810 1042 1865 futuri
1073 1820 1218 1877 sunt,
1245 1813 1384 1880 quod
1411 1812 1647 1882 germani

118 1907 200 1957 inci
220 1902 544 1972 Cagnoaldus
570 1912 622 1956 et
650 1901 952 1957 Walbertus
972 1946 987 1969 ,
1015 1902 1173 1956 simul
1211 1916 1332 1957 cum
1359 1902 1489 1956 Fara
1520 1904 1649 1958 reli-

115 1994 239 2058 giosa
264 2008 477 2055 sorore.
504 1994 881 2049 monasterium
917 1992 1215 2061 quoddam,
1256 1993 1395 2062 quod
1438 1994 1653 2049 Eboria-

117 2099 196 2136 cus
213 2085 481 2145 vocitatur,
506 2069 925 2147 mdilicaverun't',
946 2084 1087 2152 quod
1112 2083 1163 2136 in
1187 2084 1443 2139 honorem
1468 2086 1655 2140 matris

118 2174 295 2227 Domini
322 2175 701 2229 etSalvatoris
739 2177 905 2229 nostri
948 2176 1073 2229 Jesu
1108 2173 1305 2230 Christi
1344 2187 1655 2232 construen-

116 2265 221 2313 dum
246 2274 295 2315 et
321 2263 668 2315 dedicandum
699 2271 1019 2316 censuerunt
1052 2280 1065 2314 :
1106 2263 1158 2315 in
1184 2276 1291 2331 quo
1322 2263 1438 2317 loco
1466 2265 1657 2319 beatis-

119 2363 235 2400 .suua
276 2363 424 2401 soror
470 2364 583 2404 mea
621 2350 805 2405 multis
849 2349 959 2404 Deo
987 2352 1175 2405 dicatis
1202 2352 1490 2421 virginibus
1530 2370 1657 2421 prte-

117 2437 234 2498 fuit,
258 2449 310 2493 et
336 2439 560 2493 Domino
588 2440 713 2494 Jesu
741 2440 955 2494 Christo
982 2455 1109 2508 pura
1137 2442 1312 2495 cordis
1338 2445 1655 2499 contritione

1753 1911 1987 1955 nostram
2018 1904 2323 1971 supradicto
2360 1906 2684 1960 monasterio
2720 1908 2940 1962 infestus
2975 1926 3095 1967 esse
3136 1916 3315 1967 voluc-

1754 1994 1854 2057 rit,
1882 1994 2015 2048 sciat
2058 2010 2117 2049 se
2143 1995 2497 2049 damnandum
2524 2006 2719 2051 aeterna
2752 1999 2980 2063 ultione.
3008 2012 3061 2055 et
3088 2003 3313 2058 detineri

1754 2078 2217 2138 irremediabiliter
2245 2084 2297 2137 in
2324 2095 2503 2138 nostra
2533 2090 3095 2145 excommunicatione.
3128 2096 3314 2146 Actum

1753 2179 1834 2223 est
1879 2172 1981 2224 hoc
2026 2182 2081 2226 et
2121 2169 2520 2226 corroboratnm
2551 2175 2601 2226 in
2643 2177 2866 2230 ecclesia
2907 2190 3104 2233 sancta:
3141 2181 3320 2236 Maria:

1758 2261 2026 2325 Eboriaci,
2054 2277 2194 2317 anno
2217 2263 2595 2319 Iucarnationis
2615 2267 2890 2325 dominicae
2916 2286 3041 2333 ncx,
3065 2284 3321 2340 regnanto

1755 2364 1878 2419 rege
1914 2350 2202 2416 Cblotario,
2250 2364 2396 2418 patre
2441 2355 2719 2424 Dagoberti
2765 2359 2902 2426 regis
2941 2359 3193 2415 Francis.
3230 2362 3322 2414 Da-

1759 2451 1865 2493 tum
1896 2442 1995 2497 hoc
2028 2457 2208 2497 mense
2244 2444 2548 2499 Novembri.
2578 2476 2649 2487 —
2683 2448 2743 2502 S.
2776 2448 3092 2519 Childegarii
3112 2496 3126 2517 ,
3158 2452 3323 2507 Seno-

118 2530 321 2590 piurimo
348 2540 588 2598 tempore
614 2530 930 2595 deservivit;
960 2543 1013 2584 et
1041 2531 1163 2599 quia
1207 2532 1411 2598 sprevit
1433 2534 1653 2599 gloriam
1690 2525 1734 2583 Β
1764 2533 1945 2586 nensis
1978 2534 2382 2601 archiepiscopi.
2414 2534 2472 2587 S.
2502 2534 2746 2601 Faronis,
2778 2540 3035 2603 prcsulis.
3066 2541 3123 2595 S.
3160 2544 3325 2595 Audr-

120 2626 324 2693 terrenai
344 2625 638 2691 dignitatis,
664 2625 960 2679 mercedem
988 2626 1257 2699 percipere
1279 2627 1470 2679 meruit
1497 2637 1658 2678 reter-

117 2728 186 2764 ne
211 2713 466 2765 felicitatis
485 2754 499 2776 ,
534 2714 806 2784 noluitque
833 2726 1135 2781 terrenum,
1160 2723 1218 2767 ut
1242 2714 1514 2769 ctelestem
1542 2730 1663 2781 pos-

115 2810 185 2851 set
230 2800 449 2864 habere,
491 2816 763 2869 sponsum.
813 2801 1131 2872 Sttpradicto
1168 2818 1295 2858 vero
1339 2805 1662 2857 monasterio

118 2891 265 2943 multa
294 2886 444 2945 beata
474 2894 621 2961 virgo
653 2894 910 2961 contulit,
941 2895 1271 2961 propriisque
1315 2895 1661 2965 possessioni-

116 2981 199 3031 bus
221 2981 591 3037 decentissime
621 2984 793 3037 locum
814 2984 1117 3049 ampliavit;
1149 2998 1215 3038 eo
1241 2984 1292 3037 in
1318 2995 1517 3038 tantum
1542 3000 1665 3053 pro-

118 3068 229 3133 priis
253 3070 437 3123 ditavit
463 3071 752 3125 redditibus
769 3112 784 3134 ,
816 3081 871 3125 ut
898 3070 1092 3126 ibidem
1130 3071 1336 3126 abbatia
1364 3073 1496 3126 foret
1519 3113 1535 3137 ,
1562 3088 1664 3126 ca:-

115 3162 331 3230 teiisque
376 3162 693 3217 monialibus
737 3163 1001 3218 abbatissa
1055 3162 1157 3218 sub
1205 3178 1389 3218 norma
1433 3164 1663 3233 regulari

116 3266 311 3319 semper
345 3262 616 3321 praeesset.
651 3253 854 3323 Rogato
885 3270 1011 3309 vero
1037 3255 1220 3321 ipsius
1242 3270 1359 3324 ego,
1393 3254 1527 3308 Faro
1554 3255 1667 3322 epi-

114 3355 311 3408 scapus,
355 3357 475 3396 cum
520 3345 728 3397 caneris
765 3344 1172 3411 provincialibus
1206 3345 1569 3412 coepiscopis,
1599 3345 1665 3398 ad

121 3431 281 3483 Iccnm
310 3433 671 3500 supradictum
702 3433 1030 3498 devenimus,
1062 3436 1433 3502 copiosamque
1459 3436 1663 3488 turbam

115 3512 257 3573 nobis
284 3537 313 3574 a
346 3522 451 3575 Deo
476 3522 723 3575 collatam
754 3522 1027 3592 utriusque
1070 3522 1276 3575 ordinis
1320 3523 1445 3577 inibi
1485 3538 1668 3593 aggre-

113 3610 328 3673 g'nntlam
374 3610 728 3673 decrevimus,
768 3610 820 3664 in
863 3610 1014 3678 cujus
1060 3610 1377 3665 audientiam
1415 3612 1482 3665 de
1512 3611 1669 3665 rebus

117 3700 412 3752 monasterii
451 3698 522 3751 ita
546 3699 952 3767 diligentissime
984 3708 1039 3754 et
1071 3700 1450 3755 discretissime
1480 3709 1670 3754 tracta-

114 3790 301 3849 vimus.
334 3800 412 3853 ut,
440 3788 587 3842 omni
616 3789 790 3843 ablata
833 3791 1108 3857 potestatis
1154 3790 1387 3843 molestia
1407 3830 1423 3855 ,
1464 3790 1671 3845 femina:

1763 2621 1920 2684 berti,
1954 2622 2269 2677 Parisiensis
2292 2620 2636 2694 episcopi.'S.
2670 2627 3012 2697 Ragnegisiliq,
3047 2631 3327 2686 Trecem‘is

1760 2711 2014 2777 episcopi.
2061 2712 2117 2767 S.
2152 2713 2447 2767 Leubrandi
2474 2758 2487 2779 ,
2539 2717 2891 2772 archidiaconi
2934 2720 3231 2775 Meldensis.
3266 2725 3325 2777 S.
3376 2784 3379 2785 ν

1762 2801 1997 2855 Alberici
2020 2839 2037 2865 .
2068 2803 2422 2857 archidiaconi
2454 2805 2754 2861 Meldensis.
2790 2808 2847 2863 8.
2887 2810 3161 2877 Chagnulﬁ
3190 2854 3202 2874 ,
3246 2829 3329 2864 co-

1765 2884 1927 2946 nsitis.
1949 2890 2005 2947 S.
2030 2892 2274 2955 Maurini,
2301 2892 2522 2947 abbatis.
2549 2895 2606 2949 S.
2626 2896 2937 2951 Chanoaluli.
2962 2900 3018 2953 S.
3048 2899 3296 2954 Walberti
3316 2943 3327 2954 .

1763 2982 1821 3035 8.
1868 2982 2201 3049 Lithomarii,
2245 2983 2470 3038 abbatis.
2520 2984 2575 3039 S.
2627 2986 2886 3040 Audoeni.
2926 2989 2983 3039 8.
3025 2990 3242 3042 Adonis.
3273 2992 3331 3044 S.

1767 3074 2001 3138 Acharii,
2029 3076 2299 3141 principis.
2324 3074 2381 3128 S.
2412 3075 2707 3130 Landelini.
2738 3077 2795 3131 S.
2822 3077 3067 3132 Dadonis.
3091 3079 3143 3133 8.
3173 3080 3329 3134 Gulli.

1766 3163 1823 3215 S.
1876 3160 2156 3216 Gondonii.
2209 3164 2268 3217 8.
2323 3164 2471 3218 Fara:
2497 3206 2511 3227 ,
2541 3166 2840 3220 abbatissae.
2884 3166 2941 3222 8.
2971 3166 3287 3222 Δ(ἱοΙιιιιώειηί
3317 3211 3331 3227 .

1768 3251 2110 3307 Lnsoviensis
2138 3253 2366 3308 abbatis.
2400 3254 2731 3329 chttardus,
2766 3259 3031 3324 notarius,
3064 3259 3249 3328 relegit
3278 3270 3331 3311 et

1769 3342 2100 3411 subscripsit.

1770 3518 1956 3572 Clum
2002 3536 2101 3588 qua
2145 3520 2407 3590 privilegia
2456 3523 2681 3575 concedit
2738 3523 3032 3578 Rcsbacemt
3088 3536 3336 3579 monaste-

2322 3593 2397 3643 rio
2427 3591 2451 3627 δ
2480 3594 2621 3659 (arm.
2656 3594 2806 3647 (556'.

1846 3697 2080 3751 Dominis
2118 3699 2349 3763 sanctis,
2376 3706 2430 3751 et
2457 3700 2647 3753 summi
2678 3702 2922 3755 culminis
2951 3703 3100 3771 apice
3129 3702 3181 3756 in
3209 3718 3242 3770 p
3264 3720 3339 3755 ιιι-

1776 3787 1984 3839 tilicalis
2011 3787 2281 3841 cathedra:
2323 3790 2533 3854 specula
2573 3790 3001 3855 prmsideutibus,
3046 3793 3095 3844 in
3126 3794 3342 3845 Christo

112 3896 222 3944 quae
251 3881 315 3932 ad
348 3879 691 3933 serviendum
722 3876 830 3934 Deo
855 3880 923 3933 de
959 3878 1181 3933 diversis
1217 3880 1507 3947 prOvinciis
1546 3894 1671 3932 con-
1702 3857 1746 3917 ο
1780 3876 2030 3929 fratribus
2074 3877 2305 3930 Mehlica:
2355 3877 2583 3930 civitatis
2620 3879 3173 3942 comprovincialibus,
3204 3880 3341 3931 Chil-

114 3970 370 4035 venirent,
401 3972 727 4038 propositum
758 3984 913 4023 suum
934 3969 985 4022 in
1007 3969 1151 4025 omni
1177 3968 1470 4023 sanctitatis
1497 3979 1677 4023 custo-

111 4064 193 4113 dia
222 4054 507 4125 haberent,
529 4077 593 4116 ac
617 4062 726 4117 Deo
754 4062 1042 4117 honorifice
1068 4062 1416 4117 deservirem.
1438 4060 1677 4116 Consilio

111 4167 235 4204 vero
260 4162 318 4206 et
357 4154 675 4205 auctoritate
704 4153 975 4215 omnium,
1006 4153 1059 4205 in
1087 4162 1319 4206 nostram
1350 4152 1675 4205 nobilitatem

111 4252 160 4292 et
186 4242 487 4295 libertatem
518 4243 901 4295 monasterium
942 4240 1067 4295 illud
1094 4240 1207 4295 fore
1232 4240 1672 4308 adjudicavimus,

108 4342 164 4384 ut
193 4333 322 4385 nulli
355 4333 608 4398 episcopo
638 4332 720 4385 vel
751 4332 1142 4397 archidiacono,
1166 4342 1254 4385 aut
1276 4332 1428 4387 alicui
1462 4332 1677 4399 praelato

110 4423 195 4483 qui
245 4436 347 4476 nos
392 4422 443 4475 in
492 4422 743 4475 Metdensi
795 4422 1027 4476 Ecclesia
1073 4435 1416 4476 successurus
1455 4430 1569 4485 est,
1610 4422 1680 4475 sit

110 4515 309 4568 licitum
332 4516 519 4585 iugum
543 4514 1107 4569 escommuuicationis
1126 4527 1286 4580 super
1310 4514 1555 4567 eumdem
1583 4514 1679 4566 inl-

111 4614 312 4663 poucre
339 4601 542 4663 locum,
586 4613 684 4653 nec
711 4613 869 4666 super
894 4598 1262 4667 presbyterum
1291 4597 1380 4665 qtti
1406 4612 1583 4649 curam
1614 4598 1679 4649 ab

107 4688 365 4757 episcopo
411 4696 597 4751 tenet,
640 4702 739 4741 nec
768 4704 929 4757 super
954 4688 1174 4743 clericos
1203 4684 1289 4755 qui
1335 4686 1385 4739 in
1423 4685 1537 4752 ipso
1566 4686 1681 4739 loco

176 4846 199 4871 ⁸
230 4836 391 4890 Edita
427 4835 479 4889 in
524 4834 749 4889 Historia
790 4834 1038 4889 Ecclesia:
1074 4833 1354 4889 Mehlensis
1386 4847 1414 4885 a
1441 4832 1679 4884 Tussano

108 4904 376 4966 Nesseo,
409 4915 448 4958 t.
481 4906 526 4965 Ι,
557 4920 675 4970 pag.
705 4903 830 4965 ΗΟ,
860 4905 947 4970 qui
988 4905 1153 4968 ipsam
1192 4907 1330 4955 eruit
1362 4917 1426 4954 ex
1464 4901 1681 4953 archivo

111 4975 428 5029 monasterii
458 4975 853 5031 Eboriacensis,
885 4987 1023 5025 nunc
1043 4980 1238 5025 sanctas
1261 4971 1441 5033 Ferte,
1473 4970 1557 5021 ubi
1589 4986 1677 5019 au-

108 5045 370 5110 tographa
401 5044 595 5097 servari
628 5042 933 5103 dicebatur,
963 5039 1135 5110 sigillo
1174 5042 1416 5107 pendenti
1455 5040 1677 5110 (pulpita.

108 5113 209 5164 Sed
236 5107 582 5166 falsariorum
606 5114 765 5163 letum
788 5124 907 5164 esse
934 5107 1170 5177 pluribus
1189 5108 1510 5179 argumentis
1540 5107 1681 5179 Ples-

1775 3966 2015 4037 degario,
2045 3964 2298 4027 Palladio,
2333 3965 2656 4027 Beltl.oaldo,
2687 3967 2955 4032 Mallardo,
2983 3967 3342 4037 nagnegisilo,

1778 4056 2033 4110 Audoeno
2054 4097 2068 4120 ,
2096 4055 2429 4123 pontiﬁcibus
2449 4096 2464 4120 ,
2495 4057 2889 4126 Burguudofaro
2920 4061 3140 4127 supplex
3171 4063 3343 4114 vester

1782 4146 1832 4197 in
1868 4145 2090 4199 Domino
2124 4146 2393 4213 przesumit
2431 4147 2640 4199 mittere
2669 4147 2914 4200 salutem.
2947 4149 3091 4201 Licet
3121 4165 3215 4202 nos
3241 4166 3339 4202 an-
3400 4208 3406 4214 ,

1780 4234 1935 4302 tiqum
1970 4235 2165 4302 regulae
2195 4237 2475 4288 constituta
2522 4236 2722 4289 salubri
2765 4236 3137 4290 observatione
3164 4252 3257 4291 cus
3282 4254 3341 4291 o-

1778 4324 1877 4377 diri
1924 4326 2224 4389 conveniat,
2272 4334 2447 4377 tamen
2480 4326 2595 4377 utili
2636 4324 2937 4391 provisione
2976 4334 3260 4379 tractantes
3292 4328 3343 4381 id

1778 4416 2178 4478 constituimus,
2231 4422 2286 4466 ut
2331 4414 2471 4483 quod
2521 4416 2686 4467 sueris
2733 4414 3195 4469 deliberationibus
3236 4433 3344 4471 non

1779 4504 2035 4572 derogat,
2089 4504 2346 4571 intrepida
2393 4504 2762 4558 observatione
2808 4513 3067 4558 servetur.
3118 4507 3180 4558 Et
3223 4508 3343 4572 quia

1782 4593 1932 4645 bona:
1972 4592 2165 4645 indolis
2199 4594 2417 4645 illustris
2445 4592 2539 4643 viri
2583 4594 2809 4645 υτιιΙοηίε
2849 4594 3187 4647 referentlarii
3228 4597 3343 4647 reb.

1780 4682 1923 4748 giosa
1976 4681 2258 4748 postulatio
2306 4691 2604 4734 nostrarum
2654 4682 2850 4750 quippe
2900 4685 3104 4736 aurium
3160 4684 3339 4737 intima

1780 4831 1866 4899 qui
1894 4840 2017 4883 tunc
2045 4830 2179 4895 apud
2213 4830 2504 4885 Meltlenses
2545 4830 2821 4897 regnabat;
2855 4830 2915 4880 4ο
2951 4831 3191 4896 Ιίρῑεεορί
3226 4834 3334 4885 tum

1780 4915 1964 4953 mones
1991 4915 2209 4964 quorum
2240 4902 2386 4967 signa
2422 4903 2615 4950 charta:
2644 4901 2880 4963 apposita
2909 4912 3029 4951 sunt
3048 4938 3065 4964 ,
3107 4906 3337 4955 nomium

1782 4971 1845 5021 ad
1884 4971 2242 5036 episcopatum
2277 4978 2643 5036 pervenerant.
2677 4969 2847 5029 (Hist.
2880 4970 3159 5024 Meltleusis
3192 4974 3337 5023 lim-1.

1785 5038 1869 5090 ubi
1904 5034 2097 5103 supra,
2132 5051 2246 5100 pag.
2280 5034 2439 5099 729.);
2475 5034 2537 5084 5°
2567 5036 2841 5090 For-mulas
2880 5041 3103 5096 septimo
3143 5043 3337 5092 ari-culo

1784 5108 1994 5159 ineunte
2026 5106 2259 5157 insolitas
2284 5120 2439 5158 nemo
2464 5107 2514 5157 in
2543 5106 2642 5161 hoc
2672 5108 3018 5159 instrumequ
3043 5123 3143 5159 non
3175 5124 3340 5172 agnu-

108 5193 249 5231 saaus
299 5183 658 5245 itioustravit;
707 5174 947 5248 quorum'
979 5174 1274 5248 principua'
1293 5179 1421 5230 satis
1467 5179 1533 5229 sit
1568 5176 1679 5248 huc
1705 5190 1755 5247 D
1784 5177 1934 5248 verit.
1963 5174 2041 5248 De
2067 5176 2147 5248 his
2172 5184 2229 5248 et
2268 5175 2332 5248 de
2361 5176 2593 5248 pluribus
2622 5176 2735 5228 aliis
2764 5177 2878 5227 falsi
2909 5176 3117 5228 indiciis
3146 5179 3338 5231 t'idcsis

107 5250 385 5303 zntdueere
431 5265 446 5299 :
497 5251 555 5301 l°
601 5246 861 5313 Tempore
903 5264 1005 5317 quo
1053 5246 1231 5298 charta
1281 5247 1520 5299 conlecta
1562 5246 1675 5306 fuit,

111 5320 242 5369 l-‘ara
277 5320 494 5372 videtur
524 5316 628 5369 lato
654 5319 824 5371 iuncta
850 5316 1055 5385 exipso
1074 5324 1341 5373 contextu,
1366 5330 1485 5385 qum
1505 5324 1677 5365 tamen

106 5389 313 5439 charta:
343 5386 657 5449 subscribit;
679 5385 742 5435 2°
768 5386 927 5438 Juxta
953 5382 1103 5438 notas
1126 5382 1523 5446 chronologicas
1553 5385 1680 5434 scri-

109 5468 193 5518 pta
220 5456 324 5507 fuit
347 5460 532 5508 charta
555 5468 693 5507 anno
710 5454 906 5522 Qbristi
931 5455 1054 5514 610,
1077 5468 1182 5520 quo
1204 5453 1338 5506 Faro
1362 5452 1681 5505 illeillensem

105 5525 429 5589 episcopum
468 5524 645 5577 dicere
674 5538 731 5575 se
768 5536 871 5575 non
902 5523 1104 5588 potuit,
1133 5537 1252 5576 cum
1283 5536 1386 5573 non
1418 5522 1515 5571 ιιιεὶ
1546 5535 1684 5570 anno

110 5595 214 5645 (326
243 5590 538 5644 Ilehlensis
580 5592 825 5646 Ecclesia
870 5592 1064 5653 infulas
1101 5589 1369 5643 assecutus
1408 5592 1595 5641 fuerit.
1631 5598 1685 5638 nt

112 5665 302 5721 probat
337 5659 482 5713 Nova
510 5658 641 5713 Call.
669 5662 861 5715 Christ.
888 5668 926 5711 t.
957 5658 1089 5719 VIII,
1114 5660 1215 5710 col.
1249 5658 1417 5721 1600A;
1448 5657 1507 5707 5°
1537 5656 1684 5708 Note

108 5730 517 5795 chronologice
544 5742 819 5782 sumuntur
839 5744 901 5781 ex
929 5741 1091 5794 regno
1116 5724 1359 5789 Clotarii,
1391 5726 1549 5792 patris
1578 5725 1647 5776 Da
1667 5754 1681 5761 -

110 5800 324 5861 gubeni
349 5839 363 5856 .
402 5813 517 5851 cum
546 5812 607 5848 ex
642 5813 799 5864 regno
819 5795 1166 5851 Theodeberti
1196 5796 1330 5848 sumi
1360 5795 1683 5857 debuissent,

1786 5244 2063 5297 Historiam
2090 5243 2364 5295 Mcldcnsis
2393 5246 2657 5298 Ecclesiae.

1854 5314 1880 5351 δ
1914 5312 2227 5367 llecudimus
2268 5315 2333 5365 ad
2366 5313 2520 5366 (idem
2553 5313 2795 5376 Plessmi,
2839 5313 2970 5366 llist.
3006 5314 3148 5367 Eccl.
3181 5314 3340 5366 Helvi.

1784 5393 1821 5435 t.
1858 5383 1896 5445 l,
1927 5397 2043 5450 pag.
2072 5381 2205 5447 (37%,
2241 5384 2325 5449 qui
2357 5385 2587 5434 chartam
2634 5382 2764 5435 hanc
2796 5384 2927 5448 juris
2967 5384 3157 5447 publici
3198 5384 3337 5445 fecit,

1786 5469 1847 5503 ex
1887 5452 2203 5519 apograpbis
2242 5453 2555 5517 descriptum
2588 5452 2635 5502 in
2668 5452 2880 5503 archivo
2914 5452 3224 5503 Ilesbacensi
3259 5469 3342 5502 re-

1786 5522 2031 5576 conditis.
2064 5520 2313 5583 Quretlam
2338 5530 2540 5582 censet,
2569 5534 2619 5585 p.
2653 5522 2751 5582 48,
2785 5521 2834 5571 in
2869 5521 2963 5572 hoc
2994 5520 3343 5571 iustrmm-nto

1790 5592 1965 5641 vitiata
1998 5598 2087 5640 aut
2116 5600 2313 5640 temere
2344 5592 2564 5649 intrusa,
2596 5597 2651 5639 ut
2677 5590 2991 5646 notavimus,
3022 5587 3071 5637 in
3105 5590 3344 5653 ptolegn.

1792 5659 1995 5719 menis;
2031 5672 2127 5709 nec
2154 5667 2325 5707 tamen
2354 5657 2471 5710 ideo
2500 5658 2616 5712 huic
2658 5659 2848 5712 charta:
2882 5658 2992 5709 l'alsi
3028 5667 3198 5709 notam
3229 5660 3341 5709 isn-

1794 5742 1910 5779 rerc
1938 5726 2379 5793 prmsumpsimus.
