3880 6236
484 401 617 454 H35

1496 394 1552 450 S.
1596 392 1880 451 Ρ.ὶῆοΝΙὸ
1922 390 2303 447 MELDENSIS
2344 391 2645 447 EPISCOPI

3532 392 3652 448 “36

484 509 794 574 penetravit,
833 522 946 576 quae
987 516 1036 559 ct
1065 506 1312 560 viscerale
1341 504 1545 571 pietatis
1588 502 1801 565 ah‘eetu,
1828 506 1893 555 ita
1920 515 2011 554 cor
2044 504 2088 560 Α
2118 511 2286 556 metor
2315 503 2507 557 nullam
2555 511 2862 570 potestatem
2912 503 2963 555 in
3006 503 3193 566 rebus,
3240 518 3408 570 neque
3450 507 3500 557 in
3528 510 3656 559 ordi-

484 601 795 652 intrinsecus
836 595 1065 649 caritatis
1108 609 1216 648 suae
1264 594 1445 660 petitio
1486 593 1723 657 mollivit,
1764 602 1821 644 ut
1849 593 2006 660 petita

488 704 589 742 non
615 686 935 750 concedere,
978 694 1068 737 aut
1106 693 1219 737 arte
1260 682 1602 737 libentissime
1642 696 1743 735 non
1774 680 2011 748 implere,

488 778 649 832 nostri
684 777 936 831 duntaxat
980 772 1136 826 animi
1179 768 1525 840 irreligiosum
1571 770 1681 825 fore
1728 779 2017 835 putaretur.

488 869 659 923 Sancti
686 867 843 936 igitur
871 862 1116 919 desiderii
1147 862 1330 915 ardore
1354 874 1635 915 succensus
1659 860 1849 927 pariter
1872 858 2015 912 Dado

489 969 541 1011 et
569 965 592 991 ε
622 956 766 1009 Bado
791 955 1005 1019 ejusque
1030 951 1282 1018 germani,
1316 948 1532 1003 czenobii
1556 955 1723 1013 septa,
1753 955 1804 1000 et
1831 946 1894 999 ad
1927 946 2023 999 bo-

492 1061 670 1100 norem
696 1051 993 1097 sanctorum
1026 1039 1163 1093 Petri
1200 1047 1253 1091 et
1291 1036 1433 1090 Pauli
1463 1044 1513 1089 et
1551 1045 1855 1089 caeterorum
1894 1048 2020 1087 san-

492 1148 695 1192 ctorum
741 1134 1005 1187 basilicam
1052 1130 1186 1183 intra
1227 1128 1388 1182 eremi
1425 1136 1647 1191 secreta,
1678 1128 1793 1180 loco
1820 1140 2023 1178 nuncu-

495 1237 654 1294 pante
685 1222 930 1277 Resbacis
950 1262 965 1286 ,
996 1227 1405 1275 eonstruurunt
1426 1256 1443 1281 ,
1483 1218 1619 1287 quod
1657 1214 2024 1287 gloriosissimi

495 1315 689 1368 domini
722 1310 997 1380 Dagoberti
1044 1309 1180 1376 regis
1224 1307 1477 1375 largitatis
1514 1321 1729 1359 mrrnere
1754 1305 1879 1358 certi
1913 1311 2032 1358 sunt

498 1403 749 1457 meruisse
773 1441 787 1464 ,
832 1400 918 1453 ubi
964 1398 1244 1450 monachos
1275 1396 1357 1448 vel
1389 1395 1687 1463 peregrinos
1728 1394 1824 1446 sub
1854 1394 2029 1460 regula

500 1492 633 1548 beati
665 1487 951 1552 Benedic",
983 1495 1032 1539 et
1061 1485 1124 1538 ad
1155 1484 1365 1537 modum
1396 1483 1739 1537 Luxoviensis
1778 1492 2035 1536 monaste

500 1581 586 1645 rii,
615 1578 788 1631 devoti
816 1575 1109 1629 deliberant
1134 1572 1426 1638 collocare,
1468 1581 1656 1626 nostra:
1686 1573 1916 1628 utilitatis
1945 1586 2037 1627 ex-

502 1666 750 1722 tremitati
800 1662 1016 1731 supplici
1056 1661 1436 1731 deprecationis
1484 1661 1734 1729 petitione
1780 1675 2035 1729 poposce-

503 1766 622 1811 runt
649 1765 703 1808 ut
730 1763 783 1809 et
820 1768 914 1806 nos
944 1754 1234 1819 fratresque
1263 1751 1425 1804 nostri
1466 1751 1742 1805 Meldensis
1791 1750 2036 1805 Ecclesia:

2121 592 2302 645 nandis
2333 592 2588 659 personis,
2618 606 2712 646 nos
2740 593 2818 646 vel
2849 590 3197 645 archidiaconi
3235 606 3657 660 successoresque

2118 682 2310 744 nostri,
2342 678 2422 735 vel
2448 680 2697 747 quaelibet
2729 696 2945 746 persona
2976 681 3170 736 habere
3198 682 3419 746 debeat,
3446 695 3534 736 aut
3568 686 3643 738 ali-

2119 768 2240 836 quid
2278 769 2343 823 de
2382 769 2569 822 eodem
2612 770 2965 833 monasterio,
3001 771 3135 823 sicut
3178 769 3247 823 de
3291 770 3546 836 parochlis
3580 779 3647 828 ait

2120 858 2331 910 caeteris
2375 856 2734 921 monasteriis,
2772 858 3003 911 muneris
3031 857 3223 925 aliquid
3253 860 3437 911 audeat
3462 872 3650 924 sperant

2122 947 2203 999 vel
2248 946 2475 999 auferre.
2523 945 2588 999 Et
2635 944 2731 998 nisi
2788 954 3000 1013 rogatus
3051 961 3081 999 a
3116 948 3515 1017 congregatione
3562 950 3662 1016 ipsa

2125 1034 2204 1085 vel
2234 1033 2453 1097 abbate,
2486 1034 2610 1087 nulli
2649 1043 2945 1087 nostrorum
2984 1035 3136 1087 liceat
3173 1038 3473 1090 monasterii
3515 1038 3663 1105 ipsius

2126 1121 2268 1174 adire
2293 1134 2493 1176 secreta
2522 1130 2612 1175 aut
2641 1122 2837 1191 ingredi
2868 1131 3035 1189 septa.
3070 1122 3131 1175 Et
3151 1123 3193 1175 si
3223 1123 3290 1177 ab
3314 1124 3392 1176 eis
3415 1124 3519 1178 illic
3548 1139 3665 1192 poo-

2129 1211 2253 1263 tifex
2302 1212 2590 1279 postulatus
2638 1227 2730 1278 pro
2780 1212 3026 1265 irroranda
3071 1214 3312 1267 oratione
3360 1214 3441 1267 vel
3496 1230 3665 1269 eorum

2130 1299 2353 1353 utilitate
2392 1303 2705 1361 accesserit,
2744 1300 3007 1354 celebrato
3045 1316 3106 1355 ac
3136 1314 3347 1369 peracto
3371 1304 3545 1357 ἀενὶιιο
3573 1306 3663 1357 mi-

2132 1390 2377 1454 nisterio,
2411 1392 2587 1443 statim
2628 1390 2822 1458 absque
2859 1391 2963 1443 ullo
3002 1392 3254 1459 requisito
3294 1394 3433 1446 dono
3476 1394 3671 1448 studeat

2135 1478 2327 1533 habere
2372 1493 2667 1548 regressum
2693 1520 2710 1545 ,
2759 1489 3015 1548 quatenus
3060 1482 3297 1535 monachi
3341 1485 3427 1551 qui
3463 1484 3672 1539 solitarii

2136 1581 2524 1638 nuncupantur,
2571 1572 2637 1626 de
2675 1571 2901 1640 perfecta
2935 1574 3110 1642 quiete
3146 1578 3382 1640 valeant,
3422 1576 3551 1629 duce
3579 1578 3677 1629 Du~

2138 1660 2308 1723 mino,
2340 1674 2431 1727 per
2449 1658 2689 1727 tempora
2718 1662 2981 1715 exsultare
3000 1700 3013 1725 ,
3049 1672 3102 1717 et
3137 1664 3233 1717 sub
3260 1664 3368 1731 ipsa
3396 1677 3571 1718 sancta
3600 1682 3677 1720 re-

2139 1748 2255 1814 gula
2282 1748 2518 1803 viventes
2544 1758 2595 1803 et
2618 1750 3035 1803 beatissimorum
3067 1750 3273 1805 Patrum
3298 1756 3454 1806 vitam
3482 1766 3677 1807 sectan-

506 1842 768 1911 proprium
800 1840 925 1895 inibi
957 1840 1265 1893 deberemus
1296 1840 1622 1908 privilegium
1661 1839 1946 1906 impertire.
1981 1841 2043 1892 Et
2074 1821 2113 1878 Β
2144 1843 2256 1901 tes,
2308 1851 2402 1904 pro
2446 1845 2584 1890 statu
2641 1838 2885 1892 Ecclesiae
2930 1848 2984 1892 et
3025 1840 3376 1907 salutet-egis
3418 1852 3467 1894 et
3508 1843 3677 1910 patria:

505 1952 569 1989 ne
603 1936 700 1987 hoc
730 1946 823 1985 nos
854 1931 1048 1999 proprii
1078 1930 1466 1983 deliberationis
1513 1927 1759 1982 instinctu
1800 1930 2042 1983 sacerdo-

507 2025 623 2076 talis
652 2022 927 2089 posteritas
955 2019 1176 2071 aestimet
1213 2018 1505 2071 dcerevisse
1524 2058 1540 2082 ,
1568 2033 1724 2085 quum
1763 2019 1917 2071 etiam
1947 2017 2044 2070 sub

510 2112 662 2180 hujus
684 2107 1069 2164 constitutionis
1091 2121 1268 2159 norma
1292 2106 1675 2175 Agaunerzsinrn
1705 2104 1892 2167 locum,
1917 2104 2046 2155 imo-

507 2214 607 2270 que
636 2206 688 2252 et
716 2197 1025 2251 monasteria
1073 2196 1443 2258 Lirinensium,
1492 2193 1923 2255 Luxoviensinm,
1966 2196 2045 2245 vel

512 2288 723 2340 basilica
753 2285 949 2338 domini
978 2284 1251 2351 griarcelli,
1284 2292 1386 2335 tam
1416 2283 1483 2335 de
1520 2282 1952 2336 inhabitatoribus
1984 2283 2046 2336 li-

516 2383 768 2433 bertatem
792 2417 806 2440 ,
837 2391 992 2441 quam
1025 2391 1051 2427 a
1092 2375 1481 2441 quibrrscunque
1521 2372 1710 2427 ibidem
1741 2374 1930 2441 aliquid
1959 2373 2049 2427 de-

514 2470 736 2536 legatum
758 2505 773 2530 ,
802 2474 1017 2518 eatenus
1056 2464 1149 2516 fuit
1194 2464 1471 2528 sancitum.
1505 2462 1650 2516 Unde
1687 2463 1899 2529 insuper
1924 2476 2049 2529 sup-

516 2557 844 2623 plicationum
875 2555 1168 2619 exemplum
1208 2554 1514 2620 patriarchae
1541 2552 1819 2606 Galliarum
1848 2550 2050 2605 Cande-

516 2648 605 2699 riei
636 2654 687 2699 et
710 2655 1015 2699 cancrorum
1062 2646 1421 2709 episeoporum
1466 2642 1705 2696 manibus
1732 2642 2046 2706 roboratum,

518 2738 597 2789 vel
626 2743 651 2781 b
683 2735 883 2788 litteras
912 2732 1121 2784 antelati
1153 2732 1346 2783 domini
1378 2742 1427 2783 et
1472 2732 1560 2783 filii
1592 2732 1748 2785 nostri
1780 2730 2052 2799 Dagoberti

522 2826 684 2893 regis,
714 2834 767 2875 ut
796 2823 843 2874 id
871 2822 1145 2874 deberetur
1171 2821 1322 2873 simili
1353 2822 1603 2875 benelicio
1630 2820 1911 2889 impertiri,
1943 2835 2052 2872 ma-

525 2915 709 2967 nifeste
737 2912 1049 2978 accepimus.
1084 2912 1217 2979 Ergo
1246 2924 1426 2963 omnes
1467 2914 1620 2963 unius
1661 2910 2058 2977 conspirationis

525 3018 779 3057 consensu
803 3041 817 3065 ,
847 3002 1224 3055 antedictorum
1252 3003 1476 3053 virormu
1508 3001 1835 3067 postulationi
1866 3012 2057 3054 sancta:

525 3096 788 3163 religionis
831 3092 1171 3145 libentissime
1217 3102 1541 3152 aunuentes,
1592 3091 1658 3142 ita
1710 3092 1775 3145 ab
1816 3092 2058 3143 omnibus

524 3185 786 3235 decretum
813 3188 923 3239 cst,
956 3189 1009 3232 ut
1053 3178 1297 3247 quidquid
1338 3179 1567 3245 prmdicti
1612 3180 1946 3241 monasterii,
1980 3180 2059 3232 vel

530 3270 795 3324 monachis
822 3270 1011 3321 ibideru
1040 3270 1135 3321 sub
1154 3268 1449 3333 evangelica
1480 3269 1728 3337 religione
1753 3270 2062 3331 viventibus,

527 3365 591 3415 ab
618 3361 741 3428 ipsis
765 3374 1050 3426 eorumque
1089 3359 1385 3425 parentibus
1408 3399 1420 3421 ,
1454 3358 1531 3412 vel
1564 3360 1705 3426 regio
1733 3373 1946 3412 munere
1974 3375 2065 3413 seu

528 3472 553 3502 :r
586 3451 895 3518 quibuslibet
922 3450 1261 3512 Christianis,
1301 3449 1350 3501 in
1384 3450 1519 3516 agris
1539 3492 1551 3514 ,
1586 3448 1885 3515 nrancipiis,
1916 3448 2067 3501 mini-

530 3543 721 3603 s.erio,
763 3542 925 3594 sacris
966 3539 1341 3603 volrrminibrrs,
1382 3532 1461 3591 vel
1505 3538 1914 3605 quibuscumque
1952 3553 2067 3604 spe-

528 3633 707 3685 ciebus
733 3646 848 3697 qua:
878 3632 940 3682 ad
967 3640 1204 3683 ornatum
1234 3629 1392 3681 divini
1416 3629 1587 3681 cultus
1613 3630 1872 3695 pertinere
1902 3628 2071 3680 nosci-

531 3733 632 3782 tur,
661 3728 749 3771 aut
776 3719 976 3772 crczeris
1006 3717 1181 3779 rebus,
1206 3716 1414 3783 collata,
1440 3726 1528 3769 aut
1549 3716 1790 3783 deinceps
1820 3716 2069 3770 collatura

533 3820 674 3874 srrnt,
706 3824 797 3863 seu
825 3809 959 3877 qriod
983 3808 1046 3861 ad
1074 3809 1238 3861 altare
1274 3805 1429 3859 fuerit
1448 3806 1697 3870 oblatum,
1723 3816 1777 3861 ut
1800 3806 1863 3859 ad
1894 3822 2073 3875 quern-

531 3918 775 3970 eumquc,
804 3902 908 3953 Deo
931 3900 1233 3966 inspirante,
1262 3900 1643 3964 transmissum,
1667 3900 1936 3967 prtesentis
1957 3900 2073 3950 vita:

538 4002 725 4044 nostra!
749 4004 1209 4057 successorumqne
1234 3998 1551 4054 nostrorum,
1576 3991 1747 4041 nullus
1772 3989 1868 4041 sibi
1886 3974 2075 4042 exinde

536 4081 730 4146 aliquid
761 4062 1069 4131 clericorum
1106 4086 1194 4129 aut
1235 4078 1530 4144 pontificum
1551 4118 1566 4141 ,
1598 4077 1677 4129 vel
1708 4077 1894 4145 regalis
1919 4076 2076 4130 subli-

539 4169 691 4221 mitas
727 4168 834 4221 suis
874 4166 1051 4219 usibus
1090 4180 1338 4233 usurpare
1373 4175 1465 4219 aut
1501 4166 1737 4220 minuere
1780 4174 2074 4235 praesumat.

538 4258 604 4310 lit
628 4273 786 4325 quum
820 4257 978 4310 abbas
1015 4257 1251 4324 ejusdem
1292 4256 1588 4309 monasterii
1618 4255 1683 4309 de
1711 4254 1900 4308 smculo
1929 4256 2080 4308 fuerit

541 4355 825 4407 evocatus,
870 4360 1022 4411 quem
1074 4344 1384 4397 unanimiter
1418 4344 1585 4398 omnis
1625 4344 1956 4411 congregatio
1994 4344 2081 4395 illa

2086 3136 2133 3199 C

2146 1929 2345 1980 valeant
2393 1928 2596 1994 plenius
2643 1928 2804 1982 Deum
2847 1941 3089 1982 exorare.
3145 1930 3209 1983 Et
3254 1930 3299 1984 si
3342 1932 3532 1998 ali-inid
3589 1934 3677 1999 ipsi

2146 2018 2386 2071 monachi
2408 2020 2472 2072 de
2491 2034 2673 2073 eorum
2692 2020 2944 2088 religione
2967 2021 3136 2085 tepide
3157 2021 3376 2090 egerint,
3402 2024 3678 2076 secundum

2147 2106 2373 2175 regulam
2403 2108 2565 2175 ipsius
2605 2108 2735 2161 beati
2773 2108 3036 2163 Benedicti
3072 2112 3145 2163 vel
3192 2109 3326 2165 beati
3357 2110 3678 2173 Columbini,

2145 2198 2210 2249 ab
2239 2210 2419 2249 eorum
2448 2197 2633 2250 abbate
2661 2198 3006 2265 corrigantur,
3043 2200 3160 2265 quia
3193 2199 3319 2252 nihil
3348 2199 3415 2252 de
3440 2201 3682 2253 canonica

2148 2284 2455 2338 auctoritate
2481 2286 2790 2339 Convellitur
2807 2324 2821 2349 ,
2846 2287 3097 2354 quidquid
3130 2288 3427 2341 domesticis
3456 2290 3575 2342 lirlei
3601 2307 3687 2356 pro

2148 2373 2339 2439 quietis
2369 2373 2739 2440 tranquillitate
2763 2364 3022 2426 tribuitur.
3061 2374 3210 2439 Quod
3246 2377 3288 2429 si
3324 2378 3460 2444 quis,
3487 2380 3685 2432 eallirﬁ-

2152 2472 2255 2517 tatc
2284 2473 2371 2517 aut
2417 2464 2701 2532 cupiditate
2750 2474 3073 2527 prmventus,
3108 2480 3265 2519 ausus
3301 2465 3454 2520 fuerit
3488 2482 3551 2521 ea
3580 2484 3689 2535 qua:

2151 2554 2387 2620 superius
2418 2554 2795 2620 comprehensa
2840 2555 3116 2607 temerario
3141 2557 3325 2622 spiritu
3354 2557 3580 2621 violare,
3608 2559 3679 2610 di-

2154 2646 2269 2697 vina
2310 2643 2505 2696 ultione
2555 2653 2871 2710 prostratus,
2922 2654 3097 2696 reatus
3141 2644 3483 2698 anathematis
3522 2646 3690 2714 subia-

2153 2742 2297 2797 ceat;
2342 2730 2679 2785 nihilominus
2712 2726 2881 2784 etiam
2922 2731 3020 2785 hoc
3052 2732 3373 2801 privilegium
3401 2736 3576 2790 nullus
3602 2754 3693 2791 uu-

2154 2836 2307 2888 quam
2334 2820 2497 2887 possit
2532 2820 2856 2884 convellere,
2886 2822 2977 2874 sed
3007 2825 3247 2889 persenti
3275 2836 3327 2879 et
3365 2828 3535 2880 futuro
3565 2840 3692 2881 tem-

2159 2925 2307 2978 pore,
2334 2911 2542 2965 Christo
2567 2910 2785 2963 Domino
2808 2920 3131 2978 protegente,
3154 2913 3504 2983 incorruptum
3535 2921 3696 2970 valeat

2160 3001 2460 3068 perdurare.
2502 3000 2664 3065 Quam
2696 3000 3116 3053 constitutionem
3147 3012 3407 3069 nostram,
3443 3014 3498 3057 ut
3535 3005 3695 3058 ﬁrmis

2160 3088 2424 3157 vigoribus
2459 3088 2734 3151 subsistat,
2775 3101 2959 3141 manus
3004 3098 3197 3142 nostra:
3238 3090 3699 3157 Subscriptionibus

2167 3177 2491 3240 roboratam,
2525 3190 2614 3241 per
2638 3176 2825 3230 fratres
2853 3187 2904 3229 et
2937 3190 3218 3232 conservos
3254 3191 3459 3233 nostros
3486 3198 3699 3237 venera-

2166 3264 2295 3317 biles
2324 3264 2481 3327 viros,
2513 3263 2796 3318 Maurinum
2829 3274 2881 3319 et
2912 3266 3297 3322 Lathomarium
3327 3272 3552 3337 abbates,
3581 3289 3702 3341 per-

2166 3358 2334 3424 petuis
2363 3356 2682 3424 temporibus
2711 3356 3014 3420 valituram,
3062 3358 3207 3412 vobis
3252 3361 3332 3414 vel
3371 3364 3565 3415 caeteris
3592 3369 3701 3430 epi-

2166 3448 2339 3515 scopis
2378 3446 2754 3500 destinavimus
2802 3444 3013 3512 iusuper
3050 3450 3479 3503 confirmandam.
3520 3454 3698 3505 Actum

2166 3538 2396 3603 Clipiaco
2419 3578 2431 3600 ,
2461 3546 2485 3575 ο
2515 3538 2612 3589 sub
2641 3538 2727 3589 die
2762 3536 3105 3590 Kalendarum
3132 3536 3333 3603 Martii,
3364 3556 3501 3595 anno
3531 3558 3594 3595 av
3619 3559 3699 3599 re-

2166 3626 2251 3694 gni
2280 3624 2482 3677 Domini
2512 3635 2565 3677 et
2594 3624 2679 3677 lilii
2712 3624 2875 3678 nostri
2905 3625 3177 3694 Dagoberti
3206 3627 3417 3695 gloriosi
3448 3632 3598 3699 regis.

2238 3710 2693 3781 Burgundusl'aro,
2726 3714 2776 3767 in
2813 3714 3003 3767 Christi
3044 3716 3284 3781 nomine,
3315 3717 3555 3788 indignus
3578 3720 3697 3773 Mel-

2170 3805 2405 3858 densium
2452 3805 2596 3859 urbis
2624 3806 2925 3873 episcopus,
2968 3805 3085 3858 huic
3121 3805 3429 3874 privilegio,
3454 3810 3703 3875 supplica-

2173 3895 2314 3947 tione
2362 3894 2577 3947 fratrum
2627 3907 2861 3948 meorum
2905 3894 3332 3962 coepiscoporutn
3384 3900 3463 3949 vel
3515 3899 3701 3952 domini

2172 3982 2450 4050 Dagoherti
2478 3984 2636 4051 regis,
2662 3985 2867 4051 propria
2900 3983 3158 4039 voluntate
3178 3985 3484 4056 subscripsi.
3514 3986 3704 4043 Cande-

2178 4073 2313 4126 ricus
2362 4072 2674 4139 episcopus,
2726 4073 3081 4142 Lugdunensis
3130 4076 3364 4143 primas,
3411 4079 3703 4146 subscripsi.

2176 4162 2527 4230 Sindulphus,
2558 4165 2669 4217 sive
2707 4163 3020 4219 Landelinus
3040 4203 3056 4230 ,
3086 4165 3507 4235 archiepiscopus
3525 4180 3707 4223 saneta

2182 4252 2429 4306 Ecclesiae
2470 4254 2869 4317 Viennensium,
2898 4254 3201 4323 subscripsi.
3244 4257 3494 4322 Donatus,
3520 4258 3707 4326 cpiscn.

2181 4356 2276 4407 pus
2304 4340 2447 4393 urbis
2477 4339 2928 4405 Vesontierrsiurn,
2958 4342 3259 4411 subscripsi.
3290 4345 3565 4409 Albi-idus,
3591 4348 3707 4400 Car-

542 4435 917 4487 monaehorum
948 4448 1011 4486 ex
1040 4434 1334 4500 semetipsis
1362 4433 1553 4498 optime
1583 4434 1811 4499 regulam
1841 4445 2077 4497 compcr-
2112 4456 2160 4513 ι)
2186 4441 2391 4482 aeterne
2414 4428 2554 4482 urbis
2581 4428 2876 4496 episcopus,
2906 4431 3207 4498 subscripsi.
3232 4432 3520 4497 Maurinus,
3554 4434 3710 4489 Bello-

544 4534 656 4577 taut
676 4522 956 4589 elegerint,
997 4523 1091 4573 sibi
1132 4522 1392 4573 seniorem
1434 4521 1720 4573 instituant.
1765 4522 1827 4572 lit
1852 4520 1894 4573 si
1923 4521 2078 4573 etiarn

544 4614 619 4664 eis
647 4620 992 4679 Opportunum
1022 4612 1171 4661 luerit
1195 4610 1391 4661 tabulas
1422 4609 1844 4672 bcncrlicere,aut
1862 4610 2081 4663 chrisma

546 4718 876 4766 r-enseerarc,
910 4702 988 4753 vel
1021 4713 1194 4753 sacros
1222 4700 1433 4750 ordines
1460 4700 1747 4764 percipere,
1779 4714 1807 4751 a
1837 4713 2085 4765 quocum-

548 4808 647 4855 que
694 4792 944 4859 spirituali
994 4792 1234 4858 pontifice
1281 4788 1602 4841 decreverint
1630 4826 1645 4851 ,
1694 4788 1948 4840 licentiam
1994 4789 2084 4840 ira-

554 4888 703 4937 Iieant
736 4882 1039 4949 expectandi
1069 4890 1121 4933 et
1148 4879 1465 4947 explicandi.
1500 4879 1563 4933 Et
1590 4888 1644 4931 ut
1684 4879 1922 4946 superius
1946 4881 2087 4932 resti-

623 5065 643 5088 ει
679 5054 905 5106 Rationis
947 5066 1132 5105 nomen
1178 5052 1578 5120 expungendum
1621 5052 1937 5105 arbitrantur
1976 5051 2079 5103 Ma-

557 5125 798 5175 luillonius
825 5134 877 5175 ct
903 5124 1172 5180 Pless‘mus,
1199 5122 1287 5172 sed
1317 5126 1424 5171 sola
1448 5124 1739 5187 conjectura
1762 5136 1825 5173 ex
1852 5125 2089 5188 uegativo

556 5202 862 5254 argumento
888 5194 1095 5257 repetita
1123 5189 1417 5255 opinionem
1447 5204 1589 5241 suam
1623 5200 1848 5243 tuentur.

627 5259 652 5296 ι’
689 5260 915 5326 Diploma
962 5259 1227 5326 Dagobcrti
1275 5272 1368 5325 pro
1412 5262 1724 5313 monasterio
1775 5260 2089 5315 Besbacensi

558 5331 741 5381 ordine
769 5342 863 5379 suo
889 5327 1156 5379 edidimus.

633 5410 653 5436 τ
681 5396 969 5448 Concordat
1000 5398 1109 5446 ha-c
1139 5405 1258 5447 nota
1288 5396 1646 5461 chronologica
1669 5412 1783 5451 cum
1814 5398 2094 5464 diplomate

568 5466 836 5533 liagoberti
864 5504 875 5526 ,
907 5464 1027 5514 dato
1054 5464 1149 5514 sub
1188 5468 1275 5516 die
1305 5466 1649 5517 Kalendarum
1678 5466 1917 5519 Octobris
1958 5482 2095 5520 anno

569 5536 632 5584 ib
657 5536 794 5601 regni
815 5574 826 5593 ,
856 5535 1115 5603 mensibus
1153 5545 1348 5596 septem
1378 5546 1497 5585 ante
1525 5538 1767 5586 emissam
1799 5536 2097 5603 llurguudo-

573 5604 761 5653 lamnis
785 5604 1036 5655 chartam.
1078 5602 1195 5651 l|:cc
1233 5613 1401 5655 autem
1443 5603 1645 5655 tidetur
1671 5604 1787 5654 data
1817 5605 1865 5656 in
1896 5602 2097 5669 cpisco-

575 5672 669 5734 pali
703 5673 896 5738 synodo
923 5671 1054 5739 apud
1083 5670 1401 5739 Ctippiacum
1444 5673 1648 5735 habita,
1690 5672 1811 5740 ipsis
1850 5674 1965 5726 Maii
1996 5673 2096 5725 lla-

2183 4517 2418 4571 vacensis
2454 4532 2759 4585 episcopus,
2792 4520 3093 4585 subscripsi.
3140 4518 3341 4585 Guido,
3389 4522 3711 4580 Virduuensis

2183 4610 2485 4676 episcopus,
2523 4608 2827 4673 subscripsi.
2868 4606 3188 4674 Aigatarius,
3219 4609 3582 4667 Noviomensis
3615 4615 3714 4681 θεία

2184 4712 2403 4766 scapus,
2438 4696 2741 4762 subscripsi.
2770 4695 3075 4761 Ferreolus,
3107 4702 3591 4767 Augustodunensis
3612 4705 3713 4767 opi-

2188 4802 2417 4854 sCopus,
2475 4786 2779 4851 subscripsi.
2838 4786 3187 4854 Bertholdus,
3239 4790 3539 4858 Lingonica
3592 4794 3716 4845 urbis

2189 4877 2503 4944 episeOpus,
2564 4876 2866 4946 subscripsi.
2926 4877 3223 4943 Palladius,
3280 4881 3717 4936 Altissiodorcasrs

2192 5053 2359 5109 lcndis
2384 5097 2397 5117 ,
2431 5056 2480 5109 in
2528 5069 2626 5123 qua
2657 5055 2835 5121 Agilus
2863 5056 2982 5110 huic
3020 5054 3262 5108 emnobio
3306 5069 3582 5121 pra-tectus
3616 5058 3716 5117 fuit,

2194 5134 2249 5195 ut
2276 5125 2432 5195 docet
2463 5125 2571 5195 \‘ita
2602 5127 2765 5195 sancti
2793 5126 2983 5195 Agitia
3026 5123 3324 5195 hlabillonio
3361 5131 3585 5195 vuigata,
3617 5130 3715 5179 Act.

2194 5194 2288 5247 SS.
2324 5194 2515 5247 Benerl.
2552 5204 2587 5244 t.
2620 5193 2689 5253 II,
2723 5190 3134 5262 pag.'209.glloc
3163 5194 3276 5259 ipso
3303 5190 3719 5262 attrrofDagubvr-

2196 5273 2301 5315 trrm
2346 5262 2483 5328 apud
2528 5263 2811 5328 Clipiaeum
2864 5260 3119 5315 resedisse
3174 5271 3394 5316 testatur
3445 5260 3722 5328 Fredegari

2195 5326 2510 5392 (thronieon,
2539 5326 2654 5395 cap.
2686 5326 2775 5390 '78,
2805 5337 2858 5381 et
2897 5332 3159 5394 expressis
3199 5332 3375 5384 verbis
3410 5332 3567 5385 docet
3604 5326 3724 5384 bella

2199 5399 2402 5451 Martini
2430 5411 2574 5462 papa:
2596 5436 2610 5459 ,
2639 5397 2965 5464 privilegium
3010 5399 3323 5452 ltesbacensi
3368 5402 3678 5454 monasterio
3701 5416 3725 5450 a

2204 5466 2665 5537 Iiurgttntiufarptte
2694 5477 2744 5517 et
2772 5467 2886 5519 aliis
2922 5466 3158 5537 plurimis
3180 5468 3439 5537 episcopis
3474 5488 3493 5519 ι
3531 5483 3723 5523 conces-

2200 5550 2325 5603 sutu
2360 5534 2519 5586 fuisse
2566 5534 2616 5587 in
2664 5546 2842 5589 sancta
2879 5536 3115 5603 synodo,
3146 5547 3207 5587 ac
3238 5534 3464 5603 propriis
3508 5538 3727 5590 manibus

2201 5602 2582 5655 coiiﬁrrnaturn.
2624 5622 2641 5654 ι
2680 5604 2861 5656 Mirum
2889 5602 3014 5669 ergo
3044 5618 3145 5655 non
3173 5614 3255 5657 est
3283 5602 3522 5671 plurimis
3550 5606 3722 5671 θρίων»

2204 5686 2387 5742 porum
2415 5673 2884 5741 subscriptionibus
2907 5672 3101 5726 bullam
3127 5674 3259 5729 hanc
3289 5677 3547 5730 munitam
3571 5674 3712 5726 tuisse
