3880 6236
522 404 661 458 ιιιδ
708 443 715 453 .

1639 390 1698 441 S.
1745 387 2152 444 ADEODATUS
2191 386 2388 443 PONT.
2434 385 2592 440 ῐιυΜ.

3586 379 3696 436 ΝΗ

520 524 681 579 atque
706 505 941 563 solvendi
985 502 1225 559 conditor
1254 514 1315 555 ac
1361 499 1661 565 redemptor
1710 500 1944 552 omnium
1978 498 2072 552 tri-
2103 520 2140 570 Α
2175 498 2275 560 tia;
2307 493 2704 563 dispositionem
2745 496 2921 544 autem
2951 484 3272 543 Venerabilis
3299 484 3403 540 loci
3427 498 3622 553 gerere,
3648 504 3713 573 ac.

522 599 660 657 buit,
704 593 986 649 identidem
1038 592 1251 644 ﬁrmare
1281 587 1661 652 concessimus,
1691 595 1746 639 ut
1789 586 2073 652 apostolica

522 688 638 741 fulti
668 682 1007 746 authoritate,
1030 695 1127 749 per
1152 678 1407 748 privilegii
1444 673 1657 737 seriem,
1692 674 1864 726 nullas
1892 688 2076 739 grave-

521 782 673 832 dines
693 790 722 828 a
750 775 985 843 quolibet
1014 771 1406 839 episc0porum,
1437 769 1536 821 sub
1564 774 1824 835 praetextu
1872 766 2075 817 discus-

520 868 703 929 sionis,
740 863 1013 933 religiosus
1036 861 1198 914 abbas
1215 858 1298 912 vel
1328 856 1567 911 monachi
1610 854 1803 908 ibidem
1828 854 2077 921 degentes

517 958 843 1020 sustineant;
889 966 1058 1021 neque
1099 964 1284 1004 rursus
1315 946 1615 1014 hospitandi
1661 945 1760 998 sibi
1812 944 1949 1011 apud
1981 958 2076 996 eos

519 1043 785 1097 licentiam
827 1038 1188 1096 vendicantes,
1220 1030 1497 1099 dispendia
1543 1030 1623 1083 bis
1653 1038 1810 1097 atque
1840 1026 2076 1081 insolen-

518 1133 620 1186 tias
659 1129 992 1199 angariarum
1038 1127 1338 1192 imponant;
1392 1134 1565 1190 neque
1613 1135 1706 1190 per
1743 1119 2076 1175 occasionem

517 1220 779 1292 regularis
843 1215 1141 1285 disciplinae
1202 1213 1460 1268 rimandis
1522 1220 1682 1281 atque
1754 1208 2073 1275 servandae,

515 1309 779 1378 quaslibet
807 1307 884 1361 eis
925 1306 1216 1371 importent
1256 1299 1513 1370 injurias;
1545 1298 1639 1354 sed
1669 1298 1886 1354 liberam
1914 1297 2077 1352 licen-

516 1402 642 1451 tiam
671 1398 866 1450 babere
885 1394 1184 1456 statuimus,
1207 1390 1354 1444 salva
1385 1389 1621 1457 profecto
1647 1387 2077 1441 monachicarum

516 1486 816 1553 regularum
865 1480 1104 1535 custodia
1135 1478 1438 1547 religiosum
1482 1475 1753 1540 abbatem,
1781 1474 2081 1543 quicunque

516 1588 614 1640 pro
644 1579 881 1637 tempore
909 1565 1122 1636 prmerit
1168 1561 1385 1632 praefato
1414 1560 1700 1617 venerabili
1732 1563 2078 1624 monasterio,

514 1662 569 1716 id
595 1667 931 1729 procurante,
962 1667 1020 1710 ut
1055 1669 1181 1725 erga
1207 1653 1344 1721 quod
1379 1652 1565 1721 prisca:
1607 1651 1903 1706 traditionis
1948 1648 2065 1717 ejus

513 1750 765 1805 articulus
790 1747 1047 1811 continet,
1075 1754 1130 1801 et
1159 1745 1272 1812 ipse
1292 1756 1608 1798 conservare
1634 1742 1852 1803 nitatur,
1884 1747 1940 1793 et
1959 1738 2078 1807 qui-

2175 587 2628 643 conversationem
2658 581 3023 638 monachicam
3045 580 3349 646 exquirere,
3374 577 3605 645 religioso
3623 581 3700 632 ab-

2175 676 2281 729 bati
2314 676 2535 743 ejusque
2581 672 2888 741 praeposito,
2940 669 3025 722 vel
3065 668 3244 739 quiqui
3286 667 3623 735 probatissimi
3660 670 3701 722 in

2175 767 2360 817 eodem
2390 763 2712 817 monasterio
2741 761 2955 825 iuerint,
2999 757 3137 826 quod
3177 762 3335 810 etiam
3371 757 3561 823 prafali
3589 772 3701 823 prb

2178 855 2322 909 sules
2374 868 2607 908 consona
2660 852 2918 907 sententia
2974 849 3314 914 deﬁnierunt,
3382 838 3743 903 decernimus.’

2177 945 2422 1011 Quisquis
2451 942 2609 1012 igitur
2650 941 2885 1009 quolibet
2930 947 3190 1008 tempore,
3243 935 3383 1004 quod
3436 934 3702 990 nullatenus

2180 1032 2462 1094 credimus,
2496 1032 2651 1100 hujus
2689 1029 2957 1083 decretum
3005 1026 3282 1097 privilegii,
3311 1024 3450 1094 quod
3487 1024 3701 1079 authori-

2180 1127 2286 1172 tate
2325 1118 2610 1186 apostolica
2665 1115 2892 1180 subnixi,
2946 1113 3325 1170 consentiendo
3377 1112 3693 1173 ﬁrmavimus.

2180 1207 2234 1263 in
2264 1217 2429 1262 totum
2455 1206 2539 1261 vel
2566 1206 2617 1260 in
2646 1214 2847 1274 partem
2894 1213 3153 1258 temerare
3193 1202 3543 1270 temptaverit,
3587 1216 3701 1254 suae

2179 1311 2283 1366 que
2336 1294 2762 1364 praesumptionis
2824 1292 3102 1346 audaciam
3167 1290 3324 1358 digna
3367 1288 3706 1343 emendatione

2179 1389 2353 1442 minus
2379 1386 2690 1449 correxerit,
2721 1384 2773 1437 in
2822 1391 3134 1451 perpetuum
3190 1377 3594 1447 percellendum,
3634 1380 3705 1431 vel

2178 1474 2721 1532 anathematisandum
2752 1486 2811 1527 se
2839 1471 3062 1534 noverit,
3112 1483 3215 1523 non
3243 1469 3413 1522 solum
3458 1475 3698 1520 tantorum

2179 1567 2440 1621 sententia
2482 1563 2837 1624 sacerdotum,
2868 1560 2963 1614 sed
2991 1560 3150 1613 etiam
3192 1557 3491 1625 πραξεδίωο
3516 1564 3707 1624 aposto-

2180 1656 2293 1711 licae
2318 1651 2772 1710 condemnationis
2815 1650 3021 1713 aculeo,
3049 1646 3297 1717 quoniam
3328 1646 3525 1700 violare
3568 1645 3707 1712 perti-

2181 1746 2378 1800 naciter
2408 1746 2551 1799 nisus
2577 1753 2657 1797 est
2684 1742 2824 1812 quod
2852 1739 3135 1794 salubriter
3176 1750 3497 1799 conservare
3538 1736 3710 1790 debue-

518 1843 610 1910 qui
640 1840 742 1896 sub
773 1840 883 1907 ejus
914 1846 1168 1907 reguntur
1204 1834 1614 1900 dispensatione.
1655 1832 1880 1885 εοιθηθι·
1898 1840 2073 1883 ευειο·
2103 1836 2150 1896 Β
2179 1848 2280 1892 rat.
2316 1835 2380 1889 Et
2426 1835 2496 1889 ita
2522 1847 2731 1902 quoque
2776 1831 2931 1897 hujus
2979 1827 3237 1897 privilegii
3264 1825 3469 1879 sanctio
3493 1824 3631 1877 ﬁrma
3656 1838 3708 1877 ac

514 1934 632 1988 dire
669 1935 1025 1991 commoneat,
1068 1924 1413 1990 districteque
1452 1922 1761 1992 compellat.
1810 1920 2074 1975 Reveren-

514 2023 750 2077 tissimus
776 2034 903 2074 vero
920 2017 1221 2087 episcopus,
1251 2015 1305 2068 in
1348 2012 1499 2080 cujus
1538 2013 1843 2083 parochiam
1873 2023 2075 2064 memoo

513 2120 687 2165 ratum
744 2107 1049 2164 venerabile
1108 2104 1489 2159 monasterium
1545 2102 1628 2158 vel
1689 2115 1775 2156 res
1833 2100 1947 2167 ejus
2014 2113 2073 2152 ac

516 2186 881 2271 possessiones
919 2196 1271 2259 constiterint,
1317 2193 1575 2249 faciendae
1614 2200 1814 2246 tantum
1864 2189 2075 2244 ordina-

516 2292 675 2345 tionis
718 2304 781 2344 ac
822 2285 1172 2358 promotionis
1198 2284 1533 2339 sacerdotum
1564 2291 1724 2351 atque
1769 2280 2101 2341 levitarum,‘

512 2385 601 2440 vel
630 2380 943 2438 conﬁciendi
965 2379 1267 2437 chrismatis
1295 2377 1365 2431 sit
1396 2384 1600 2430 tantum
1624 2387 1875 2429 concessa
1907 2372 2073 2425 liceno

2179 1935 2293 1980 rata
2354 1924 2665 1976 inditninute
2729 1918 2974 1987 persistat
3025 1924 3182 1983 atque
3235 1919 3563 1982 permaneat;
3605 1926 3710 1981 erga

2179 2014 2316 2082 quod
2346 2021 2398 2067 et
2424 2008 2895 2080 praecellentissimi
2925 2006 3086 2059 totius
3115 2003 3298 2056 Gallia:
3320 2016 3491 2071 reges,
3517 2011 3569 2053 ut
3589 2001 3707 2054 scri-

2180 2112 2271 2173 pto
2295 2100 2665 2169 comperimus,
2688 2096 2754 2150 ad
2784 2094 3143 2164 reprimendas
3164 2092 3415 2147 laicorum
3441 2090 3708 2145 infestatio.

2183 2206 2275 2245 nes
2305 2190 2478 2244 edicto
2518 2188 2830 2256 praemunire
2860 2184 2999 2239 idem
3026 2181 3327 2238 venerabile
3354 2180 3705 2235 monasterium

2182 2279 2343 2345 regali
2376 2262 2566 2345 pietate
2599 2274 2801 2343 dignati
2825 2283 2966 2327 sunt.

2256 2368 2395 2418 Bene
2425 2365 2592 2419 valete
2625 2360 2953 2418 dilectissimi
3002 2361 3217 2415 fratres.

969 2507 977 2514 '
1533 2471 3082 2514 Μ

1197 2611 1227 2651 ³
1268 2602 1951 2687 PBIVILEGIUM
2012 2602 2135 2677 AB
2193 2595 2734 2675 ADEODATO
2810 2595 3066 2673 PAPA

565 2763 1197 2832 CANTUABIENSIBUS
1217 2758 1553 2820 MONACHIS
1576 2753 1879 2827 οοΕΝοΒη
1906 2748 2314 2809 SANCTORUH
2345 2747 2547 2805 PETRI
2587 2748 2673 2806 ET
2712 2744 2915 2805 PAULI
2950 2747 3350 2806 (ΣοΝοΕδὸοΜ
3393 2747 3516 2818 (As.
3555 2747 3684 2805 673‘.

1629 2893 1721 2956 (Ex
1745 2889 1974 2950 Wilkins,
1997 2886 2317 2938 Lonclllorum
2337 2885 2610 2948 Collectio.)
2665 2898 2685 2911 κ

591 3071 895 3130 Adeodatus
916 3066 1218 3136 episcopus,
1241 3074 1425 3116 servus
1458 3072 1727 3115 servorum
1753 3056 1870 3124 Dei,
1898 3056 2085 3112 Adria-

516 3178 589 3218 no
613 3158 789 3215 abbati
813 3152 1115 3212 monasterii
1150 3150 1318 3207 sancti
1348 3149 1489 3203 Petri
1525 3145 1770 3216 apostoli.

591 3247 921 3318 Evangelicis
963 3252 1123 3312 atque
1183 3239 1491 3310 apostolicis
1549 3234 1914 3291 sanctionibus
1964 3232 2083 3288 luce

519 3342 716 3395 clarius
739 3338 1048 3400 edocemur,
1096 3347 1194 3388 nec
1229 3344 1504 3386 servorum
1540 3328 1811 3383 solertiam
1837 3327 1888 3379 in
1914 3325 2082 3379 admi-

522 3432 836 3488 nistratione
862 3428 1216 3490 talentorum,
1260 3437 1358 3477 nec
1392 3420 1670 3475 dominica:
1703 3420 1873 3472 vineae
1894 3430 2075 3485 opera-

517 3528 626 3578 rios
659 3522 889 3592 pondere
937 3518 1042 3573 diei
1077 3526 1131 3573 et
1163 3524 1325 3569 aestus
1345 3512 1561 3567 affectos
1595 3525 1625 3563 a
1655 3509 2083 3565 remuneratione

517 3616 640 3671 boni
676 3612 853 3683 operis
893 3625 1013 3667 esse
1055 3607 1340 3662 fraudatus.
1401 3604 1668 3671 Scriptum
1697 3615 1928 3667 namque
1960 3610 2079 3654 est:

522 3708 687 3774 Voca,
736 3706 829 3770 ait,
867 3700 1138 3771 operarios
1187 3708 1240 3752 et
1284 3695 1459 3761 redde
1494 3694 1600 3748 illis
1630 3692 1924 3747 mercedem
1950 3712 1964 3756 ;
1990 3699 2080 3746 et:

525 3799 727 3866 Dignus
761 3803 841 3847 est
872 3790 1149 3855 operarius
1181 3787 1395 3859 proprio
1428 3786 1625 3839 laboris
1654 3785 1932 3838 commodo
1955 3774 2105 3851 per!

522 3888 700 3959 potiri.
744 3886 1079 3952 Quapropter
1121 3888 1331 3948 oportet
1363 3880 1519 3932 etiam
1554 3892 1684 3936 nos,
1735 3874 1857 3927 licet
1895 3875 2081 3928 imme-

525 3981 690 4042 ritos,
738 3974 1057 4044 pastoralem
1104 3978 1279 4024 tamen
1313 3983 1494 4022 curam
1527 3965 1981 4026 administrantes,
2005 3962 2084 4016 eis

524 4070 616 4137 qui
648 4066 902 4121 lncrando
934 4063 1042 4117 Deo
1071 4061 1277 4115 animas
1299 4059 1526 4112 solerter
1550 4057 1859 4124 invigilant,
1912 4052 2086 4120 provi-

522 4161 756 4215 dentiam
788 4157 1016 4227 aliquam
1055 4152 1121 4206 ad
1160 4151 1501 4219 temporalem
1532 4161 1714 4202 eorum
1739 4145 2083 4199 sustentatio-

525 4268 642 4305 nem
692 4258 961 4316 utcunque
1015 4255 1300 4313 peragere,
1352 4254 1419 4294 ne
1451 4252 1633 4293 eorum
1672 4235 1934 4305 sagacitas
1961 4247 2084 4302 erga

465 4330 468 4333 Α
522 4339 893 4395 lncrandarnm
924 4335 1220 4389 animarum
1252 4341 1509 4399 qumstum
1535 4326 1851 4379 necessitate
1883 4322 2086 4376 scilicet

529 4428 808 4496 temporali
834 4425 1125 4494 praepedita
1144 4466 1156 4487 ,
1179 4422 1244 4476 ad
1266 4435 1397 4491 opus
1421 4404 1743 4487 implendum
1767 4415 1944 4482 segnis
1966 4414 2082 4467 elli-

522 4525 713 4573 ciatnr.
755 4518 922 4582 Quam
968 4516 1037 4569 ob
1074 4514 1301 4567 causam
1329 4518 1622 4563 annuentes
1668 4518 1771 4560 tua:
1816 4502 2078 4573 petitioni,

528 4606 971 4675 titietnadmodum
1004 4618 1102 4658 nos
1134 4602 1247 4655 fusa
1288 4609 1437 4669 parte
1473 4597 1740 4666 poposcit,
1772 4610 1799 4648 a
1840 4593 2085 4663 prmsenti

528 4700 870 4752 concedimus
902 4696 993 4750 tibi
1026 4693 1279 4755 Adriano,
1308 4698 1363 4744 ut
1396 4698 1513 4759 pote
1536 4688 1711 4742 abbati
1749 4686 1813 4739 ab
1837 4687 1933 4738 hac
1960 4694 2089 4750 apo-

526 4792 710 4845 stolica
755 4790 879 4843 sede
919 4786 1163 4841 ordinato
1208 4792 1364 4851 atque
1407 4782 1689 4842 destinato,
1718 4790 1818 4829 una
1851 4790 1969 4827 cum
2003 4783 2088 4825 tua

532 4883 742 4951 propria
796 4876 1243 4945 congregatione,
1308 4888 1424 4940 qua:
1475 4885 1611 4923 nunc
1646 4869 1727 4921 vel
1777 4865 1947 4918 futura
1986 4871 2086 4925 est,

532 4971 915 5024 monasterium
950 4965 1195 5018 videlicet
1220 4962 1386 5015 sancti
1416 4960 1551 5013 Petri
1575 4960 1913 5013 constitutum
1938 4966 2089 5010 extra

532 5062 798 5113 civitatem
870 5061 1222 5125 cognomento
1279 5050 1625 5114 Doroverno,
1676 5064 1793 5102 cum
1843 5045 2092 5099 omnibus

532 5167 571 5202 st
594 5151 827 5204 dditibns
856 5149 919 5201 ad
950 5162 1068 5202 eum
1102 5142 1502 5214 pertinentibus,
1534 5140 1612 5194 vel
1634 5140 1878 5208 quicquid
1904 5138 1951 5190 ei
1974 5138 2092 5204 jure

536 5242 684 5293 verbi
722 5250 1023 5305 competere
1072 5238 1295 5290 videtur.
1340 5233 1403 5287 Et
1453 5231 1496 5285 si
1544 5247 1646 5299 qua
1684 5231 1871 5283 exinde
1905 5229 1970 5282 ab
2000 5227 2093 5281 ali-

602 5382 623 5406 ο
670 5372 743 5424 De
773 5372 872 5423 hoc
902 5367 1173 5435 privilegio
1204 5367 1269 5418 ita
1317 5366 1563 5430 Sprottus
1608 5363 1657 5414 in
1689 5362 1953 5435 Chronico
1977 5377 2091 5414 suo.

537 5463 555 5492 r
593 5443 854 5495 Adrianus
894 5433 1166 5505 postqttim
1204 5438 1432 5503 regimen
1477 5434 1776 5485 tn0na>terii
1822 5433 2091 5499 apostolo-

533 5529 649 5565 rum
677 5513 811 5565 Petri
859 5504 910 5562 et
948 5507 1089 5559 Pauli
1127 5516 1207 5558 est
1249 5509 1468 5571 adeptus
1492 5545 1505 5564 ,
1555 5504 1849 5568 impetravit
1878 5505 2097 5570 privile-

532 5588 673 5649 gium
706 5584 769 5635 ab
804 5579 1225 5649 Atlcodalopap't
1268 5590 1424 5649 super
1464 5575 1702 5649 libertate
1733 5572 2097 5649 littjnsnmotta-

538 5641 685 5704 sterii
734 5662 780 5705 et
825 5665 984 5715 super
1036 5641 1298 5701 electione
1336 5641 1562 5697 abbatis.
1618 5641 1727 5715 Hoc
1771 5644 2096 5715 privilegium

535 5739 642 5777 non
679 5724 759 5773 ita!
782 5713 931 5775 οιηιίε
960 5718 1057 5773 sub
1080 5716 1314 5787 plumbo,
1359 5716 1448 5768 scd
1478 5713 1847 5781 transeriptum
1876 5713 1923 5765 in
1955 5721 2096 5767 textu

2190 3069 2299 3126 quo
2335 3055 2530 3123 injuste
2553 3052 2727 3107 ablata
2752 3061 2904 3117 sunt,
2941 3053 3147 3107 restitui
3192 3052 3395 3123 absque
3432 3055 3721 3109 recrastina-

2112 3125 2157 3187 θ
2187 3125 2330 3199 tione
2356 3156 2669 3208 censemus,
2708 3141 2969 3210 quate'rus
2995 3143 3121 3198 dum
3151 3144 3279 3198 nihil
3312 3159 3495 3201 eorum
3523 3160 3634 3216 qua:
3662 3146 3718 3200 ad

2185 3232 2627 3289 sustentationem
2657 3246 2966 3301 corpoream
3010 3241 3136 3287 sunt
3165 3232 3456 3302 profutura,
3494 3235 3718 3301 defuerit,

2184 3324 2408 3377 licenter
2455 3322 2521 3376 ad
2570 3322 2850 3377 lucrandas
2900 3323 3000 3393 (ut
3023 3323 3220 3377 dictum
3240 3325 3362 3392 est)
3407 3325 3512 3379 Deo
3542 3327 3719 3380 animas

2187 3402 2409 3485 pervigil
2456 3416 2624 3484 possit
2663 3428 2779 3468 esse
2828 3415 3148 3468 sollicitudo.
3195 3412 3357 3483 Cujus
3385 3416 3449 3468 ad
3476 3416 3717 3470 cumulum

2186 3504 2453 3560 ﬁrmitatis
2488 3504 2826 3571 praevidimus
2878 3502 3149 3570 praefatum
3192 3503 3567 3559 monasterium
3609 3521 3718 3574 apo-

2186 3596 2390 3648 stolicis
2440 3594 2797 3663 praerogativis
2825 3608 2962 3647 nunc
2990 3603 3043 3648 et
3088 3593 3140 3648 in
3173 3605 3484 3663 perpetuum
3515 3611 3716 3665 premu-

2192 3684 2332 3745 nire,
2368 3680 2783 3749 insolentiasqne
2814 3692 2927 3756 tam
2943 3680 3277 3737 sacerdotum
3304 3697 3460 3752 quam
3491 3684 3717 3738 laicorum

2192 3773 2395 3841 pariter
2428 3770 2495 3825 ab
2537 3785 2602 3825 eo
2633 3770 2901 3835 inhibere,
2942 3770 3314 3841 praecipientes
3341 3786 3404 3825 ex
3439 3775 3719 3827 auctoritate

2190 3861 2438 3916 videlicet
2479 3861 2782 3927 apostolica
2830 3860 3013 3922 sedis,
3082 3859 3169 3914 cui
3215 3874 3441 3927 superna
3490 3861 3717 3929 largiente

2188 3952 2355 4018 gratia
2379 3965 2605 4020 praeesse
2632 3952 3020 4020 dignoscimur,
3053 3963 3240 4004 omnes
3268 3949 3484 4004 omnino
3510 3960 3605 4003 tam
3635 3949 3718 4003 Ec-

2186 4041 2365 4095 clesia:
2416 4041 2667 4109 praesules
2695 4079 2710 4103 ,
2757 4053 3020 4108 quamque
3068 4040 3374 4095 sublimium
3416 4040 3717 4095 saecularium

2189 4131 2511 4199 dignitates,
2561 4128 2647 4184 vel
2696 4127 2963 4183 inferioris
3008 4128 3212 4184 ordinis
3236 4129 3716 4184 administrationem

2189 4232 2471 4292 gerentes,
2503 4236 2559 4277 se
2605 4236 2634 4275 a
2686 4219 2890 4289 prmfati
2943 4220 3253 4275 monasterii
3303 4220 3720 4289 inquietudinibes

2192 4326 2351 4382 atque
2372 4314 2759 4382 gravaminibus
2785 4312 3058 4381 suspendi,
3087 4328 3185 4368 nec
3215 4327 3310 4383 per
3336 4313 3617 4383 quamlibet
3647 4327 3721 4367 oc-

2193 4403 2458 4457 casionem
2492 4402 2585 4456 tibi
2623 4412 2830 4470 tuaeque
2879 4401 3271 4470 congregationi
3314 4400 3370 4455 in
3411 4416 3476 4456 eo
3514 4402 3717 4472 degenti,

2196 4495 2277 4548 vel
2305 4495 2392 4560 qui
2427 4508 2520 4561 pro
2550 4502 2787 4562 tempore
2817 4506 2913 4545 suo
2936 4490 3254 4544 successerit
3280 4490 3333 4545 in
3363 4490 3499 4557 loco,
3539 4506 3721 4560 quoquo

2192 4582 2353 4636 modo
2381 4582 2663 4650 dispendia
2696 4581 2777 4634 vel
2807 4578 3227 4649 inquietudinum
3259 4582 3525 4635 molestias
3546 4584 3719 4649 irroga-

2191 4691 2268 4729 re.
2317 4676 2418 4729 Sed
2448 4685 2501 4728 et
2534 4678 2631 4727 hoc
2660 4672 3003 4728 nihilominus
3022 4671 3352 4737 sancientes,
3385 4684 3441 4727 ut
3469 4682 3582 4742 post
3602 4684 3718 4730 tuum

2191 4766 2389 4819 obitum
2417 4766 2625 4818 futurus
2658 4764 2842 4829 abbas,
2874 4780 2976 4818 non
2998 4764 3130 4819 alius
3154 4804 3169 4827 ,
3218 4765 3299 4818 vel
3331 4765 3540 4818 aliunde
3564 4763 3621 4816 ad
3644 4777 3720 4815 eo-

2191 4872 2309 4911 rum
2341 4857 2576 4923 regimen
2620 4856 2936 4919 animarum,
2967 4856 3063 4909 nisi
3088 4871 3241 4922 quem
3266 4856 3377 4923 ipsa
3410 4856 3503 4907 sibi
3535 4867 3721 4921 prorsus

2196 4945 2303 4998 Deo
2349 4945 2688 4999 servientium
2748 4944 3083 5014 congregatio
3133 4947 3199 4998 de
3250 4946 3462 5013 proprio
3506 4946 3721 4999 videlicet

2192 5036 2518 5087 monasterio
2548 5034 2817 5088 communi
2850 5046 3067 5087 assensu
3098 5032 3416 5099 regulariter
3436 5035 3717 5103 przelegeril.

2194 5125 2529 5191 subrogetur.
2590 5125 2646 5177 Si
2700 5125 2818 5191 quis
2859 5124 3057 5177 interea
3104 5123 3267 5191 (quod
3318 5139 3421 5177 non
3463 5124 3719 5186 credimus)

2198 5219 2479 5271 temerario
2501 5234 2629 5271 ausu
2652 5226 2834 5277 contra
2861 5218 2971 5270 haec
3000 5226 3195 5272 sanctas
3217 5228 3271 5271 et
3294 5219 3590 5282 apostolica
3605 5218 3719 5270 SCdIS

2196 5356 2407 5413 Adriani
2436 5398 2451 5420 ,
2502 5363 2555 5408 et
2604 5355 2652 5405 in
2686 5353 2921 5421 pluribus
2942 5353 3056 5406 aliis
3088 5351 3235 5404 locis.
3270 5370 3289 5403 ι
3345 5351 3440 5406 Ubi
3468 5354 3627 5407 obiter
3646 5367 3722 5402 no-

2197 5429 2407 5479 landum
2440 5434 2634 5477 textum
2685 5424 2897 5477 Adriani
2944 5437 3047 5475 non
3087 5423 3247 5473 fuisse
3292 5424 3720 5493 Martyrologium

2197 5499 2384 5550 librum
2417 5510 2570 5563 quem
2596 5494 2856 5547 Adrianus
2885 5493 3046 5547 abbas
3077 5495 3397 5546 monasteno
3425 5495 3497 5547 illi
3528 5494 3725 5558 relique-

2198 5578 2275 5620 rat
2306 5567 2401 5635 (nti
2442 5566 2640 5635 putavit
2667 5565 2915 5635 Cietnens
2941 5566 3210 5635 licytterus
3240 5565 3532 5635 Apostolat.
3581 5564 3721 5635 Bene:

2194 5628 2323 5687 dict:
2352 5628 2464 5702 pag'.
2504 5634 2571 5686 5?.
2598 5634 2635 5697 ),
2673 5635 2763 5687 sed
2794 5628 3037 5685 Codicetn
3075 5631 3125 5682 in
3160 5647 3263 5697 quo
3286 5628 3498 5701 antiqua
3524 5628 3723 5685 emnobii

2199 5708 2333 5761 illius
2362 5706 2627 5776 privilegia
2652 5705 2907 5775 descripta
2933 5702 3299 5759 cernebantur.
3346 5703 3469 5759 [Luc
3491 5704 3721 5759 Usscrius.
