3820 6326
114 410 236 467 Ηιό

787 403 1006 459 DONl‘i‘a
1046 400 1285 458 PONTIF
1289 398 1376 455 EX
1417 396 1759 455 ROﬂANUS.
1801 422 1867 439 ο·-
1904 392 2173 450 NOTITIA
2212 390 2591 449 HISTORICA.

3156 389 3291 444 1146

110 520 304 571 decreta
346 514 615 569 contraire
666 513 1034 581 temptaverit,
1064 521 1120 568 et
1143 527 1205 566 ea
1230 552 1245 577 ,
1281 526 1395 581 quae
1430 525 1459 564 a
1490 509 1644 565 nobis
1668 516 1719 574 Α
1748 509 1949 563 Domini
1989 508 2116 563 Jesu
2156 507 2353 562 Christi
2390 513 2674 575 cognoscat
2711 518 2769 559 se
2790 519 2909 559 esse
2937 520 3293 575 segregatum,

117 607 189 671 pie
215 603 407 658 indqu
436 613 585 666 sunt,
613 602 881 670 privilegia
906 601 1207 657 convellere
1231 602 1645 669 praesumpserit,

1746 613 2013 667 quousque
2059 598 2299 652 videlicet
2332 597 2469 665 quod
2520 605 2717 649 temere
2760 597 3279 663 perpetravithumi-

114 692 305 746 noverit
333 705 391 744 se
422 692 487 759 (si
514 692 705 758 pmul
739 689 821 744 vel
844 689 1084 744 minister
1111 692 1221 757 est)
1241 704 1308 743 ex
1333 690 1648 745 auctoritate
1750 689 1873 743 liter
1898 688 2146 756 corrigat,
2171 696 2225 741 et
2250 686 2318 740 de
2343 698 2563 739 excessu
2577 676 2961 828 ernitudinem
2984 698 3148 754 gerat.
3179 688 3293 739 Dat.

114 783 341 828 videlicet
369 782 505 828 ligati
551 780 689 828 Petri
725 779 1083 828 amstoiorum
1128 779 1400 828 nrincinis.
1434 778 1519 828 cui
1549 778 1648 828 Do-
1750 796 1783 828 ι
1810 778 2034 828 Kalend.
2060 777 2319 828 Januarii.
2342 777 2577 828 imperati
2606 776 2722 828 ibus
2752 776 3000 828 piissimis
3024 776 3293 828 Auitustis.

2606 776 2658 828 ib

112 783 341 836 videlicet
369 782 505 835 beati
549 780 689 833 Petri
725 779 1083 847 apostolorum
1128 779 1400 846 principis,
1434 778 1519 831 cui
1549 778 1648 831 Do-
1750 796 1783 833 ι
1810 778 2034 832 Kalend.
2060 777 2319 840 Januarii,
2342 777 2577 843 imperan

1753 866 2101 919 Constantino
2133 864 2332 930 majore
2354 863 2674 931 imperatore
2702 878 2841 915 anno
2876 879 3004 924 χχιι,
3034 870 3147 928 post
3180 878 3302 915 con-

1754 956 1979 1009 sulatum
2004 954 2122 1022 ejus
2150 970 2289 1009 anno
2310 993 2323 1008 .
2346 992 2360 1007 .
2387 993 2403 1009 .
2426 993 2441 1008 .
2470 990 2487 1007 .
2517 954 2608 1009 sed
2662 962 2715 1007 et
2756 954 2996 1006 ileraclio
3025 962 3180 1018 atque
3209 953 3303 1003 'i'i-

112 872 271 922 minus
293 869 453 924 Jesus
480 870 717 922 Christus
740 910 757 937 ,
803 869 940 922 Deus
968 876 1189 934 noster,
1223 868 1414 936 ligandi
1436 868 1644 922 solven-

111 958 250 1025 dique
273 956 324 1010 in
350 959 489 1011 ccelo
528 970 580 1011 et
621 958 671 1010 in
698 967 834 1010 terra
866 964 1175 1025 potestatem
1201 956 1495 1020 concessit,
1525 970 1669 1023 pro-.

2662 790 2722 829 us
2752 776 3000 843 piissimis
3024 776 3300 841 Augustis,

113 1048 212 1113 prio
237 1062 356 1102 esse
381 1049 646 1116 privatum
680 1048 885 1111 officio;
911 1041 958 1115 si
984 1047 1051 1100 de
1084 1046 1432 1100 secularibus
1460 1046 1650 1101 laicis—
1757 1044 1903 1098 berio
1933 1046 2087 1097 novis
2126 1046 2396 1114 Augustis,
2437 1044 2551 1111 ejus
2580 1043 2853 1106 fratribus,
2886 1056 3022 1095 anno
3049 1054 3193 1103 xvut,
3223 1041 3299 1092 iu-

108 1150 201 1203 que
224 1135 416 1201 fuerit,
459 1153 492 1190 a
544 1136 945 1204 participatione
991 1134 1232 1201 corporis
1278 1145 1331 1189 et
1369 1134 1646 1203 sanguinis
1755 1134 1983 1189 dictione
2011 1134 2262 1188 secunda.

110 1276 3311 1320 ———_——-——-————————————-_—_-—_:=2
2130 1312 2159 1320 _
2172 1312 2195 1319 _
2206 1312 2241 1319 _.
2250 1309 2936 1320 ___.,_______.

1271 1420 1435 1464 ANNO
1481 1420 1709 1463 DCIIII"
1740 1419 2094 1461 DCLXXVI".

1276 1579 1792 1785 DON
1799 1576 2102 1791 US

875 1906 1651 2037 PONTIFEX
1720 1904 2532 2033 'ROMANUS.
2632 2028 2635 2031 ,

1066 2199 1385 2261 NOTITIA
1438 2202 1861 2265 HISTOBICA
1908 2204 1984 2264 ΙΝ
2031 2202 2329 2263 DONUM.

1265 2344 1357 2402 (Ex
1386 2344 1556 2405 Mansi,
1586 2344 1731 2406 ampl.
1750 2342 1892 2393 Cone.
1916 2340 2139 2398 Collect.j

174 2569 199 2596 ι
229 2558 405 2611 Donus
428 2595 443 2616 .
494 2553 707 2609 natione
754 2553 1023 2608 Romanus
1046 2590 1064 2617 ,
1106 2534 1177 2608 ‘ex
1210 2563 1360 2622 patre
1387 2554 1654 2617 Mauricio,
1693 2555 1736 2613 Β
1762 2552 2002 2609 ecclesia
2025 2551 2215 2620 praesul
2238 2548 2451 2605 nomine
2474 2548 2763 2617 Reparatus
2788 2561 2821 2603 e
2847 2548 3087 2617 vestigio,
3118 2558 3172 2601 ut
3200 2548 3317 2605 Deo

110 2652 135 2691 ι
159 2646 288 2701 sedit
309 2658 510 2699 annum
537 2657 699 2696 unum
719 2685 734 2707 ,
786 2655 997 2697 menses
1019 2642 1250 2709 quinque
1267 2682 1283 2706 ,
1315 2644 1428 2696 dies
1456 2642 1664 2697 decem.

110 2735 201 2790 ilic
246 2734 442 2788 atrium
488 2732 628 2786 beati
658 2731 799 2785 Petri
840 2730 1067 2799 apostoli
1108 2733 1385 2801 superius,
1414 2732 1551 2801 quod
1587 2740 1672 2789 est

115 2832 234 2879 ante
259 2823 547 2878 ecclesiam
586 2820 759 2892 [quod
804 2821 1078 2888 paradisus
1114 2822 1339 2893 dicitur]
1385 2823 1439 2877 in
1465 2822 1675 2891 quadri-

110 2916 368 2982 porticum
396 2912 606 2979 magnis
647 2910 1000 2965 marmoribus
1026 2911 1247 2976 stravit,
1290 2910 1381 2965 sed
1419 2920 1471 2964 et
1499 2912 1672 2967 eccle-

114 3007 240 3058 siam
272 3003 641 3070 apostolorum
673 3002 827 3054 sitam
859 3000 940 3052 via
965 2998 1237 3064 Ostiensi,
1263 3007 1321 3053 ut
1347 2998 1550 3064 decuit,
1584 3014 1673 3054 re-

107 3095 364 3149 stauravit
398 3102 564 3162 atque
588 3090 872 3147 dedicavit.
914 3090 1148 3159 itemque
1173 3089 1455 3145 ecclesiam
1477 3100 1677 3144 sancta:

113 3183 417 3251 Euphemias
478 3179 702 3248 positam
745 3181 828 3233 via
889 3180 1055 3247 Appia
1097 3180 1341 3234 similiter
1388 3180 1673 3235 dedicavit.

109 3270 319 3328 Clerutn
353 3285 569 3341 quoque
597 3270 820 3325 diversis
847 3269 1123 3324 ordinibus
1150 3279 1205 3323 et
1235 3272 1521 3327 honoribus
1554 3287 1670 3327 am-

110 3362 308 3430 pliavit.
354 3361 456 3416 Hie
504 3360 701 3429 reperit
746 3360 797 3413 in
848 3359 978 3413 urbe
1023 3358 1211 3426 Roma,
1255 3359 1311 3415 in
1354 3362 1676 3416 monasterio

104 3452 243 3522 quod
270 3452 578 3523 appellatur
604 3450 940 3514 Boetianum,
964 3447 1364 3514 Nestorianitas,
1388 3451 1675 3506 monachos

109 3545 291 3615 Syros,
317 3561 459 3614 quos
504 3559 600 3612 per
629 3543 840 3598 diversa
882 3544 1205 3599 monasteria
1240 3544 1440 3599 divisit.
1490 3545 1546 3599 ln
1574 3560 1676 3613 quo

109 3635 362 3700 pradicto
409 3633 739 3688 monasterio
787 3632 1079 3687 monachos
1122 3632 1391 3689 Romanos
1429 3634 1675 3689 instituit.

108 3723 270 3790 Hujus
301 3722 643 3789 temporibus
669 3721 897 3775 ecclesia
926 3719 1314 3786 Ravennatum,
1369 3737 1488 3789 qua:
1524 3737 1583 3777 se
1609 3723 1677 3776 ab

106 3810 613 3866 Ecclesia-.Romana
658 3818 1029 3878 segregaverat
1072 3822 1233 3862 causa
1272 3809 1672 3879 autocephalize,

1772 2643 1992 2713 placuit,
2024 2642 2185 2695 vitam
2214 2641 2403 2697 finivit.
2443 2641 2542 2696 Hic
2567 2641 2688 2695 dum
2710 2648 2851 2695 esset
2875 2641 3070 2694 electus
3094 2655 3186 2707 per
3208 2645 3319 2693 Au-

1769 2732 1905 2799 gusti
1950 2744 2209 2795 mensem,
2245 2740 2267 2769 ¢
2300 2732 2545 2799 apparuit
2585 2731 2737 2785 stella
2787 2744 2817 2783 a
2866 2739 3012 2798 parte
3038 2729 3265 2783 Orientis
3289 2745 3317 2780 a

1771 2823 1893 2892 galli
1919 2830 2077 2877 cantu
2106 2836 2275 2891 usque
2300 2836 2453 2875 mane
2494 2836 2586 2888 per
2608 2835 2819 2875 menses
2850 2830 2975 2887 tres,
3010 2821 3161 2889 cujus
3187 2820 3321 2875 radii

1774 2916 1967 2970 cmlum
1996 2914 2361 2983 penetrabant.
2400 2912 2454 2965 In
2481 2912 2630 2980 cujus
2648 2912 2847 2965 visione
2873 2913 3134 2981 surgentis
3166 2910 3319 2979 (Cod.

1772 3002 1929 3066 Lua,
1980 2996 2290 3071 surgentes]
2334 3015 2520 3055 omnes
2558 3000 2843 3070 provincia:
2872 3010 2926 3055 et
2954 3009 3135 3069 gentes
3164 2999 3325 3052 mira-

1774 3092 1993 3157 bantur,
2035 3105 2153 3161 quas
2176 3099 2295 3160 post
2340 3090 2632 3163 [quidnam
2662 3103 2781 3145 esse
2824 3085 3012 3158 possit]
3048 3090 3099 3141 in
3130 3096 3323 3141 semet-

1775 3181 1942 3247 ipsam
1997 3195 2209 3236 reversa
2237 3179 2518 3247 disparuit.
2562 3179 2664 3233 Pro
2688 3194 2791 3248 quo
2824 3177 3053 3247 capitulo
3078 3185 3131 3230 et
3154 3177 3322 3229 maxi-

1776 3285 1865 3325 mo
1894 3267 2051 3340 [ϐοά.
2090 3267 2243 3333 ινδ..
2275 3266 2538 3339 maxima]
2564 3283 2705 3322 mors
2726 3282 2752 3319 a
2779 3278 2923 3335 parte
2949 3266 3178 3320 Orientis
3201 3268 3325 3317 sub-

1772 3369 1957 3413 secuta
1984 3367 2065 3413 est
2093 3358 2252 3430 [Post
2294 3373 2410 3411 eam
2459 3357 2837 3426 apparitionem
2870 3356 3095 3408 maxima
3125 3369 3267 3408 mors
3292 3370 3321 3407 a

1776 3456 1928 3515 parte
1952 3445 2189 3500 Orientis
2216 3446 2497 3500 subsecuta
2540 3444 2674 3515 est].
2728 3444 2873 3499 Fecit
2906 3452 3080 3496 autem
3111 3444 3327 3497 ordina-

1776 3540 1976 3594 tionem
2000 3554 2182 3605 unam,
2228 3540 2568 3609 presbyteros
2597 3538 2805 3605 decem,
2830 3537 3081 3591 diaconos
3118 3549 3171 3598 v,
3221 3534 3327 3601 epi-

1777 3644 1965 3699 sc0pos
1997 3643 2091 3699 per
2111 3630 2317 3685 diversa
2364 3630 2480 3684 loca
2511 3622 2731 3683 numero
2763 3643 2877 3683 sex.
2922 3627 3021 3692 Qui
3053 3626 3212 3680 etiam
3238 3641 3328 3679 se-

1786 3721 1955 3775 aultus
1994 3730 2076 3775 est
2121 3722 2185 3774 ad
2229 3722 2440 3776 beatum
2488 3720 2699 3776 Petrum
2743 3720 3035 3788 apostolum
3059 3721 3160 3773 sub
3181 3719 3266 3771 die
3295 3732 3331 3770 ιι

1776 3810 1923 3880 qud.
1960 3808 2110 3876 Lua,
2138 3808 2209 3879 tv]
2276 3810 2394 3865 ldus
2422 3810 2636 3879 Aprilis,
2666 3820 2719 3864 et
2746 3809 3328 3876 cessavitepiscopatus

105 3902 280 3957 denuo
308 3916 371 3957 se
399 3900 642 3970 pristina:
663 3898 777 3954 sedi
804 3898 1108 3967 apostolica
1135 3897 1454 3968 subjugavit.
1509 3896 1672 3969 Cujus
1699 3887 1746 3951 C
1774 3913 1983 3955 menses
2011 3899 2165 3965 duos,
2189 3900 2302 3955 dies
2330 3916 2419 3954 xv.

172 4065 199 4093 ⁸
238 4055 442 4110 Donata.
481 4055 677 4115 Donus.
700 4069 856 4122 quem
877 4054 965 4109 alii
990 4054 1248 4108 Domuum
1265 4094 1279 4116 ,
1303 4054 1390 4107 alii
1421 4050 1670 4107 Domnin;

103 4139 247 4191 nem,
267 4125 358 4177 alii
387 4124 596 4177 Cottum
624 4125 736 4177 sive
762 4125 1033 4176 Cunonem
1064 4124 1346 4189 appellant,
1371 4126 1513 4191 anno
1534 4123 1663 4188 676,

104 4193 229 4261 ipsis
256 4191 517 4247 Kalendis
545 4192 858 4261 Novembris
879 4232 896 4254 ,
944 4202 1153 4246 creatus
1192 4201 1273 4245 est
1301 4190 1532 4257 pontifex
1568 4192 1672 4247 ilo-

104 4260 333 4317 mautts:
385 4263 529 4330 quod
574 4276 694 4314 cum
757 4260 1036 4330 Theodoro
1078 4260 1669 4330 Constantinopolitanat

101 4333 242 4386 sedis
295 4329 555 4399 episcopo
585 4329 939 4384 Monothelitzc
972 4331 1318 4395 innotuisset,
1359 4329 1672 4384 intermissis

102 4415 234 4468 quas
258 4400 331 4454 de
376 4401 465 4453 sui
510 4399 841 4452 ordinatione
879 4400 944 4452 ad
980 4415 1099 4452 eum
1130 4399 1405 4464 scripsisse
1446 4400 1673 4453 debebat

105 4471 299 4525 litteris
322 4469 695 4540 synodalibus,
730 4468 870 4521 misit
897 4468 1461 4540 duntaxatepistolam
1492 4469 1668 4522 horta-

105 4540 294 4593 torium
331 4536 441 4605 qua
483 4540 758 4605 petebatur
789 4546 846 4589 ut
886 4536 1095 4590 tandem
1134 4537 1417 4603 aliquando
1456 4552 1675 4590 concor-

103 4608 185 4661 dia
212 4607 356 4662 inter
384 4608 703 4661 orientalem
740 4615 795 4659 et
820 4605 1197 4660 occidentalem
1230 4605 1523 4657 Ecciesiam
1548 4620 1673 4658 san-

103 4678 321 4731 ciretur.
357 4674 585 4729 Constat
610 4689 675 4730 ex
708 4676 931 4743 epistola
953 4674 1283 4729 Constantini
1312 4674 1670 4743 imperatoris,

103 4761 262 4808 quam
291 4748 412 4812 ipse
438 4746 507 4800 ad
534 4744 736 4797 Donum
769 4745 1077 4798 transmisit.
1116 4744 1251 4811 Quid
1281 4744 1345 4797 ad
1380 4759 1471 4799 eas
1503 4747 1675 4812 ponti-

105 4817 187 4868 fex
215 4813 582 4881 rescripserit,
608 4814 899 4880 ignoratur.

176 4883 291 4939 [loc
319 4880 566 4950 ternpore
590 4882 973 4937 Constantinus
997 4883 1281 4947 imperator
1308 4880 1509 4935 bellicis
1531 4883 1675 4935 curis

106 4952 337 5023 solutus,
375 4968 523 5023 pace
539 4952 985 5023 comisaracenis
1011 4950 1297 5023 composita
1323 4990 1351 5023 ,_
1389 4950 1454 5001 ad
1496 4964 1674 5023 pacem

108 5020 781 5078 Ecclesia—restituendam
806 5026 973 5074 tutum
1004 5020 1239 5073 animum
1268 5020 1491 5088 adjecit;
1526 5020 1680 5072 resti-

106 5100 290 5146 terunt
320 5092 791 5147 Monothelitarum
817 5088 1052 5159 signiferi
1076 5088 1385 5143 Theodorus
1412 5090 1677 5159 Constan-

107 5160 503 5228 tinopolitanus
531 5170 587 5213 et
611 5157 1263 5213 Macarius'Antiochenus
1293 5157 1560 5226 episcopi,
1590 5158 1675 5223 qui

106 5245 225 5286 cum
253 5228 626 5284 Romanorum
678 5228 981 5292 pontificum
1018 5229 1262 5283 acerrimi
1295 5231 1469 5281 hostes
1500 5236 1551 5279 et
1581 5229 1677 5277 ad-

110 5300 330 5356 versarii
353 5308 558 5365 essent,
576 5298 741 5351 invito
770 5299 1111 5365 imperatore,
1138 5308 1343 5351 retento
1368 5296 1533 5350 solius
1567 5295 1675 5365 Iin-

110 5370 244 5425 norii
288 5363 550 5436 nomine,
597 5368 747 5436 quasi
794 5363 985 5422 iscum
1029 5366 1387 5423 Monotbelitis
1430 5363 1675 5425 senserit,

1787 4057 2029 4112 Vitaliani
2059 4056 2385 4123 aliorumque
2411 4054 2711 4125 pontificum
2737 4052 3097 4125 Romanorum
3112 4054 3333 4125 nomina

1781 4130 1861 4189 (ut.
1890 4127 2067 4181 videre
2093 4134 2174 4181 est
2197 4122 2313 4178 act.
2341 4127 2373 4178 8
2404 4122 2566 4178 sextae
2596 4123 2853 4190 synodi)e
2875 4122 3041 4175 sacris
3069 4123 3335 4191 diptychis

1782 4196 2131 4249 abstulerunt.
2171 4194 2287 4258 Quo
2332 4194 2471 4249 facto
2516 4194 2799 4258 imperator
2832 4192 3171 4245 vehementer
3209 4202 3334 4244 exn-

1780 4266 1999 4330 gitatus,
2026 4256 2359 4316 Theodorum
2382 4256 2687 4329 episcopatu
2710 4260 2971 4325 deposuit,
2988 4261 3142 4330 eique
3164 4259 3334 4312 Geor-

1782 4328 1926 4401 gium
1957 4332 2239 4402 quemdam
2268 4328 2574 4402 subregavit
2591 4346 2605 4393 ;
2624 4337 2790 4402 atque
2809 4331 2872 4380 ad
2889 4328 3336 4402 reconciliandam

1782 4397 2063 4469 utramque
2093 4400 2384 4455 Ecclesiam
2414 4399 2723 4454 orientalem
2754 4406 2807 4451 et
2840 4397 3239 4469 occidentalem,
3271 4399 3336 4451 ad

1784 4466 1990 4524 Donum
2035 4484 2224 4539 papam
2253 4510 2269 4531 ,
2316 4483 2543 4539 sacram.
2569 4482 2687 4539 qua;
2716 4476 2889 4539 exstat
2928 4466 3078 4539 initio
3114 4467 3337 4539 actionis

1783 4550 1950 4593 sextae
1994 4535 2204 4609 svnodi,
2256 4535 2596 4605 imperialem’
2632 4536 2721 4590 ille
2747 4535 2957 4609 quidem
2996 4535 3215 4609 direxit,
3245 4538 3337 4589 sed

1778 4622 1897 4662 cum
1925 4604 2039 4661 vita
2059 4609 2269 4661 functus
2291 4604 2455 4667 esset.
2482 4616 2763 4673 antequam
2786 4605 3004 4668 Romam
3028 4604 3331 4668 afl'erretur,

1778 4678 2038 4746 Agathoni
2068 4677 2273 4731 reddita
2293 4676 2409 4729 fuit.
2441 4676 2568 4731 Sttv.
2595 4676 2709 4729 Bta.

1848 4744 1876 4782 δ
1918 4747 2065 4801 Sedit
2090 4762 2280 4799 annum
2306 4762 2485 4809 unum,
2514 4760 2705 4797 menses
2730 4759 2783 4809 v,
2811 4743 2917 4797 dies
2949 4758 3001 4795 ι.
3034 4742 3109 4796 Ex
3139 4744 3340 4807 episto-

1779 4815 1828 4870 la
1860 4814 2190 4870 Constantini
2220 4813 2553 4881 imperatoris
2581 4812 2646 4865 ad
2678 4811 2884 4865 Donum
2913 4814 3107 4877 scripta
3133 4812 3341 4878 colligi-

1783 4896 1885 4948 tur,
1903 4886 2083 4954 ipsum
2114 4886 2178 4938 ad
2215 4885 2412 4950 aliquot
2442 4895 2653 4954 menses
2672 4883 2915 4954 amplius
2944 4882 3121 4934 sedem
3149 4894 3339 4954 propa-

1708 4940 1757 4999 Ι)
1786 4940 1958 5021 μεέἐ,
1990 4970 2110 5009 cum
2140 4940 2435 5021 reperiatur
2461 4951 2579 5004 data
2608 4940 2919 5017 pridie'ldus
2947 4940 3163 5016 Augusti
3198 4940 3339 5000 anno

1790 5022 1913 5078 678.
1940 5024 2070 5091 Quae
2100 5023 2239 5076 enim
2271 5021 2625 5091 ratioqpatitur
2650 5029 2706 5072 ut
2728 5028 2851 5087 post
2878 5033 3084 5091 menses
3114 5030 3340 5091 quatuor

1787 5087 2214 5217 ohi’tuls'i’tomani
2253 5089 2513 5160 pontificis
2549 5088 2919 5159 imperatorem
2966 5087 3136 5140 adhuc
3178 5087 3344 5141 latue-

1788 5175 1886 5217 l‘li.
1952 5180 2000 5216 ο.
2269 5187 2279 5195 -

1788 5179 2166 5355 Πιεὶἐᾶομὲραηὶι
2186 5187 2356 5286 stella.
2385 5230 2459 5287 De
2481 5228 2578 5284 hac
2601 5227 2751 5284 stella
2777 5226 2894 5283 vide
2908 5225 3124 5293 Bedam,
3148 5224 3243 5280 lib.
3265 5238 3340 5290 ιν,

1788 5316 1834 5355 Ca
1942 5342 1953 5354 .
2008 5316 2055 5354 Ι).

1787 5316 1834 5356 (5.
1870 5316 1953 5355 12.
1984 5316 2055 5355 ιι).
