3880 6236
116 390 234 446 IIS‘I

1344 384 1611 438 ΝΟΤΙΤΙΑ
1657 380 2040 440 IIISTORICA.

3164 376 3301 431 1158

112 500 255 575 regali
298 496 465 559 cultu,
518 493 780 548 residente
827 507 946 546 cum
998 490 1340 573 consumma
1394 494 1627 559 Augusto
1656 494 1706 555 Α
1732 504 2057 557 processum.
2090 485 2213 543 llec
2243 487 2409 556 prima
2431 485 2545 556 ejus
2574 487 2721 541 ruina
2751 485 2870 552 fuit,
2897 486 3132 543 dte‘hlii
3154 503 3295 541 meu-

110 586 313 655 Georgio
352 584 645 650 patriarcha
690 580 1270 648 Constantinopolitano
1308 594 1371 635 ac
1414 580 1641 634 Macario
1742 584 1817 634 sis
1864 580 2163 645 Februarii,
2210 578 2502 631 auxiliante
2544 578 2694 631 beato
2736 574 2892 630 Petro
2934 576 3197 645 apostolo,
3244 586 3302 629 ut

113 676 416 735 Antiocheno
460 673 694 742 suscepti
745 671 1059 725 suntmissi
1110 670 1254 725 sedis
1298 670 1598 739 apostolica:
1622 710 1639 735 ,

109 762 282 817 deinde
302 760 668 827 metropolitss,
694 758 776 812 vel
799 756 1031 826 episcopi
1058 757 1389 813 orientalium
1415 759 1640 825 partium

112 864 311 905 nurnero
345 858 555 903 centum
588 847 986 915 quinquaginta.
1022 847 1119 914 Qui
1160 848 1307 915 proni
1338 847 1638 909 adorantes,

111 940 326 995 residere
350 952 442 992 eos
485 935 734 1005 princepit
781 948 881 988 una
929 949 1051 989 cum
1096 935 1315 988 nostris.
1364 934 1485 988 Post
1531 936 1644 987 haec

46 1010 51 1017 1
114 1031 361 1098 'patricii,
403 1028 601 1097 hypati,
627 1039 918 1095 omnesque
962 1027 984 1058 ⁸
1029 1025 1208 1094 inclyti
1235 1024 1568 1089 introierunt,
1593 1037 1645 1080 et

114 1118 269 1173 habita
298 1116 634 1183 inquisitione
681 1114 749 1167 ab
800 1116 915 1180 ejus
956 1122 978 1153 ³
1021 1106 1250 1179 pietate,
1287 1114 1437 1181 cujus
1484 1118 1647 1183 partis

110 1208 310 1262 deberet
334 1205 568 1257 ostensio
604 1201 904 1269 approbari.
955 1201 1133 1270 Legati
1173 1202 1313 1255 sedis
1342 1201 1646 1269 apostolicae

111 1298 341 1350 dixerunt
370 1314 381 1347 :
414 1294 720 1361 Opportuna
749 1291 947 1347 veritas
980 1302 1034 1345 et
1064 1294 1195 1344 ratio
1226 1292 1424 1358 exigit,
1481 1300 1540 1345 ut
1562 1290 1583 1319 ⁸
1616 1306 1644 1343 a

111 1393 249 1453 parte
271 1398 444 1438 eorum
474 1384 562 1451 qui
594 1396 751 1435 unam
775 1380 1098 1435 voluntatem
1130 1388 1184 1432 et
1208 1381 1564 1447 operationem
1596 1381 1647 1431 in

113 1476 315 1530 Domino
338 1474 457 1529 Jesu
486 1473 698 1527 Christo
721 1481 965 1526 asserunt
992 1469 1297 1538 apostolica
1347 1469 1489 1523 sedis
1509 1470 1531 1498 ⁵
1553 1483 1649 1523 ex-

112 1578 311 1631 ponere.
353 1562 449 1630 Qui
494 1562 791 1626 audientes,
823 1560 927 1614 laeti
955 1560 1150 1624 ell'ecti,
1194 1566 1404 1627 paratos
1432 1573 1492 1613 se
1530 1571 1650 1614 esse

110 1658 356 1711 dixerunt.
402 1654 465 1707 Et
500 1661 716 1720 accepta
761 1652 969 1707 licentia
997 1664 1059 1703 ea
1091 1648 1221 1703 bora
1249 1660 1373 1703 suos
1403 1650 1649 1703 intromi-

112 1754 283 1798 serunt
308 1744 463 1797 libros
488 1782 505 1806 ,
535 1742 556 1771 ‘
586 1751 640 1795 et
666 1750 838 1795 tomos
865 1740 1124 1804 diversos,
1151 1747 1206 1793 et
1233 1738 1489 1807 synodos,
1518 1752 1650 1807 quas

1744 671 1978 726 veritatis
2021 670 2195 723 lumen
2242 676 2557 737 appareret,
2614 664 2913 720 intromissa
2958 675 3083 719 sunt
3125 679 3304 720 coram

1744 764 1951 833 synodo
1981 762 2361 817 vcnerabilium
2392 760 2604 815 Patrum
2634 759 2775 813 dicta
2804 754 3021 811 Joannis
3046 756 3305 812 Constan-

1745 853 2097 921 tlnopolitani,
2153 850 2373 920 Cyi-illi,
2426 846 2730 911 Athanasii,
2783 846 2996 911 Basilii,
3044 844 3306 913 Grvgorii,

1748 940 2001 1011 Dionysii,
2049 942 2263 1004 llilarii,
2314 938 2615 1012 Ambrosii,
2664 933 2978 1006 Augustini,
3019 944 3072 989 et
3119 933 3307 988 Leonis

1748 1030 1932 1084 "duas
1962 1030 2229 1084 naturales
2250 1029 2565 1092 voluntates,
2593 1036 2646 1081 et
2671 1025 3005 1093 Operatiunes
3032 1026 3083 1078 in
3098 1023 3310 1077 Christo

1746 1120 2055 1187 dicentium,
2087 1122 2150 1172 ad
2177 1119 2588 1173 satislactionem
2618 1116 2869 1185 principis
2903 1114 2982 1168 vel
3011 1113 3217 1184 synodi.

1819 1216 1842 1243 "
1879 1212 2131 1280 Sequenti
2161 1211 2246 1264 die
2275 1210 2327 1264 in
2355 1208 2542 1263 eodem
2580 1196 2870 1261 secretario
2908 1205 3172 1260 residente
3212 1218 3306 1272 sy-

1700 1356 1703 1363 η
1751 1301 1892 1357 nodo
1930 1315 2031 1354 una
2070 1316 2189 1354 cum
2230 1300 2488 1368 principe,
2527 1296 2779 1367 synodica
2818 1294 3133 1349 sanctissimi
3168 1296 3309 1364 Aga-

1751 1393 1925 1446 thonis
1962 1406 2111 1462 papae
2149 1392 2341 1445 reiecta
2379 1399 2490 1455 est,
2537 1398 2589 1443 et
2625 1390 2689 1441 ad
2728 1388 2929 1455 singula
2967 1386 3315 1453 comprobata

1749 1481 1960 1535 Patrum
1976 1480 2021 1511 ¹⁹
2041 1482 2177 1534 dicta
2210 1481 2439 1543 inserta,
2472 1480 2525 1532 in
2548 1492 2647 1547 qua
2675 1477 2928 1547 synodica
2958 1476 3187 1543 episcopi
3219 1488 3312 1527 oc-

1748 1572 2023 1627 cidentalis
2042 1570 2206 1639 partis
2234 1571 2657 1637 subactipserunt
2685 1570 2962 1623 numero“
2989 1576 3201 1622 centum
3230 1568 3313 1618 vi-

1749 1663 1880 1731 ginti
1913 1660 2169 1730 quinque.
2200 1657 2438 1729 Cumque
2476 1668 2598 1729 post
2634 1661 2747 1713 hac
2774 1659 3083 1713 adhortatus
3107 1668 3191 1712 est
3218 1671 3315 1713 nec

1750 1752 2004 1806 dicendus
2033 1751 2290 1805 Macarius
2327 1767 2354 1802 a
2395 1761 2571 1804 sancta
2617 1749 2843 1819 synodo,
2873 1750 2951 1803 vel
2983 1762 3012 1801 a
3052 1750 3139 1818 pio
3169 1751 3315 1817 prin-

113 1836 423 1889 lalsaverant.
444 1830 571 1887 Nam
601 1846 707 1885 non
736 1846 829 1899 per
854 1829 1123 1885 veritatem
1150 1844 1207 1883 se
1231 1842 1482 1898 superare
1516 1829 1536 1858 '
1571 1829 1646 1882 ni-

1753 1844 1887 1911 cipe,
1917 1842 2167 1910 omnique
2203 1851 2389 1896 senatu
2431 1849 2487 1893 ut
2522 1844 2856 1908 proliteretur
2886 1852 3041 1892 unam
3070 1848 3161 1892 aut
3181 1838 3315 1892 dttas

112 1933 354 1989 tebantur,
385 1926 405 1954 ³
429 1925 520 1979 sed
550 1938 645 1990 per
673 1922 967 1985 mendacia,
1015 1932 1070 1975 et
1094 1921 1299 1975 diversa
1328 1928 1646 1986 commenta,

110 2029 219 2081 qua:
262 2014 311 2067 in
351 2012 371 2043 ⁸
405 2011 552 2065 lihris
595 2012 706 2065 suis
749 2010 847 2079 ipsi
883 2010 1226 2076 addiderant,
1267 2019 1319 2065 ct
1360 2010 1652 2077 relegentes

118 2118 203 2167 per
235 2103 447 2171 singula,
476 2102 670 2168 reperti
710 2111 835 2153 sunt
869 2100 1150 2154 mendaces
1188 2115 1343 2154 unam
1381 2101 1648 2167 Operatio-

114 2207 224 2246 nem
251 2201 299 2245 et
326 2191 664 2253 voluntatem,
700 2190 743 2220 ‘°
769 2190 1005 2243 dicentes
1034 2204 1047 2243 :
1078 2197 1134 2243 et
1164 2192 1215 2241 in
1241 2189 1421 2255 quinta
1446 2190 1651 2259 synodo

112 2280 365 2346 epistolam
394 2278 566 2349 Vigilii
606 2294 755 2349 papa:
784 2278 849 2333 ad
879 2276 1119 2333 Mennam
1151 2278 1530 2346 patriarcbam,
1566 2288 1650 2332 ιιι-

111 2383 206 2435 que
241 2367 457 2422 libellum
494 2369 729 2436 ejusdem
763 2370 959 2423 Menon:
997 2369 1049 2421 in
1086 2368 1521 2438 quaternionibus
1552 2385 1649 2421 no-

117 2460 242 2514 viler
267 2458 467 2523 additis,
499 2460 847 2526 ialsaverunt,
891 2474 1045 2514 unam
1075 2460 1397 2514 voluntatem
1435 2469 1490 2515 et
1525 2476 1651 2531 ope-

114 2550 354 2602 rationem
393 2548 663 2610 dicentes,
700 2546 839 2617 quod
878 2564 1054 2602 coram
1093 2548 1328 2617 principe
1364 2559 1419 2603 et
1448 2552 1652 2621 synodo

118 2638 154 2667 "
175 2638 369 2690 claruit.
396 2638 509 2692 Alia
531 2638 617 2691 die
642 2638 913 2692 catholica:
941 2638 1059 2693 ﬁdei
1083 2638 1330 2693 defensor
1361 2640 1474 2708 pius
1506 2644 1650 2709 prin-

110 2739 228 2792 cepe
262 2726 311 2779 in
347 2727 629 2781 secretario
657 2727 699 2760 “
729 2729 999 2793 residens,
1042 2730 1382 2800 inquisitione
1419 2732 1486 2785 de
1524 2731 1651 2799 ipsis

114 2812 371 2868 Codicibus
396 2815 550 2879 facta,
579 2816 648 2869 ita
675 2818 872 2886 reperit
897 2818 1023 2871 falsa
1048 2818 1249 2872 noviter
1269 2819 1441 2873 addita
1469 2820 1647 2875 fuisse.

180 2905 268 2957 Die
292 2904 333 2938 α
359 2904 662 2960 duodecima
703 2909 899 2961 mensis
927 2908 969 2938 “
1010 2907 1344 2973 Decembris,
1387 2912 1651 2966 residente

114 2994 304 3061 synodo
336 3010 449 3047 cum
486 2995 602 3063 ejus
642 2996 854 3065 pietate,
892 2998 1121 3064 suscepti
1158 3009 1282 3052 sunt
1320 3000 1465 3054 missi
1504 3003 1649 3057 sedis

112 3084 421 3147 apostolica,
457 3096 511 3138 et
551 3086 804 3152 prmepit
840 3100 930 3140 eos
970 3088 1013 3117 ³⁸
1051 3086 1102 3140 in
1142 3090 1343 3155 synodo
1382 3090 1643 3155 residere;

1752 1933 1991 1987 confiteri
2022 1932 2340 1999 voluntates,
2373 1932 2454 1984 vel
2494 1932 2852 2000 operationes,
2889 1930 2977 1999 qui
3016 1930 3317 1984 nullatenus

1751 2024 1980 2089 audivit,
2011 2028 2103 2078 sed
2146 2024 2316 2092 potius
2353 2036 2522 2091 neque
2549 2038 2703 2075 unam
2724 2063 2737 2085 ,
2768 2037 2937 2090 neque
2965 2020 3097 2076 duas
3129 2021 3181 2076 iit
3211 2026 3318 2074 sal-

1754 2124 1938 2168 vatore
1982 2114 2162 2167 dicere
2211 2111 2392 2164 voluit.
2447 2100 2649 2164 Deinde
2692 2110 2905 2177 protulit
2950 2112 3219 2178 piissimus
3264 2121 3319 2165 et

1750 2205 2117 2259 serenissimus
2156 2204 2401 2272 princeps
2443 2212 2644 2256 tomum
2683 2204 2745 2255 ad
2786 2202 3159 2270 relegandum,
3192 2201 3238 2233 “
3264 2204 3316 2255 in

1751 2309 1906 2361 quem
1949 2308 2139 2347 vanum
2182 2293 2488 2347 haereticum
2534 2293 2725 2361 degtna
2775 2292 2984 2346 Macarii
3034 2299 3148 2345 erat
3189 2305 3317 2344 con-

1750 2386 2043 2451 scriptum,
2090 2392 2142 2436 et
2189 2382 2304 2449 ejus
2351 2397 2508 2435 manu
2554 2380 2939 2449 subscriptum,
2986 2381 3319 2449 apertissime

1753 2487 1910 2526 unam
1942 2476 2257 2525 voluntatem
2299 2471 2348 2523 in
2379 2470 2604 2523 Dnnino
2632 2469 2969 2524 aitirmantis.
3009 2470 3120 2525 Sub
3155 2470 3319 2538 ipsius

1751 2566 2071 2629 scriptione,
2112 2572 2171 2633 et,
2197 2562 2464 2615 Theodori
2500 2559 2915 2630 expatriarcha,
2956 2563 3136 2631 utique
3168 2561 3317 2631 juxta

1750 2669 1869 2706 eum
1915 2663 2150 2705 tenorem
2193 2652 2263 2705 ibi
2312 2652 2633 2721 subscriptio
2675 2660 2809 2705 erat.
2856 2649 2919 2704 Et
2968 2651 3319 2720 interrogatus

1752 2744 2011 2811 Georgius
2042 2740 2358 2810 patriarcha,
2389 2756 2433 2795 at
2463 2758 2580 2796 eam
2616 2743 2769 2797 ﬁdem
2799 2756 2954 2811 quam
2983 2741 3141 2797 docet
3166 2743 3321 2798 sedes

1750 2832 2039 2900 apostolica
2073 2830 2118 2861 "
2150 2820 2487 2896 amplectitur
2511 2830 2659 2897 juxta
2681 2831 2996 2900 scripturam
3035 2833 3319 2887 venerandi

1751 2924 2042 2990 Agathonis
2080 2934 2227 2987 papa:
2262 2935 2355 2973 seu
2383 2928 2686 2974 sanctorum
2724 2936 2786 2975 ac
2814 2922 3190 2977 venerabilium
3223 2923 3321 2976 Pa-

1751 3018 1910 3062 trum.
1950 3009 2047 3073 Qui
2080 3011 2350 3075 respondit
2379 3007 2519 3077 quod
2543 3018 2758 3077 accepta
2797 3008 2831 3061 li
2866 3010 3007 3062 entia
3033 3011 3079 3040 "
3101 3013 3154 3063 iu
3182 3010 3318 3063 scri-

1753 3099 1935 3167 ptione
1965 3113 2081 3167 qua:
2112 3108 2408 3166 opportuna
2446 3108 2599 3152 erant
2636 3100 2997 3168 responderet.
3041 3100 3105 3153 Et
3144 3101 3194 3153 in
3234 3100 3317 3153 bis

113 3185 471 3236 praesentantes
507 3149 679 3230 locum
717 3149 1033 3231 sanctissimi
1071 3193 1135 3233 ac
1174 3149 1466 3234 beatissimi
1506 3149 1642 3249 Ago;
1673 3149 1716 3210 c
1751 3149 2207 3242 die,
2223 3149 3002 3249 li“lt‘ebvr_t;a_r_iViﬁ,‘die

113 3260 273 3315 tbonis
320 3277 481 3329 papas.
528 3264 731 3328 Quibus
768 3266 963 3319 dictum
1000 3278 1083 3320 est
1133 3277 1191 3321 ut
1231 3284 1417 3324 omnes
1460 3269 1641 3331 libros.

110 3365 230 3417 quos
255 3356 442 3407 scirent
460 3352 523 3406 ad
546 3368 759 3408 causam
786 3354 904 3408 lldei
934 3357 1214 3423 pertinere.
1239 3373 1417 3411 coram
1442 3362 1645 3427 synodo

111 3440 411 3496 adducerent
440 3460 453 3493 ε
486 3443 625 3510 quod
664 3454 715 3497 et
754 3444 943 3498 l‘aetutn
982 3454 1081 3499 est.
1118 3444 1182 3498 Et
1212 3458 1393 3499 vocato
1419 3446 1645 3516 Georgio

112 3528 315 3583 diacono
351 3543 401 3585 et
428 3532 835 3600 chartopbylacc
877 3534 1128 3589 Ecclesia:
1166 3534 1645 3605 CouSIantinOpoli-

113 3630 253 3683 ianos,
282 3630 593 3688 praeceptum
620 3629 703 3675 est
732 3621 778 3675 ei
809 3634 864 3675 ut
886 3622 1035 3692 juxta
1061 3640 1244 3680 eorum
1277 3628 1511 3681 notitiam
1540 3626 1643 3682 Co-

108 3708 241 3761 dices
265 3724 324 3762 ex
363 3710 676 3765 bibliotheca
715 3712 963 3768 Ecclesia:
989 3717 1053 3768 ad
1084 3717 1312 3769 medium
1345 3718 1388 3748 ιδ
1418 3719 1642 3771 deduce-

111 3807 209 3862 ret,
248 3809 299 3852 et
330 3800 447 3853 dum
496 3802 705 3856 adducti
749 3814 946 3868 essent,
996 3813 1051 3856 et
1096 3806 1472 3874 relegerentur,
1517 3808 1644 3859 utri-

109 3900 199 3952 que
228 3887 268 3916 "
300 3889 493 3944 similes
530 3893 724 3959 reperti
762 3902 919 3958 sunt,
959 3896 1088 3948 duas
1128 3906 1375 3960 naturas,
1411 3898 1645 3966 duasque

109 3980 411 4043 voluntates.
450 3992 505 4036 et
539 3984 873 4052 operationes
910 3986 963 4041 in
1012 3988 1234 4041 Domino
1270 3987 1396 4042 Jesu
1433 3989 1645 4043 Christo

110 4069 363 4139 habentes.
413 4071 479 4125 Et
520 4073 774 4129 confusus
810 4076 1067 4133 Macarius
1100 4093 1280 4133 coram
1325 4080 1529 4149 synodo
1567 4080 1645 4134 ie-

108 4168 280 4213 ventus
304 4172 381 4215 est
406 4163 650 4217 mendax.
679 4162 832 4219 'l‘unc
861 4166 1130 4221 interdixit
1160 4169 1323 4235 pietas
1346 4167 1647 4238 Augustalis

109 4246 315 4318 ϐροτείο
352 4252 681 4318 patriarcha,
702 4262 759 4309 ut
781 4255 999 4309 minime
1036 4256 1087 4309 in
1120 4257 1353 4311 Ecclesia
1391 4271 1483 4310 sua
1522 4270 1644 4310 sus-

1750 3280 1887 3334 intra
1917 3279 2185 3333 oraculum
2217 3277 2386 3332 sancti
2430 3276 2568 3333 Petri
2594 3278 2727 3332 intra
2755 3279 3004 3347 palatium
3033 3280 3080 3310 "
3107 3288 3317 3334 astante

1750 3370 1795 3400 "
1814 3369 2076 3437 syncleto,
2091 3370 2354 3436 simulque
2369 3377 2423 3422 et
2450 3368 2767 3436 patriarcha,
2796 3368 2995 3437 legatos
3020 3369 3164 3424 sedis
3190 3384 3319 3437 apo-

1747 3462 1947 3515 stolicm
1976 3460 2021 3490 "
2050 3461 2312 3526 suscepit,
2356 3458 2405 3491 ³⁸
2443 3458 2685 3527 relegens
2725 3462 3114 3529 suggestionem
3160 3462 3319 3517 aliam

1751 3564 1846 3617 pro
1877 3564 2059 3604 eorum
2088 3552 2131 3583 “
2161 3548 2618 3604 commendatione
2645 3562 2676 3601 a
2704 3548 3042 3603 sanctissimo
3070 3564 3203 3619 papa
3232 3553 3317 3603 di-

1746 3650 1963 3695 rectam.
2010 3641 2111 3707 Qui
2148 3640 2407 3710 Georgius
2446 3641 2811 3695 sanctissimus
2856 3640 3151 3709 patriarcha
3197 3659 3318 3709 pro.

1748 3732 1919 3784 lessus
1961 3741 2045 3784 est
2088 3746 2153 3785 eo
2191 3731 2277 3785 die
2323 3733 2374 3785 iu
2420 3730 2630 3800 scriptis
2660 3731 2790 3784 duas
2832 3740 3042 3785 naturas
3083 3732 3317 3801 duasque

1745 3822 2042 3874 voluntates
2067 3829 2121 3874 et
2153 3822 2488 3886 Operationes
2519 3823 2567 3871 in
2602 3820 2823 3873 Domino
2861 3819 2982 3872 Jesu
3013 3819 3228 3872 Christo
3255 3834 3317 3873 se

1748 3911 1969 3965 credere
1999 3920 2053 3964 et
2082 3910 2403 3978 prindicare,
2436 3911 2573 3963 sicut
2600 3910 2754 3963 sedes
2784 3910 3074 3975 ap0stolica
3100 3910 3268 3963 credit
3301 3928 3312 3962 :

1748 4000 2201 4055 anathematizauit
2226 4015 2320 4054 eos
2346 4000 2433 4067 qui
2478 4013 2633 4053 unam
2674 4009 2950 4062 naturam,
2994 3999 3317 4053 voluntatem

1748 4101 1803 4145 et
1830 4092 2184 4159 operationem
2216 4092 2265 4144 in
2295 4089 2514 4144 Domino
2540 4090 2665 4144 Jesu
2693 4088 2903 4143 Christo
2933 4089 3135 4143 dicunt.
3204 4089 3210 4096 ’

1820 4179 1917 4234 Die
1961 4180 2207 4248 vigesima
2251 4183 2430 4248 quinta
2480 4182 2680 4236 mensis
2727 4164 2997 4235 Februarii
3050 4181 3314 4234 residente

1749 4268 1955 4337 synodo
1980 4284 2080 4321 una
2107 4283 2223 4321 cum
2259 4267 2345 4335 pio
2376 4270 2610 4336 principe
2636 4270 2899 4337 simulque
2926 4280 2980 4321 et
3020 4269 3200 4336 legatis
3227 4288 3311 4321 se-

107 4338 287 4403 ciperet
313 4340 625 4409 Macariutu,
653 4345 736 4399 vel
764 4344 884 4413 ejus
925 4345 1195 4413 homines,
1227 4346 1546 4401 interdicens
1595 4360 1644 4400 et

1753 4362 1834 4416 dis
1862 4360 2183 4429 apostolicae,
2232 4360 2513 4414 Macarium
2542 4361 2727 4415 adesse
2748 4358 3038 4428 jusserunt.
3087 4360 3150 4414 Et
3188 4359 3308 4413 data

1281 4494 1668 4550 VABIANTES
1708 4490 2103 4548 LECTIONFS.

169 4601 185 4631 ι
212 4587 312 4651 AL,
344 4590 545 4657 patricii
572 4594 803 4660 quinque
829 4603 1117 4659 omnesque
1144 4587 1330 4660 inclyti
1360 4604 1481 4643 cum
1524 4588 1669 4643 omni
1695 4585 1986 4660 sinditico.
2020 4612 2086 4660 -τ
2115 4585 2134 4614 ¹
2165 4583 2290 4636 Cod.
2341 4583 2494 4651 Luc,
2525 4582 2830 4660 synclitiet
2874 4579 3047 4660 habita
3096 4581 3314 4660 inquisi-

108 4664 233 4714 tione
252 4660 315 4712 ab
335 4660 468 4725 ejus,
499 4658 607 4714 etc.
635 4689 703 4701 —
722 4658 753 4691 "
778 4662 883 4723 AL,
915 4658 1080 4725 parte.
1107 4684 1175 4704 --—
1198 4658 1218 4689 ⁵
1238 4658 1472 4725 Al.,ape

1476 4667 1576 4712 rte.
1602 4684 1671 4697 —
1691 4658 1712 4687 '
1738 4656 1845 4717 AL,
1876 4653 2158 4707 auctoritas
2182 4666 2496 4720 expouatur.
2516 4651 2585 4693 -'-
2602 4653 2624 4684 ‘
2646 4652 2775 4706 Cod.
2798 4651 2949 4715 ιιι..
2970 4652 3021 4703 in
3040 4651 3209 4707 toruos
3233 4659 3313 4706 di-

108 4743 289 4783 versos.
327 4720 394 4768 -Ᾰ-
427 4720 590 4787 ΨΜ..
635 4720 1067 4787 aestimaverunt;
1091 4727 1219 4783 Cod.
1264 4720 1425 4792 tu;
1446 4726 1899 4780 existimaverunt.
1938 4752 2009 4763 —-
2042 4722 2065 4753 "
2090 4724 2213 4775 Cod.
2250 4724 2379 4792 Luc.
2401 4732 2459 4792 et
2488 4722 2598 4785 AL,
2627 4720 2728 4792 nisi

2756 4734 2869 4788 per.
2889 4747 2957 4759 --
2972 4720 2993 4752 '
3011 4722 3131 4788 ΑΙ..
3164 4723 3311 4777 libris

109 4800 241 4860 ipsis.
264 4824 331 4837 --
356 4797 398 4826 “
426 4797 535 4859 AL,
566 4786 619 4849 in
648 4798 869 4851 Domino
894 4796 1020 4851 Jesu
1048 4798 1257 4851 Christo
1280 4786 1420 4851 esse.
1439 4823 1506 4834 —
1526 4795 1566 4827 ¹¹
1598 4792 1725 4847 Cod.
1760 4792 1910 4857 Lua,
1941 4792 2154 4860 placuit.
2188 4791 2316 4860 -τ-Αιξ
2343 4790 2452 4860 AL,
2485 4786 2794 4857 praesidens.
2825 4816 2895 4831 --
2923 4787 2968 4821 "
2994 4786 3121 4844 Cod.
3154 4790 3305 4860 Luc,

46 4908 59 4912 _
108 4847 589 4920 ὧῖἆωῖηιιίξ-’ίλ
608 4847 916 4927 Cod.
937 4847 1489 4933 ξίΑἱξΝὸὶᾶιὶἱιὶιὲῑι.
1513 4863 1632 4904 -¹⁵
1677 4865 1781 4927 AL,
1810 4847 2061 4933 synodus.
2092 4886 2159 4899 —
2188 4858 2235 4893 "
2256 4847 2381 4933 Cod.
2409 4847 2561 4926 [ᾇιιὶη
2588 4859 3097 4933 αθιζιιορςθηι-ιιτ.--τ
3125 4861 3168 4892 ³⁷
3196 4847 3305 4923 AL:

108 4934 345 5003 verissimi
374 4935 587 5003 reperti.
605 4926 723 4975 4-"
754 4936 859 4996 AL,
891 4930 989 4999 H;
1023 4926 1155 5003 Cod.
1180 4934 1326 5003 Lam,
1361 4936 1449 4988 ll.
1475 4934 1609 5003 J—"r
1629 4934 1736 4999 AL,
1763 4926 1903 5003 duas
1924 4936 2216 5003 naturas_et
2247 4928 2562 5003 voluntates.
2593 4928 2724 4995 1—"
2740 4928 2851 5003 AL,
2891 4926 3051 5003 dictis
3074 4928 3307 4983 insertis.

109 5004 215 5040 -⁸¹
242 5000 363 5055 Cod.
394 4995 520 5056 bac.
548 5015 600 5056 et
622 5006 727 5068 AL,
756 5018 876 5057 cxx.
906 4995 1178 5056 —'"Cod.
1212 4995 1359 5066 Lael,
1390 5019 1488 5057 una
1517 5013 1572 5058 et
1603 4995 1847 5057 heretica
1875 5001 2117 5068 dogmata
2140 4995 2349 5050 Macarii
2379 5007 2534 5052 erant
2560 4999 2884 5068 conscripta,
2920 5005 2973 5049 et
3001 4995 3117 5063 ejus
3147 5014 3306 5050 manu

109 5071 398 5138 subscripta.
430 5073 537 5133 AL,
566 5072 620 5126 in
644 5088 749 5141 quo
775 5086 877 5127 una
906 5073 1149 5126 voluntas
1177 5081 1234 5123 et
1265 5072 1515 5141 haeretica
1543 5067 2025 5141 dogmataibtacarii
2052 5070 2544 5141 erantconscripta,
2565 5079 2619 5122 et
2644 5067 2944 5141 ejusmanu
2968 5067 3301 5141 subscripta,

112 5149 158 5193 et
186 5132 503 5204 apertissime
527 5132 691 5196 unam
715 5144 1040 5196 voluntatem
1062 5143 1120 5195 in
1154 5141 1375 5193 Domino
1409 5132 1748 5194 aiiirmaiitia.
1792 5140 1918 5193 Post
1954 5138 2131 5205 ipsius
2152 5132 2594 5204 subscriptionem
2633 5142 2688 5189 et
2716 5132 3001 5205 Theodori.
3030 5164 3095 5174 --
3123 5134 3169 5174 ι’
3195 5137 3305 5197 AL,

115 5203 489 5277 amplecteretur
512 5205 658 5275 juxta
685 5211 903 5277 scripta.
931 5239 1000 5250 —
1037 5210 1079 5241 ³⁸
1116 5210 1219 5269 AL.
1246 5209 1298 5262 in
1329 5209 1695 5275 καίρια-’⁸
1719 5210 1823 5269 AL,
1852 5203 2374 5277 astantearAugustus
2405 5205 2559 5277 simul
2586 5214 2641 5257 et
2669 5203 2967 5271 patriarcha
2992 5204 3188 5273 legate“
3273 5232 3307 5244 -

116 5274 258 5339 “AL,
286 5273 531 5333 svntiello.
562 5305 630 5319 -
657 5286 699 5315 ⁸⁷
729 5273 836 5342 AL,
864 5288 1230 5337 susceperunt.
1258 5306 1327 5318 —
1354 5280 1397 5311 ⁸⁸
1427 5273 1537 5341 AL,
1566 5277 1874 5346 relegantea.
1903 5303 1969 5313 —
1994 5274 2038 5306 ³⁸
2064 5276 2171 5341 AL,
2198 5273 2655 5330 condemnatione.

1305 5389 1620 5447 SEVERI.“
1662 5389 1816 5443 BIN"
1858 5387 2086 5444 ΝΟΪΛΕ.

117 5497 377 5553 absolutam
394 5508 583 5557 .—lutsse
632 5507 852 5564 scribit;
903 5500 1138 5554 actiones
1204 5515 1332 5555 vero
1389 5500 1494 5556 illa:
1520 5542 1533 5565 ,
1594 5500 1646 5554 in

119 5568 280 5632 quibus
325 5566 580 5625 Honorius
622 5570 816 5638 dicitur
862 5583 981 5623 esse
1015 5569 1432 5638 condemnatus,
1479 5579 1641 5624 caete-

119 5648 269 5709 faque
292 5647 585 5704 sequentes,
613 5636 793 5696 mense
818 5640 1052 5709 Augusto
1078 5648 1133 5693 et
1174 5636 1470 5708 Septembri
1499 5640 1640 5696 cele-

119 5699 257 5766 δηὶῼ
283 5699 621 5777 reperiuntur.

1828 5507 1854 5535 ι
1884 5498 2135 5566 Sequente
2161 5500 2243 5555 die
2263 5502 2315 5553 in
2340 5500 2519 5554 sedeat
2536 5508 2806 5554 secretam
2828 5490 3295 5565 rraidents'synodo

1749 5578 1854 5623 etc.
1908 5569 2031 5621 Haec
2073 5584 2191 5636 qua
2233 5580 2525 5638 sequuntur
2564 5584 2730 5637 usque
2770 5568 2834 5623 ad
2890 5567 3033 5618 illuni
3084 5568 3293 5630 let-um,

1750 5638 2010 5711 Macarius
2044 5652 2158 5693 vero
2205 5637 2322 5690 cum
2363 5637 2640 5705 suis,etc.,
2674 5639 2807 5707 apud
2863 5637 2990 5689 Acta
3036 5637 3297 5711 synodali:

1750 5707 2132 5763 desiderantur.
