  <div class='ocr_page' id='page_1' title='image "/cluster/home/n/w/nwhite01/storage/ocr_20150623/87-88/uva.x000827073/587.png"; bbox 0 0 3880 6236; ppageno 0'>
   <div class='ocr_carea' id='block_1_1' title="bbox 549 360 679 413">
    <p class='ocr_par' dir='ltr' id='par_1_1' title="bbox 549 360 679 413">
     <span class='ocr_line' id='line_1_1' title="bbox 549 360 679 413; baseline 0 -2"><span class='ocrx_word' id='word_1_1' title='bbox 549 360 679 413; x_wconf 73' lang='lat' dir='ltr'><strong>H59</strong></span> 
     </span>
    </p>
   </div>
   <div class='ocr_carea' id='block_1_2' title="bbox 1540 355 2671 415">
    <p class='ocr_par' dir='ltr' id='par_1_2' title="bbox 1540 355 2671 415">
     <span class='ocr_line' id='line_1_2' title="bbox 1540 355 2671 415; baseline -0.002 -2"><span class='ocrx_word' id='word_1_2' title='bbox 1540 360 1597 413; x_wconf 87' lang='lat' dir='ltr'><strong>S.</strong></span> <span class='ocrx_word' id='word_1_3' title='bbox 1638 358 1915 415; x_wconf 79' lang='lat' dir='ltr'><strong>AGATHO</strong></span> <span class='ocrx_word' id='word_1_4' title='bbox 1951 356 2273 414; x_wconf 77' lang='lat' dir='ltr'><strong>ROMANUS</strong></span> <span class='ocrx_word' id='word_1_5' title='bbox 2314 355 2671 412; x_wconf 79' lang='lat' dir='ltr'><strong>PONTIFEX.</strong></span> 
     </span>
    </p>
   </div>
   <div class='ocr_carea' id='block_1_3' title="bbox 3595 367 3702 420">
    <p class='ocr_par' dir='ltr' id='par_1_3' title="bbox 3595 367 3702 420">
     <span class='ocr_line' id='line_1_3' title="bbox 3595 367 3702 420; baseline 0.019 -2"><span class='ocrx_word' id='word_1_6' title='bbox 3595 367 3702 420; x_wconf 69' lang='grc' dir='ltr'><strong>Η(ἰο</strong></span> 
     </span>
    </p>
   </div>
   <div class='ocr_carea' id='block_1_4' title="bbox 545 465 3702 539">
    <p class='ocr_par' dir='ltr' id='par_1_4' title="bbox 545 465 3702 539">
     <span class='ocr_line' id='line_1_4' title="bbox 545 465 3702 539; baseline 0 -16"><span class='ocrx_word' id='word_1_7' title='bbox 545 489 569 523; x_wconf 85' lang='lat' dir='ltr'><strong>a</strong></span> <span class='ocrx_word' id='word_1_8' title='bbox 601 470 831 539; x_wconf 76' lang='lat' dir='ltr'><strong>principe</strong></span> <span class='ocrx_word' id='word_1_9' title='bbox 860 468 1061 524; x_wconf 87' lang='lat' dir='ltr'><strong>licentia</strong></span> <span class='ocrx_word' id='word_1_10' title='bbox 1092 478 1147 522; x_wconf 91' lang='lat' dir='ltr'><strong>ut</strong></span> <span class='ocrx_word' id='word_1_11' title='bbox 1174 484 1231 523; x_wconf 90' lang='lat' dir='ltr'><strong>se</strong></span> <span class='ocrx_word' id='word_1_12' title='bbox 1270 471 1285 501; x_wconf 85' lang='lat'>&#39;</span> <span class='ocrx_word' id='word_1_13' title='bbox 1326 476 1500 536; x_wconf 83' lang='lat' dir='ltr'><strong>partes</strong></span> <span class='ocrx_word' id='word_1_14' title='bbox 1523 472 1639 536; x_wconf 89' lang='lat' dir='ltr'><strong>quis</strong></span> <span class='ocrx_word' id='word_1_15' title='bbox 1681 470 1731 523; x_wconf 90' lang='lat' dir='ltr'><strong>in</strong></span> <span class='ocrx_word' id='word_1_16' title='bbox 1758 484 1890 537; x_wconf 89' lang='lat' dir='ltr'><strong>quas</strong></span> <span class='ocrx_word' id='word_1_17' title='bbox 1922 470 2077 523; x_wconf 83' lang='lat' dir='ltr'><strong>vellet</strong></span> <span class='ocrx_word' id='word_1_18' title='bbox 2104 472 2151 526; x_wconf 88' lang='lat' dir='ltr'><strong>A</strong></span> <span class='ocrx_word' id='word_1_19' title='bbox 2177 469 2342 521; x_wconf 91' lang='lat' dir='ltr'><strong>cturis</strong></span> <span class='ocrx_word' id='word_1_20' title='bbox 2379 467 2615 521; x_wconf 90' lang='lat' dir='ltr'><strong>ecclesia</strong></span> <span class='ocrx_word' id='word_1_21' title='bbox 2652 466 2675 499; x_wconf 81' lang='grc'><strong><em>⁹</em></strong></span> <span class='ocrx_word' id='word_1_22' title='bbox 2716 465 2908 532; x_wconf 83' lang='lat' dir='ltr'><strong>ﬁguras</strong></span> <span class='ocrx_word' id='word_1_23' title='bbox 2937 479 3117 521; x_wconf 89' lang='lat' dir='ltr'><strong>eorum</strong></span> <span class='ocrx_word' id='word_1_24' title='bbox 3139 507 3154 533; x_wconf 95' lang='lat'><strong>,</strong></span> <span class='ocrx_word' id='word_1_25' title='bbox 3184 478 3277 522; x_wconf 93' lang='lat' dir='ltr'><strong>aut</strong></span> <span class='ocrx_word' id='word_1_26' title='bbox 3318 470 3370 523; x_wconf 95' lang='lat' dir='ltr'><strong>in</strong></span> <span class='ocrx_word' id='word_1_27' title='bbox 3399 469 3609 536; x_wconf 80' lang='lat' dir='ltr'><strong>foribus,</strong></span> <span class='ocrx_word' id='word_1_28' title='bbox 3634 477 3702 529; x_wconf 86' lang='lat' dir='ltr'><strong>ubi</strong></span> 
     </span>
    </p>
   </div>
   <div class='ocr_carea' id='block_1_5' title="bbox 544 557 2085 626">
    <p class='ocr_par' dir='ltr' id='par_1_5' title="bbox 544 557 2085 626">
     <span class='ocr_line' id='line_1_5' title="bbox 544 557 2085 626; baseline 0.003 -19"><span class='ocrx_word' id='word_1_29' title='bbox 544 560 819 621; x_wconf 80' lang='lat' dir='ltr'><strong>divideret,</strong></span> <span class='ocrx_word' id='word_1_30' title='bbox 867 559 1116 626; x_wconf 82' lang='lat' dir='ltr'><strong>Georgius</strong></span> <span class='ocrx_word' id='word_1_31' title='bbox 1164 558 1453 625; x_wconf 76' lang='lat' dir='ltr'><strong>patriarcha</strong></span> <span class='ocrx_word' id='word_1_32' title='bbox 1496 557 1654 624; x_wconf 81' lang='lat' dir='ltr'><strong>regia</strong></span> <span class='ocrx_word' id='word_1_33' title='bbox 1695 557 1921 611; x_wconf 69' lang='lat' dir='ltr'><strong>civitatis</strong></span> <span class='ocrx_word' id='word_1_34' title='bbox 1967 571 2085 611; x_wconf 90' lang='lat' dir='ltr'><strong>cum</strong></span> 
     </span>
    </p>
   </div>
   <div class='ocr_carea' id='block_1_6' title="bbox 546 645 2087 716">
    <p class='ocr_par' dir='ltr' id='par_1_6' title="bbox 546 645 2087 716">
     <span class='ocr_line' id='line_1_6' title="bbox 546 645 2087 716; baseline 0 -17"><span class='ocrx_word' id='word_1_35' title='bbox 546 649 653 701; x_wconf 75' lang='lat' dir='ltr'><strong>suis</strong></span> <span class='ocrx_word' id='word_1_36' title='bbox 696 650 744 700; x_wconf 92' lang='lat' dir='ltr'><strong>in</strong></span> <span class='ocrx_word' id='word_1_37' title='bbox 788 655 960 716; x_wconf 89' lang='lat' dir='ltr'><strong>partes</strong></span> <span class='ocrx_word' id='word_1_38' title='bbox 1006 645 1410 700; x_wconf 78' lang='lat' dir='ltr'><strong>orthodoxorum</strong></span> <span class='ocrx_word' id='word_1_39' title='bbox 1455 647 1617 710; x_wconf 86' lang='lat' dir='ltr'><strong>stetit,</strong></span> <span class='ocrx_word' id='word_1_40' title='bbox 1664 645 1920 700; x_wconf 76' lang='lat' dir='ltr'><strong>Macarius</strong></span> <span class='ocrx_word' id='word_1_41' title='bbox 1960 659 2087 700; x_wconf 77' lang='lat' dir='ltr'><strong>vero</strong></span> 
     </span>
    </p>
   </div>
   <div class='ocr_carea' id='block_1_7' title="bbox 547 733 2089 802">
    <p class='ocr_par' dir='ltr' id='par_1_7' title="bbox 547 733 2089 802">
     <span class='ocr_line' id='line_1_7' title="bbox 547 733 2089 802; baseline 0.002 -18"><span class='ocrx_word' id='word_1_42' title='bbox 547 752 662 787; x_wconf 80' lang='lat' dir='ltr'><strong>cum</strong></span> <span class='ocrx_word' id='word_1_43' title='bbox 694 737 799 789; x_wconf 85' lang='lat' dir='ltr'><strong>suis</strong></span> <span class='ocrx_word' id='word_1_44' title='bbox 830 738 878 788; x_wconf 92' lang='lat' dir='ltr'><strong>in</strong></span> <span class='ocrx_word' id='word_1_45' title='bbox 920 746 1063 802; x_wconf 88' lang='lat' dir='ltr'><strong>parte</strong></span> <span class='ocrx_word' id='word_1_46' title='bbox 1100 736 1197 788; x_wconf 87' lang='lat' dir='ltr'><strong>alia</strong></span> <span class='ocrx_word' id='word_1_47' title='bbox 1242 733 1629 788; x_wconf 85' lang='lat' dir='ltr'><strong>hareticorum.</strong></span> <span class='ocrx_word' id='word_1_48' title='bbox 1673 734 1743 787; x_wconf 84' lang='lat' dir='ltr'><strong>Et</strong></span> <span class='ocrx_word' id='word_1_49' title='bbox 1771 733 2089 788; x_wconf 87' lang='lat' dir='ltr'><strong>deducentes</strong></span> 
     </span>
    </p>
   </div>
   <div class='ocr_carea' id='block_1_8' title="bbox 548 820 2088 889">
    <p class='ocr_par' dir='ltr' id='par_1_8' title="bbox 548 820 2088 889">
     <span class='ocr_line' id='line_1_8' title="bbox 548 820 2088 889; baseline -0.001 -15"><span class='ocrx_word' id='word_1_50' title='bbox 548 824 611 875; x_wconf 88' lang='lat' dir='ltr'><strong>ad</strong></span> <span class='ocrx_word' id='word_1_51' title='bbox 641 824 863 876; x_wconf 88' lang='lat' dir='ltr'><strong>medium</strong></span> <span class='ocrx_word' id='word_1_52' title='bbox 904 821 1281 889; x_wconf 78' lang='lat' dir='ltr'><strong>professionem</strong></span> <span class='ocrx_word' id='word_1_53' title='bbox 1311 821 1517 888; x_wconf 75' lang='lat' dir='ltr'><strong>Georgii</strong></span> <span class='ocrx_word' id='word_1_54' title='bbox 1559 820 1865 886; x_wconf 88' lang='lat' dir='ltr'><strong>patriarcha</strong></span> <span class='ocrx_word' id='word_1_55' title='bbox 1886 861 1902 887; x_wconf 94' lang='lat'><strong>,</strong></span> <span class='ocrx_word' id='word_1_56' title='bbox 1933 834 2088 889; x_wconf 82' lang='lat' dir='ltr'><strong>quam</strong></span> 
     </span>
    </p>
   </div>
   <div class='ocr_carea' id='block_1_9' title="bbox 550 910 2091 980">
    <p class='ocr_par' dir='ltr' id='par_1_9' title="bbox 550 910 2091 980">
     <span class='ocr_line' id='line_1_9' title="bbox 550 910 2091 980; baseline 0.001 -17"><span class='ocrx_word' id='word_1_57' title='bbox 550 914 770 978; x_wconf 76' lang='lat' dir='ltr'><strong>fecerat,</strong></span> <span class='ocrx_word' id='word_1_58' title='bbox 824 917 845 946; x_wconf 81' lang='lat'><strong>’</strong></span> <span class='ocrx_word' id='word_1_59' title='bbox 883 926 1119 980; x_wconf 90' lang='lat' dir='ltr'><strong>porrecta</strong></span> <span class='ocrx_word' id='word_1_60' title='bbox 1163 922 1243 966; x_wconf 85' lang='lat' dir='ltr'><strong>est</strong></span> <span class='ocrx_word' id='word_1_61' title='bbox 1285 912 1504 978; x_wconf 82' lang='lat' dir='ltr'><strong>principi</strong></span> <span class='ocrx_word' id='word_1_62' title='bbox 1550 919 1603 963; x_wconf 91' lang='lat' dir='ltr'><strong>et</strong></span> <span class='ocrx_word' id='word_1_63' title='bbox 1650 910 1834 964; x_wconf 82' lang='lat' dir='ltr'><strong>reiecta</strong></span> <span class='ocrx_word' id='word_1_64' title='bbox 1879 918 1979 965; x_wconf 87' lang='lat' dir='ltr'><strong>est.</strong></span> <span class='ocrx_word' id='word_1_65' title='bbox 2028 912 2091 964; x_wconf 82' lang='lat' dir='ltr'><strong>Et</strong></span> 
     </span>
    </p>
   </div>
   <div class='ocr_carea' id='block_1_10' title="bbox 548 1001 2089 1069">
    <p class='ocr_par' dir='ltr' id='par_1_10' title="bbox 548 1001 2089 1069">
     <span class='ocr_line' id='line_1_10' title="bbox 548 1001 2089 1069; baseline 0 -16"><span class='ocrx_word' id='word_1_66' title='bbox 548 1003 893 1061; x_wconf 84' lang='lat' dir='ltr'><strong>commonitus</strong></span> <span class='ocrx_word' id='word_1_67' title='bbox 938 1003 1321 1069; x_wconf 85' lang='lat' dir='ltr'><strong>suprascriptus</strong></span> <span class='ocrx_word' id='word_1_68' title='bbox 1367 1002 1640 1068; x_wconf 80' lang='lat' dir='ltr'><strong>Macarius,</strong></span> <span class='ocrx_word' id='word_1_69' title='bbox 1685 1001 1807 1067; x_wconf 90' lang='lat' dir='ltr'><strong>quid</strong></span> <span class='ocrx_word' id='word_1_70' title='bbox 1851 1002 2089 1065; x_wconf 87' lang='lat' dir='ltr'><strong>sentiret,</strong></span> 
     </span>
    </p>
   </div>
   <div class='ocr_carea' id='block_1_11' title="bbox 550 1089 2089 1158">
    <p class='ocr_par' dir='ltr' id='par_1_11' title="bbox 550 1089 2089 1158">
     <span class='ocr_line' id='line_1_11' title="bbox 550 1089 2089 1158; baseline 0.003 -21"><span class='ocrx_word' id='word_1_71' title='bbox 550 1091 630 1143; x_wconf 66' lang='lat' dir='ltr'><strong>vel</strong></span> <span class='ocrx_word' id='word_1_72' title='bbox 660 1090 924 1151; x_wconf 73' lang='lat' dir='ltr'><strong>crederet,</strong></span> <span class='ocrx_word' id='word_1_73' title='bbox 970 1092 1234 1158; x_wconf 83' lang='lat' dir='ltr'><strong>respondit</strong></span> <span class='ocrx_word' id='word_1_74' title='bbox 1274 1106 1329 1143; x_wconf 89' lang='lat' dir='ltr'><strong>se</strong></span> <span class='ocrx_word' id='word_1_75' title='bbox 1371 1091 1391 1120; x_wconf 88' lang='grc'>³</span> <span class='ocrx_word' id='word_1_76' title='bbox 1440 1092 1489 1141; x_wconf 90' lang='lat' dir='ltr'><strong>in</strong></span> <span class='ocrx_word' id='word_1_77' title='bbox 1536 1103 1595 1142; x_wconf 90' lang='lat' dir='ltr'><strong>ea</strong></span> <span class='ocrx_word' id='word_1_78' title='bbox 1643 1089 1890 1155; x_wconf 88' lang='lat' dir='ltr'><strong>perﬁdia,</strong></span> <span class='ocrx_word' id='word_1_79' title='bbox 1936 1104 2089 1156; x_wconf 91' lang='lat' dir='ltr'><strong>quam</strong></span> 
     </span>
    </p>
   </div>
   <div class='ocr_carea' id='block_1_12' title="bbox 550 1178 2090 1247">
    <p class='ocr_par' dir='ltr' id='par_1_12' title="bbox 550 1178 2090 1247">
     <span class='ocr_line' id='line_1_12' title="bbox 550 1178 2090 1247; baseline 0.001 -19"><span class='ocrx_word' id='word_1_80' title='bbox 550 1189 672 1232; x_wconf 84' lang='lat' dir='ltr'><strong>ante</strong></span> <span class='ocrx_word' id='word_1_81' title='bbox 719 1188 1073 1247; x_wconf 76' lang='lat' dir='ltr'><strong>proposuerat,</strong></span> <span class='ocrx_word' id='word_1_82' title='bbox 1126 1182 1426 1246; x_wconf 82' lang='lat' dir='ltr'><strong>perdurare,</strong></span> <span class='ocrx_word' id='word_1_83' title='bbox 1473 1189 1525 1233; x_wconf 88' lang='lat' dir='ltr'><strong>et</strong></span> <span class='ocrx_word' id='word_1_84' title='bbox 1570 1178 1864 1232; x_wconf 87' lang='lat' dir='ltr'><strong>nullatenus</strong></span> <span class='ocrx_word' id='word_1_85' title='bbox 1906 1178 2090 1230; x_wconf 91' lang='lat' dir='ltr'><strong>ortho-</strong></span> 
     </span>
    </p>
   </div>
   <div class='ocr_carea' id='block_1_13' title="bbox 552 1271 2091 1339">
    <p class='ocr_par' dir='ltr' id='par_1_13' title="bbox 552 1271 2091 1339">
     <span class='ocr_line' id='line_1_13' title="bbox 552 1271 2091 1339; baseline 0.003 -21"><span class='ocrx_word' id='word_1_86' title='bbox 552 1273 697 1323; x_wconf 73' lang='lat' dir='ltr'><strong>doxa</strong></span> <span class='ocrx_word' id='word_1_87' title='bbox 730 1271 843 1324; x_wconf 87' lang='lat' dir='ltr'><strong>ﬁdei</strong></span> <span class='ocrx_word' id='word_1_88' title='bbox 872 1272 1225 1337; x_wconf 67' lang='lat' dir='ltr'><strong>acquiescere.</strong></span> <span class='ocrx_word' id='word_1_89' title='bbox 1262 1273 1330 1322; x_wconf 70' lang='lat' dir='ltr'><strong>Ea</strong></span> <span class='ocrx_word' id='word_1_90' title='bbox 1364 1272 1487 1322; x_wconf 90' lang='lat' dir='ltr'><strong>hora</strong></span> <span class='ocrx_word' id='word_1_91' title='bbox 1520 1280 1697 1322; x_wconf 88' lang='lat' dir='ltr'><strong>sancta</strong></span> <span class='ocrx_word' id='word_1_92' title='bbox 1727 1273 1958 1339; x_wconf 85' lang='lat' dir='ltr'><strong>synodus</strong></span> <span class='ocrx_word' id='word_1_93' title='bbox 1993 1286 2091 1323; x_wconf 88' lang='lat' dir='ltr'><strong>una</strong></span> 
     </span>
    </p>
   </div>
   <div class='ocr_carea' id='block_1_14' title="bbox 552 1358 2095 1424">
    <p class='ocr_par' dir='ltr' id='par_1_14' title="bbox 552 1358 2095 1424">
     <span class='ocr_line' id='line_1_14' title="bbox 552 1358 2095 1424; baseline 0.002 -17"><span class='ocrx_word' id='word_1_94' title='bbox 552 1374 665 1409; x_wconf 84' lang='lat' dir='ltr'><strong>cum</strong></span> <span class='ocrx_word' id='word_1_95' title='bbox 696 1359 921 1424; x_wconf 82' lang='lat' dir='ltr'><strong>principe</strong></span> <span class='ocrx_word' id='word_1_96' title='bbox 946 1359 1056 1423; x_wconf 80' lang='lat' dir='ltr'><strong>ejus</strong></span> <span class='ocrx_word' id='word_1_97' title='bbox 1082 1360 1309 1409; x_wconf 83' lang='lat' dir='ltr'><strong>orarium</strong></span> <span class='ocrx_word' id='word_1_98' title='bbox 1336 1358 1523 1411; x_wconf 76' lang='lat' dir='ltr'><strong>auferri</strong></span> <span class='ocrx_word' id='word_1_99' title='bbox 1551 1358 1863 1424; x_wconf 67' lang='lat' dir='ltr'><strong>jusserunt‘</strong></span> <span class='ocrx_word' id='word_1_100' title='bbox 1895 1374 1921 1408; x_wconf 88' lang='lat' dir='ltr'><strong>a</strong></span> <span class='ocrx_word' id='word_1_101' title='bbox 1958 1359 2095 1411; x_wconf 90' lang='lat' dir='ltr'><strong>collo</strong></span> 
     </span>
    </p>
   </div>
   <div class='ocr_carea' id='block_1_15' title="bbox 554 1446 2091 1512">
    <p class='ocr_par' dir='ltr' id='par_1_15' title="bbox 554 1446 2091 1512">
     <span class='ocr_line' id='line_1_15' title="bbox 554 1446 2091 1512; baseline 0.003 -17"><span class='ocrx_word' id='word_1_102' title='bbox 554 1447 664 1511; x_wconf 50' lang='lat' dir='ltr'><strong>ejus</strong></span> <span class='ocrx_word' id='word_1_103' title='bbox 694 1456 745 1500; x_wconf 93' lang='lat' dir='ltr'><strong>et</strong></span> <span class='ocrx_word' id='word_1_104' title='bbox 772 1449 1017 1499; x_wconf 79' lang='lat' dir='ltr'><strong>exsiiiens</strong></span> <span class='ocrx_word' id='word_1_105' title='bbox 1049 1446 1266 1498; x_wconf 78' lang='lat' dir='ltr'><strong>Basilius</strong></span> <span class='ocrx_word' id='word_1_106' title='bbox 1302 1447 1574 1512; x_wconf 74' lang='lat' dir='ltr'><strong>episcenos</strong></span> <span class='ocrx_word' id='word_1_107' title='bbox 1602 1446 1863 1498; x_wconf 87' lang='lat' dir='ltr'><strong>Cretensis</strong></span> <span class='ocrx_word' id='word_1_108' title='bbox 1908 1447 2091 1501; x_wconf 86' lang='lat' dir='ltr'><strong>Eccle—</strong></span> 
     </span>
    </p>
   </div>
   <div class='ocr_carea' id='block_1_16' title="bbox 554 1535 2094 1601">
    <p class='ocr_par' dir='ltr' id='par_1_16' title="bbox 554 1535 2094 1601">
     <span class='ocr_line' id='line_1_16' title="bbox 554 1535 2094 1601; baseline 0.003 -16"><span class='ocrx_word' id='word_1_109' title='bbox 554 1538 664 1598; x_wconf 79' lang='lat' dir='ltr'><strong>sia,</strong></span> <span class='ocrx_word' id='word_1_110' title='bbox 698 1536 809 1601; x_wconf 88' lang='lat' dir='ltr'><strong>ejus</strong></span> <span class='ocrx_word' id='word_1_111' title='bbox 836 1537 1064 1587; x_wconf 85' lang='lat' dir='ltr'><strong>orarium</strong></span> <span class='ocrx_word' id='word_1_112' title='bbox 1094 1535 1333 1597; x_wconf 87' lang='lat' dir='ltr'><strong>abstulit;</strong></span> <span class='ocrx_word' id='word_1_113' title='bbox 1365 1546 1417 1588; x_wconf 89' lang='lat' dir='ltr'><strong>et</strong></span> <span class='ocrx_word' id='word_1_114' title='bbox 1446 1537 1945 1588; x_wconf 71' lang='lat' dir='ltr'><strong>anathemati&#39;lantes</strong></span> <span class='ocrx_word' id='word_1_115' title='bbox 1975 1552 2094 1601; x_wconf 89' lang='lat' dir='ltr'><strong>pro-</strong></span> 
     </span>
    </p>
   </div>
   <div class='ocr_carea' id='block_1_17' title="bbox 553 1624 2093 1693">
    <p class='ocr_par' dir='ltr' id='par_1_17' title="bbox 553 1624 2093 1693">
     <span class='ocr_line' id='line_1_17' title="bbox 553 1624 2093 1693; baseline 0.002 -18"><span class='ocrx_word' id='word_1_116' title='bbox 553 1625 788 1688; x_wconf 77' lang='lat' dir='ltr'><strong>iecerunt</strong></span> <span class='ocrx_word' id='word_1_117' title='bbox 825 1640 943 1677; x_wconf 90' lang='lat' dir='ltr'><strong>eum</strong></span> <span class='ocrx_word' id='word_1_118' title='bbox 974 1626 1099 1677; x_wconf 79' lang='lat' dir='ltr'><strong>foris</strong></span> <span class='ocrx_word' id='word_1_119' title='bbox 1137 1626 1420 1693; x_wconf 81' lang='lat' dir='ltr'><strong>synodum,</strong></span> <span class='ocrx_word' id='word_1_120' title='bbox 1465 1624 1721 1691; x_wconf 88' lang='lat' dir='ltr'><strong>simulque</strong></span> <span class='ocrx_word' id='word_1_121' title='bbox 1758 1636 1806 1679; x_wconf 90' lang='lat' dir='ltr'><strong>et</strong></span> <span class='ocrx_word' id='word_1_122' title='bbox 1852 1628 2093 1678; x_wconf 86' lang='lat' dir='ltr'><strong>thronum</strong></span> 
     </span>
    </p>
   </div>
   <div class='ocr_carea' id='block_1_18' title="bbox 504 1712 2093 1783">
    <p class='ocr_par' dir='ltr' id='par_1_18' title="bbox 504 1712 2093 1783">
     <span class='ocr_line' id='line_1_18' title="bbox 504 1712 2093 1783; baseline 0.001 -20"><span class='ocrx_word' id='word_1_123' title='bbox 504 1712 511 1719; x_wconf 78' lang='grc'><em>“</em></span> <span class='ocrx_word' id='word_1_124' title='bbox 558 1715 692 1781; x_wconf 73' lang='lat' dir='ltr'><strong>ejus.</strong></span> <span class='ocrx_word' id='word_1_125' title='bbox 722 1716 1039 1782; x_wconf 82' lang='lat' dir='ltr'><strong>Stephanum</strong></span> <span class='ocrx_word' id='word_1_126' title='bbox 1070 1726 1241 1768; x_wconf 89' lang='lat' dir='ltr'><strong>autem</strong></span> <span class='ocrx_word' id='word_1_127' title='bbox 1269 1715 1577 1783; x_wconf 89' lang='lat' dir='ltr'><strong>discipulum</strong></span> <span class='ocrx_word' id='word_1_128' title='bbox 1605 1715 1718 1782; x_wconf 87' lang='lat' dir='ltr'><strong>ejus</strong></span> <span class='ocrx_word' id='word_1_129' title='bbox 1747 1715 2037 1769; x_wconf 76' lang='lat' dir='ltr'><strong>cervicibus</strong></span> <span class='ocrx_word' id='word_1_130' title='bbox 2066 1730 2093 1765; x_wconf 89' lang='lat' dir='ltr'><strong>a</strong></span> 
     </span>
    </p>
   </div>
   <div class='ocr_carea' id='block_1_19' title="bbox 2185 553 3706 629">
    <p class='ocr_par' dir='ltr' id='par_1_19' title="bbox 2185 553 3706 629">
     <span class='ocr_line' id='line_1_19' title="bbox 2185 553 3706 629; baseline 0.001 -23"><span class='ocrx_word' id='word_1_131' title='bbox 2185 557 2269 606; x_wconf 91' lang='lat' dir='ltr'><strong>uhi</strong></span> <span class='ocrx_word' id='word_1_132' title='bbox 2311 570 2429 608; x_wconf 87' lang='lat' dir='ltr'><strong>esse</strong></span> <span class='ocrx_word' id='word_1_133' title='bbox 2470 564 2712 621; x_wconf 86' lang='lat' dir='ltr'><strong>poterant</strong></span> <span class='ocrx_word' id='word_1_134' title='bbox 2752 553 3073 619; x_wconf 77' lang='lat' dir='ltr'><strong>auferentes,</strong></span> <span class='ocrx_word' id='word_1_135' title='bbox 3117 557 3168 609; x_wconf 90' lang='lat' dir='ltr'><strong>id</strong></span> <span class='ocrx_word' id='word_1_136' title='bbox 3210 566 3311 621; x_wconf 89' lang='lat' dir='ltr'><strong>est,</strong></span> <span class='ocrx_word' id='word_1_137' title='bbox 3357 558 3507 627; x_wconf 84' lang='lat' dir='ltr'><strong>Cyri,</strong></span> <span class='ocrx_word' id='word_1_138' title='bbox 3546 562 3706 629; x_wconf 62' lang='lat' dir='ltr'><strong>Sergia,</strong></span> 
     </span>
    </p>
   </div>
   <div class='ocr_carea' id='block_1_20' title="bbox 2186 642 3704 712">
    <p class='ocr_par' dir='ltr' id='par_1_20' title="bbox 2186 642 3704 712">
     <span class='ocr_line' id='line_1_20' title="bbox 2186 642 3704 712; baseline 0.006 -15"><span class='ocrx_word' id='word_1_139' title='bbox 2186 643 2348 705; x_wconf 87' lang='lat' dir='ltr'><strong>Pauli,</strong></span> <span class='ocrx_word' id='word_1_140' title='bbox 2387 643 2595 711; x_wconf 79' lang='lat' dir='ltr'><strong>l‘yrrui,</strong></span> <span class='ocrx_word' id='word_1_141' title='bbox 2628 642 2790 707; x_wconf 83' lang='lat' dir='ltr'><strong>Petri,</strong></span> <span class='ocrx_word' id='word_1_142' title='bbox 2827 659 2919 708; x_wconf 90' lang='lat' dir='ltr'><strong>per</strong></span> <span class='ocrx_word' id='word_1_143' title='bbox 2941 659 3074 712; x_wconf 89' lang='lat' dir='ltr'><strong>quos</strong></span> <span class='ocrx_word' id='word_1_144' title='bbox 3100 659 3254 699; x_wconf 89' lang='lat' dir='ltr'><strong>error</strong></span> <span class='ocrx_word' id='word_1_145' title='bbox 3280 647 3577 703; x_wconf 79' lang='lat' dir='ltr'><strong>orthodoxa</strong></span> <span class='ocrx_word' id='word_1_146' title='bbox 3603 650 3704 706; x_wconf 85' lang='lat' dir='ltr'><strong>ﬁdei</strong></span> 
     </span>
    </p>
   </div>
   <div class='ocr_carea' id='block_1_21' title="bbox 2186 731 3705 803">
    <p class='ocr_par' dir='ltr' id='par_1_21' title="bbox 2186 731 3705 803">
     <span class='ocr_line' id='line_1_21' title="bbox 2186 731 3705 803; baseline 0.003 -18"><span class='ocrx_word' id='word_1_147' title='bbox 2186 747 2350 800; x_wconf 86' lang='lat' dir='ltr'><strong>usque</strong></span> <span class='ocrx_word' id='word_1_148' title='bbox 2380 746 2517 785; x_wconf 92' lang='lat' dir='ltr'><strong>nunc</strong></span> <span class='ocrx_word' id='word_1_149' title='bbox 2554 731 2595 761; x_wconf 82' lang='lat'><strong>&#39;°</strong></span> <span class='ocrx_word' id='word_1_150' title='bbox 2634 731 2924 799; x_wconf 85' lang='lat' dir='ltr'><strong>pullulavit.</strong></span> <span class='ocrx_word' id='word_1_151' title='bbox 2968 732 3133 786; x_wconf 83' lang='lat' dir='ltr'><strong>Tanta</strong></span> <span class='ocrx_word' id='word_1_152' title='bbox 3162 742 3338 787; x_wconf 91' lang='lat' dir='ltr'><strong>autem</strong></span> <span class='ocrx_word' id='word_1_153' title='bbox 3371 738 3529 803; x_wconf 84' lang='lat' dir='ltr'><strong>gratia</strong></span> <span class='ocrx_word' id='word_1_154' title='bbox 3555 738 3705 792; x_wconf 84' lang='lat' dir='ltr'><strong>divina</strong></span> 
     </span>
    </p>
   </div>
   <div class='ocr_carea' id='block_1_22' title="bbox 2184 819 3708 890">
    <p class='ocr_par' dir='ltr' id='par_1_22' title="bbox 2184 819 3708 890">
     <span class='ocr_line' id='line_1_22' title="bbox 2184 819 3708 890; baseline 0.005 -18"><span class='ocrx_word' id='word_1_155' title='bbox 2184 819 2561 887; x_wconf 85' lang='lat' dir='ltr'><strong>omnipotentis</strong></span> <span class='ocrx_word' id='word_1_156' title='bbox 2587 832 2835 873; x_wconf 89' lang='lat' dir='ltr'><strong>concessa</strong></span> <span class='ocrx_word' id='word_1_157' title='bbox 2861 827 2943 872; x_wconf 87' lang='lat' dir='ltr'><strong>est</strong></span> <span class='ocrx_word' id='word_1_158' title='bbox 2968 820 3141 873; x_wconf 83' lang='lat' dir='ltr'><strong>missis</strong></span> <span class='ocrx_word' id='word_1_159' title='bbox 3169 821 3311 875; x_wconf 86' lang='lat' dir='ltr'><strong>sedis</strong></span> <span class='ocrx_word' id='word_1_160' title='bbox 3338 823 3637 890; x_wconf 80' lang='lat' dir='ltr'><strong>apostolica,</strong></span> <span class='ocrx_word' id='word_1_161' title='bbox 3661 839 3708 880; x_wconf 88' lang='lat' dir='ltr'><strong>ut</strong></span> 
     </span>
    </p>
   </div>
   <div class='ocr_carea' id='block_1_23' title="bbox 2186 907 3707 979">
    <p class='ocr_par' dir='ltr' id='par_1_23' title="bbox 2186 907 3707 979">
     <span class='ocr_line' id='line_1_23' title="bbox 2186 907 3707 979; baseline 0.004 -20"><span class='ocrx_word' id='word_1_162' title='bbox 2186 907 2250 960; x_wconf 92' lang='lat' dir='ltr'><strong>ad</strong></span> <span class='ocrx_word' id='word_1_163' title='bbox 2282 908 2516 961; x_wconf 81' lang='lat' dir='ltr'><strong>latitiam</strong></span> <span class='ocrx_word' id='word_1_164' title='bbox 2549 907 2757 974; x_wconf 89' lang='lat' dir='ltr'><strong>populi,</strong></span> <span class='ocrx_word' id='word_1_165' title='bbox 2792 908 2871 960; x_wconf 91' lang='lat' dir='ltr'><strong>vel</strong></span> <span class='ocrx_word' id='word_1_166' title='bbox 2901 907 3071 961; x_wconf 89' lang='lat' dir='ltr'><strong>sancti</strong></span> <span class='ocrx_word' id='word_1_167' title='bbox 3110 910 3351 974; x_wconf 85' lang='lat' dir='ltr'><strong>concilii,</strong></span> <span class='ocrx_word' id='word_1_168' title='bbox 3383 911 3468 978; x_wconf 92' lang='lat' dir='ltr'><strong>qui</strong></span> <span class='ocrx_word' id='word_1_169' title='bbox 3510 910 3557 963; x_wconf 92' lang='lat' dir='ltr'><strong>in</strong></span> <span class='ocrx_word' id='word_1_170' title='bbox 3592 917 3707 979; x_wconf 71' lang='lat' dir='ltr'><strong>regia</strong></span> 
     </span>
    </p>
   </div>
   <div class='ocr_carea' id='block_1_24' title="bbox 2188 997 3711 1066">
    <p class='ocr_par' dir='ltr' id='par_1_24' title="bbox 2188 997 3711 1066">
     <span class='ocr_line' id='line_1_24' title="bbox 2188 997 3711 1066; baseline 0.003 -17"><span class='ocrx_word' id='word_1_171' title='bbox 2188 1000 2317 1051; x_wconf 82' lang='lat' dir='ltr'><strong>urbe</strong></span> <span class='ocrx_word' id='word_1_172' title='bbox 2352 1007 2504 1052; x_wconf 89' lang='lat' dir='ltr'><strong>erant</strong></span> <span class='ocrx_word' id='word_1_173' title='bbox 2543 997 2776 1052; x_wconf 80' lang='lat' dir='ltr'><strong>Joannes</strong></span> <span class='ocrx_word' id='word_1_174' title='bbox 2802 998 3080 1066; x_wconf 79' lang='lat' dir='ltr'><strong>episeOpus</strong></span> <span class='ocrx_word' id='word_1_175' title='bbox 3116 998 3426 1053; x_wconf 87' lang='lat' dir='ltr'><strong>Portuensis</strong></span> <span class='ocrx_word' id='word_1_176' title='bbox 3455 1002 3490 1030; x_wconf 81' lang='lat'>“</span> <span class='ocrx_word' id='word_1_177' title='bbox 3518 1001 3711 1054; x_wconf 84' lang='lat' dir='ltr'><strong>domini-</strong></span> 
     </span>
    </p>
   </div>
   <div class='ocr_carea' id='block_1_25' title="bbox 2187 1088 3713 1155">
    <p class='ocr_par' dir='ltr' id='par_1_25' title="bbox 2187 1088 3713 1155">
     <span class='ocr_line' id='line_1_25' title="bbox 2187 1088 3713 1155; baseline -0.003 -14"><span class='ocrx_word' id='word_1_178' title='bbox 2187 1102 2367 1141; x_wconf 87' lang='lat' dir='ltr'><strong>corum</strong></span> <span class='ocrx_word' id='word_1_179' title='bbox 2399 1088 2482 1141; x_wconf 89' lang='lat' dir='ltr'><strong>die</strong></span> <span class='ocrx_word' id='word_1_180' title='bbox 2511 1089 2810 1141; x_wconf 87' lang='lat' dir='ltr'><strong>octavorum</strong></span> <span class='ocrx_word' id='word_1_181' title='bbox 2844 1089 3053 1155; x_wconf 87' lang='lat' dir='ltr'><strong>pascha</strong></span> <span class='ocrx_word' id='word_1_182' title='bbox 3093 1088 3143 1142; x_wconf 90' lang='lat' dir='ltr'><strong>in</strong></span> <span class='ocrx_word' id='word_1_183' title='bbox 3182 1090 3409 1143; x_wconf 85' lang='lat' dir='ltr'><strong>ecclesia</strong></span> <span class='ocrx_word' id='word_1_184' title='bbox 3444 1088 3598 1143; x_wconf 82' lang='lat' dir='ltr'><strong>beata</strong></span> <span class='ocrx_word' id='word_1_185' title='bbox 3634 1092 3713 1144; x_wconf 67' lang='lat' dir='ltr'><strong>Su.</strong></span> 
     </span>
    </p>
   </div>
   <div class='ocr_carea' id='block_1_26' title="bbox 2190 1176 3711 1245">
    <p class='ocr_par' dir='ltr' id='par_1_26' title="bbox 2190 1176 3711 1245">
     <span class='ocr_line' id='line_1_26' title="bbox 2190 1176 3711 1245; baseline 0.003 -18"><span class='ocrx_word' id='word_1_186' title='bbox 2190 1176 2324 1244; x_wconf 80' lang='lat' dir='ltr'><strong>phia</strong></span> <span class='ocrx_word' id='word_1_187' title='bbox 2354 1177 2542 1229; x_wconf 78' lang='lat' dir='ltr'><strong>missas</strong></span> <span class='ocrx_word' id='word_1_188' title='bbox 2585 1177 2817 1241; x_wconf 90' lang='lat' dir='ltr'><strong>publicas</strong></span> <span class='ocrx_word' id='word_1_189' title='bbox 2857 1177 3039 1229; x_wconf 82' lang='lat' dir='ltr'><strong>Latine</strong></span> <span class='ocrx_word' id='word_1_190' title='bbox 3068 1178 3362 1231; x_wconf 85' lang='lat' dir='ltr'><strong>celebraret</strong></span> <span class='ocrx_word' id='word_1_191' title='bbox 3389 1192 3557 1231; x_wconf 89' lang='lat' dir='ltr'><strong>coram</strong></span> <span class='ocrx_word' id='word_1_192' title='bbox 3592 1180 3711 1245; x_wconf 64' lang='lat' dir='ltr'><strong>prin.</strong></span> 
     </span>
    </p>
   </div>
   <div class='ocr_carea' id='block_1_27' title="bbox 2191 1266 3712 1335">
    <p class='ocr_par' dir='ltr' id='par_1_27' title="bbox 2191 1266 3712 1335">
     <span class='ocr_line' id='line_1_27' title="bbox 2191 1266 3712 1335; baseline 0.003 -16"><span class='ocrx_word' id='word_1_193' title='bbox 2191 1271 2308 1334; x_wconf 83' lang='lat' dir='ltr'><strong>cipe</strong></span> <span class='ocrx_word' id='word_1_194' title='bbox 2337 1278 2388 1321; x_wconf 89' lang='lat' dir='ltr'><strong>et</strong></span> <span class='ocrx_word' id='word_1_195' title='bbox 2421 1266 2735 1335; x_wconf 76' lang='lat' dir='ltr'><strong>patriarcha,</strong></span> <span class='ocrx_word' id='word_1_196' title='bbox 2769 1274 2824 1319; x_wconf 91' lang='lat' dir='ltr'><strong>ut</strong></span> <span class='ocrx_word' id='word_1_197' title='bbox 2853 1281 3037 1320; x_wconf 85' lang='lat' dir='ltr'><strong>omnes</strong></span> <span class='ocrx_word' id='word_1_198' title='bbox 3064 1267 3378 1320; x_wconf 90' lang='lat' dir='ltr'><strong>unanimiter</strong></span> <span class='ocrx_word' id='word_1_199' title='bbox 3407 1269 3455 1319; x_wconf 91' lang='lat' dir='ltr'><strong>in</strong></span> <span class='ocrx_word' id='word_1_200' title='bbox 3486 1268 3645 1322; x_wconf 88' lang='lat' dir='ltr'><strong>laudes</strong></span> <span class='ocrx_word' id='word_1_201' title='bbox 3669 1281 3712 1323; x_wconf 81' lang='lat' dir='ltr'><strong>et</strong></span> 
     </span>
    </p>
   </div>
   <div class='ocr_carea' id='block_1_28' title="bbox 2194 1355 3713 1423">
    <p class='ocr_par' dir='ltr' id='par_1_28' title="bbox 2194 1355 3713 1423">
     <span class='ocr_line' id='line_1_28' title="bbox 2194 1355 3713 1423; baseline 0.003 -17"><span class='ocrx_word' id='word_1_202' title='bbox 2194 1356 2437 1408; x_wconf 87' lang='lat' dir='ltr'><strong>vietorias</strong></span> <span class='ocrx_word' id='word_1_203' title='bbox 2490 1355 2845 1423; x_wconf 88' lang='lat' dir='ltr'><strong>piissimorum</strong></span> <span class='ocrx_word' id='word_1_204' title='bbox 2872 1356 3270 1420; x_wconf 73' lang='lat' dir='ltr'><strong>imperatorum</strong></span> <span class='ocrx_word' id='word_1_205' title='bbox 3318 1372 3383 1411; x_wconf 90' lang='lat' dir='ltr'><strong>eo</strong></span> <span class='ocrx_word' id='word_1_206' title='bbox 3427 1359 3506 1411; x_wconf 89' lang='lat' dir='ltr'><strong>die</strong></span> <span class='ocrx_word' id='word_1_207' title='bbox 3546 1359 3713 1413; x_wconf 73' lang='lat' dir='ltr'><strong>Latinis</strong></span> 
     </span>
    </p>
   </div>
   <div class='ocr_carea' id='block_1_29' title="bbox 2190 1444 3711 1514">
    <p class='ocr_par' dir='ltr' id='par_1_29' title="bbox 2190 1444 3711 1514">
     <span class='ocr_line' id='line_1_29' title="bbox 2190 1444 3711 1514; baseline 0.001 -18"><span class='ocrx_word' id='word_1_208' title='bbox 2190 1445 2408 1497; x_wconf 82' lang='lat' dir='ltr'><strong>vocibus</strong></span> <span class='ocrx_word' id='word_1_209' title='bbox 2437 1447 2807 1497; x_wconf 84' lang='lat' dir='ltr'><strong>acclamarent.</strong></span> <span class='ocrx_word' id='word_1_210' title='bbox 2836 1444 2928 1497; x_wconf 84' lang='lat' dir='ltr'><strong>llic</strong></span> <span class='ocrx_word' id='word_1_211' title='bbox 2950 1444 3183 1513; x_wconf 87' lang='lat' dir='ltr'><strong>suscepit</strong></span> <span class='ocrx_word' id='word_1_212' title='bbox 3202 1447 3429 1499; x_wconf 80' lang='lat' dir='ltr'><strong>divalem</strong></span> <span class='ocrx_word' id='word_1_213' title='bbox 3458 1449 3711 1514; x_wconf 76' lang='lat' dir='ltr'><strong>jussimiem</strong></span> 
     </span>
    </p>
   </div>
   <div class='ocr_carea' id='block_1_30' title="bbox 2193 1534 3716 1604">
    <p class='ocr_par' dir='ltr' id='par_1_30' title="bbox 2193 1534 3716 1604">
     <span class='ocr_line' id='line_1_30' title="bbox 2193 1534 3716 1604; baseline 0.005 -19"><span class='ocrx_word' id='word_1_214' title='bbox 2193 1534 2481 1586; x_wconf 86' lang='lat' dir='ltr'><strong>secundum</strong></span> <span class='ocrx_word' id='word_1_215' title='bbox 2512 1547 2660 1587; x_wconf 88' lang='lat' dir='ltr'><strong>suam</strong></span> <span class='ocrx_word' id='word_1_216' title='bbox 2697 1535 3131 1602; x_wconf 89' lang='lat' dir='ltr'><strong>postulationem,</strong></span> <span class='ocrx_word' id='word_1_217' title='bbox 3178 1544 3234 1587; x_wconf 93' lang='lat' dir='ltr'><strong>ut</strong></span> <span class='ocrx_word' id='word_1_218' title='bbox 3270 1539 3553 1604; x_wconf 77' lang='lat' dir='ltr'><strong>suggessit;</strong></span> <span class='ocrx_word' id='word_1_219' title='bbox 3595 1551 3613 1576; x_wconf 73' lang='grc' dir='ltr'><strong><em>ο</em></strong></span> <span class='ocrx_word' id='word_1_220' title='bbox 3642 1555 3716 1603; x_wconf 79' lang='lat' dir='ltr'><strong>per</strong></span> 
     </span>
    </p>
   </div>
   <div class='ocr_carea' id='block_1_31' title="bbox 2195 1622 3715 1692">
    <p class='ocr_par' dir='ltr' id='par_1_31' title="bbox 2195 1622 3715 1692">
     <span class='ocr_line' id='line_1_31' title="bbox 2195 1622 3715 1692; baseline 0.006 -22"><span class='ocrx_word' id='word_1_221' title='bbox 2195 1638 2347 1688; x_wconf 84' lang='lat' dir='ltr'><strong>quam</strong></span> <span class='ocrx_word' id='word_1_222' title='bbox 2384 1622 2427 1652; x_wconf 79' lang='grc'>¹¹</span> <span class='ocrx_word' id='word_1_223' title='bbox 2457 1624 2683 1676; x_wconf 84' lang='lat' dir='ltr'><strong>revelata</strong></span> <span class='ocrx_word' id='word_1_224' title='bbox 2715 1636 2795 1679; x_wconf 88' lang='lat' dir='ltr'><strong>est</strong></span> <span class='ocrx_word' id='word_1_225' title='bbox 2823 1624 3119 1692; x_wconf 86' lang='lat' dir='ltr'><strong>quantitas,</strong></span> <span class='ocrx_word' id='word_1_226' title='bbox 3156 1639 3272 1692; x_wconf 86' lang='lat' dir='ltr'><strong>qua</strong></span> <span class='ocrx_word' id='word_1_227' title='bbox 3305 1630 3457 1679; x_wconf 88' lang='lat' dir='ltr'><strong>solita</strong></span> <span class='ocrx_word' id='word_1_228' title='bbox 3489 1636 3594 1679; x_wconf 84' lang='lat' dir='ltr'><strong>erat</strong></span> <span class='ocrx_word' id='word_1_229' title='bbox 3623 1630 3715 1680; x_wconf 85' lang='lat' dir='ltr'><strong>dari</strong></span> 
     </span>
    </p>
   </div>
   <div class='ocr_carea' id='block_1_32' title="bbox 2200 1711 3714 1780">
    <p class='ocr_par' dir='ltr' id='par_1_32' title="bbox 2200 1711 3714 1780">
     <span class='ocr_line' id='line_1_32' title="bbox 2200 1711 3714 1780; baseline 0.007 -25"><span class='ocrx_word' id='word_1_230' title='bbox 2200 1724 2293 1773; x_wconf 74' lang='lat' dir='ltr'><strong>pro</strong></span> <span class='ocrx_word' id='word_1_231' title='bbox 2324 1711 2652 1763; x_wconf 74' lang='lat' dir='ltr'><strong>ordinatione</strong></span> <span class='ocrx_word' id='word_1_232' title='bbox 2684 1712 2944 1775; x_wconf 88' lang='lat' dir='ltr'><strong>pontiﬁcis</strong></span> <span class='ocrx_word' id='word_1_233' title='bbox 2977 1712 3235 1765; x_wconf 81' lang='lat' dir='ltr'><strong>facienda.</strong></span> <span class='ocrx_word' id='word_1_234' title='bbox 3266 1713 3355 1765; x_wconf 84' lang='lat' dir='ltr'><strong>Sic</strong></span> <span class='ocrx_word' id='word_1_235' title='bbox 3384 1723 3577 1780; x_wconf 85' lang='lat' dir='ltr'><strong>tamen,</strong></span> <span class='ocrx_word' id='word_1_236' title='bbox 3607 1728 3654 1767; x_wconf 88' lang='lat' dir='ltr'><strong>ut</strong></span> <span class='ocrx_word' id='word_1_237' title='bbox 3680 1718 3714 1767; x_wconf 87' lang='lat' dir='ltr'><strong>si</strong></span> 
     </span>
    </p>
   </div>
   <div class='ocr_carea' id='block_1_33' title="bbox 558 1792 3715 1871">
    <p class='ocr_par' dir='ltr' id='par_1_33' title="bbox 558 1792 3715 1871">
     <span class='ocr_line' id='line_1_33' title="bbox 558 1792 3715 1871; baseline 0.001 -20"><span class='ocrx_word' id='word_1_238' title='bbox 558 1818 731 1856; x_wconf 77' lang='lat' dir='ltr'><strong>sancta</strong></span> <span class='ocrx_word' id='word_1_239' title='bbox 771 1805 969 1871; x_wconf 84' lang='lat' dir='ltr'><strong>synodo</strong></span> <span class='ocrx_word' id='word_1_240' title='bbox 1008 1804 1177 1857; x_wconf 85' lang='lat' dir='ltr'><strong>clerici</strong></span> <span class='ocrx_word' id='word_1_241' title='bbox 1219 1804 1435 1857; x_wconf 77' lang='lat' dir='ltr'><strong>Romani</strong></span> <span class='ocrx_word' id='word_1_242' title='bbox 1465 1804 1731 1871; x_wconf 81' lang='lat' dir='ltr'><strong>ejicieutes</strong></span> <span class='ocrx_word' id='word_1_243' title='bbox 1766 1806 2095 1869; x_wconf 80' lang='lat' dir='ltr'><strong>expulerunt,</strong></span> <span class='ocrx_word' id='word_1_244' title='bbox 2132 1792 2175 1851; x_wconf 85' lang='grc' dir='ltr'><strong>Β</strong></span> <span class='ocrx_word' id='word_1_245' title='bbox 2203 1797 2477 1864; x_wconf 83' lang='lat' dir='ltr'><strong>contigerit</strong></span> <span class='ocrx_word' id='word_1_246' title='bbox 2515 1806 2631 1864; x_wconf 91' lang='lat' dir='ltr'><strong>post</strong></span> <span class='ocrx_word' id='word_1_247' title='bbox 2668 1798 2781 1865; x_wconf 82' lang='lat' dir='ltr'><strong>ejus</strong></span> <span class='ocrx_word' id='word_1_248' title='bbox 2811 1800 3085 1851; x_wconf 88' lang='lat' dir='ltr'><strong>transitum</strong></span> <span class='ocrx_word' id='word_1_249' title='bbox 3115 1798 3421 1854; x_wconf 86' lang='lat' dir='ltr'><strong>electionem</strong></span> <span class='ocrx_word' id='word_1_250' title='bbox 3463 1803 3590 1861; x_wconf 84' lang='lat' dir='ltr'><strong>ﬁeri,</strong></span> <span class='ocrx_word' id='word_1_251' title='bbox 3630 1820 3715 1855; x_wconf 67' lang='lat' dir='ltr'><strong>nin</strong></span> 
     </span>
    </p>
   </div>
   <div class='ocr_carea' id='block_1_34' title="bbox 564 1894 2100 1959">
    <p class='ocr_par' dir='ltr' id='par_1_34' title="bbox 564 1894 2100 1959">
     <span class='ocr_line' id='line_1_34' title="bbox 564 1894 2100 1959; baseline 0.003 -15"><span class='ocrx_word' id='word_1_252' title='bbox 564 1895 631 1944; x_wconf 63' lang='lat' dir='ltr'><strong>lia</strong></span> <span class='ocrx_word' id='word_1_253' title='bbox 662 1894 784 1945; x_wconf 90' lang='lat' dir='ltr'><strong>hora</strong></span> <span class='ocrx_word' id='word_1_254' title='bbox 825 1902 981 1945; x_wconf 84' lang='lat' dir='ltr'><strong>tanta</strong></span> <span class='ocrx_word' id='word_1_255' title='bbox 1013 1894 1128 1946; x_wconf 90' lang='lat' dir='ltr'><strong>tela</strong></span> <span class='ocrx_word' id='word_1_256' title='bbox 1156 1908 1472 1946; x_wconf 89' lang='lat' dir='ltr'><strong>aranearum</strong></span> <span class='ocrx_word' id='word_1_257' title='bbox 1504 1895 1797 1959; x_wconf 68' lang='lat' dir='ltr'><strong>nigerrima:</strong></span> <span class='ocrx_word' id='word_1_258' title='bbox 1841 1898 1888 1945; x_wconf 90' lang='lat' dir='ltr'><strong>in</strong></span> <span class='ocrx_word' id='word_1_259' title='bbox 1930 1897 2100 1950; x_wconf 83' lang='lat' dir='ltr'><strong>medio</strong></span> 
     </span>
    </p>
   </div>
   <div class='ocr_carea' id='block_1_35' title="bbox 563 1981 2104 2047">
    <p class='ocr_par' dir='ltr' id='par_1_35' title="bbox 563 1981 2104 2047">
     <span class='ocr_line' id='line_1_35' title="bbox 563 1981 2104 2047; baseline 0.005 -19"><span class='ocrx_word' id='word_1_260' title='bbox 563 1981 735 2047; x_wconf 86' lang='lat' dir='ltr'><strong>populi</strong></span> <span class='ocrx_word' id='word_1_261' title='bbox 765 1983 1098 2045; x_wconf 88' lang='lat' dir='ltr'><strong>ceciderunt,</strong></span> <span class='ocrx_word' id='word_1_262' title='bbox 1132 1982 1186 2031; x_wconf 88' lang='lat' dir='ltr'><strong>ut</strong></span> <span class='ocrx_word' id='word_1_263' title='bbox 1215 1994 1397 2032; x_wconf 90' lang='lat' dir='ltr'><strong>omnes</strong></span> <span class='ocrx_word' id='word_1_264' title='bbox 1428 1982 1737 2033; x_wconf 78' lang='lat' dir='ltr'><strong>mirarentur</strong></span> <span class='ocrx_word' id='word_1_265' title='bbox 1774 1995 1833 2032; x_wconf 89' lang='lat' dir='ltr'><strong>ac</strong></span> <span class='ocrx_word' id='word_1_266' title='bbox 1869 1982 2104 2035; x_wconf 87' lang='lat' dir='ltr'><strong>dicerent</strong></span> 
     </span>
    </p>
   </div>
   <div class='ocr_carea' id='block_1_36' title="bbox 561 2068 2104 2135">
    <p class='ocr_par' dir='ltr' id='par_1_36' title="bbox 561 2068 2104 2135">
     <span class='ocr_line' id='line_1_36' title="bbox 561 2068 2104 2135; baseline 0.003 -17"><span class='ocrx_word' id='word_1_267' title='bbox 561 2069 695 2135; x_wconf 88' lang='lat' dir='ltr'><strong>quod</strong></span> <span class='ocrx_word' id='word_1_268' title='bbox 743 2068 921 2121; x_wconf 89' lang='lat' dir='ltr'><strong>sordes</strong></span> <span class='ocrx_word' id='word_1_269' title='bbox 964 2068 1217 2121; x_wconf 83' lang='lat' dir='ltr'><strong>liaresum</strong></span> <span class='ocrx_word' id='word_1_270' title='bbox 1249 2070 1479 2135; x_wconf 70' lang='lat' dir='ltr'><strong>espulstc</strong></span> <span class='ocrx_word' id='word_1_271' title='bbox 1519 2077 1661 2120; x_wconf 88' lang='lat' dir='ltr'><strong>sunt.</strong></span> <span class='ocrx_word' id='word_1_272' title='bbox 1710 2070 1771 2121; x_wconf 80' lang='lat' dir='ltr'><strong>Et</strong></span> <span class='ocrx_word' id='word_1_273' title='bbox 1814 2068 1918 2122; x_wconf 90' lang='lat' dir='ltr'><strong>Deo</strong></span> <span class='ocrx_word' id='word_1_274' title='bbox 1960 2072 2104 2123; x_wconf 79' lang='lat' dir='ltr'><strong>anxi-</strong></span> 
     </span>
    </p>
   </div>
   <div class='ocr_carea' id='block_1_37' title="bbox 563 2155 2101 2211">
    <p class='ocr_par' dir='ltr' id='par_1_37' title="bbox 563 2155 2101 2211">
     <span class='ocr_line' id='line_1_37' title="bbox 563 2155 2101 2211; baseline 0.003 -3"><span class='ocrx_word' id='word_1_275' title='bbox 563 2158 719 2209; x_wconf 87' lang='lat' dir='ltr'><strong>liante</strong></span> <span class='ocrx_word' id='word_1_276' title='bbox 756 2158 910 2210; x_wconf 76' lang='lat' dir='ltr'><strong>unita</strong></span> <span class='ocrx_word' id='word_1_277' title='bbox 938 2168 1056 2209; x_wconf 92' lang='lat' dir='ltr'><strong>sunt</strong></span> <span class='ocrx_word' id='word_1_278' title='bbox 1083 2165 1275 2209; x_wconf 81' lang='lat' dir='ltr'><strong>sancta</strong></span> <span class='ocrx_word' id='word_1_279' title='bbox 1309 2157 1397 2209; x_wconf 89' lang='lat' dir='ltr'><strong>Dei</strong></span> <span class='ocrx_word' id='word_1_280' title='bbox 1440 2155 1703 2210; x_wconf 85' lang='lat' dir='ltr'><strong>Ecclesia.</strong></span> <span class='ocrx_word' id='word_1_281' title='bbox 1747 2156 1801 2209; x_wconf 88' lang='lat' dir='ltr'><strong>In</strong></span> <span class='ocrx_word' id='word_1_282' title='bbox 1833 2158 1948 2210; x_wconf 90' lang='lat' dir='ltr'><strong>loco</strong></span> <span class='ocrx_word' id='word_1_283' title='bbox 1976 2173 2101 2211; x_wconf 86' lang='lat' dir='ltr'><strong>vero</strong></span> 
     </span>
    </p>
   </div>
   <div class='ocr_carea' id='block_1_38' title="bbox 562 2246 2101 2313">
    <p class='ocr_par' dir='ltr' id='par_1_38' title="bbox 562 2246 2101 2313">
     <span class='ocr_line' id='line_1_38' title="bbox 562 2246 2101 2313; baseline 0.002 -16"><span class='ocrx_word' id='word_1_284' title='bbox 562 2246 766 2297; x_wconf 77' lang='lat' dir='ltr'><strong>Macarii</strong></span> <span class='ocrx_word' id='word_1_285' title='bbox 794 2247 1058 2298; x_wconf 90' lang='lat' dir='ltr'><strong>ordinatus</strong></span> <span class='ocrx_word' id='word_1_286' title='bbox 1087 2257 1167 2298; x_wconf 90' lang='lat' dir='ltr'><strong>est</strong></span> <span class='ocrx_word' id='word_1_287' title='bbox 1210 2246 1230 2277; x_wconf 82' lang='grc'>⁸</span> <span class='ocrx_word' id='word_1_288' title='bbox 1268 2246 1563 2313; x_wconf 88' lang='lat' dir='ltr'><strong>Stephanus</strong></span> <span class='ocrx_word' id='word_1_289' title='bbox 1603 2247 1760 2298; x_wconf 87' lang='lat' dir='ltr'><strong>abbas</strong></span> <span class='ocrx_word' id='word_1_290' title='bbox 1798 2248 2101 2301; x_wconf 86' lang='lat' dir='ltr'><strong>monasterii</strong></span> 
     </span>
    </p>
   </div>
   <div class='ocr_carea' id='block_1_39' title="bbox 561 2331 2102 2402">
    <p class='ocr_par' dir='ltr' id='par_1_39' title="bbox 561 2331 2102 2402">
     <span class='ocr_line' id='line_1_39' title="bbox 561 2331 2102 2402; baseline 0.002 -20"><span class='ocrx_word' id='word_1_291' title='bbox 561 2334 698 2399; x_wconf 90' lang='lat' dir='ltr'><strong>quod</strong></span> <span class='ocrx_word' id='word_1_292' title='bbox 723 2332 1011 2400; x_wconf 88' lang='lat' dir='ltr'><strong>appellatur</strong></span> <span class='ocrx_word' id='word_1_293' title='bbox 1042 2332 1063 2361; x_wconf 74' lang='grc'><strong>⁸</strong></span> <span class='ocrx_word' id='word_1_294' title='bbox 1100 2331 1249 2400; x_wconf 83' lang='lat' dir='ltr'><strong>Bajas</strong></span> <span class='ocrx_word' id='word_1_295' title='bbox 1270 2332 1453 2386; x_wconf 84' lang='lat' dir='ltr'><strong>insula</strong></span> <span class='ocrx_word' id='word_1_296' title='bbox 1477 2332 1787 2397; x_wconf 83' lang='lat' dir='ltr'><strong>Siciliensis,</strong></span> <span class='ocrx_word' id='word_1_297' title='bbox 1810 2335 2102 2402; x_wconf 84' lang='lat' dir='ltr'><strong>patriarcha</strong></span> 
     </span>
    </p>
   </div>
   <div class='ocr_carea' id='block_1_40' title="bbox 569 2422 2105 2475">
    <p class='ocr_par' dir='ltr' id='par_1_40' title="bbox 569 2422 2105 2475">
     <span class='ocr_line' id='line_1_40' title="bbox 569 2422 2105 2475; baseline -0.001 -2"><span class='ocrx_word' id='word_1_298' title='bbox 569 2422 813 2474; x_wconf 75' lang='lat' dir='ltr'><strong>Ecclesia</strong></span> <span class='ocrx_word' id='word_1_299' title='bbox 843 2422 1195 2475; x_wconf 80' lang='lat' dir='ltr'><strong>Antiochena.</strong></span> <span class='ocrx_word' id='word_1_300' title='bbox 1244 2422 1497 2475; x_wconf 74' lang='lat' dir='ltr'><strong>Macarius</strong></span> <span class='ocrx_word' id='word_1_301' title='bbox 1526 2437 1652 2475; x_wconf 85' lang='lat' dir='ltr'><strong>vero</strong></span> <span class='ocrx_word' id='word_1_302' title='bbox 1678 2436 1795 2475; x_wconf 91' lang='lat' dir='ltr'><strong>cum</strong></span> <span class='ocrx_word' id='word_1_303' title='bbox 1826 2423 1933 2475; x_wconf 88' lang='lat' dir='ltr'><strong>suis</strong></span> <span class='ocrx_word' id='word_1_304' title='bbox 1960 2437 2105 2473; x_wconf 88' lang='lat' dir='ltr'><strong>ama-</strong></span> 
     </span>
    </p>
   </div>
   <div class='ocr_carea' id='block_1_41' title="bbox 568 2510 2104 2579">
    <p class='ocr_par' dir='ltr' id='par_1_41' title="bbox 568 2510 2104 2579">
     <span class='ocr_line' id='line_1_41' title="bbox 568 2510 2104 2579; baseline 0.004 -20"><span class='ocrx_word' id='word_1_305' title='bbox 568 2510 793 2573; x_wconf 85' lang='lat' dir='ltr'><strong>toribus,</strong></span> <span class='ocrx_word' id='word_1_306' title='bbox 826 2511 874 2562; x_wconf 91' lang='lat' dir='ltr'><strong>id</strong></span> <span class='ocrx_word' id='word_1_307' title='bbox 904 2521 1015 2573; x_wconf 88' lang='lat' dir='ltr'><strong>est,</strong></span> <span class='ocrx_word' id='word_1_308' title='bbox 1046 2511 1333 2578; x_wconf 89' lang='lat' dir='ltr'><strong>Stephano,</strong></span> <span class='ocrx_word' id='word_1_309' title='bbox 1366 2512 1645 2563; x_wconf 81' lang='lat' dir='ltr'><strong>Anastasio</strong></span> <span class='ocrx_word' id='word_1_310' title='bbox 1675 2512 2104 2579; x_wconf 83' lang='lat' dir='ltr'><strong>expresbyteris,</strong></span> 
     </span>
    </p>
   </div>
   <div class='ocr_carea' id='block_1_42' title="bbox 564 2598 2107 2668">
    <p class='ocr_par' dir='ltr' id='par_1_42' title="bbox 564 2598 2107 2668">
     <span class='ocr_line' id='line_1_42' title="bbox 564 2598 2107 2668; baseline 0.004 -20"><span class='ocrx_word' id='word_1_311' title='bbox 564 2609 614 2650; x_wconf 83' lang='lat' dir='ltr'><strong>ct</strong></span> <span class='ocrx_word' id='word_1_312' title='bbox 646 2599 861 2652; x_wconf 84' lang='lat' dir='ltr'><strong>Leontio</strong></span> <span class='ocrx_word' id='word_1_313' title='bbox 886 2600 1194 2663; x_wconf 78' lang='lat' dir='ltr'><strong>exdiacono,</strong></span> <span class='ocrx_word' id='word_1_314' title='bbox 1221 2600 1585 2668; x_wconf 68' lang='lat' dir='ltr'><strong>l’olyclironio,</strong></span> <span class='ocrx_word' id='word_1_315' title='bbox 1620 2598 1911 2667; x_wconf 89' lang='lat' dir='ltr'><strong>Epiphanio</strong></span> <span class='ocrx_word' id='word_1_316' title='bbox 1947 2601 1966 2631; x_wconf 85' lang='grc'><strong>⁷</strong></span> <span class='ocrx_word' id='word_1_317' title='bbox 2010 2615 2107 2654; x_wconf 82' lang='lat' dir='ltr'><strong>ex-</strong></span> 
     </span>
    </p>
   </div>
   <div class='ocr_carea' id='block_1_43' title="bbox 567 2685 2108 2756">
    <p class='ocr_par' dir='ltr' id='par_1_43' title="bbox 567 2685 2108 2756">
     <span class='ocr_line' id='line_1_43' title="bbox 567 2685 2108 2756; baseline 0.005 -22"><span class='ocrx_word' id='word_1_318' title='bbox 567 2689 911 2756; x_wconf 78' lang='lat' dir='ltr'><strong>preshyteris;</strong></span> <span class='ocrx_word' id='word_1_319' title='bbox 960 2698 1013 2740; x_wconf 91' lang='lat' dir='ltr'><strong>et</strong></span> <span class='ocrx_word' id='word_1_320' title='bbox 1054 2686 1266 2741; x_wconf 89' lang='lat' dir='ltr'><strong>inclusis</strong></span> <span class='ocrx_word' id='word_1_321' title='bbox 1306 2696 1328 2722; x_wconf 71' lang='grc' dir='ltr'><strong>ο</strong></span> <span class='ocrx_word' id='word_1_322' title='bbox 1369 2685 1393 2717; x_wconf 83' lang='grc'><strong><em>⁸</em></strong></span> <span class='ocrx_word' id='word_1_323' title='bbox 1422 2689 1471 2739; x_wconf 90' lang='lat' dir='ltr'><strong>in</strong></span> <span class='ocrx_word' id='word_1_324' title='bbox 1503 2687 1685 2740; x_wconf 77' lang='lat' dir='ltr'><strong>exsilio</strong></span> <span class='ocrx_word' id='word_1_325' title='bbox 1727 2688 1776 2740; x_wconf 92' lang='lat' dir='ltr'><strong>in</strong></span> <span class='ocrx_word' id='word_1_326' title='bbox 1821 2688 2108 2742; x_wconf 81' lang='lat' dir='ltr'><strong>Romanam</strong></span> 
     </span>
    </p>
   </div>
   <div class='ocr_carea' id='block_1_44' title="bbox 568 2772 2111 2845">
    <p class='ocr_par' dir='ltr' id='par_1_44' title="bbox 568 2772 2111 2845">
     <span class='ocr_line' id='line_1_44' title="bbox 568 2772 2111 2845; baseline 0.003 -22"><span class='ocrx_word' id='word_1_327' title='bbox 568 2779 747 2828; x_wconf 77' lang='lat' dir='ltr'><strong>directi</strong></span> <span class='ocrx_word' id='word_1_328' title='bbox 778 2786 895 2827; x_wconf 91' lang='lat' dir='ltr'><strong>sunt</strong></span> <span class='ocrx_word' id='word_1_329' title='bbox 920 2774 1202 2829; x_wconf 85' lang='lat' dir='ltr'><strong>civitatem.</strong></span> <span class='ocrx_word' id='word_1_330' title='bbox 1228 2772 1252 2811; x_wconf 75' lang='grc' dir='ltr'>δ</span> <span class='ocrx_word' id='word_1_331' title='bbox 1281 2774 1474 2829; x_wconf 84' lang='lat' dir='ltr'><strong>Deinde</strong></span> <span class='ocrx_word' id='word_1_332' title='bbox 1500 2776 1823 2829; x_wconf 90' lang='lat' dir='ltr'><strong>abstulerunt</strong></span> <span class='ocrx_word' id='word_1_333' title='bbox 1851 2777 1917 2830; x_wconf 91' lang='lat' dir='ltr'><strong>de</strong></span> <span class='ocrx_word' id='word_1_334' title='bbox 1942 2776 2111 2845; x_wconf 85' lang='lat' dir='ltr'><strong>dipty-</strong></span> 
     </span>
    </p>
   </div>
   <div class='ocr_carea' id='block_1_45' title="bbox 567 2862 2109 2931">
    <p class='ocr_par' dir='ltr' id='par_1_45' title="bbox 567 2862 2109 2931">
     <span class='ocr_line' id='line_1_45' title="bbox 567 2862 2109 2931; baseline 0.001 -17"><span class='ocrx_word' id='word_1_335' title='bbox 567 2864 678 2914; x_wconf 68' lang='lat' dir='ltr'><strong>this</strong></span> <span class='ocrx_word' id='word_1_336' title='bbox 718 2864 1050 2917; x_wconf 85' lang='lat' dir='ltr'><strong>ecclesiarum</strong></span> <span class='ocrx_word' id='word_1_337' title='bbox 1090 2862 1294 2918; x_wconf 89' lang='lat' dir='ltr'><strong>nomina</strong></span> <span class='ocrx_word' id='word_1_338' title='bbox 1334 2863 1775 2931; x_wconf 86' lang='lat' dir='ltr'><strong>patriarcharum;</strong></span> <span class='ocrx_word' id='word_1_339' title='bbox 1820 2863 1903 2917; x_wconf 86' lang='lat' dir='ltr'><strong>vel</strong></span> <span class='ocrx_word' id='word_1_340' title='bbox 1932 2862 1999 2916; x_wconf 90' lang='lat' dir='ltr'><strong>de</strong></span> <span class='ocrx_word' id='word_1_341' title='bbox 2030 2864 2109 2931; x_wconf 88' lang='lat' dir='ltr'><strong>pi-</strong></span> 
     </span>
    </p>
   </div>
   <div class='ocr_carea' id='block_1_46' title="bbox 2198 1884 3715 1956">
    <p class='ocr_par' dir='ltr' id='par_1_46' title="bbox 2198 1884 3715 1956">
     <span class='ocr_line' id='line_1_46' title="bbox 2198 1884 3715 1956; baseline 0.006 -21"><span class='ocrx_word' id='word_1_342' title='bbox 2198 1884 2385 1937; x_wconf 82' lang='lat' dir='ltr'><strong>deheat</strong></span> <span class='ocrx_word' id='word_1_343' title='bbox 2412 1885 2641 1939; x_wconf 86' lang='lat' dir='ltr'><strong>ordinari</strong></span> <span class='ocrx_word' id='word_1_344' title='bbox 2671 1887 2757 1952; x_wconf 92' lang='lat' dir='ltr'><strong>qui</strong></span> <span class='ocrx_word' id='word_1_345' title='bbox 2787 1887 2983 1939; x_wconf 91' lang='lat' dir='ltr'><strong>electus</strong></span> <span class='ocrx_word' id='word_1_346' title='bbox 3025 1886 3214 1953; x_wconf 82' lang='lat' dir='ltr'><strong>fuerit,</strong></span> <span class='ocrx_word' id='word_1_347' title='bbox 3257 1889 3356 1942; x_wconf 87' lang='lat' dir='ltr'><strong>nisi</strong></span> <span class='ocrx_word' id='word_1_348' title='bbox 3399 1892 3535 1956; x_wconf 87' lang='lat' dir='ltr'><strong>prius</strong></span> <span class='ocrx_word' id='word_1_349' title='bbox 3557 1892 3715 1944; x_wconf 81' lang='lat' dir='ltr'><strong>decre-</strong></span> 
     </span>
    </p>
   </div>
   <div class='ocr_carea' id='block_1_47' title="bbox 2200 1973 3714 2044">
    <p class='ocr_par' dir='ltr' id='par_1_47' title="bbox 2200 1973 3714 2044">
     <span class='ocr_line' id='line_1_47' title="bbox 2200 1973 3714 2044; baseline 0.005 -21"><span class='ocrx_word' id='word_1_350' title='bbox 2200 1983 2310 2023; x_wconf 89' lang='lat' dir='ltr'><strong>tum</strong></span> <span class='ocrx_word' id='word_1_351' title='bbox 2339 1973 2583 2039; x_wconf 76' lang='lat' dir='ltr'><strong>generale</strong></span> <span class='ocrx_word' id='word_1_352' title='bbox 2626 1973 2987 2027; x_wconf 88' lang='lat' dir='ltr'><strong>introducatur</strong></span> <span class='ocrx_word' id='word_1_353' title='bbox 3028 1975 3077 2029; x_wconf 90' lang='lat' dir='ltr'><strong>in</strong></span> <span class='ocrx_word' id='word_1_354' title='bbox 3109 1977 3304 2044; x_wconf 84' lang='lat' dir='ltr'><strong>regiam</strong></span> <span class='ocrx_word' id='word_1_355' title='bbox 3336 1980 3512 2041; x_wconf 87' lang='lat' dir='ltr'><strong>urbem</strong></span> <span class='ocrx_word' id='word_1_356' title='bbox 3553 1994 3714 2032; x_wconf 85' lang='lat' dir='ltr'><strong>secun-</strong></span> 
     </span>
    </p>
   </div>
   <div class='ocr_carea' id='block_1_48' title="bbox 2198 2060 3717 2129">
    <p class='ocr_par' dir='ltr' id='par_1_48' title="bbox 2198 2060 3717 2129">
     <span class='ocr_line' id='line_1_48' title="bbox 2198 2060 3717 2129; baseline 0.005 -17"><span class='ocrx_word' id='word_1_357' title='bbox 2198 2062 2321 2113; x_wconf 89' lang='lat' dir='ltr'><strong>dum</strong></span> <span class='ocrx_word' id='word_1_358' title='bbox 2373 2060 2639 2129; x_wconf 90' lang='lat' dir='ltr'><strong>antiquam</strong></span> <span class='ocrx_word' id='word_1_359' title='bbox 2692 2064 3162 2129; x_wconf 89' lang='lat' dir='ltr'><strong>consuetudinem,</strong></span> <span class='ocrx_word' id='word_1_360' title='bbox 3217 2074 3270 2118; x_wconf 85' lang='lat' dir='ltr'><strong>et</strong></span> <span class='ocrx_word' id='word_1_361' title='bbox 3313 2081 3430 2119; x_wconf 91' lang='lat' dir='ltr'><strong>cum</strong></span> <span class='ocrx_word' id='word_1_362' title='bbox 3479 2066 3519 2096; x_wconf 81' lang='lat'>”</span> <span class='ocrx_word' id='word_1_363' title='bbox 3562 2083 3717 2120; x_wconf 83' lang='lat' dir='ltr'><strong>eorum</strong></span> 
     </span>
    </p>
   </div>
   <div class='ocr_carea' id='block_1_49' title="bbox 2197 2151 3715 2223">
    <p class='ocr_par' dir='ltr' id='par_1_49' title="bbox 2197 2151 3715 2223">
     <span class='ocr_line' id='line_1_49' title="bbox 2197 2151 3715 2223; baseline 0.003 -20"><span class='ocrx_word' id='word_1_364' title='bbox 2197 2151 2546 2212; x_wconf 89' lang='lat' dir='ltr'><strong>conscientia,</strong></span> <span class='ocrx_word' id='word_1_365' title='bbox 2585 2161 2636 2204; x_wconf 88' lang='lat' dir='ltr'><strong>et</strong></span> <span class='ocrx_word' id='word_1_366' title='bbox 2673 2151 2914 2217; x_wconf 86' lang='lat' dir='ltr'><strong>jussione</strong></span> <span class='ocrx_word' id='word_1_367' title='bbox 2941 2152 3131 2207; x_wconf 87' lang='lat' dir='ltr'><strong>debeat</strong></span> <span class='ocrx_word' id='word_1_368' title='bbox 3154 2154 3417 2208; x_wconf 89' lang='lat' dir='ltr'><strong>ordinatio</strong></span> <span class='ocrx_word' id='word_1_369' title='bbox 3447 2158 3715 2223; x_wconf 77' lang='lat' dir='ltr'><strong>provenire.</strong></span> 
     </span>
    </p>
   </div>
   <div class='ocr_carea' id='block_1_50' title="bbox 2205 2240 3697 2311">
    <p class='ocr_par' dir='ltr' id='par_1_50' title="bbox 2205 2240 3697 2311">
     <span class='ocr_line' id='line_1_50' title="bbox 2205 2240 3697 2311; baseline 0.001 -18"><span class='ocrx_word' id='word_1_370' title='bbox 2205 2241 2298 2293; x_wconf 90' lang='lat' dir='ltr'><strong>llic</strong></span> <span class='ocrx_word' id='word_1_371' title='bbox 2327 2240 2368 2270; x_wconf 79' lang='lat'>“</span> <span class='ocrx_word' id='word_1_372' title='bbox 2393 2240 2588 2293; x_wconf 90' lang='lat' dir='ltr'><strong>dimisit</strong></span> <span class='ocrx_word' id='word_1_373' title='bbox 2617 2241 2759 2294; x_wconf 91' lang='lat' dir='ltr'><strong>omni</strong></span> <span class='ocrx_word' id='word_1_374' title='bbox 2788 2240 2930 2294; x_wconf 86' lang='lat' dir='ltr'><strong>clero</strong></span> <span class='ocrx_word' id='word_1_375' title='bbox 2961 2256 3138 2311; x_wconf 83' lang='lat' dir='ltr'><strong>regam</strong></span> <span class='ocrx_word' id='word_1_376' title='bbox 3180 2257 3334 2295; x_wconf 89' lang='lat' dir='ltr'><strong>uuam</strong></span> <span class='ocrx_word' id='word_1_377' title='bbox 3355 2282 3371 2306; x_wconf 93' lang='lat'><strong>,</strong></span> <span class='ocrx_word' id='word_1_378' title='bbox 3414 2252 3466 2296; x_wconf 91' lang='lat' dir='ltr'><strong>et</strong></span> <span class='ocrx_word' id='word_1_379' title='bbox 3491 2246 3550 2295; x_wconf 87' lang='lat' dir='ltr'><strong>ad</strong></span> <span class='ocrx_word' id='word_1_380' title='bbox 3593 2246 3697 2296; x_wconf 79' lang='lat' dir='ltr'><strong>lium</strong></span> 
     </span>
    </p>
   </div>
   <div class='ocr_carea' id='block_1_51' title="bbox 2205 2328 3699 2396">
    <p class='ocr_par' dir='ltr' id='par_1_51' title="bbox 2205 2328 3699 2396">
     <span class='ocr_line' id='line_1_51' title="bbox 2205 2328 3699 2396; baseline -0.001 -15"><span class='ocrx_word' id='word_1_381' title='bbox 2205 2330 2349 2381; x_wconf 90' lang='lat' dir='ltr'><strong>naria</strong></span> <span class='ocrx_word' id='word_1_382' title='bbox 2378 2328 2755 2394; x_wconf 84' lang='lat' dir='ltr'><strong>apestolorum,</strong></span> <span class='ocrx_word' id='word_1_383' title='bbox 2782 2336 2836 2381; x_wconf 92' lang='lat' dir='ltr'><strong>et</strong></span> <span class='ocrx_word' id='word_1_384' title='bbox 2858 2342 3055 2382; x_wconf 82' lang='lat' dir='ltr'><strong>sancta</strong></span> <span class='ocrx_word' id='word_1_385' title='bbox 3081 2329 3255 2383; x_wconf 75' lang='lat' dir='ltr'><strong>Maria</strong></span> <span class='ocrx_word' id='word_1_386' title='bbox 3280 2329 3345 2383; x_wconf 87' lang='lat' dir='ltr'><strong>ad</strong></span> <span class='ocrx_word' id='word_1_387' title='bbox 3377 2329 3622 2396; x_wconf 80' lang='lat' dir='ltr'><strong>Prasepe,</strong></span> <span class='ocrx_word' id='word_1_388' title='bbox 3648 2350 3699 2385; x_wconf 80' lang='lat' dir='ltr'><strong>so</strong></span> 
     </span>
    </p>
   </div>
   <div class='ocr_carea' id='block_1_52' title="bbox 2206 2416 3719 2486">
    <p class='ocr_par' dir='ltr' id='par_1_52' title="bbox 2206 2416 3719 2486">
     <span class='ocr_line' id='line_1_52' title="bbox 2206 2416 3719 2486; baseline 0.002 -19"><span class='ocrx_word' id='word_1_389' title='bbox 2206 2416 2339 2468; x_wconf 88' lang='lat' dir='ltr'><strong>lidos</strong></span> <span class='ocrx_word' id='word_1_390' title='bbox 2367 2417 2470 2467; x_wconf 89' lang='lat' dir='ltr'><strong>duo</strong></span> <span class='ocrx_word' id='word_1_391' title='bbox 2499 2416 2641 2469; x_wconf 84' lang='lat' dir='ltr'><strong>mille</strong></span> <span class='ocrx_word' id='word_1_392' title='bbox 2669 2416 2709 2445; x_wconf 77' lang='grc'><strong>’⁵</strong></span> <span class='ocrx_word' id='word_1_393' title='bbox 2739 2427 2967 2479; x_wconf 90' lang='lat' dir='ltr'><strong>centum,</strong></span> <span class='ocrx_word' id='word_1_394' title='bbox 3000 2426 3053 2470; x_wconf 90' lang='lat' dir='ltr'><strong>et</strong></span> <span class='ocrx_word' id='word_1_395' title='bbox 3093 2418 3454 2486; x_wconf 86' lang='lat' dir='ltr'><strong>quadraginta.</strong></span> <span class='ocrx_word' id='word_1_396' title='bbox 3487 2418 3620 2473; x_wconf 83' lang='lat' dir='ltr'><strong>Fecit</strong></span> <span class='ocrx_word' id='word_1_397' title='bbox 3644 2439 3719 2470; x_wconf 82' lang='lat' dir='ltr'><strong>au-</strong></span> 
     </span>
    </p>
   </div>
   <div class='ocr_carea' id='block_1_53' title="bbox 2206 2504 3716 2577">
    <p class='ocr_par' dir='ltr' id='par_1_53' title="bbox 2206 2504 3716 2577">
     <span class='ocr_line' id='line_1_53' title="bbox 2206 2504 3716 2577; baseline 0.001 -22"><span class='ocrx_word' id='word_1_398' title='bbox 2206 2512 2308 2557; x_wconf 89' lang='lat' dir='ltr'><strong>tem</strong></span> <span class='ocrx_word' id='word_1_399' title='bbox 2335 2504 2713 2577; x_wconf 87' lang='lat' dir='ltr'><strong>ordinationem</strong></span> <span class='ocrx_word' id='word_1_400' title='bbox 2757 2520 2934 2568; x_wconf 90' lang='lat' dir='ltr'><strong>unam,</strong></span> <span class='ocrx_word' id='word_1_401' title='bbox 2981 2508 3315 2575; x_wconf 85' lang='lat' dir='ltr'><strong>presbyteros</strong></span> <span class='ocrx_word' id='word_1_402' title='bbox 3342 2508 3544 2573; x_wconf 86' lang='lat' dir='ltr'><strong>decem,</strong></span> <span class='ocrx_word' id='word_1_403' title='bbox 3570 2508 3716 2561; x_wconf 61' lang='lat' dir='ltr'><strong>diaco.</strong></span> 
     </span>
    </p>
   </div>
   <div class='ocr_carea' id='block_1_54' title="bbox 2206 2594 3722 2669">
    <p class='ocr_par' dir='ltr' id='par_1_54' title="bbox 2206 2594 3722 2669">
     <span class='ocr_line' id='line_1_54' title="bbox 2206 2594 3722 2669; baseline 0.001 -24"><span class='ocrx_word' id='word_1_404' title='bbox 2206 2607 2301 2646; x_wconf 86' lang='lat' dir='ltr'><strong>nos</strong></span> <span class='ocrx_word' id='word_1_405' title='bbox 2333 2604 2457 2656; x_wconf 90' lang='lat' dir='ltr'><strong>tres,</strong></span> <span class='ocrx_word' id='word_1_406' title='bbox 2489 2594 2763 2669; x_wconf 78' lang='lat' dir='ltr'><strong>episcopos</strong></span> <span class='ocrx_word' id='word_1_407' title='bbox 2794 2608 2885 2661; x_wconf 89' lang='lat' dir='ltr'><strong>per</strong></span> <span class='ocrx_word' id='word_1_408' title='bbox 2914 2594 3118 2648; x_wconf 87' lang='lat' dir='ltr'><strong>diversa</strong></span> <span class='ocrx_word' id='word_1_409' title='bbox 3162 2596 3274 2650; x_wconf 87' lang='lat' dir='ltr'><strong>loca</strong></span> <span class='ocrx_word' id='word_1_410' title='bbox 3320 2612 3534 2651; x_wconf 91' lang='lat' dir='ltr'><strong>numero</strong></span> <span class='ocrx_word' id='word_1_411' title='bbox 3568 2598 3722 2651; x_wconf 70' lang='lat' dir='ltr'><strong>decem</strong></span> 
     </span>
    </p>
   </div>
   <div class='ocr_carea' id='block_1_55' title="bbox 2207 2682 3723 2751">
    <p class='ocr_par' dir='ltr' id='par_1_55' title="bbox 2207 2682 3723 2751">
     <span class='ocr_line' id='line_1_55' title="bbox 2207 2682 3723 2751; baseline 0.002 -15"><span class='ocrx_word' id='word_1_412' title='bbox 2207 2692 2260 2737; x_wconf 87' lang='lat' dir='ltr'><strong>et</strong></span> <span class='ocrx_word' id='word_1_413' title='bbox 2285 2693 2424 2737; x_wconf 84' lang='lat' dir='ltr'><strong>octo.</strong></span> <span class='ocrx_word' id='word_1_414' title='bbox 2457 2682 2553 2747; x_wconf 86' lang='lat' dir='ltr'><strong>Qui</strong></span> <span class='ocrx_word' id='word_1_415' title='bbox 2585 2685 2739 2736; x_wconf 87' lang='lat' dir='ltr'><strong>etiam</strong></span> <span class='ocrx_word' id='word_1_416' title='bbox 2772 2684 3005 2750; x_wconf 90' lang='lat' dir='ltr'><strong>sepultus</strong></span> <span class='ocrx_word' id='word_1_417' title='bbox 3032 2693 3112 2738; x_wconf 82' lang='lat' dir='ltr'><strong>est</strong></span> <span class='ocrx_word' id='word_1_418' title='bbox 3142 2687 3278 2751; x_wconf 91' lang='lat' dir='ltr'><strong>apud</strong></span> <span class='ocrx_word' id='word_1_419' title='bbox 3311 2688 3515 2741; x_wconf 82' lang='lat' dir='ltr'><strong>beatum</strong></span> <span class='ocrx_word' id='word_1_420' title='bbox 3542 2685 3723 2740; x_wconf 79' lang='lat' dir='ltr'><strong>Petrum</strong></span> 
     </span>
    </p>
   </div>
   <div class='ocr_carea' id='block_1_56' title="bbox 2206 2772 3721 2839">
    <p class='ocr_par' dir='ltr' id='par_1_56' title="bbox 2206 2772 3721 2839">
     <span class='ocr_line' id='line_1_56' title="bbox 2206 2772 3721 2839; baseline 0.002 -14"><span class='ocrx_word' id='word_1_421' title='bbox 2206 2773 2497 2839; x_wconf 75' lang='lat' dir='ltr'><strong>apoStolum</strong></span> <span class='ocrx_word' id='word_1_422' title='bbox 2544 2772 2641 2823; x_wconf 87' lang='lat' dir='ltr'><strong>sub</strong></span> <span class='ocrx_word' id='word_1_423' title='bbox 2687 2772 2770 2825; x_wconf 91' lang='lat' dir='ltr'><strong>die</strong></span> <span class='ocrx_word' id='word_1_424' title='bbox 2810 2786 2865 2823; x_wconf 84' lang='lat' dir='ltr'><strong>iv</strong></span> <span class='ocrx_word' id='word_1_425' title='bbox 2912 2772 3029 2824; x_wconf 91' lang='lat' dir='ltr'><strong>Idus</strong></span> <span class='ocrx_word' id='word_1_426' title='bbox 3073 2772 3326 2835; x_wconf 84' lang='lat' dir='ltr'><strong>Januarii,</strong></span> <span class='ocrx_word' id='word_1_427' title='bbox 3368 2784 3423 2827; x_wconf 90' lang='lat' dir='ltr'><strong>et</strong></span> <span class='ocrx_word' id='word_1_428' title='bbox 3463 2780 3489 2819; x_wconf 86' lang='lat' dir='ltr'><strong>d</strong></span> <span class='ocrx_word' id='word_1_429' title='bbox 3532 2776 3721 2828; x_wconf 77' lang='lat' dir='ltr'><strong>cessaiit</strong></span> 
     </span>
    </p>
   </div>
   <div class='ocr_carea' id='block_1_57' title="bbox 2210 2863 3549 2930">
    <p class='ocr_par' dir='ltr' id='par_1_57' title="bbox 2210 2863 3549 2930">
     <span class='ocr_line' id='line_1_57' title="bbox 2210 2863 3549 2930; baseline 0.001 -15"><span class='ocrx_word' id='word_1_430' title='bbox 2210 2863 2541 2930; x_wconf 87' lang='lat' dir='ltr'><strong>episcopatus</strong></span> <span class='ocrx_word' id='word_1_431' title='bbox 2568 2876 2759 2915; x_wconf 90' lang='lat' dir='ltr'><strong>annum</strong></span> <span class='ocrx_word' id='word_1_432' title='bbox 2791 2877 2971 2926; x_wconf 91' lang='lat' dir='ltr'><strong>unum,</strong></span> <span class='ocrx_word' id='word_1_433' title='bbox 3000 2878 3208 2918; x_wconf 88' lang='lat' dir='ltr'><strong>menses</strong></span> <span class='ocrx_word' id='word_1_434' title='bbox 3238 2878 3329 2929; x_wconf 83' lang='lat' dir='ltr'><strong>vn,</strong></span> <span class='ocrx_word' id='word_1_435' title='bbox 3360 2864 3476 2918; x_wconf 89' lang='lat' dir='ltr'><strong>dies</strong></span> <span class='ocrx_word' id='word_1_436' title='bbox 3502 2880 3549 2917; x_wconf 74' lang='grc' dir='ltr'><strong>ν.</strong></span> 
     </span>
    </p>
   </div>
   <div class='ocr_carea' id='block_1_58' title="bbox 1748 2994 2569 3051">
    <p class='ocr_par' dir='ltr' id='par_1_58' title="bbox 1748 2994 2569 3051">
     <span class='ocr_line' id='line_1_58' title="bbox 1748 2994 2569 3051; baseline 0.001 -3"><span class='ocrx_word' id='word_1_437' title='bbox 1748 2994 2135 3051; x_wconf 79' lang='lat' dir='ltr'><strong>VARIANTES</strong></span> <span class='ocrx_word' id='word_1_438' title='bbox 2173 2996 2569 3051; x_wconf 82' lang='lat' dir='ltr'><strong>LECTIONES.</strong></span> 
     </span>
    </p>
   </div>
   <div class='ocr_carea' id='block_1_59' title="bbox 636 3056 3725 3157">
    <p class='ocr_par' dir='ltr' id='par_1_59' title="bbox 636 3056 3725 3157">
     <span class='ocr_line' id='line_1_59' title="bbox 636 3056 3725 3157; baseline 0 -19"><span class='ocrx_word' id='word_1_439' title='bbox 636 3117 704 3125; x_wconf 89' lang='lat'><strong>——</strong></span> <span class='ocrx_word' id='word_1_440' title='bbox 729 3092 740 3117; x_wconf 66' lang='grc' dir='ltr'><strong><em>ι</em></strong></span> <span class='ocrx_word' id='word_1_441' title='bbox 769 3056 872 3147; x_wconf 67' lang='grc' dir='ltr'><strong>Δί..</strong></span> <span class='ocrx_word' id='word_1_442' title='bbox 898 3088 947 3138; x_wconf 83' lang='grc' dir='ltr'><strong>ἱη</strong></span> <span class='ocrx_word' id='word_1_443' title='bbox 973 3096 1170 3157; x_wconf 87' lang='lat' dir='ltr'><strong>partem</strong></span> <span class='ocrx_word' id='word_1_444' title='bbox 1198 3102 1353 3157; x_wconf 91' lang='lat' dir='ltr'><strong>quam</strong></span> <span class='ocrx_word' id='word_1_445' title='bbox 1376 3087 1461 3150; x_wconf 90' lang='lat' dir='ltr'><strong>qui</strong></span> <span class='ocrx_word' id='word_1_446' title='bbox 1492 3088 1665 3141; x_wconf 85' lang='lat' dir='ltr'><strong>vellet.</strong></span> <span class='ocrx_word' id='word_1_447' title='bbox 1694 3115 1764 3157; x_wconf 48' lang='grc' dir='ltr'><strong>-ή</strong></span> <span class='ocrx_word' id='word_1_448' title='bbox 1792 3088 2030 3157; x_wconf 45' lang='grc' dir='ltr'><strong>[Αιη-ει</strong></span> <span class='ocrx_word' id='word_1_449' title='bbox 2073 3099 2436 3157; x_wconf 71' lang='lat' dir='ltr'><strong>porrexerunt.</strong></span> <span class='ocrx_word' id='word_1_450' title='bbox 2466 3118 2531 3125; x_wconf 94' lang='lat'><strong>—</strong></span> <span class='ocrx_word' id='word_1_451' title='bbox 2564 3088 2583 3157; x_wconf 62' lang='grc' dir='ltr'><strong>ξ</strong></span> <span class='ocrx_word' id='word_1_452' title='bbox 2612 3087 2731 3157; x_wconf 76' lang='lat' dir='ltr'><strong>AL,</strong></span> <span class='ocrx_word' id='word_1_453' title='bbox 2762 3088 2815 3139; x_wconf 90' lang='lat' dir='ltr'><strong>in</strong></span> <span class='ocrx_word' id='word_1_454' title='bbox 2851 3090 3055 3141; x_wconf 88' lang='lat' dir='ltr'><strong>eadem.</strong></span> <span class='ocrx_word' id='word_1_455' title='bbox 3083 3116 3151 3126; x_wconf 92' lang='lat'><strong>—</strong></span> <span class='ocrx_word' id='word_1_456' title='bbox 3180 3090 3199 3117; x_wconf 69' lang='grc'><strong>³</strong></span> <span class='ocrx_word' id='word_1_457' title='bbox 3228 3087 3352 3141; x_wconf 88' lang='lat' dir='ltr'><strong>Cod.</strong></span> <span class='ocrx_word' id='word_1_458' title='bbox 3388 3088 3531 3152; x_wconf 64' lang='grc' dir='ltr'><strong>ινα,</strong></span> <span class='ocrx_word' id='word_1_459' title='bbox 3559 3103 3585 3139; x_wconf 86' lang='lat' dir='ltr'><strong>a</strong></span> <span class='ocrx_word' id='word_1_460' title='bbox 3612 3089 3725 3140; x_wconf 89' lang='lat' dir='ltr'><strong>collo</strong></span> 
     </span>
    </p>
   </div>
   <div class='ocr_carea' id='block_1_60' title="bbox 569 3154 3723 3222">
    <p class='ocr_par' dir='ltr' id='par_1_60' title="bbox 569 3154 3723 3222">
     <span class='ocr_line' id='line_1_60' title="bbox 569 3154 3723 3222; baseline 0 -17"><span class='ocrx_word' id='word_1_461' title='bbox 569 3158 681 3221; x_wconf 71' lang='lat' dir='ltr'><strong>ejus</strong></span> <span class='ocrx_word' id='word_1_462' title='bbox 720 3158 873 3207; x_wconf 77' lang='lat' dir='ltr'><strong>deest.</strong></span> <span class='ocrx_word' id='word_1_463' title='bbox 928 3185 995 3193; x_wconf 91' lang='lat'><strong>——</strong></span> <span class='ocrx_word' id='word_1_464' title='bbox 1033 3156 1052 3185; x_wconf 82' lang='lat'><em>&quot;</em></span> <span class='ocrx_word' id='word_1_465' title='bbox 1082 3156 1195 3216; x_wconf 81' lang='lat' dir='ltr'><strong>AL.</strong></span> <span class='ocrx_word' id='word_1_466' title='bbox 1217 3154 1611 3222; x_wconf 49' lang='lat' dir='ltr'><strong>&quot;l&#39;heophanius.</strong></span> <span class='ocrx_word' id='word_1_467' title='bbox 1653 3184 1721 3195; x_wconf 91' lang='lat'><strong>——</strong></span> <span class='ocrx_word' id='word_1_468' title='bbox 1750 3156 1769 3185; x_wconf 86' lang='grc'>⁶</span> <span class='ocrx_word' id='word_1_469' title='bbox 1797 3154 1922 3207; x_wconf 85' lang='lat' dir='ltr'><strong>Cod.</strong></span> <span class='ocrx_word' id='word_1_470' title='bbox 1956 3155 2103 3218; x_wconf 62' lang='lat' dir='ltr'><strong>Lua,</strong></span> <span class='ocrx_word' id='word_1_471' title='bbox 2152 3156 2350 3218; x_wconf 76' lang='lat' dir='ltr'><strong>Pagias.</strong></span> <span class='ocrx_word' id='word_1_472' title='bbox 2398 3186 2463 3193; x_wconf 53' lang='grc' dir='ltr'><strong>-η</strong></span> <span class='ocrx_word' id='word_1_473' title='bbox 2501 3158 2517 3184; x_wconf 86' lang='grc'><strong>⁷</strong></span> <span class='ocrx_word' id='word_1_474' title='bbox 2549 3156 2671 3208; x_wconf 64' lang='lat' dir='ltr'><strong>Cod.</strong></span> <span class='ocrx_word' id='word_1_475' title='bbox 2708 3156 2855 3219; x_wconf 56' lang='lat' dir='ltr'><strong>Lua,</strong></span> <span class='ocrx_word' id='word_1_476' title='bbox 2888 3158 3181 3209; x_wconf 69' lang='lat' dir='ltr'><strong>Anastasio.</strong></span> <span class='ocrx_word' id='word_1_477' title='bbox 3225 3185 3293 3196; x_wconf 89' lang='lat'><strong><em>—</em></strong></span> <span class='ocrx_word' id='word_1_478' title='bbox 3332 3162 3351 3185; x_wconf 76' lang='lat'><strong>&quot;</strong></span> <span class='ocrx_word' id='word_1_479' title='bbox 3382 3159 3461 3209; x_wconf 83' lang='lat' dir='ltr'><strong>AL</strong></span> <span class='ocrx_word' id='word_1_480' title='bbox 3483 3201 3496 3219; x_wconf 77' lang='grc'>,</span> <span class='ocrx_word' id='word_1_481' title='bbox 3537 3162 3650 3209; x_wconf 85' lang='lat' dir='ltr'><strong>trusi</strong></span> <span class='ocrx_word' id='word_1_482' title='bbox 3682 3161 3723 3208; x_wconf 88' lang='lat' dir='ltr'><strong>iu</strong></span> 
     </span>
    </p>
   </div>
   <div class='ocr_carea' id='block_1_61' title="bbox 572 3224 1967 3287">
    <p class='ocr_par' dir='ltr' id='par_1_61' title="bbox 572 3224 1967 3287">
     <span class='ocr_line' id='line_1_61' title="bbox 572 3224 1967 3287; baseline 0.002 -14"><span class='ocrx_word' id='word_1_483' title='bbox 572 3226 835 3276; x_wconf 70' lang='lat' dir='ltr'><strong>msilium.</strong></span> <span class='ocrx_word' id='word_1_484' title='bbox 889 3251 961 3264; x_wconf 91' lang='lat'><strong>—</strong></span> <span class='ocrx_word' id='word_1_485' title='bbox 1014 3226 1034 3255; x_wconf 79' lang='grc'><strong>⁹</strong></span> <span class='ocrx_word' id='word_1_486' title='bbox 1062 3225 1185 3275; x_wconf 79' lang='lat' dir='ltr'><strong>Cod.</strong></span> <span class='ocrx_word' id='word_1_487' title='bbox 1214 3224 1360 3287; x_wconf 61' lang='lat' dir='ltr'><strong>Lua,</strong></span> <span class='ocrx_word' id='word_1_488' title='bbox 1392 3228 1580 3287; x_wconf 74' lang='lat' dir='ltr'><strong>ﬁguras</strong></span> <span class='ocrx_word' id='word_1_489' title='bbox 1607 3239 1785 3277; x_wconf 81' lang='lat' dir='ltr'><strong>eorum</strong></span> <span class='ocrx_word' id='word_1_490' title='bbox 1818 3226 1967 3276; x_wconf 74' lang='lat' dir='ltr'><strong>deest.</strong></span> 
     </span>
    </p>
   </div>
   <div class='ocr_carea' id='block_1_62' title="bbox 2015 3224 3722 3289">
    <p class='ocr_par' dir='ltr' id='par_1_62' title="bbox 2015 3224 3722 3289">
     <span class='ocr_line' id='line_1_62' title="bbox 2015 3224 3722 3289; baseline 0.002 -17"><span class='ocrx_word' id='word_1_491' title='bbox 2015 3255 2083 3264; x_wconf 92' lang='grc'><strong>--</strong></span> <span class='ocrx_word' id='word_1_492' title='bbox 2116 3224 2157 3253; x_wconf 87' lang='grc'><strong>¹⁰</strong></span> <span class='ocrx_word' id='word_1_493' title='bbox 2185 3225 2287 3285; x_wconf 75' lang='lat' dir='ltr'><strong>AL,</strong></span> <span class='ocrx_word' id='word_1_494' title='bbox 2322 3226 2679 3289; x_wconf 69' lang='lat' dir='ltr'><strong>pullulavurat.</strong></span> <span class='ocrx_word' id='word_1_495' title='bbox 2731 3255 2794 3263; x_wconf 89' lang='lat'><strong>—-</strong></span> <span class='ocrx_word' id='word_1_496' title='bbox 2826 3236 2859 3264; x_wconf 64' lang='grc' dir='ltr'><strong>ιι</strong></span> <span class='ocrx_word' id='word_1_497' title='bbox 2893 3229 2999 3285; x_wconf 75' lang='grc' dir='ltr'><strong>Αἰ..</strong></span> <span class='ocrx_word' id='word_1_498' title='bbox 3022 3226 3286 3278; x_wconf 88' lang='lat' dir='ltr'><strong>dominico</strong></span> <span class='ocrx_word' id='word_1_499' title='bbox 3312 3228 3398 3279; x_wconf 88' lang='lat' dir='ltr'><strong>die</strong></span> <span class='ocrx_word' id='word_1_500' title='bbox 3450 3227 3641 3279; x_wconf 78' lang='lat' dir='ltr'><strong>Pascha</strong></span> <span class='ocrx_word' id='word_1_501' title='bbox 3682 3230 3722 3275; x_wconf 81' lang='lat' dir='ltr'><strong>in</strong></span> 
     </span>
    </p>
   </div>
   <div class='ocr_carea' id='block_1_63' title="bbox 570 3291 3722 3362">
    <p class='ocr_par' dir='ltr' id='par_1_63' title="bbox 570 3291 3722 3362">
     <span class='ocr_line' id='line_1_63' title="bbox 570 3291 3722 3362; baseline 0 -17"><span class='ocrx_word' id='word_1_502' title='bbox 570 3296 809 3345; x_wconf 69' lang='lat' dir='ltr'><strong>ecclesia.</strong></span> <span class='ocrx_word' id='word_1_503' title='bbox 831 3320 898 3331; x_wconf 91' lang='lat'><strong>—-</strong></span> <span class='ocrx_word' id='word_1_504' title='bbox 919 3295 959 3330; x_wconf 74' lang='grc' dir='ltr'>ι’</span> <span class='ocrx_word' id='word_1_505' title='bbox 980 3291 1105 3346; x_wconf 85' lang='lat' dir='ltr'><strong>Cod.</strong></span> <span class='ocrx_word' id='word_1_506' title='bbox 1134 3293 1278 3357; x_wconf 85' lang='lat' dir='ltr'><strong>Luc.,</strong></span> <span class='ocrx_word' id='word_1_507' title='bbox 1310 3295 1573 3359; x_wconf 67' lang='lat' dir='ltr'><strong>revelata;</strong></span> <span class='ocrx_word' id='word_1_508' title='bbox 1601 3294 1706 3359; x_wconf 81' lang='lat' dir='ltr'><strong>AL,</strong></span> <span class='ocrx_word' id='word_1_509' title='bbox 1734 3296 1978 3362; x_wconf 77' lang='lat' dir='ltr'><strong>relegata.</strong></span> <span class='ocrx_word' id='word_1_510' title='bbox 2003 3321 2070 3331; x_wconf 87' lang='lat'><strong>--</strong></span> <span class='ocrx_word' id='word_1_511' title='bbox 2094 3292 2136 3321; x_wconf 68' lang='grc'><strong>’³</strong></span> <span class='ocrx_word' id='word_1_512' title='bbox 2157 3294 2263 3356; x_wconf 78' lang='lat' dir='ltr'><strong>AL,</strong></span> <span class='ocrx_word' id='word_1_513' title='bbox 2286 3294 2399 3359; x_wconf 84' lang='lat' dir='ltr'><strong>ejus</strong></span> <span class='ocrx_word' id='word_1_514' title='bbox 2420 3296 2769 3361; x_wconf 73' lang='lat' dir='ltr'><strong>imperatoria.</strong></span> <span class='ocrx_word' id='word_1_515' title='bbox 2797 3324 2864 3337; x_wconf 89' lang='lat'>—</span> <span class='ocrx_word' id='word_1_516' title='bbox 2890 3296 2930 3325; x_wconf 75' lang='lat'><em>“</em></span> <span class='ocrx_word' id='word_1_517' title='bbox 2952 3298 3059 3359; x_wconf 82' lang='lat' dir='ltr'><strong>AL,</strong></span> <span class='ocrx_word' id='word_1_518' title='bbox 3083 3295 3277 3349; x_wconf 86' lang='lat' dir='ltr'><strong>divisit.</strong></span> <span class='ocrx_word' id='word_1_519' title='bbox 3302 3324 3370 3335; x_wconf 85' lang='lat'><strong>——</strong></span> <span class='ocrx_word' id='word_1_520' title='bbox 3393 3298 3435 3326; x_wconf 76' lang='lat'>”</span> <span class='ocrx_word' id='word_1_521' title='bbox 3458 3298 3573 3349; x_wconf 76' lang='lat' dir='ltr'><strong>Cod.</strong></span> <span class='ocrx_word' id='word_1_522' title='bbox 3599 3297 3722 3357; x_wconf 66' lang='lat' dir='ltr'><strong>Lm,</strong></span> 
     </span>
    </p>
   </div>
   <div class='ocr_carea' id='block_1_64' title="bbox 572 3363 877 3427">
    <p class='ocr_par' dir='ltr' id='par_1_64' title="bbox 572 3363 877 3427">
     <span class='ocr_line' id='line_1_64' title="bbox 572 3363 877 3427; baseline 0.013 -16"><span class='ocrx_word' id='word_1_523' title='bbox 572 3376 614 3412; x_wconf 68' lang='lat' dir='ltr'><strong>ut</strong></span> <span class='ocrx_word' id='word_1_524' title='bbox 639 3363 739 3427; x_wconf 73' lang='lat' dir='ltr'><strong>AL,</strong></span> <span class='ocrx_word' id='word_1_525' title='bbox 762 3377 877 3415; x_wconf 80' lang='lat' dir='ltr'><strong>cu.</strong></span> 
     </span>
    </p>
   </div>
   <div class='ocr_carea' id='block_1_65' title="bbox 1793 3471 2558 3547">
    <p class='ocr_par' dir='ltr' id='par_1_65' title="bbox 1793 3471 2558 3547">
     <span class='ocr_line' id='line_1_65' title="bbox 1793 3471 2558 3547; baseline 0.001 -21"><span class='ocrx_word' id='word_1_526' title='bbox 1793 3471 2103 3547; x_wconf 34' lang='lat' dir='ltr'><strong>SEV&#39;ERINI</strong></span> <span class='ocrx_word' id='word_1_527' title='bbox 2146 3472 2296 3525; x_wconf 79' lang='lat' dir='ltr'><strong>BINll</strong></span> <span class='ocrx_word' id='word_1_528' title='bbox 2340 3472 2558 3527; x_wconf 68' lang='lat' dir='ltr'><strong>NOTAE.</strong></span> 
     </span>
    </p>
   </div>
   <div class='ocr_carea' id='block_1_66' title="bbox 644 3580 3722 3654">
    <p class='ocr_par' dir='ltr' id='par_1_66' title="bbox 644 3580 3722 3654">
     <span class='ocr_line' id='line_1_66' title="bbox 644 3580 3722 3654; baseline 0 -19"><span class='ocrx_word' id='word_1_529' title='bbox 644 3594 669 3620; x_wconf 72' lang='grc' dir='ltr'>ι</span> <span class='ocrx_word' id='word_1_530' title='bbox 728 3584 783 3635; x_wconf 79' lang='lat' dir='ltr'><strong>in</strong></span> <span class='ocrx_word' id='word_1_531' title='bbox 833 3583 1002 3654; x_wconf 71' lang='lat' dir='ltr'><strong>exsilio</strong></span> <span class='ocrx_word' id='word_1_532' title='bbox 1049 3582 1101 3633; x_wconf 85' lang='lat' dir='ltr'><strong>in</strong></span> <span class='ocrx_word' id='word_1_533' title='bbox 1156 3580 1433 3654; x_wconf 77' lang='lat' dir='ltr'><strong>Romanam</strong></span> <span class='ocrx_word' id='word_1_534' title='bbox 1486 3583 1673 3654; x_wconf 78' lang='lat' dir='ltr'><strong>directi</strong></span> <span class='ocrx_word' id='word_1_535' title='bbox 1699 3592 1812 3654; x_wconf 76' lang='lat' dir='ltr'><strong>sunt</strong></span> <span class='ocrx_word' id='word_1_536' title='bbox 1847 3583 2109 3654; x_wconf 50' lang='lat' dir='ltr'><strong>cit‘itatem.</strong></span> <span class='ocrx_word' id='word_1_537' title='bbox 2142 3582 2186 3642; x_wconf 85' lang='lat' dir='ltr'>C</span> <span class='ocrx_word' id='word_1_538' title='bbox 2215 3582 2457 3635; x_wconf 83' lang='lat' dir='ltr'><strong>mntionis</strong></span> <span class='ocrx_word' id='word_1_539' title='bbox 2483 3584 2765 3649; x_wconf 88' lang='lat' dir='ltr'><strong>antiquitus</strong></span> <span class='ocrx_word' id='word_1_540' title='bbox 2790 3598 2881 3646; x_wconf 84' lang='lat' dir='ltr'><strong>per</strong></span> <span class='ocrx_word' id='word_1_541' title='bbox 2906 3584 3516 3654; x_wconf 67' lang='lat' dir='ltr'><strong>tyrannidem-usurpato,</strong></span> <span class='ocrx_word' id='word_1_542' title='bbox 3539 3584 3722 3653; x_wconf 78' lang='lat' dir='ltr'><strong>iniquis-</strong></span> 
     </span>
    </p>
   </div>
   <div class='ocr_carea' id='block_1_67' title="bbox 580 3650 2110 3711">
    <p class='ocr_par' dir='ltr' id='par_1_67' title="bbox 580 3650 2110 3711">
     <span class='ocr_line' id='line_1_67' title="bbox 580 3650 2110 3711; baseline -0.001 -8"><span class='ocrx_word' id='word_1_543' title='bbox 580 3653 731 3703; x_wconf 69' lang='lat' dir='ltr'><strong>l-erat</strong></span> <span class='ocrx_word' id='word_1_544' title='bbox 764 3652 1097 3711; x_wconf 79' lang='lat' dir='ltr'><strong>Anastasius;</strong></span> <span class='ocrx_word' id='word_1_545' title='bbox 1130 3666 1231 3701; x_wconf 88' lang='lat' dir='ltr'><strong>non</strong></span> <span class='ocrx_word' id='word_1_546' title='bbox 1278 3652 1414 3702; x_wconf 88' lang='lat' dir='ltr'><strong>enim</strong></span> <span class='ocrx_word' id='word_1_547' title='bbox 1442 3652 1503 3702; x_wconf 87' lang='lat' dir='ltr'><strong>ad</strong></span> <span class='ocrx_word' id='word_1_548' title='bbox 1536 3652 1895 3711; x_wconf 77' lang='lat' dir='ltr'><strong>exsulandum,</strong></span> <span class='ocrx_word' id='word_1_549' title='bbox 1925 3651 2013 3702; x_wconf 88' lang='lat' dir='ltr'><strong>sed</strong></span> <span class='ocrx_word' id='word_1_550' title='bbox 2046 3650 2110 3701; x_wconf 84' lang='lat' dir='ltr'><strong>ad</strong></span> 
     </span>
    </p>
   </div>
   <div class='ocr_carea' id='block_1_68' title="bbox 584 3718 2107 3786">
    <p class='ocr_par' dir='ltr' id='par_1_68' title="bbox 584 3718 2107 3786">
     <span class='ocr_line' id='line_1_68' title="bbox 584 3718 2107 3786; baseline -0.001 -18"><span class='ocrx_word' id='word_1_551' title='bbox 584 3721 1000 3786; x_wconf 76' lang='lat' dir='ltr'><strong>prosequendum</strong></span> <span class='ocrx_word' id='word_1_552' title='bbox 1039 3733 1191 3784; x_wconf 88' lang='lat' dir='ltr'><strong>quam</strong></span> <span class='ocrx_word' id='word_1_553' title='bbox 1238 3719 1650 3785; x_wconf 69' lang='lat' dir='ltr'><strong>interposuerunt</strong></span> <span class='ocrx_word' id='word_1_554' title='bbox 1690 3718 2107 3785; x_wconf 84' lang='lat' dir='ltr'><strong>appellationem,</strong></span> 
     </span>
    </p>
   </div>
   <div class='ocr_carea' id='block_1_69' title="bbox 583 3787 2109 3853">
    <p class='ocr_par' dir='ltr' id='par_1_69' title="bbox 583 3787 2109 3853">
     <span class='ocr_line' id='line_1_69' title="bbox 583 3787 2109 3853; baseline -0.001 -15"><span class='ocrx_word' id='word_1_555' title='bbox 583 3792 647 3838; x_wconf 82' lang='lat' dir='ltr'><strong>ab</strong></span> <span class='ocrx_word' id='word_1_556' title='bbox 673 3800 979 3853; x_wconf 83' lang='lat' dir='ltr'><strong>imperatore</strong></span> <span class='ocrx_word' id='word_1_557' title='bbox 1009 3788 1221 3839; x_wconf 78' lang='lat' dir='ltr'><strong>ltomam</strong></span> <span class='ocrx_word' id='word_1_558' title='bbox 1246 3787 1463 3853; x_wconf 72' lang='lat' dir='ltr'><strong>ablegati</strong></span> <span class='ocrx_word' id='word_1_559' title='bbox 1493 3788 1717 3851; x_wconf 77' lang='lat' dir='ltr'><strong>fuerunt,</strong></span> <span class='ocrx_word' id='word_1_560' title='bbox 1749 3796 1800 3839; x_wconf 92' lang='lat' dir='ltr'><strong>ut</strong></span> <span class='ocrx_word' id='word_1_561' title='bbox 1826 3797 2023 3838; x_wconf 79' lang='lat' dir='ltr'><strong>constat</strong></span> <span class='ocrx_word' id='word_1_562' title='bbox 2046 3802 2109 3839; x_wconf 78' lang='lat' dir='ltr'><strong>ex</strong></span> 
     </span>
    </p>
   </div>
   <div class='ocr_carea' id='block_1_70' title="bbox 581 3857 2107 3923">
    <p class='ocr_par' dir='ltr' id='par_1_70' title="bbox 581 3857 2107 3923">
     <span class='ocr_line' id='line_1_70' title="bbox 581 3857 2107 3923; baseline -0.001 -16"><span class='ocrx_word' id='word_1_563' title='bbox 581 3862 795 3923; x_wconf 65' lang='lat' dir='ltr'><strong>t‘pisltiia</strong></span> <span class='ocrx_word' id='word_1_564' title='bbox 823 3857 1143 3909; x_wconf 71' lang='lat' dir='ltr'><strong>Constantini</strong></span> <span class='ocrx_word' id='word_1_565' title='bbox 1187 3857 1513 3918; x_wconf 76' lang='lat' dir='ltr'><strong>imperatoris</strong></span> <span class='ocrx_word' id='word_1_566' title='bbox 1541 3857 1603 3908; x_wconf 85' lang='lat' dir='ltr'><strong>ad</strong></span> <span class='ocrx_word' id='word_1_567' title='bbox 1646 3858 1867 3910; x_wconf 86' lang='lat' dir='ltr'><strong>Leonem</strong></span> <span class='ocrx_word' id='word_1_568' title='bbox 1901 3872 2107 3922; x_wconf 83' lang='lat' dir='ltr'><strong>papam,</strong></span> 
     </span>
    </p>
   </div>
   <div class='ocr_carea' id='block_1_71' title="bbox 580 3926 2107 3985">
    <p class='ocr_par' dir='ltr' id='par_1_71' title="bbox 580 3926 2107 3985">
     <span class='ocr_line' id='line_1_71' title="bbox 580 3926 2107 3985; baseline 0.001 -11"><span class='ocrx_word' id='word_1_569' title='bbox 580 3943 692 3985; x_wconf 62' lang='lat' dir='ltr'><strong>quur</strong></span> <span class='ocrx_word' id='word_1_570' title='bbox 723 3936 888 3976; x_wconf 77' lang='lat' dir='ltr'><strong>exstat</strong></span> <span class='ocrx_word' id='word_1_571' title='bbox 930 3930 977 3975; x_wconf 84' lang='lat' dir='ltr'><strong>in</strong></span> <span class='ocrx_word' id='word_1_572' title='bbox 1017 3928 1115 3975; x_wconf 87' lang='lat' dir='ltr'><strong>ﬁne</strong></span> <span class='ocrx_word' id='word_1_573' title='bbox 1152 3926 1369 3977; x_wconf 80' lang='lat' dir='ltr'><strong>actionis</strong></span> <span class='ocrx_word' id='word_1_574' title='bbox 1409 3926 1473 3978; x_wconf 73' lang='lat' dir='ltr'><strong>i8</strong></span> <span class='ocrx_word' id='word_1_575' title='bbox 1510 3926 1753 3978; x_wconf 80' lang='lat' dir='ltr'><strong>Actorum</strong></span> <span class='ocrx_word' id='word_1_576' title='bbox 1801 3927 2003 3977; x_wconf 88' lang='lat' dir='ltr'><strong>concilii</strong></span> <span class='ocrx_word' id='word_1_577' title='bbox 2041 3940 2107 3975; x_wconf 77' lang='lat' dir='ltr'><strong>vr.</strong></span> 
     </span>
    </p>
   </div>
   <div class='ocr_carea' id='block_1_72' title="bbox 582 3993 2108 4058">
    <p class='ocr_par' dir='ltr' id='par_1_72' title="bbox 582 3993 2108 4058">
     <span class='ocr_line' id='line_1_72' title="bbox 582 3993 2108 4058; baseline 0 -15"><span class='ocrx_word' id='word_1_578' title='bbox 582 3996 793 4045; x_wconf 63' lang='lat' dir='ltr'><strong>Accedit</strong></span> <span class='ocrx_word' id='word_1_579' title='bbox 820 3993 951 4058; x_wconf 86' lang='lat' dir='ltr'><strong>quod</strong></span> <span class='ocrx_word' id='word_1_580' title='bbox 978 3995 1169 4043; x_wconf 90' lang='lat' dir='ltr'><strong>nullum</strong></span> <span class='ocrx_word' id='word_1_581' title='bbox 1199 4000 1370 4045; x_wconf 57' lang='lat' dir='ltr'><strong>exstet</strong></span> <span class='ocrx_word' id='word_1_582' title='bbox 1391 3995 1680 4058; x_wconf 77' lang='lat' dir='ltr'><strong>exemplum</strong></span> <span class='ocrx_word' id='word_1_583' title='bbox 1698 4008 1799 4057; x_wconf 83' lang='lat' dir='ltr'><strong>quo</strong></span> <span class='ocrx_word' id='word_1_584' title='bbox 1817 3994 2108 4057; x_wconf 80' lang='lat' dir='ltr'><strong>relegandis</strong></span> 
     </span>
    </p>
   </div>
   <div class='ocr_carea' id='block_1_73' title="bbox 584 4059 2109 4131">
    <p class='ocr_par' dir='ltr' id='par_1_73' title="bbox 584 4059 2109 4131">
     <span class='ocr_line' id='line_1_73' title="bbox 584 4059 2109 4131; baseline 0.001 -21"><span class='ocrx_word' id='word_1_585' title='bbox 584 4061 840 4115; x_wconf 68' lang='lat' dir='ltr'><strong>haereticis</strong></span> <span class='ocrx_word' id='word_1_586' title='bbox 863 4074 953 4131; x_wconf 56' lang='lat' dir='ltr'><strong>pi°o</strong></span> <span class='ocrx_word' id='word_1_587' title='bbox 982 4061 1094 4112; x_wconf 87' lang='lat' dir='ltr'><strong>loco</strong></span> <span class='ocrx_word' id='word_1_588' title='bbox 1120 4059 1287 4111; x_wconf 77' lang='lat' dir='ltr'><strong>exsilii</strong></span> <span class='ocrx_word' id='word_1_589' title='bbox 1309 4062 1432 4113; x_wconf 89' lang='lat' dir='ltr'><strong>urbs</strong></span> <span class='ocrx_word' id='word_1_590' title='bbox 1461 4061 1623 4113; x_wconf 79' lang='lat' dir='ltr'><strong>ltoma</strong></span> <span class='ocrx_word' id='word_1_591' title='bbox 1654 4075 1875 4128; x_wconf 87' lang='lat' dir='ltr'><strong>unquam</strong></span> <span class='ocrx_word' id='word_1_592' title='bbox 1902 4064 2109 4114; x_wconf 89' lang='lat' dir='ltr'><strong>decreta</strong></span> 
     </span>
    </p>
   </div>
   <div class='ocr_carea' id='block_1_74' title="bbox 584 4132 756 4182">
    <p class='ocr_par' dir='ltr' id='par_1_74' title="bbox 584 4132 756 4182">
     <span class='ocr_line' id='line_1_74' title="bbox 584 4132 756 4182; baseline 0.006 -1"><span class='ocrx_word' id='word_1_593' title='bbox 584 4132 756 4182; x_wconf 81' lang='lat' dir='ltr'><strong>luerit.</strong></span> 
     </span>
    </p>
   </div>
   <div class='ocr_carea' id='block_1_75' title="bbox 651 4196 2111 4266">
    <p class='ocr_par' dir='ltr' id='par_1_75' title="bbox 651 4196 2111 4266">
     <span class='ocr_line' id='line_1_75' title="bbox 651 4196 2111 4266; baseline 0.001 -19"><span class='ocrx_word' id='word_1_594' title='bbox 651 4205 677 4242; x_wconf 84' lang='lat' dir='ltr'><strong>b</strong></span> <span class='ocrx_word' id='word_1_595' title='bbox 704 4198 888 4249; x_wconf 78' lang='lat' dir='ltr'><strong>Deinde</strong></span> <span class='ocrx_word' id='word_1_596' title='bbox 916 4196 1218 4249; x_wconf 74' lang='lat' dir='ltr'><strong>abstulerunt</strong></span> <span class='ocrx_word' id='word_1_597' title='bbox 1247 4196 1297 4248; x_wconf 85' lang='lat' dir='ltr'><strong>in</strong></span> <span class='ocrx_word' id='word_1_598' title='bbox 1327 4196 1593 4266; x_wconf 76' lang='lat' dir='ltr'><strong>diptychis,</strong></span> <span class='ocrx_word' id='word_1_599' title='bbox 1621 4206 1722 4251; x_wconf 88' lang='lat' dir='ltr'><strong>etc.</strong></span> <span class='ocrx_word' id='word_1_600' title='bbox 1748 4197 1867 4250; x_wconf 70' lang='lat' dir='ltr'><strong>Hac</strong></span> <span class='ocrx_word' id='word_1_601' title='bbox 1889 4206 2005 4262; x_wconf 88' lang='lat' dir='ltr'><strong>post</strong></span> <span class='ocrx_word' id='word_1_602' title='bbox 2032 4198 2111 4249; x_wconf 84' lang='lat' dir='ltr'><strong>la-</strong></span> 
     </span>
    </p>
   </div>
   <div class='ocr_carea' id='block_1_76' title="bbox 583 4266 2114 4321">
    <p class='ocr_par' dir='ltr' id='par_1_76' title="bbox 583 4266 2114 4321">
     <span class='ocr_line' id='line_1_76' title="bbox 583 4266 2114 4321; baseline 0.001 -5"><span class='ocrx_word' id='word_1_603' title='bbox 583 4276 686 4316; x_wconf 86' lang='lat' dir='ltr'><strong>tam</strong></span> <span class='ocrx_word' id='word_1_604' title='bbox 726 4270 1028 4318; x_wconf 78' lang='lat' dir='ltr'><strong>sententiam</strong></span> <span class='ocrx_word' id='word_1_605' title='bbox 1058 4268 1403 4318; x_wconf 85' lang='lat' dir='ltr'><strong>damnationis</strong></span> <span class='ocrx_word' id='word_1_606' title='bbox 1459 4270 1507 4317; x_wconf 91' lang='lat' dir='ltr'><strong>in</strong></span> <span class='ocrx_word' id='word_1_607' title='bbox 1554 4266 1912 4320; x_wconf 77' lang='lat' dir='ltr'><strong>Monothelitas</strong></span> <span class='ocrx_word' id='word_1_608' title='bbox 1948 4268 2114 4321; x_wconf 87' lang='lat' dir='ltr'><strong>conti—</strong></span> 
     </span>
    </p>
   </div>
   <div class='ocr_carea' id='block_1_77' title="bbox 582 4334 1523 4401">
    <p class='ocr_par' dir='ltr' id='par_1_77' title="bbox 582 4334 1523 4401">
     <span class='ocr_line' id='line_1_77' title="bbox 582 4334 1523 4401; baseline 0.002 -18"><span class='ocrx_word' id='word_1_609' title='bbox 582 4338 716 4401; x_wconf 78' lang='lat' dir='ltr'><strong>gisse</strong></span> <span class='ocrx_word' id='word_1_610' title='bbox 746 4337 980 4385; x_wconf 83' lang='lat' dir='ltr'><strong>videntur</strong></span> <span class='ocrx_word' id='word_1_611' title='bbox 1008 4343 1207 4385; x_wconf 80' lang='lat' dir='ltr'><strong>actione</strong></span> <span class='ocrx_word' id='word_1_612' title='bbox 1238 4335 1296 4386; x_wconf 77' lang='lat' dir='ltr'><strong>i7</strong></span> <span class='ocrx_word' id='word_1_613' title='bbox 1330 4335 1407 4386; x_wconf 81' lang='lat' dir='ltr'><strong>vel</strong></span> <span class='ocrx_word' id='word_1_614' title='bbox 1440 4334 1523 4385; x_wconf 84' lang='grc'><strong>18.</strong></span> 
     </span>
    </p>
   </div>
   <div class='ocr_carea' id='block_1_78' title="bbox 654 4402 2111 4467">
    <p class='ocr_par' dir='ltr' id='par_1_78' title="bbox 654 4402 2111 4467">
     <span class='ocr_line' id='line_1_78' title="bbox 654 4402 2111 4467; baseline -0.001 -14"><span class='ocrx_word' id='word_1_615' title='bbox 654 4416 671 4440; x_wconf 66' lang='grc' dir='ltr'>ιτ</span> <span class='ocrx_word' id='word_1_616' title='bbox 713 4402 806 4453; x_wconf 76' lang='lat' dir='ltr'><strong>Per</strong></span> <span class='ocrx_word' id='word_1_617' title='bbox 846 4418 989 4467; x_wconf 85' lang='lat' dir='ltr'><strong>quam</strong></span> <span class='ocrx_word' id='word_1_618' title='bbox 1031 4404 1239 4453; x_wconf 79' lang='lat' dir='ltr'><strong>revelata</strong></span> <span class='ocrx_word' id='word_1_619' title='bbox 1274 4414 1343 4454; x_wconf 77' lang='lat' dir='ltr'><strong>est</strong></span> <span class='ocrx_word' id='word_1_620' title='bbox 1384 4406 1654 4467; x_wconf 80' lang='lat' dir='ltr'><strong>quantitas,</strong></span> <span class='ocrx_word' id='word_1_621' title='bbox 1692 4417 1801 4467; x_wconf 78' lang='lat' dir='ltr'><strong>qua:</strong></span> <span class='ocrx_word' id='word_1_622' title='bbox 1836 4402 1983 4453; x_wconf 81' lang='lat' dir='ltr'><strong>solita</strong></span> <span class='ocrx_word' id='word_1_623' title='bbox 2005 4411 2111 4452; x_wconf 82' lang='lat' dir='ltr'><strong>erat</strong></span> 
     </span>
    </p>
   </div>
   <div class='ocr_carea' id='block_1_79' title="bbox 582 4470 2111 4537">
    <p class='ocr_par' dir='ltr' id='par_1_79' title="bbox 582 4470 2111 4537">
     <span class='ocr_line' id='line_1_79' title="bbox 582 4470 2111 4537; baseline 0.001 -18"><span class='ocrx_word' id='word_1_624' title='bbox 582 4472 711 4521; x_wconf 81' lang='lat' dir='ltr'><strong>dari.</strong></span> <span class='ocrx_word' id='word_1_625' title='bbox 734 4471 1014 4523; x_wconf 85' lang='lat' dir='ltr'><strong>Gothorum</strong></span> <span class='ocrx_word' id='word_1_626' title='bbox 1048 4483 1193 4534; x_wconf 85' lang='lat' dir='ltr'><strong>reges</strong></span> <span class='ocrx_word' id='word_1_627' title='bbox 1226 4470 1397 4521; x_wconf 86' lang='lat' dir='ltr'><strong>Ariani</strong></span> <span class='ocrx_word' id='word_1_628' title='bbox 1426 4478 1478 4521; x_wconf 91' lang='lat' dir='ltr'><strong>et</strong></span> <span class='ocrx_word' id='word_1_629' title='bbox 1507 4474 1646 4537; x_wconf 91' lang='lat' dir='ltr'><strong>impn</strong></span> <span class='ocrx_word' id='word_1_630' title='bbox 1680 4486 1767 4533; x_wconf 85' lang='lat' dir='ltr'><strong>per</strong></span> <span class='ocrx_word' id='word_1_631' title='bbox 1786 4470 2111 4537; x_wconf 85' lang='lat' dir='ltr'><strong>tyrannidem</strong></span> 
     </span>
    </p>
   </div>
   <div class='ocr_carea' id='block_1_80' title="bbox 583 4538 2113 4602">
    <p class='ocr_par' dir='ltr' id='par_1_80' title="bbox 583 4538 2113 4602">
     <span class='ocr_line' id='line_1_80' title="bbox 583 4538 2113 4602; baseline 0.003 -17"><span class='ocrx_word' id='word_1_632' title='bbox 583 4544 955 4591; x_wconf 67' lang='grc' dir='ltr'><strong>«ιυιιειιιιιετίιιιι</strong></span> <span class='ocrx_word' id='word_1_633' title='bbox 1000 4538 1219 4600; x_wconf 87' lang='lat' dir='ltr'><strong>primum</strong></span> <span class='ocrx_word' id='word_1_634' title='bbox 1250 4552 1314 4588; x_wconf 84' lang='lat' dir='ltr'><strong>ne</strong></span> <span class='ocrx_word' id='word_1_635' title='bbox 1354 4542 1467 4602; x_wconf 85' lang='lat' dir='ltr'><strong>quis</strong></span> <span class='ocrx_word' id='word_1_636' title='bbox 1496 4542 1819 4591; x_wconf 87' lang='lat' dir='ltr'><strong>ordinaretur</strong></span> <span class='ocrx_word' id='word_1_637' title='bbox 1850 4538 2113 4589; x_wconf 79' lang='lat' dir='ltr'><strong>Romanus</strong></span> 
     </span>
    </p>
   </div>
   <div class='ocr_carea' id='block_1_81' title="bbox 586 4606 2110 4674">
    <p class='ocr_par' dir='ltr' id='par_1_81' title="bbox 586 4606 2110 4674">
     <span class='ocr_line' id='line_1_81' title="bbox 586 4606 2110 4674; baseline 0.001 -19"><span class='ocrx_word' id='word_1_638' title='bbox 586 4608 875 4674; x_wconf 74' lang='lat' dir='ltr'><strong>cpiscopus,</strong></span> <span class='ocrx_word' id='word_1_639' title='bbox 905 4609 988 4673; x_wconf 89' lang='lat' dir='ltr'><strong>qui</strong></span> <span class='ocrx_word' id='word_1_640' title='bbox 1016 4620 1115 4657; x_wconf 90' lang='lat' dir='ltr'><strong>non</strong></span> <span class='ocrx_word' id='word_1_641' title='bbox 1139 4615 1257 4656; x_wconf 85' lang='lat' dir='ltr'><strong>ante</strong></span> <span class='ocrx_word' id='word_1_642' title='bbox 1280 4606 1453 4657; x_wconf 89' lang='lat' dir='ltr'><strong>habito</strong></span> <span class='ocrx_word' id='word_1_643' title='bbox 1477 4620 1731 4658; x_wconf 90' lang='lat' dir='ltr'><strong>consensu</strong></span> <span class='ocrx_word' id='word_1_644' title='bbox 1760 4610 1895 4672; x_wconf 80' lang='lat' dir='ltr'><strong>regis</strong></span> <span class='ocrx_word' id='word_1_645' title='bbox 1916 4618 2110 4657; x_wconf 80' lang='lat' dir='ltr'><strong>certain</strong></span> 
     </span>
    </p>
   </div>
   <div class='ocr_carea' id='block_1_82' title="bbox 588 4674 2109 4740">
    <p class='ocr_par' dir='ltr' id='par_1_82' title="bbox 588 4674 2109 4740">
     <span class='ocr_line' id='line_1_82' title="bbox 588 4674 2109 4740; baseline -0.001 -13"><span class='ocrx_word' id='word_1_646' title='bbox 588 4690 816 4740; x_wconf 67' lang='lat' dir='ltr'><strong>pecuniae</strong></span> <span class='ocrx_word' id='word_1_647' title='bbox 848 4688 1099 4725; x_wconf 86' lang='lat' dir='ltr'><strong>summam</strong></span> <span class='ocrx_word' id='word_1_648' title='bbox 1129 4683 1179 4725; x_wconf 91' lang='lat' dir='ltr'><strong>et</strong></span> <span class='ocrx_word' id='word_1_649' title='bbox 1208 4674 1542 4740; x_wconf 87' lang='lat' dir='ltr'><strong>quantitatem</strong></span> <span class='ocrx_word' id='word_1_650' title='bbox 1570 4674 1828 4726; x_wconf 81' lang='lat' dir='ltr'><strong>solvisset.</strong></span> <span class='ocrx_word' id='word_1_651' title='bbox 1862 4675 2109 4726; x_wconf 86' lang='lat' dir='ltr'><strong>Eamdem</strong></span> 
     </span>
    </p>
   </div>
   <div class='ocr_carea' id='block_1_83' title="bbox 588 4742 2111 4808">
    <p class='ocr_par' dir='ltr' id='par_1_83' title="bbox 588 4742 2111 4808">
     <span class='ocr_line' id='line_1_83' title="bbox 588 4742 2111 4808; baseline -0.004 -13"><span class='ocrx_word' id='word_1_652' title='bbox 588 4746 886 4807; x_wconf 72' lang='lat' dir='ltr'><strong>jensionem</strong></span> <span class='ocrx_word' id='word_1_653' title='bbox 908 4745 1241 4808; x_wconf 82' lang='lat' dir='ltr'><strong>imperatores</strong></span> <span class='ocrx_word' id='word_1_654' title='bbox 1260 4742 1482 4795; x_wconf 84' lang='lat' dir='ltr'><strong>Orientis</strong></span> <span class='ocrx_word' id='word_1_655' title='bbox 1516 4752 1629 4807; x_wconf 83' lang='lat' dir='ltr'><strong>post</strong></span> <span class='ocrx_word' id='word_1_656' title='bbox 1667 4751 1874 4793; x_wconf 80' lang='lat' dir='ltr'><strong>exactos</strong></span> <span class='ocrx_word' id='word_1_657' title='bbox 1913 4742 2111 4793; x_wconf 77' lang='lat' dir='ltr'><strong>Gotho—</strong></span> 
     </span>
    </p>
   </div>
   <div class='ocr_carea' id='block_1_84' title="bbox 585 4810 2113 4877">
    <p class='ocr_par' dir='ltr' id='par_1_84' title="bbox 585 4810 2113 4877">
     <span class='ocr_line' id='line_1_84' title="bbox 585 4810 2113 4877; baseline 0.001 -16"><span class='ocrx_word' id='word_1_658' title='bbox 585 4826 698 4861; x_wconf 89' lang='lat' dir='ltr'><strong>rum</strong></span> <span class='ocrx_word' id='word_1_659' title='bbox 748 4826 893 4877; x_wconf 73' lang='lat' dir='ltr'><strong>reges</strong></span> <span class='ocrx_word' id='word_1_660' title='bbox 945 4810 1071 4861; x_wconf 86' lang='lat' dir='ltr'><strong>solvi</strong></span> <span class='ocrx_word' id='word_1_661' title='bbox 1126 4813 1436 4873; x_wconf 88' lang='lat' dir='ltr'><strong>petiverunt,</strong></span> <span class='ocrx_word' id='word_1_662' title='bbox 1485 4820 1539 4862; x_wconf 91' lang='lat' dir='ltr'><strong>ut</strong></span> <span class='ocrx_word' id='word_1_663' title='bbox 1584 4818 1786 4863; x_wconf 90' lang='lat' dir='ltr'><strong>constat</strong></span> <span class='ocrx_word' id='word_1_664' title='bbox 1813 4823 1876 4860; x_wconf 80' lang='lat' dir='ltr'><strong>ex</strong></span> <span class='ocrx_word' id='word_1_665' title='bbox 1904 4811 2113 4873; x_wconf 88' lang='lat' dir='ltr'><strong>querela</strong></span> 
     </span>
    </p>
   </div>
   <div class='ocr_carea' id='block_1_85' title="bbox 2207 3654 3261 3717">
    <p class='ocr_par' dir='ltr' id='par_1_85' title="bbox 2207 3654 3261 3717">
     <span class='ocr_line' id='line_1_85' title="bbox 2207 3654 3261 3717; baseline -0.001 -9"><span class='ocrx_word' id='word_1_666' title='bbox 2207 3657 2389 3717; x_wconf 86' lang='lat' dir='ltr'><strong>simam</strong></span> <span class='ocrx_word' id='word_1_667' title='bbox 2421 3654 2646 3717; x_wconf 57' lang='lat' dir='ltr'><strong>pecuttia:</strong></span> <span class='ocrx_word' id='word_1_668' title='bbox 2672 3656 2989 3706; x_wconf 79' lang='lat' dir='ltr'><strong>exactionem</strong></span> <span class='ocrx_word' id='word_1_669' title='bbox 3020 3654 3261 3707; x_wconf 86' lang='lat' dir='ltr'><strong>abolevit.</strong></span> 
     </span>
    </p>
   </div>
   <div class='ocr_carea' id='block_1_86' title="bbox 2278 3715 3724 3790">
    <p class='ocr_par' dir='ltr' id='par_1_86' title="bbox 2278 3715 3724 3790">
     <span class='ocr_line' id='line_1_86' title="bbox 2278 3715 3724 3790; baseline 0.001 -19"><span class='ocrx_word' id='word_1_670' title='bbox 2278 3715 2305 3755; x_wconf 73' lang='grc' dir='ltr'>ἀ</span> <span class='ocrx_word' id='word_1_671' title='bbox 2355 3715 2574 3772; x_wconf 70' lang='lat' dir='ltr'><strong>Cessavit</strong></span> <span class='ocrx_word' id='word_1_672' title='bbox 2626 3722 2935 3789; x_wconf 81' lang='lat' dir='ltr'><strong>episcopatus</strong></span> <span class='ocrx_word' id='word_1_673' title='bbox 2982 3725 3089 3790; x_wconf 72' lang='lat' dir='ltr'><strong>ejus</strong></span> <span class='ocrx_word' id='word_1_674' title='bbox 3141 3738 3335 3774; x_wconf 81' lang='lat' dir='ltr'><strong>annum</strong></span> <span class='ocrx_word' id='word_1_675' title='bbox 3362 3738 3534 3781; x_wconf 72' lang='lat' dir='ltr'><strong>unum,</strong></span> <span class='ocrx_word' id='word_1_676' title='bbox 3565 3738 3724 3773; x_wconf 74' lang='lat' dir='ltr'><strong>meum</strong></span> 
     </span>
    </p>
   </div>
   <div class='ocr_carea' id='block_1_87' title="bbox 2208 3790 3725 3856">
    <p class='ocr_par' dir='ltr' id='par_1_87' title="bbox 2208 3790 3725 3856">
     <span class='ocr_line' id='line_1_87' title="bbox 2208 3790 3725 3856; baseline 0.001 -17"><span class='ocrx_word' id='word_1_677' title='bbox 2208 3797 2418 3856; x_wconf 77' lang='lat' dir='ltr'><strong>septem,</strong></span> <span class='ocrx_word' id='word_1_678' title='bbox 2446 3791 2551 3840; x_wconf 77' lang='lat' dir='ltr'><strong>dies</strong></span> <span class='ocrx_word' id='word_1_679' title='bbox 2601 3806 2652 3840; x_wconf 71' lang='grc' dir='ltr'><strong>ν.</strong></span> <span class='ocrx_word' id='word_1_680' title='bbox 2706 3790 3028 3849; x_wconf 79' lang='lat' dir='ltr'><strong>Setitetttiam</strong></span> <span class='ocrx_word' id='word_1_681' title='bbox 3068 3792 3324 3844; x_wconf 77' lang='lat' dir='ltr'><strong>Anastasii</strong></span> <span class='ocrx_word' id='word_1_682' title='bbox 3364 3791 3431 3843; x_wconf 90' lang='lat' dir='ltr'><strong>de</strong></span> <span class='ocrx_word' id='word_1_683' title='bbox 3463 3794 3725 3855; x_wconf 69' lang='lat' dir='ltr'><strong>interregno</strong></span> 
     </span>
    </p>
   </div>
   <div class='ocr_carea' id='block_1_88' title="bbox 2210 3860 3721 3924">
    <p class='ocr_par' dir='ltr' id='par_1_88' title="bbox 2210 3860 3721 3924">
     <span class='ocr_line' id='line_1_88' title="bbox 2210 3860 3721 3924; baseline -0.003 -12"><span class='ocrx_word' id='word_1_684' title='bbox 2210 3860 2349 3911; x_wconf 83' lang='lat' dir='ltr'><strong>sedis</strong></span> <span class='ocrx_word' id='word_1_685' title='bbox 2386 3860 2662 3924; x_wconf 78' lang='lat' dir='ltr'><strong>pontiﬁcia</strong></span> <span class='ocrx_word' id='word_1_686' title='bbox 2713 3861 2988 3911; x_wconf 86' lang='lat' dir='ltr'><strong>conﬁrmat</strong></span> <span class='ocrx_word' id='word_1_687' title='bbox 3030 3874 3195 3912; x_wconf 88' lang='lat' dir='ltr'><strong>canon</strong></span> <span class='ocrx_word' id='word_1_688' title='bbox 3238 3860 3497 3910; x_wconf 84' lang='lat' dir='ltr'><strong>secundus</strong></span> <span class='ocrx_word' id='word_1_689' title='bbox 3542 3860 3721 3911; x_wconf 74' lang='lat' dir='ltr'><strong>concilii</strong></span> 
     </span>
    </p>
   </div>
   <div class='ocr_carea' id='block_1_89' title="bbox 2210 3926 3721 3992">
    <p class='ocr_par' dir='ltr' id='par_1_89' title="bbox 2210 3926 3721 3992">
     <span class='ocr_line' id='line_1_89' title="bbox 2210 3926 3721 3992; baseline -0.003 -11"><span class='ocrx_word' id='word_1_690' title='bbox 2210 3928 2446 3981; x_wconf 90' lang='lat' dir='ltr'><strong>Toletani</strong></span> <span class='ocrx_word' id='word_1_691' title='bbox 2501 3942 2603 3987; x_wconf 79' lang='lat' dir='ltr'><strong>xiv,</strong></span> <span class='ocrx_word' id='word_1_692' title='bbox 2655 3941 2718 3979; x_wconf 81' lang='lat' dir='ltr'><strong>ex</strong></span> <span class='ocrx_word' id='word_1_693' title='bbox 2760 3942 2863 3992; x_wconf 90' lang='lat' dir='ltr'><strong>quo</strong></span> <span class='ocrx_word' id='word_1_694' title='bbox 2893 3936 3033 3992; x_wconf 89' lang='lat' dir='ltr'><strong>patet</strong></span> <span class='ocrx_word' id='word_1_695' title='bbox 3059 3928 3288 3979; x_wconf 83' lang='lat' dir='ltr'><strong>Leonem</strong></span> <span class='ocrx_word' id='word_1_696' title='bbox 3322 3926 3358 3978; x_wconf 93' lang='lat' dir='ltr'><strong>ll</strong></span> <span class='ocrx_word' id='word_1_697' title='bbox 3395 3938 3721 3978; x_wconf 79' lang='lat' dir='ltr'><strong>successorem</strong></span> 
     </span>
    </p>
   </div>
   <div class='ocr_carea' id='block_1_90' title="bbox 2210 3995 3719 4063">
    <p class='ocr_par' dir='ltr' id='par_1_90' title="bbox 2210 3995 3719 4063">
     <span class='ocr_line' id='line_1_90' title="bbox 2210 3995 3719 4063; baseline -0.001 -16"><span class='ocrx_word' id='word_1_698' title='bbox 2210 3995 2497 4063; x_wconf 57' lang='lat' dir='ltr'><strong>Agathtuiis</strong></span> <span class='ocrx_word' id='word_1_699' title='bbox 2520 4009 2656 4046; x_wconf 88' lang='lat' dir='ltr'><strong>anno</strong></span> <span class='ocrx_word' id='word_1_700' title='bbox 2700 4009 2809 4063; x_wconf 85' lang='lat' dir='ltr'><strong>quo</strong></span> <span class='ocrx_word' id='word_1_701' title='bbox 2831 3995 3144 4063; x_wconf 83' lang='lat' dir='ltr'><strong>celebratum</strong></span> <span class='ocrx_word' id='word_1_702' title='bbox 3170 4004 3253 4049; x_wconf 76' lang='lat' dir='ltr'><strong>est</strong></span> <span class='ocrx_word' id='word_1_703' title='bbox 3273 3996 3543 4062; x_wconf 80' lang='lat' dir='ltr'><strong>allegatum</strong></span> <span class='ocrx_word' id='word_1_704' title='bbox 3569 3997 3719 4047; x_wconf 78' lang='lat' dir='ltr'><strong>conci-</strong></span> 
     </span>
    </p>
   </div>
   <div class='ocr_carea' id='block_1_91' title="bbox 2212 4061 3719 4130">
    <p class='ocr_par' dir='ltr' id='par_1_91' title="bbox 2212 4061 3719 4130">
     <span class='ocr_line' id='line_1_91' title="bbox 2212 4061 3719 4130; baseline 0 -15"><span class='ocrx_word' id='word_1_705' title='bbox 2212 4061 2335 4115; x_wconf 82' lang='lat' dir='ltr'><strong>lium</strong></span> <span class='ocrx_word' id='word_1_706' title='bbox 2390 4061 2737 4127; x_wconf 88' lang='lat' dir='ltr'><strong>Toletanum,</strong></span> <span class='ocrx_word' id='word_1_707' title='bbox 2786 4062 2888 4116; x_wconf 68' lang='grc'><strong>684</strong></span> <span class='ocrx_word' id='word_1_708' title='bbox 2916 4097 2933 4122; x_wconf 94' lang='lat'><strong>,</strong></span> <span class='ocrx_word' id='word_1_709' title='bbox 2980 4064 3148 4117; x_wconf 88' lang='lat' dir='ltr'><strong>adhuc</strong></span> <span class='ocrx_word' id='word_1_710' title='bbox 3196 4061 3525 4130; x_wconf 85' lang='lat' dir='ltr'><strong>superstitem</strong></span> <span class='ocrx_word' id='word_1_711' title='bbox 3566 4064 3719 4115; x_wconf 80' lang='lat' dir='ltr'><strong>fuisse.</strong></span> 
     </span>
    </p>
   </div>
   <div class='ocr_carea' id='block_1_92' title="bbox 2210 4132 3720 4197">
    <p class='ocr_par' dir='ltr' id='par_1_92' title="bbox 2210 4132 3720 4197">
     <span class='ocr_line' id='line_1_92' title="bbox 2210 4132 3720 4197; baseline 0 -14"><span class='ocrx_word' id='word_1_712' title='bbox 2210 4133 2381 4197; x_wconf 85' lang='lat' dir='ltr'><strong>Quare</strong></span> <span class='ocrx_word' id='word_1_713' title='bbox 2403 4144 2518 4181; x_wconf 90' lang='lat' dir='ltr'><strong>eum</strong></span> <span class='ocrx_word' id='word_1_714' title='bbox 2544 4132 2772 4182; x_wconf 91' lang='lat' dir='ltr'><strong>omnium</strong></span> <span class='ocrx_word' id='word_1_715' title='bbox 2793 4133 3048 4185; x_wconf 78' lang='lat' dir='ltr'><strong>sententia</strong></span> <span class='ocrx_word' id='word_1_716' title='bbox 3065 4132 3170 4186; x_wconf 89' lang='lat' dir='ltr'><strong>Leo</strong></span> <span class='ocrx_word' id='word_1_717' title='bbox 3192 4146 3293 4184; x_wconf 91' lang='lat' dir='ltr'><strong>non</strong></span> <span class='ocrx_word' id='word_1_718' title='bbox 3312 4132 3409 4184; x_wconf 86' lang='lat' dir='ltr'><strong>nisi</strong></span> <span class='ocrx_word' id='word_1_719' title='bbox 3433 4146 3461 4184; x_wconf 75' lang='grc' dir='ltr'><strong>ι</strong></span> <span class='ocrx_word' id='word_1_720' title='bbox 3484 4133 3720 4185; x_wconf 81' lang='lat' dir='ltr'><strong>mensibus</strong></span> 
     </span>
    </p>
   </div>
   <div class='ocr_carea' id='block_1_93' title="bbox 2212 4199 3722 4265">
    <p class='ocr_par' dir='ltr' id='par_1_93' title="bbox 2212 4199 3722 4265">
     <span class='ocr_line' id='line_1_93' title="bbox 2212 4199 3722 4265; baseline -0.001 -12"><span class='ocrx_word' id='word_1_721' title='bbox 2212 4212 2264 4253; x_wconf 89' lang='lat' dir='ltr'><strong>et</strong></span> <span class='ocrx_word' id='word_1_722' title='bbox 2292 4200 2662 4265; x_wconf 83' lang='lat' dir='ltr'><strong>septemdecim</strong></span> <span class='ocrx_word' id='word_1_723' title='bbox 2710 4199 2891 4252; x_wconf 89' lang='lat' dir='ltr'><strong>diebus</strong></span> <span class='ocrx_word' id='word_1_724' title='bbox 2934 4202 3288 4264; x_wconf 80' lang='lat' dir='ltr'><strong>pontiﬁcatum</strong></span> <span class='ocrx_word' id='word_1_725' title='bbox 3328 4200 3616 4259; x_wconf 83' lang='lat' dir='ltr'><strong>obtinuerit,</strong></span> <span class='ocrx_word' id='word_1_726' title='bbox 3647 4215 3722 4251; x_wconf 78' lang='lat' dir='ltr'><strong>ne-</strong></span> 
     </span>
    </p>
   </div>
   <div class='ocr_carea' id='block_1_94' title="bbox 2209 4266 3720 4336">
    <p class='ocr_par' dir='ltr' id='par_1_94' title="bbox 2209 4266 3720 4336">
     <span class='ocr_line' id='line_1_94' title="bbox 2209 4266 3720 4336; baseline -0.002 -17"><span class='ocrx_word' id='word_1_727' title='bbox 2209 4284 2410 4320; x_wconf 83' lang='lat' dir='ltr'><strong>cessum</strong></span> <span class='ocrx_word' id='word_1_728' title='bbox 2434 4278 2513 4336; x_wconf 89' lang='lat' dir='ltr'><strong>est</strong></span> <span class='ocrx_word' id='word_1_729' title='bbox 2533 4268 2801 4336; x_wconf 74' lang='lat' dir='ltr'><strong>afﬁrmare</strong></span> <span class='ocrx_word' id='word_1_730' title='bbox 2819 4269 2885 4320; x_wconf 84' lang='lat' dir='ltr'><strong>ab</strong></span> <span class='ocrx_word' id='word_1_731' title='bbox 2905 4270 3049 4320; x_wconf 87' lang='lat' dir='ltr'><strong>obitu</strong></span> <span class='ocrx_word' id='word_1_732' title='bbox 3070 4269 3355 4336; x_wconf 76' lang='lat' dir='ltr'><strong>Agathonis</strong></span> <span class='ocrx_word' id='word_1_733' title='bbox 3382 4280 3538 4336; x_wconf 84' lang='lat' dir='ltr'><strong>usque</strong></span> <span class='ocrx_word' id='word_1_734' title='bbox 3560 4266 3615 4316; x_wconf 85' lang='lat' dir='ltr'><strong>ad</strong></span> <span class='ocrx_word' id='word_1_735' title='bbox 3639 4267 3720 4317; x_wconf 85' lang='lat' dir='ltr'><strong>ini-</strong></span> 
     </span>
    </p>
   </div>
   <div class='ocr_carea' id='block_1_95' title="bbox 2213 4334 3719 4403">
    <p class='ocr_par' dir='ltr' id='par_1_95' title="bbox 2213 4334 3719 4403">
     <span class='ocr_line' id='line_1_95' title="bbox 2213 4334 3719 4403; baseline -0.001 -17"><span class='ocrx_word' id='word_1_736' title='bbox 2213 4337 2338 4387; x_wconf 91' lang='lat' dir='ltr'><strong>tium</strong></span> <span class='ocrx_word' id='word_1_737' title='bbox 2400 4334 2634 4403; x_wconf 84' lang='lat' dir='ltr'><strong>ejusdem</strong></span> <span class='ocrx_word' id='word_1_738' title='bbox 2690 4335 2880 4387; x_wconf 85' lang='lat' dir='ltr'><strong>Leonis</strong></span> <span class='ocrx_word' id='word_1_739' title='bbox 2930 4336 3059 4389; x_wconf 88' lang='lat' dir='ltr'><strong>tanti</strong></span> <span class='ocrx_word' id='word_1_740' title='bbox 3106 4334 3353 4403; x_wconf 76' lang='lat' dir='ltr'><strong>temporis</strong></span> <span class='ocrx_word' id='word_1_741' title='bbox 3398 4334 3719 4403; x_wconf 77' lang='lat' dir='ltr'><strong>interregnum</strong></span> 
     </span>
    </p>
   </div>
   <div class='ocr_carea' id='block_1_96' title="bbox 2212 4401 3720 4469">
    <p class='ocr_par' dir='ltr' id='par_1_96' title="bbox 2212 4401 3720 4469">
     <span class='ocr_line' id='line_1_96' title="bbox 2212 4401 3720 4469; baseline -0.003 -12"><span class='ocrx_word' id='word_1_742' title='bbox 2212 4405 2597 4457; x_wconf 85' lang='lat' dir='ltr'><strong>intercurrisse.</strong></span> <span class='ocrx_word' id='word_1_743' title='bbox 2622 4401 2828 4455; x_wconf 89' lang='lat' dir='ltr'><strong>Interim</strong></span> <span class='ocrx_word' id='word_1_744' title='bbox 2858 4404 3101 4458; x_wconf 81' lang='lat' dir='ltr'><strong>defuncto</strong></span> <span class='ocrx_word' id='word_1_745' title='bbox 3138 4401 3361 4469; x_wconf 82' lang='lat' dir='ltr'><strong>Georgio</strong></span> <span class='ocrx_word' id='word_1_746' title='bbox 3384 4402 3720 4454; x_wconf 79' lang='lat' dir='ltr'><strong>Constantino-</strong></span> 
     </span>
    </p>
   </div>
   <div class='ocr_carea' id='block_1_97' title="bbox 2217 4470 3721 4539">
    <p class='ocr_par' dir='ltr' id='par_1_97' title="bbox 2217 4470 3721 4539">
     <span class='ocr_line' id='line_1_97' title="bbox 2217 4470 3721 4539; baseline -0.001 -16"><span class='ocrx_word' id='word_1_747' title='bbox 2217 4472 2464 4537; x_wconf 88' lang='lat' dir='ltr'><strong>politano,</strong></span> <span class='ocrx_word' id='word_1_748' title='bbox 2493 4471 2797 4539; x_wconf 82' lang='lat' dir='ltr'><strong>Theodorus</strong></span> <span class='ocrx_word' id='word_1_749' title='bbox 2843 4473 3125 4539; x_wconf 79' lang='lat' dir='ltr'><strong>syncellus,</strong></span> <span class='ocrx_word' id='word_1_750' title='bbox 3184 4472 3285 4523; x_wconf 85' lang='lat' dir='ltr'><strong>ﬁde</strong></span> <span class='ocrx_word' id='word_1_751' title='bbox 3318 4470 3597 4539; x_wconf 78' lang='lat' dir='ltr'><strong>orthodoxa</strong></span> <span class='ocrx_word' id='word_1_752' title='bbox 3646 4483 3721 4534; x_wconf 83' lang='lat' dir='ltr'><strong>per</strong></span> 
     </span>
    </p>
   </div>
   <div class='ocr_carea' id='block_1_98' title="bbox 2214 4538 3719 4618">
    <p class='ocr_par' dir='ltr' id='par_1_98' title="bbox 2214 4538 3719 4618">
     <span class='ocr_line' id='line_1_98' title="bbox 2214 4538 3719 4618; baseline -0.001 -27"><span class='ocrx_word' id='word_1_753' title='bbox 2214 4539 2443 4618; x_wconf 74' lang='lat' dir='ltr'><strong>fraudem</strong></span> <span class='ocrx_word' id='word_1_754' title='bbox 2472 4538 2726 4603; x_wconf 85' lang='lat' dir='ltr'><strong>simulata,</strong></span> <span class='ocrx_word' id='word_1_755' title='bbox 2743 4538 3055 4618; x_wconf 74' lang='lat' dir='ltr'><strong>subrogatus</strong></span> <span class='ocrx_word' id='word_1_756' title='bbox 3075 4549 3153 4618; x_wconf 67' lang='lat' dir='ltr'><strong>est</strong></span> <span class='ocrx_word' id='word_1_757' title='bbox 3173 4539 3223 4592; x_wconf 93' lang='lat' dir='ltr'><strong>in</strong></span> <span class='ocrx_word' id='word_1_758' title='bbox 3245 4538 3719 4618; x_wconf 54' lang='lat' dir='ltr'><strong>sedeoinsuitdno—</strong></span> 
     </span>
    </p>
   </div>
   <div class='ocr_carea' id='block_1_99' title="bbox 2212 4606 3720 4676">
    <p class='ocr_par' dir='ltr' id='par_1_99' title="bbox 2212 4606 3720 4676">
     <span class='ocr_line' id='line_1_99' title="bbox 2212 4606 3720 4676; baseline 0 -20"><span class='ocrx_word' id='word_1_759' title='bbox 2212 4609 2461 4676; x_wconf 86' lang='lat' dir='ltr'><strong>politana,</strong></span> <span class='ocrx_word' id='word_1_760' title='bbox 2489 4620 2515 4657; x_wconf 92' lang='lat' dir='ltr'><strong>a</strong></span> <span class='ocrx_word' id='word_1_761' title='bbox 2542 4624 2639 4672; x_wconf 89' lang='lat' dir='ltr'><strong>qua</strong></span> <span class='ocrx_word' id='word_1_762' title='bbox 2668 4617 2816 4660; x_wconf 85' lang='lat' dir='ltr'><strong>antea</strong></span> <span class='ocrx_word' id='word_1_763' title='bbox 2840 4606 3071 4676; x_wconf 77' lang='lat' dir='ltr'><strong>dejectus</strong></span> <span class='ocrx_word' id='word_1_764' title='bbox 3101 4608 3285 4676; x_wconf 69' lang='lat' dir='ltr'><strong>iuerat.</strong></span> <span class='ocrx_word' id='word_1_765' title='bbox 3339 4607 3411 4660; x_wconf 89' lang='lat' dir='ltr'><strong>De</strong></span> <span class='ocrx_word' id='word_1_766' title='bbox 3437 4607 3531 4676; x_wconf 81' lang='lat' dir='ltr'><strong>hoc</strong></span> <span class='ocrx_word' id='word_1_767' title='bbox 3554 4606 3720 4676; x_wconf 46' lang='lat' dir='ltr'><strong>ﬁrmis:</strong></span> 
     </span>
    </p>
   </div>
   <div class='ocr_carea' id='block_1_100' title="bbox 2213 4671 3719 4740">
    <p class='ocr_par' dir='ltr' id='par_1_100' title="bbox 2213 4671 3719 4740">
     <span class='ocr_line' id='line_1_100' title="bbox 2213 4671 3719 4740; baseline -0.003 -12"><span class='ocrx_word' id='word_1_768' title='bbox 2213 4671 2357 4728; x_wconf 76' lang='lat' dir='ltr'><strong>simis</strong></span> <span class='ocrx_word' id='word_1_769' title='bbox 2386 4671 2696 4738; x_wconf 78' lang='lat' dir='ltr'><strong>conjecturis</strong></span> <span class='ocrx_word' id='word_1_770' title='bbox 2722 4671 3202 4739; x_wconf 40' lang='lat' dir='ltr'><strong>asserit—Baronius,</strong></span> <span class='ocrx_word' id='word_1_771' title='bbox 3260 4688 3398 4728; x_wconf 85' lang='lat' dir='ltr'><strong>anno</strong></span> <span class='ocrx_word' id='word_1_772' title='bbox 3438 4673 3557 4733; x_wconf 62' lang='lat'><strong>68%,</strong></span> <span class='ocrx_word' id='word_1_773' title='bbox 3600 4671 3719 4740; x_wconf 81' lang='lat' dir='ltr'><strong>quod</strong></span> 
     </span>
    </p>
   </div>
   <div class='ocr_carea' id='block_1_101' title="bbox 2217 4740 3722 4812">
    <p class='ocr_par' dir='ltr' id='par_1_101' title="bbox 2217 4740 3722 4812">
     <span class='ocr_line' id='line_1_101' title="bbox 2217 4740 3722 4812; baseline -0.003 -17"><span class='ocrx_word' id='word_1_774' title='bbox 2217 4744 2532 4812; x_wconf 75' lang='lat' dir='ltr'><strong>persuaserit</strong></span> <span class='ocrx_word' id='word_1_775' title='bbox 2554 4743 3141 4812; x_wconf 83' lang='lat' dir='ltr'><strong>imperatoricatholico,</strong></span> <span class='ocrx_word' id='word_1_776' title='bbox 3170 4743 3445 4812; x_wconf 73' lang='lat' dir='ltr'><strong>utlegatos</strong></span> <span class='ocrx_word' id='word_1_777' title='bbox 3470 4740 3599 4793; x_wconf 84' lang='lat' dir='ltr'><strong>sedis</strong></span> <span class='ocrx_word' id='word_1_778' title='bbox 3618 4755 3722 4807; x_wconf 82' lang='lat' dir='ltr'><strong>apo-</strong></span> 
     </span>
    </p>
   </div>
   <div class='ocr_carea' id='block_1_102' title="bbox 2215 4810 3717 4877">
    <p class='ocr_par' dir='ltr' id='par_1_102' title="bbox 2215 4810 3717 4877">
     <span class='ocr_line' id='line_1_102' title="bbox 2215 4810 3717 4877; baseline -0.003 -14"><span class='ocrx_word' id='word_1_779' title='bbox 2215 4811 2414 4863; x_wconf 81' lang='lat' dir='ltr'><strong>stolica</strong></span> <span class='ocrx_word' id='word_1_780' title='bbox 2437 4824 2537 4861; x_wconf 89' lang='lat' dir='ltr'><strong>non</strong></span> <span class='ocrx_word' id='word_1_781' title='bbox 2566 4811 2709 4874; x_wconf 88' lang='lat' dir='ltr'><strong>prius</strong></span> <span class='ocrx_word' id='word_1_782' title='bbox 2736 4810 3025 4865; x_wconf 89' lang='lat' dir='ltr'><strong>dimitteret</strong></span> <span class='ocrx_word' id='word_1_783' title='bbox 3049 4827 3201 4877; x_wconf 89' lang='lat' dir='ltr'><strong>quam</strong></span> <span class='ocrx_word' id='word_1_784' title='bbox 3228 4810 3406 4864; x_wconf 75' lang='lat' dir='ltr'><strong>Roma</strong></span> <span class='ocrx_word' id='word_1_785' title='bbox 3433 4823 3584 4861; x_wconf 84' lang='lat' dir='ltr'><strong>novus</strong></span> <span class='ocrx_word' id='word_1_786' title='bbox 3607 4824 3717 4873; x_wconf 87' lang='lat' dir='ltr'><strong>pon-</strong></span> 
     </span>
    </p>
   </div>
   <div class='ocr_carea' id='block_1_103' title="bbox 587 4877 3721 4963">
    <p class='ocr_par' dir='ltr' id='par_1_103' title="bbox 587 4877 3721 4963">
     <span class='ocr_line' id='line_1_103' title="bbox 587 4877 3721 4963; baseline 0 -34"><span class='ocrx_word' id='word_1_787' title='bbox 587 4880 749 4955; x_wconf 65' lang='lat' dir='ltr'><strong>sancti</strong></span> <span class='ocrx_word' id='word_1_788' title='bbox 777 4878 1047 4963; x_wconf 77' lang='lat' dir='ltr'><strong>Gregorii,</strong></span> <span class='ocrx_word' id='word_1_789' title='bbox 1096 4877 1192 4954; x_wconf 78' lang='lat' dir='ltr'><strong>hac</strong></span> <span class='ocrx_word' id='word_1_790' title='bbox 1232 4880 1298 4929; x_wconf 89' lang='lat' dir='ltr'><strong>de</strong></span> <span class='ocrx_word' id='word_1_791' title='bbox 1324 4894 1380 4937; x_wconf 80' lang='lat' dir='ltr'><strong>re</strong></span> <span class='ocrx_word' id='word_1_792' title='bbox 1406 4880 1713 4958; x_wconf 78' lang='lat' dir='ltr'><strong>gravissime</strong></span> <span class='ocrx_word' id='word_1_793' title='bbox 1756 4879 2111 4963; x_wconf 49' lang='lat' dir='ltr'><strong>in‘coinmen-</strong></span> <span class='ocrx_word' id='word_1_794' title='bbox 2148 4906 2195 4963; x_wconf 69' lang='grc' dir='ltr'><strong><em>Β</em></strong></span> <span class='ocrx_word' id='word_1_795' title='bbox 2220 4880 2342 4932; x_wconf 80' lang='lat' dir='ltr'><strong>titex</strong></span> <span class='ocrx_word' id='word_1_796' title='bbox 2371 4878 2573 4958; x_wconf 74' lang='lat' dir='ltr'><strong>electus</strong></span> <span class='ocrx_word' id='word_1_797' title='bbox 2601 4884 2773 4943; x_wconf 86' lang='lat' dir='ltr'><strong>esset;</strong></span> <span class='ocrx_word' id='word_1_798' title='bbox 2803 4880 3043 4959; x_wconf 78' lang='lat' dir='ltr'><strong>quodque</strong></span> <span class='ocrx_word' id='word_1_799' title='bbox 3071 4880 3157 4959; x_wconf 76' lang='lat' dir='ltr'><strong>ille</strong></span> <span class='ocrx_word' id='word_1_800' title='bbox 3192 4881 3390 4931; x_wconf 82' lang='lat' dir='ltr'><strong>interea</strong></span> <span class='ocrx_word' id='word_1_801' title='bbox 3420 4877 3598 4963; x_wconf 53' lang='lat' dir='ltr'><strong>dolose</strong></span> <span class='ocrx_word' id='word_1_802' title='bbox 3620 4890 3721 4963; x_wconf 48' lang='lat' dir='ltr'><strong>pro.</strong></span> 
     </span>
    </p>
   </div>
   <div class='ocr_carea' id='block_1_104' title="bbox 589 4944 2113 5013">
    <p class='ocr_par' dir='ltr' id='par_1_104' title="bbox 589 4944 2113 5013">
     <span class='ocr_line' id='line_1_104' title="bbox 589 4944 2113 5013; baseline -0.001 -18"><span class='ocrx_word' id='word_1_803' title='bbox 589 4945 731 4997; x_wconf 80' lang='lat' dir='ltr'><strong>lnriis</strong></span> <span class='ocrx_word' id='word_1_804' title='bbox 762 4960 809 4997; x_wconf 80' lang='lat' dir='ltr'><strong>tv</strong></span> <span class='ocrx_word' id='word_1_805' title='bbox 837 4947 1020 5013; x_wconf 88' lang='lat' dir='ltr'><strong>psalmi</strong></span> <span class='ocrx_word' id='word_1_806' title='bbox 1047 4946 1227 5013; x_wconf 86' lang='lat' dir='ltr'><strong>puenit.</strong></span> <span class='ocrx_word' id='word_1_807' title='bbox 1258 4947 1640 5011; x_wconf 87' lang='lat' dir='ltr'><strong>eonquerentis,</strong></span> <span class='ocrx_word' id='word_1_808' title='bbox 1697 4946 1832 5011; x_wconf 88' lang='lat' dir='ltr'><strong>quod</strong></span> <span class='ocrx_word' id='word_1_809' title='bbox 1872 4944 2113 4996; x_wconf 89' lang='lat' dir='ltr'><strong>nimirum</strong></span> 
     </span>
    </p>
   </div>
   <div class='ocr_carea' id='block_1_105' title="bbox 588 5013 2118 5081">
    <p class='ocr_par' dir='ltr' id='par_1_105' title="bbox 588 5013 2118 5081">
     <span class='ocr_line' id='line_1_105' title="bbox 588 5013 2118 5081; baseline 0 -18"><span class='ocrx_word' id='word_1_810' title='bbox 588 5014 684 5063; x_wconf 82' lang='lat' dir='ltr'><strong>sibi</strong></span> <span class='ocrx_word' id='word_1_811' title='bbox 706 5016 934 5081; x_wconf 79' lang='lat' dir='ltr'><strong>legitime</strong></span> <span class='ocrx_word' id='word_1_812' title='bbox 954 5014 1016 5066; x_wconf 88' lang='lat' dir='ltr'><strong>ad</strong></span> <span class='ocrx_word' id='word_1_813' title='bbox 1043 5013 1390 5081; x_wconf 90' lang='lat' dir='ltr'><strong>pontiﬁcatum</strong></span> <span class='ocrx_word' id='word_1_814' title='bbox 1411 5026 1590 5065; x_wconf 89' lang='lat' dir='ltr'><strong>vocato</strong></span> <span class='ocrx_word' id='word_1_815' title='bbox 1614 5022 1668 5066; x_wconf 91' lang='lat' dir='ltr'><strong>et</strong></span> <span class='ocrx_word' id='word_1_816' title='bbox 1694 5014 1860 5066; x_wconf 89' lang='lat' dir='ltr'><strong>electo</strong></span> <span class='ocrx_word' id='word_1_817' title='bbox 1890 5017 2118 5064; x_wconf 87' lang='lat' dir='ltr'><strong>muneris</strong></span> 
     </span>
    </p>
   </div>
   <div class='ocr_carea' id='block_1_106' title="bbox 587 5080 2116 5149">
    <p class='ocr_par' dir='ltr' id='par_1_106' title="bbox 587 5080 2116 5149">
     <span class='ocr_line' id='line_1_106' title="bbox 587 5080 2116 5149; baseline -0.001 -18"><span class='ocrx_word' id='word_1_818' title='bbox 587 5096 663 5131; x_wconf 88' lang='lat' dir='ltr'><strong>snt</strong></span> <span class='ocrx_word' id='word_1_819' title='bbox 692 5080 1006 5132; x_wconf 81' lang='lat' dir='ltr'><strong>functionem</strong></span> <span class='ocrx_word' id='word_1_820' title='bbox 1028 5080 1129 5133; x_wconf 86' lang='lat' dir='ltr'><strong>non</strong></span> <span class='ocrx_word' id='word_1_821' title='bbox 1156 5082 1293 5145; x_wconf 91' lang='lat' dir='ltr'><strong>prius</strong></span> <span class='ocrx_word' id='word_1_822' title='bbox 1317 5081 1527 5146; x_wconf 75' lang='lat' dir='ltr'><strong>exsequi</strong></span> <span class='ocrx_word' id='word_1_823' title='bbox 1556 5082 1780 5143; x_wconf 89' lang='lat' dir='ltr'><strong>licuerit,</strong></span> <span class='ocrx_word' id='word_1_824' title='bbox 1811 5096 1964 5149; x_wconf 86' lang='lat' dir='ltr'><strong>quam</strong></span> <span class='ocrx_word' id='word_1_825' title='bbox 1998 5081 2116 5131; x_wconf 77' lang='lat' dir='ltr'><strong>data</strong></span> 
     </span>
    </p>
   </div>
   <div class='ocr_carea' id='block_1_107' title="bbox 588 5149 2119 5216">
    <p class='ocr_par' dir='ltr' id='par_1_107' title="bbox 588 5149 2119 5216">
     <span class='ocr_line' id='line_1_107' title="bbox 588 5149 2119 5216; baseline 0 -17"><span class='ocrx_word' id='word_1_826' title='bbox 588 5151 803 5212; x_wconf 78' lang='lat' dir='ltr'><strong>pecunia</strong></span> <span class='ocrx_word' id='word_1_827' title='bbox 829 5149 964 5198; x_wconf 92' lang='lat' dir='ltr'><strong>illam</strong></span> <span class='ocrx_word' id='word_1_828' title='bbox 993 5151 1056 5200; x_wconf 84' lang='lat' dir='ltr'><strong>ah</strong></span> <span class='ocrx_word' id='word_1_829' title='bbox 1078 5149 1473 5216; x_wconf 89' lang='lat' dir='ltr'><strong>imperatoribus</strong></span> <span class='ocrx_word' id='word_1_830' title='bbox 1513 5150 1832 5201; x_wconf 86' lang='lat' dir='ltr'><strong>redemisset.</strong></span> <span class='ocrx_word' id='word_1_831' title='bbox 1863 5150 2119 5201; x_wconf 74' lang='lat' dir='ltr'><strong>Constan-</strong></span> 
     </span>
    </p>
   </div>
   <div class='ocr_carea' id='block_1_108' title="bbox 587 5216 2120 5285">
    <p class='ocr_par' dir='ltr' id='par_1_108' title="bbox 587 5216 2120 5285">
     <span class='ocr_line' id='line_1_108' title="bbox 587 5216 2120 5285; baseline 0.001 -19"><span class='ocrx_word' id='word_1_832' title='bbox 587 5218 723 5269; x_wconf 86' lang='lat' dir='ltr'><strong>tinus</strong></span> <span class='ocrx_word' id='word_1_833' title='bbox 778 5229 900 5269; x_wconf 70' lang='grc' dir='ltr'><strong>νεινο</strong></span> <span class='ocrx_word' id='word_1_834' title='bbox 956 5216 1233 5283; x_wconf 82' lang='lat' dir='ltr'><strong>imperator</strong></span> <span class='ocrx_word' id='word_1_835' title='bbox 1258 5219 1341 5282; x_wconf 84' lang='lat' dir='ltr'><strong>IV,</strong></span> <span class='ocrx_word' id='word_1_836' title='bbox 1374 5226 1573 5270; x_wconf 85' lang='lat' dir='ltr'><strong>retento</strong></span> <span class='ocrx_word' id='word_1_837' title='bbox 1602 5217 1767 5269; x_wconf 90' lang='lat' dir='ltr'><strong>adhuc</strong></span> <span class='ocrx_word' id='word_1_838' title='bbox 1785 5220 1901 5285; x_wconf 88' lang='lat' dir='ltr'><strong>jure</strong></span> <span class='ocrx_word' id='word_1_839' title='bbox 1930 5218 2120 5270; x_wconf 83' lang='lat' dir='ltr'><strong>conﬁr-</strong></span> 
     </span>
    </p>
   </div>
   <div class='ocr_carea' id='block_1_109' title="bbox 2223 4945 3719 5016">
    <p class='ocr_par' dir='ltr' id='par_1_109' title="bbox 2223 4945 3719 5016">
     <span class='ocr_line' id='line_1_109' title="bbox 2223 4945 3719 5016; baseline -0.006 -15"><span class='ocrx_word' id='word_1_840' title='bbox 2223 4945 2484 5016; x_wconf 82' lang='lat' dir='ltr'><strong>curaverit</strong></span> <span class='ocrx_word' id='word_1_841' title='bbox 2542 4945 2821 5012; x_wconf 78' lang='lat' dir='ltr'><strong>interregni</strong></span> <span class='ocrx_word' id='word_1_842' title='bbox 2886 4949 3303 5016; x_wconf 79' lang='lat' dir='ltr'><strong>prorogatioiiem</strong></span> <span class='ocrx_word' id='word_1_843' title='bbox 3332 4974 3361 5010; x_wconf 36' lang='lat'><strong>,&lt;</strong></span> <span class='ocrx_word' id='word_1_844' title='bbox 3396 4946 3572 5016; x_wconf 64' lang='lat' dir='ltr'><strong>donec</strong></span> <span class='ocrx_word' id='word_1_845' title='bbox 3622 4953 3719 4996; x_wconf 79' lang='lat' dir='ltr'><strong>aeta</strong></span> 
     </span>
    </p>
   </div>
   <div class='ocr_carea' id='block_1_110' title="bbox 2224 5013 3720 5083">
    <p class='ocr_par' dir='ltr' id='par_1_110' title="bbox 2224 5013 3720 5083">
     <span class='ocr_line' id='line_1_110' title="bbox 2224 5013 3720 5083; baseline -0.003 -15"><span class='ocrx_word' id='word_1_846' title='bbox 2224 5014 2489 5083; x_wconf 80' lang='lat' dir='ltr'><strong>synodalia</strong></span> <span class='ocrx_word' id='word_1_847' title='bbox 2535 5013 2980 5078; x_wconf 27' lang='lat' dir='ltr'><strong>consecutus,‘ea</strong></span> <span class='ocrx_word' id='word_1_848' title='bbox 3032 5013 3306 5078; x_wconf 60' lang='lat' dir='ltr'><strong>antequam</strong></span> <span class='ocrx_word' id='word_1_849' title='bbox 3346 5013 3720 5083; x_wconf 54' lang='lat' dir='ltr'><strong>ederenturij</strong></span> 
     </span>
    </p>
   </div>
   <div class='ocr_carea' id='block_1_111' title="bbox 2226 5080 3720 5151">
    <p class='ocr_par' dir='ltr' id='par_1_111' title="bbox 2226 5080 3720 5151">
     <span class='ocr_line' id='line_1_111' title="bbox 2226 5080 3720 5151; baseline -0.004 -15"><span class='ocrx_word' id='word_1_850' title='bbox 2226 5080 2439 5136; x_wconf 84' lang='lat' dir='ltr'><strong>libidine</strong></span> <span class='ocrx_word' id='word_1_851' title='bbox 2468 5084 2843 5151; x_wconf 78' lang='lat' dir='ltr'><strong>interVertisset</strong></span> <span class='ocrx_word' id='word_1_852' title='bbox 2870 5092 2922 5136; x_wconf 90' lang='lat' dir='ltr'><strong>et</strong></span> <span class='ocrx_word' id='word_1_853' title='bbox 2946 5083 3287 5147; x_wconf 72' lang='lat' dir='ltr'><strong>corrupisset,</strong></span> <span class='ocrx_word' id='word_1_854' title='bbox 3311 5091 3467 5151; x_wconf 82' lang='lat' dir='ltr'><strong>atque</strong></span> <span class='ocrx_word' id='word_1_855' title='bbox 3486 5096 3547 5136; x_wconf 80' lang='lat' dir='ltr'><strong>ex</strong></span> <span class='ocrx_word' id='word_1_856' title='bbox 3567 5080 3659 5133; x_wconf 80' lang='lat' dir='ltr'><strong>illis</strong></span> <span class='ocrx_word' id='word_1_857' title='bbox 3674 5092 3720 5130; x_wconf 82' lang='lat' dir='ltr'><strong>se</strong></span> 
     </span>
    </p>
   </div>
   <div class='ocr_carea' id='block_1_112' title="bbox 2226 5150 3721 5215">
    <p class='ocr_par' dir='ltr' id='par_1_112' title="bbox 2226 5150 3721 5215">
     <span class='ocr_line' id='line_1_112' title="bbox 2226 5150 3721 5215; baseline -0.001 -12"><span class='ocrx_word' id='word_1_858' title='bbox 2226 5166 2255 5203; x_wconf 91' lang='lat' dir='ltr'><strong>e</strong></span> <span class='ocrx_word' id='word_1_859' title='bbox 2280 5165 2493 5202; x_wconf 84' lang='lat' dir='ltr'><strong>numero</strong></span> <span class='ocrx_word' id='word_1_860' title='bbox 2530 5150 2890 5202; x_wconf 88' lang='lat' dir='ltr'><strong>damnatorum</strong></span> <span class='ocrx_word' id='word_1_861' title='bbox 2921 5150 3281 5202; x_wconf 70' lang='lat' dir='ltr'><strong>haereticorum</strong></span> <span class='ocrx_word' id='word_1_862' title='bbox 3310 5150 3609 5215; x_wconf 75' lang='lat' dir='ltr'><strong>exemisset;</strong></span> <span class='ocrx_word' id='word_1_863' title='bbox 3643 5160 3721 5201; x_wconf 78' lang='grc' dir='ltr'><strong>ιο·</strong></span> 
     </span>
    </p>
   </div>
   <div class='ocr_carea' id='block_1_113' title="bbox 2227 5217 3197 5287">
    <p class='ocr_par' dir='ltr' id='par_1_113' title="bbox 2227 5217 3197 5287">
     <span class='ocr_line' id='line_1_113' title="bbox 2227 5217 3197 5287; baseline -0.001 -16"><span class='ocrx_word' id='word_1_864' title='bbox 2227 5234 2445 5287; x_wconf 87' lang='lat' dir='ltr'><strong>menque</strong></span> <span class='ocrx_word' id='word_1_865' title='bbox 2476 5219 2688 5272; x_wconf 88' lang='lat' dir='ltr'><strong>Ilonorii</strong></span> <span class='ocrx_word' id='word_1_866' title='bbox 2717 5234 2811 5271; x_wconf 89' lang='lat' dir='ltr'><strong>suo</strong></span> <span class='ocrx_word' id='word_1_867' title='bbox 2832 5217 3197 5273; x_wconf 81' lang='lat' dir='ltr'><strong>substituisset.</strong></span> 
     </span>
    </p>
   </div>
  </div>
