3828 6392
529 423 669 479 1215

1767 428 1823 484 S.
1865 425 2251 486 AGATIIONIS
2291 428 2490 487 ΡΑΡίΕ

3571 462 3678 517 οίὶιῧ

521 534 880 632 episcopalem
905 537 989 632 vel
1012 537 1441 607 synodalem,vel
1468 537 1624 593 ullam
1647 538 1866 609 alicujus
1886 542 2092 610 generis
2120 545 2170 605 Α
2267 545 2355 600 10.
2412 547 2559 604 Tunc
2595 550 2808 608 dicebat
2859 569 2981 611 rex:
3024 559 3201 615 omnia
3246 576 3365 632 qua:
3405 565 3541 623 irate:
3579 587 3677 627 ωως

524 628 864 682 iudictlonem
891 629 1084 700 exigat.

2201 634 2396 706 Peada,
2423 648 2476 695 et
2503 637 2666 698 frater
2693 658 2846 701 mens
2872 645 3168 717 Wull'erus,
3197 660 3254 707 et
3287 668 3441 712 soror
3464 656 3675 725 Kinebm—li.

595 715 649 770 4.
681 717 816 773 Volo
842 719 1002 774 etiam
1025 728 1081 774 ut
1102 720 1189 776 ille
1214 721 1377 776 abbas
1404 722 1659 777 habeatur
1691 723 1940 778 Romanae
1955 724 2097 780 sedis
2199 736 2252 782 et
2312 728 2598 799 Kynesvith
2640 733 2936 805 dederunt,
2984 747 3039 794 et
3082 715 3513 800 conﬁrmaverunt
3553 715 3676 805 samo:

525 809 726 880 legatus
753 825 850 880 per
869 820 1030 866 totam
1057 813 1318 883 Angliam,
1342 823 1394 869 et
1423 823 1480 869 ut
1504 816 1805 885 quicunque
1827 816 1990 871 abbas
2020 817 2091 871 ibi

526 901 727 956 electus
781 903 938 958 fuerit
964 917 997 958 a
1025 905 1320 972 monachis,
1349 915 1689 962 consecretur
1721 907 1790 963 ah
1832 907 2096 976 archiepi-

523 1004 686 1060 scopo
713 994 1104 1051 Cantuariensi.

593 1085 646 1139 5.
674 1087 807 1142 Volo
832 1096 886 1143 et
911 1088 1190 1153 conﬁrmo,
1231 1099 1285 1143 ut
1328 1089 1624 1158 quicunque
1651 1091 1853 1145 vovcrit
1875 1091 2093 1146 Romam

522 1176 872 1244 peregrinari,
929 1185 983 1231 et
1031 1176 1122 1231 ille
1178 1175 1279 1231 hoc
1336 1187 1587 1245 prmstare
1629 1193 1732 1233 non
1773 1181 1958 1249 possit,
2010 1181 2093 1234 vel

521 1275 738 1334 propter
763 1266 1153 1337 :egritudinem,
1183 1268 1266 1323 vel
1304 1277 1516 1337 prapter
1545 1269 1819 1323 servitium
1860 1268 2090 1337 Domini,

520 1367 611 1410 aut
640 1356 833 1424 inopia:
879 1370 1059 1421 causa,
1104 1366 1191 1411 aut
1217 1358 1355 1412 alius
1384 1359 1711 1413 necessitatis
1735 1359 2092 1428 cujuscunque

519 1445 646 1501 illuc
673 1446 821 1502 abire
848 1462 954 1503 non
982 1449 1172 1516 possit,
1201 1448 1316 1504 sive
1340 1450 1410 1503 sit
1446 1449 1663 1518 Anglus,
1695 1452 1806 1504 sive
1826 1464 1889 1504 es
1913 1450 2088 1518 aliqua

517 1538 621 1591 alia
647 1538 852 1603 insula;
908 1539 1063 1594 adeat
1110 1541 1489 1595 monasterium
1516 1540 1584 1595 de
1613 1539 2086 1606 Medeshamstede,

513 1634 568 1680 et
626 1628 866 1683 eamdem
931 1629 1123 1684 habeat
1186 1631 1551 1685 remissionem
1612 1645 1641 1684 a
1703 1629 1957 1695 Christo,
2035 1639 2090 1684 et

513 1725 699 1770 sancto
755 1714 949 1782 Petro,
1001 1725 1057 1771 et
1108 1717 1176 1772 ab
1229 1718 1420 1774 abbate
1475 1717 1600 1784 illo,
1655 1727 1708 1773 et
1742 1733 1770 1771 a
1817 1717 2088 1774 monachis

512 1803 638 1869 illis,
661 1819 818 1872 quam
847 1804 1119 1860 habuisset
1143 1807 1185 1859 si
1217 1807 1434 1860 llomam
1457 1807 1725 1873 profectus
1747 1806 1950 1860 luisset.

2199 817 2355 872 Petro
2395 829 2450 875 et
2499 823 2700 891 abbati,
2756 834 2870 881 rata
2903 841 3023 884 esse
3046 829 3186 899 volo,
3217 839 3274 885 et
3319 833 3372 888 in
3417 833 3572 891 diebus
3594 844 3674 893 mei

2198 905 2323 962 illud
2370 909 2590 979 implere
2640 915 2759 970 volo
2801 930 2897 985 pro
2929 931 3111 974 eorum
3154 921 3331 978 anima
3367 933 3424 980 et
3457 940 3536 994 pro
3561 931 3677 983 attint:

2196 1012 2332 1052 mea.

2266 1088 2353 1144 ll.
2382 1088 2530 1146 Nunc
2550 1091 2619 1146 do
2641 1092 2802 1149 hodie
2819 1099 2986 1153 sancti
3006 1098 3148 1156 Petri
3166 1102 3409 1159 ecclesia
3429 1104 3679 1162 Medesham-

2194 1177 2310 1233 sted
2336 1188 2503 1236 terras
2531 1181 2626 1238 has
2647 1192 2700 1239 et
2729 1200 2915 1243 omnes
2941 1189 3244 1260 adjacentes
3265 1194 3315 1249 ei
3331 1234 3348 1260 ,
3375 1196 3469 1252 hoc
3491 1207 3580 1254 est:
3599 1200 3680 1254 ihe-

2194 1268 2354 1335 dune,
2407 1269 2721 1344 llrepingas,
2771 1275 3034 1346 Cedenac,
3097 1281 3511 1350 Swineshaeled.
3563 1290 3683 1346 liena-

2191 1357 2360 1428 byrig,
2393 1360 2687 1433 Lodeshac,
2728 1364 3090 1436 Sull'anhalch,
3139 1372 3464 1443 Castestord,
3498 1377 3681 1442 Stretlor.

2192 1452 2591 1513 Waetellburne
2618 1497 2633 1524 ,
2686 1458 2948 1529 Lul’geard
2975 1501 2991 1528 ,
3048 1463 3512 1538 Aethelhuniglond
3539 1509 3553 1535 ,
3598 1471 3683 1523 Bar-

2191 1544 2388 1613 thanig.

2260 1634 2347 1690 £2.
2393 1634 2498 1691 Has
2527 1645 2700 1694 terras
2736 1639 2880 1694 dono
2916 1651 3102 1697 sancto
3147 1645 3328 1713 Petro,
3383 1647 3506 1705 adeo
3526 1648 3685 1707 omnino

2189 1722 2376 1788 libere,
2423 1734 2482 1779 ut
2525 1739 2618 1781 eas
2642 1726 2866 1797 ipsemet
2910 1733 3270 1803 possidebam,
3317 1748 3372 1792 et
3404 1738 3467 1791 ita
3493 1747 3541 1792 ut
3563 1740 3684 1793 nullos

2189 1829 2558 1873 successorum
2585 1833 2822 1875 meorum
2852 1821 3276 1894 aliquodcunque
3296 1827 3422 1882 inde
3445 1828 3684 1888 subtrahat;

583 1895 637 1949 6.
665 1896 952 1965 Propterea
984 1905 1036 1951 te
1065 1911 1216 1963 rogo,
1249 1897 1413 1950 frater
1453 1896 1750 1962 Theodore,
1806 1907 1863 1951 ut
1901 1897 2077 1966 jubere

2193 1906 2235 1962 si
2263 1908 2381 1976 quis
2408 1908 2509 1963 hoc
2555 1908 2736 1965 fecerit
2764 1926 2913 1980 papa:
2943 1914 3163 1968 Romani
3187 1916 3510 1972 maledictum
3534 1929 3580 1972 et
3608 1932 3686 1971 ors-

511 1984 674 2040 l'acias
702 1999 795 2055 per
818 1995 980 2038 totam
1013 1987 1252 2055 Angliam
1281 1986 1537 2055 synodum
1563 1987 1891 2054 congregari,
1911 1996 1961 2042 et
1985 1987 2083 2040 hoc

515 2075 682 2129 breve
713 2077 1032 2144 perlegatur,
1066 2074 1486 2130 et'observetur.
1519 2076 1590 2130 Ita
1620 2078 1778 2130 etiam
1823 2075 1915 2129 tibi
1953 2091 2081 2143 prte-

507 2166 648 2229 ticio,
668 2165 935 2234 Saxulphe
951 2165 1219 2236 cpiscope,
1235 2165 1370 2219 sicut
1400 2167 1596 2234 rogasti
1626 2175 1680 2219 ut
1703 2162 2082 2218 monasterium

508 2256 608 2310 hoc
646 2257 716 2310 sit
773 2256 1027 2310 liberum:
1062 2255 1131 2308 ita
1173 2255 1264 2308 tibi
1309 2255 1585 2320 interdico,
1617 2264 1667 2309 et
1697 2253 1941 2310 omnibus
1965 2255 2082 2322 cpio

503 2347 684 2415 scopis
740 2345 1143 2402 successoribus
1188 2343 1332 2409 tuis,
1390 2358 1482 2412 per
1543 2342 1810 2398 Christum
1877 2351 1932 2397 et
1991 2358 2083 2412 per

504 2451 694 2494 omnes
734 2439 850 2506 ejus
894 2448 1152 2503 sanctos,
1222 2447 1278 2491 ut
1331 2437 1526 2491 nullam
1590 2435 1930 2491 ind;ctiouem
1991 2436 2084 2487 ha-

505 2527 676 2581 beatis
719 2541 785 2582 ex
823 2526 1147 2581 monasterio
1194 2526 1319 2593 illo,
1359 2525 1462 2580 nisi
1496 2533 1750 2594 quantum
1785 2524 1947 2578 abbas
1993 2524 2082 2578 illc

503 2619 746 2674 voluerit.
1344 2612 1350 2617 I

587 2712 641 2766 7.
662 2710 810 2764 Nunc
843 2711 1010 2764 verbo
1034 2710 1307 2763 declarare
1331 2708 1470 2772 volo,
1505 2718 1561 2761 ut
1588 2707 1887 2776 quicunque
1915 2708 2082 2764 breve

508 2803 611 2857 hoc
649 2812 703 2857 et
754 2810 1073 2870 prmceptum
1125 2799 1241 2867 ejus
1282 2801 1590 2867 servaverit,
1653 2799 1983 2862 habitaturus
2011 2799 2082 2853 sit

507 2904 722 2959 semper
750 2905 869 2959 cum
904 2888 1014 2943 Deo
1037 2889 1397 2957 omnipotente
1439 2886 1489 2940 in
1519 2900 1680 2955 regno
1701 2887 1954 2941 caelorum
1980 2904 1993 2952 ;
2025 2897 2081 2941 et

503 2983 808 3050 quicunque
848 2979 975 3033 illud
1025 2978 1300 3033 violaverit
1353 2976 1847 3033 excommunicatus
1885 2978 1974 3040 sit,
2027 2985 2082 3031 et

503 3072 816 3127 detrudatur
844 3085 965 3126 cum
996 3069 1152 3134 Juda,
1182 3077 1236 3123 et
1263 3082 1383 3122 cum
1411 3068 1654 3122 omnibus
1680 3067 1908 3122 diabolis
1933 3067 1984 3122 iu
2006 3067 2080 3122 in-

501 3164 730 3228 fernum,
765 3163 863 3218 nisi
893 3161 1190 3232 resipuerit.
1220 3161 1409 3215 Amen.

570 3256 624 3312 8.
678 3257 790 3311 lloc
844 3256 1006 3309 breve
1054 3252 1308 3309 miserunt
1351 3253 1559 3322 Agatho
1604 3267 1734 3321 papa
1765 3292 1782 3319 ,
1840 3262 1894 3307 et
1933 3267 2080 3310 cxxv
2107 3269 2154 3334 ο

497 3345 735 3415 episcopi
781 3359 874 3413 per
912 3341 1212 3398 Wilfridum
1257 3343 1715 3412 archiepiscOpu'm
1767 3343 2072 3399 Eboracen-

498 3453 611 3492 sem
657 3437 711 3491 in
766 3436 1026 3505 Angliam.
1077 3435 1186 3491 Iloc
1247 3436 1442 3491 factum
1492 3445 1605 3490 crat
1655 3445 1776 3501 post
1831 3436 2074 3492 lncarna-

500 3528 693 3581 tionem
728 3525 932 3580 Domini
964 3527 1129 3582 nostri
1172 3525 1295 3593 630,
1341 3525 1482 3595 regis
1510 3525 1804 3580 Aithelredi
1833 3541 1974 3581 anno
2015 3527 2070 3582 6.

570 3617 624 3670 9.
655 3617 805 3671 Tunc
844 3616 1128 3670 mandabat
1174 3631 1266 3671 rex
1315 3616 1713 3685 archiepiscopo
1765 3616 2068 3686 Theodoro,

499 3716 562 3760 ut
613 3705 873 3761 indiceret
918 3708 1154 3760 omnium
1197 3708 1492 3774 sapientum
1553 3707 1832 3762 concilium
1879 3707 1933 3764 in
1982 3710 2072 3766 illo

497 3797 638 3862 loco,
683 3797 773 3866 qui
825 3806 1042 3852 vocatur
1095 3797 1387 3853 lleatlclde.
1447 3798 1556 3854 illis
1605 3799 1674 3852 ibi
1713 3801 2065 3870 congregatis,

494 3891 651 3959 jussit
688 3890 885 3959 perlegi
925 3889 1177 3959 scriptum
1219 3891 1319 3946 hoc
1348 3892 1487 3959 quod
1515 3906 1646 3961 papa
1684 3891 1807 3947 illuc
1833 3893 2068 3960 miserat,

496 3987 553 4032 et
591 3992 778 4032 omnes
807 3978 935 4032 illud
965 3988 1136 4032 ratum
1171 3979 1488 4044 habuerunt,
1519 3989 1572 4034 et
1609 3979 1844 4049 plenarie
1875 3979 2070 4036 contir-

496 4077 794 4124 moverunt.

2186 1998 2331 2052 nium
2374 2000 2743 2067 episcOporum
2790 2003 3126 2060 maledictum
3168 2006 3385 2063 habeat.
3416 2006 3479 2062 Et
3510 2008 3686 2063 omnium

2185 2087 2400 2144 illorum
2429 2091 2517 2159 qui
2543 2090 2628 2146 hic
2656 2104 2778 2145 sunt
2804 2103 2985 2148 testes.

2257 2181 2319 2234 Et
2346 2181 2443 2235 hoc
2463 2182 2719 2238 confirmo
2736 2184 2887 2253 signo
2901 2185 3071 2240 crucis
3091 2185 3306 2241 Christi.

2256 2269 2367 2338 Ego
2393 2270 2704 2325 Theodorus
2731 2273 3165 2341 archiepiscopus
3207 2275 3582 2334 Canuiariensis
3603 2291 3686 2329 sum

2186 2363 2336 2414 testis
2384 2359 2566 2428 scripti
2612 2358 2766 2429 hujus
2795 2361 2863 2416 de
2888 2362 3366 2429 Medeshamstede,
3412 2374 3464 2420 et
3487 2380 3574 2436 ego
3595 2382 3685 2420 con-

2184 2447 2339 2500 lirmo
2374 2449 2574 2516 scripto
2602 2462 2752 2514 meo;
2802 2459 2854 2505 et
2895 2464 2996 2520 ego
3024 2453 3428 2509 excommunico
3455 2468 3689 2520 omnesqm

2183 2536 2413 2602 aliquam
2456 2536 2570 2605 ejus
2610 2549 2815 2606 partem
2853 2537 3199 2608 violaverim,
3245 2551 3300 2597 et
3344 2542 3580 2599 benedice
3605 2558 3687 2598 om-

2185 2629 2340 2683 nibus
2369 2630 2456 2697 qui
2491 2628 2617 2683 illud
2643 2629 3061 2685 observaverint.

2255 2743 2368 2811 Ego
2411 2741 2686 2796 Willridus
2739 2742 3165 2812 archiepiscopus
3219 2745 3558 2803 Eboracensis
3607 2762 3690 2800 sum

2187 2837 2334 2888 testis
2380 2832 2565 2902 scripti
2621 2833 2808 2901 hujus,
2847 2841 2902 2888 et
2936 2836 3196 2890 conlirrno
3238 2835 3378 2891 idem
3417 2836 3538 2892 illud
3567 2836 3692 2890 male-

2184 2923 2402 2979 dictum.

2258 3039 2368 3108 Ego
2396 3037 2695 3106 Saxulpbus
2741 3039 2828 3106 qui
2869 3037 3094 3105 primum
3145 3037 3309 3092 abbas
3333 3051 3497 3101 eram,
3522 3043 3569 3090 et
3590 3051 3692 3089 nam

2185 3145 2304 3185 sum
2327 3128 2628 3197 episcopus,
2654 3127 2992 3182 maledictum
3041 3142 3218 3182 meum
3266 3136 3340 3183 et»
3361 3129 3578 3182 omnium
3600 3140 3692 3179 suc-

2186 3235 2460 3277 cessorum
2492 3234 2730 3276 meorum
2769 3219 3024 3275 denuntio
3062 3220 3114 3274 in
3153 3235 3273 3276 eum
3299 3220 3391 3290 qui
3425 3218 3540 3275 illud
3565 3218 3692 3272 viola-

2183 3311 2337 3369 verit.

2249 3421 2360 3490 Ego
2381 3419 2594 3476 Ostride
2621 3418 2923 3475 Aethelredi
2952 3420 3131 3491 regina
3159 3418 3260 3476 hoc
3275 3426 3458 3477 testor.

2247 3512 2362 3580 Ego
2387 3510 2654 3565 Adrianus
2680 3511 2887 3580 legatus
2909 3510 3012 3567 hoc
3033 3512 3314 3566 conﬁrmo.

2245 3601 2357 3670 Ego
2384 3600 2535 3655 Putta
2564 3599 2844 3668 episcopus
2875 3599 3143 3655 Boll'ensis
3166 3603 3269 3655 hoc
3293 3601 3489 3656 scribo.

2247 3689 2360 3760 Ego
2407 3689 2728 3745 Waldberus
2779 3689 3062 3759 episcopus
3103 3689 3460 3745 Londinensis
3484 3688 3574 3744 hoc
3601 3700 3690 3739 eoa-

2175 3777 2347 3834 ﬁrmo.

2251 3868 2363 3940 Ego
2408 3867 2734 3924 Cuthbaldus
2777 3867 2942 3923 abbas
2995 3868 3096 3923 hoc
3143 3867 3425 3928 οοηίηπιο,
3456 3861 3691 3926 iam“;

2177 3972 2385 4027 cunque
2413 3956 2689 4011 violaverit
2728 3957 2874 4021 illud,
2922 3956 3162 4010 omnium
3205 3959 3566 4025 episcoporum
3611 3965 3688 4004 m2-

2180 4046 2391 4112 ledicta,
2424 4056 2479 4101 et
2499 4047 2673 4100 omnis
2700 4043 2985 4101 Christiani
3026 4045 3204 4115 populi
3251 4045 3464 4102 habeat.
3494 4046 3632 4100 Aen
3662 4047 3688 4092 ε.

1884 4135 2219 4195 EPISTOLA
2261 4136 2348 4191 Ill.

499 4245 732 4316 Epistola
763 4247 1051 4317 Agathonis
1079 4256 1124 4299 et
1157 4245 1404 4301 Romana:
1433 4247 1614 4315 synodi
1641 4257 1842 4317 centum
1865 4246 2044 4313 uiginti
2071 4246 2291 4317 quinque
2319 4245 2688 4314 episcoporum,
2711 4263 2827 4316 qua!
2855 4248 2957 4316 fuit
2981 4247 3116 4302 velut
3145 4247 3420 4302 instructio
3447 4247 3683 4316 legatur“.

1443 4317 1532 4384 qui
1562 4316 1702 4370 missi
1734 4326 1852 4370 sunt
1881 4319 1948 4368 ad
1972 4316 2223 4385 synodum
2250 4325 2442 4370 sextam
2467 4317 2840 4371 celebrandam.

772 4429 1051 4499 Ἐπιγραφή
1073 4433 1161 4484 τῆς
1189 4423 1449 4484 σννοδικῆς
1477 4426 1753 4498 ἀναφορᾶς.

569 4522 683 4574 Τοῖς
713 4515 1098 4572 εὐσιϐιστὰτοες
1126 4511 1402 4571 δεσπόταις
1431 4515 1515 4566 καὶ
1540 4512 1895 4581 γαληωτάτοιε
1922 4533 2058 4569 νικη-

2483 4425 2802 4494 Subscriptio
2829 4423 3086 4493 synodica:
3109 4422 3470 4495 suggestionis.

2242 4511 2269 4552 δ
2310 4512 2568 4568 Piissimis
2596 4515 2859 4582 dominis,
2890 4524 2945 4570 et
2981 4513 3349 4570 serenissimis
3376 4509 3629 4567 victoribus
3651 4521 3688 4560 se

496 4612 609 4665 ταῖς
631 4605 712 4657 καὶ
740 4602 1386 4675 τροπαιούχοτ,ποθητοῑς
1406 4601 1586 4659 τέκνοις
1612 4607 1701 4654 τοῦ
1723 4605 1849 4654 Θεοῦ
1874 4601 1960 4654 καὶ
1984 4610 2070 4653 Δι-

2193 4604 2690 4671 lriumphatoribus,
2721 4604 2936 4659 dilectis
2967 4603 3087 4658 [iliis
3121 4603 3218 4657 Dei
3245 4611 3304 4658 et
3333 4601 3534 4657 Domini
3567 4595 3683 4656 nostri

497 4697 690 4751 σπὸτον
727 4692 893 4752 ἰησοῦ
922 4689 1144 4768 Χριστοῦ
1173 4700 1264 4746 τοῦ
1292 4697 1418 4748 Θεοῦ
1441 4693 1580 4763 ἡμῶν
1603 4691 1955 4759 κωνσταντίνῳ
1976 4710 2068 4756 με·

495 4789 628 4860 γάλῳ
665 4787 895 4858 βασιλεῖ,
926 4785 1193 4858 Ἡρακλείῳ
1220 4786 1300 4838 καὶ
1327 4784 1542 4857 Τιϐιρὶῳ
1567 4783 1893 4852 Δίηούστοις,
1926 4779 2072 4849 ’Δγά-

494 4883 592 4933 θων
618 4882 894 4938 ἐπίσκοπος
923 4876 1096 4938 δοῦλος
1115 4883 1214 4930 τῶν
1239 4873 1426 4930 δούλων
1454 4879 1547 4928 τοῦ
1584 4879 1709 4928 Θεοῦ
1738 4874 1834 4928 σὺν
1875 4872 2072 4931 πάσαις

493 4982 612 5032 ταῖς
643 4969 874 5030 συνόδοις
919 4976 1027 5028 ταῖς
1054 4969 1350 5027 ἀνηκούσαις
1395 4972 1457 5040 τῇ
1506 4962 1701 5033 συνόδῳ
1726 4959 1818 5018 τοῦ
1850 4964 2074 5016 ἀποστο·

495 5064 626 5115 λικοῦ
651 5063 850 5135 Θρᾷνον.
881 5064 1077 5114 Πάντων
1106 5064 1203 5111 τῶν
1231 5059 1425 5126 ἀγαθῶν
1469 5054 1607 5115 ἐλπὶς
1652 5054 1910 5138 ὑπάρχειν
1949 5073 2074 5122 γνω-

494 5159 717 5226 ρίζιται,
744 5155 887 5211 ἡνίκα
914 5153 944 5209 ri
973 5148 1202 5222 βασιλική
1245 5153 1430 5223 κορυφή
1460 5147 1543 5203 τὸν
1573 5146 1836 5215 στέψαντα
1875 5149 2071 5210 αὐτὴν,

494 5248 574 5299 καὶ
599 5252 704 5303 τοῖς
735 5244 1014 5314 ἀνθρώποις
1045 5242 1487 5313 ἐγκαταστήσαντα
1513 5239 1641 5312 πρὸς
1671 5236 1970 5310 σωτηριὼδη
1987 5258 2075 5292 κν-

499 5335 760 5405 ϐίρνησιν.
777 5333 1179 5403 ἕπιγινὼσχουσα
1193 5335 1282 5389 τήν
1302 5335 1415 5405 πιρί
1433 5332 1580 5386 αὐτοῦ
1609 5329 1762 5387 ἀληθῆ
1787 5327 2074 5400 ὁμολογίαν,

499 5423 626 5496 ᾗτινι
668 5423 786 5494 μόνῃ
830 5422 960 5498 ὑπὲρ
990 5422 1154 5476 πάντα
1207 5422 1269 5474 τὰ
1312 5418 1449 5493 δῶρα
1491 5422 1848 5494 ὶπιτέρτηται,
1875 5427 2076 5479 πιστῶς

497 5513 756 5577 ἐπιζητεῖ,
797 5515 874 5567 καὶ
917 5515 1331 5584 ἀναζωπυροῦντι
1379 5511 1602 5582 λογισμῷ
1641 5509 2074 5581 περιπιύσσισθαι

569 5622 593 5649 ³
621 5620 766 5675 lianc
788 5622 1062 5689 epistolam
1102 5620 1252 5678 dedit
1282 5617 1521 5689 Labhens
1543 5632 1604 5689 es
1636 5615 1883 5672 versione
1914 5614 2072 5689 _Spel-

499 5691 695 5744 manni.
725 5683 857 5759 Ego,
880 5708 939 5746 ca
971 5690 1249 5755 subducta,
1280 5686 1714 5759 substituendam
1744 5683 1928 5759 censui
1976 5697 2071 5759 no—

499 5776 616 5813 vam
659 5776 723 5815 ex
773 5754 1039 5818 'Saxonico
1099 5754 1395 5815 versionem
1422 5755 1718 5811 Wilckinsii
1744 5754 1953 5824 qualem
1984 5754 2073 5807 ille

502 5841 844 5897 reprazscntat
865 5845 983 5886 cum
1013 5830 1404 5886 accessionibus
1430 5844 1492 5885 ex
1527 5822 1787 5884 Saxonico
1810 5822 2073 5880 Chronico

2179 4692 2308 4748 Jesu
2335 4692 2573 4759 Christi,
2602 4689 2951 4747 Constantino
2981 4706 3178 4759 magno
3207 4692 3545 4762 imperatori,
3572 4688 3686 4744 limo

2181 4784 2286 4840 clio
2325 4793 2380 4840 et
2411 4783 2627 4840 Tiberio
2670 4780 2958 4852 Augustis,
2989 4783 3197 4852 Agatho
3234 4784 3524 4851 episcopus
3556 4793 3685 4832 sema

2178 4887 2457 4930 servorum
2491 4873 2616 4938 Dei,
2643 4886 2766 4926 cum
2800 4871 3061 4926 universis
3088 4871 3318 4941 synodis
3361 4867 3688 4940 subjacsatim

2181 4963 2413 5020 concilio
2457 4962 2766 5032 apostolica:
2809 4960 2975 5015 sedis.
3021 4960 3278 5016 Omnium
3325 4961 3573 5016 honorum
3606 4967 3689 5021 sses

2179 5054 2356 5111 inesse
2382 5054 2752 5123 praenoscitur,
2781 5049 2910 5106 dum
2939 5045 3215 5120 imperiale
3241 5049 3512 5119 fastigium
3539 5045 3679 5116 cium

2179 5156 2285 5213 quo
2312 5154 2372 5199 se
2399 5153 2713 5198 coronatum
2743 5151 2796 5197 et
2827 5141 3131 5196 hominibus
3173 5140 3535 5208 prrstitutum
3560 5136 3614 5190 ad
3633 5149 3686 5186 πο

2179 5236 2408 5292 lubriter
2431 5234 2835 5308 gubernandum
2874 5233 3185 5303 cognoscit,
3215 5245 3408 5286 veram
3449 5222 3682 5284 confessio

2178 5341 2299 5383 nem
2319 5365 2337 5393 ν
2365 5342 2468 5397 qna
2511 5327 2626 5382 sola
2665 5339 2775 5395 prta
2804 5324 3053 5380 omnibus
3084 5321 3410 5377 muneribus
3435 5318 3684 5397 delectatnf.

2184 5396 2406 5489 inquirit
2435 5416 2690 5481 ﬁdeliter,
2719 5423 2774 5470 et
2802 5412 3054 5468 vivaciter
3077 5411 3336 5482 amplecti
3368 5410 3622 5468 dabnt
3645 5396 3688 5448 Β

2184 5511 2284 5565 hoc
2309 5506 2399 5565 Dei
2427 5503 2915 5578 prastantissimum
2957 5517 3145 5560 munus
3171 5510 3296 5572 est,
3327 5517 3360 5557 a
3386 5515 3490 5573 quo
3514 5491 3689 5570 plumbi

2179 5614 2370 5671 ibidem
2399 5613 2467 5669 ab
2492 5625 2558 5668 eo
2576 5609 2735 5666 datis.
2766 5610 2957 5666 lassi.
3469 5675 3476 5676 ί
3607 5668 3630 5676 ,,

2248 5683 2274 5723 δ
2302 5682 2467 5739 Vetus
2491 5681 2856 5748 interpretatio
2884 5694 2950 5735 ex
2981 5677 3192 5742 (ἔνθεο,
3219 5677 3312 5748 cui
3342 5675 3560 5734 similem
3581 5670 3689 5726 aliam

2177 5765 2412 5812 asservat
2440 5747 2721 5822 collegium
2753 5749 3052 5807 Parisiense
3075 5762 3189 5804 soc.
3216 5747 3372 5804 Jcsu.
3408 5747 3564 5802 ιΙιιυ.
