3828 6330
91 400 204 458 111⁸1

1486 386 1862 445 εριδτυιλ.
1894 341 1901 348 ’

3163 394 3300 450 ΙΞῘΒ

70 522 222 570 omne
241 508 375 582 quod
406 506 601 564 bonum
631 514 711 562 est
740 523 751 558 ε
784 504 849 558 ad
879 517 1035 572 quem
1076 502 1357 573 redigitur,
1384 500 1525 573 quod
1550 500 1619 555 de

1738 492 1976 576 ἔπιουμεῖ.
2012 505 2109 558 Καί
2126 508 2276 558 τοῦτο
2300 508 2427 557 Θεοῦ
2458 504 2596 557 ἔστιν
2624 504 2946 573 ἐξοχώτατον
2973 501 3146 582 δῶρον,
3168 508 3217 569 ἐξ
3242 505 3297 559 vi

86 608 185 673 ejus
228 601 496 671 majestate
540 606 843 667 perceptum
892 604 975 651 est
1000 612 1015 650 :
1045 595 1195 663 cujus
1240 593 1428 665 spiritu
1490 608 1624 663 prat-

89 703 295 751 struente
312 692 365 746 in
402 690 594 747 mentis
617 689 845 752 arcanis,
858 694 914 742 et
931 686 1335 742 convalescente
1359 683 1624 753 splrituali

89 782 354 851 ﬂagrantia,
379 780 481 850 pia:
505 777 819 833 intentionis
842 775 975 831 radii
1003 775 1417 843 circumquaque
1446 772 1625 842 perlu-

86 880 263 937 stranl,
288 880 342 927 et
366 867 651 925 suavitatis
677 865 813 921 odor
839 867 908 920 de
935 865 1202 920 sacriﬁcio
1230 863 1408 919 cordis
1434 860 1624 918 ascen.

86 966 150 1019 dit
173 964 233 1019 ad
262 961 538 1017 Dominum
559 997 575 1021 ,
603 956 695 1026 qui
724 956 811 1011 tali
839 968 1062 1011 munere
1083 955 1462 1025 compleatur,
1485 952 1628 1009 unde

86 1057 197 1109 etin
218 1049 553 1107 terrestribus
570 1044 879 1103 felicitatem
903 1044 1066 1099 donet
1090 1052 1145 1099 et
1169 1053 1355 1113 gentes
1381 1042 1629 1114 subjuget

91 1145 361 1203 universas.
387 1152 526 1210 quas
546 1137 613 1192 ad
640 1150 781 1191 verse
806 1134 874 1189 de
902 1148 962 1190 se
990 1134 1311 1204 cognitionis
1340 1134 1629 1189 confessio-

87 1246 191 1287 nem
214 1232 461 1295 asciscat,
491 1242 629 1298 quas
673 1223 944 1294 subjectae
985 1212 1285 1277 Christiano
1317 1224 1540 1293 imperio
1564 1225 1631 1279 de

86 1327 323 1389 potestate
350 1318 546 1372 liberet
575 1313 916 1370 tenebrarum
935 1352 953 1379 ,
980 1320 1036 1367 ut
1062 1311 1243 1368 felices
1271 1309 1426 1367 faciat
1453 1313 1629 1367 Immi-

87 1409 244 1475 liatos,
265 1418 396 1475 quos
419 1402 706 1461 infeliciter
727 1402 949 1459 exaltari
978 1401 1044 1456 ad
1068 1415 1253 1458 eorum
1278 1401 1629 1471 dejectionem

88 1498 397 1569 permiserat.
423 1496 557 1563 Quia
580 1509 731 1563 vero,
754 1493 981 1563 piissimi
1005 1500 1164 1562 atque
1187 1491 1458 1547 fortissimi
1485 1492 1630 1563 prin-

87 1594 246 1658 cipum
281 1587 503 1659 Augusti
524 1628 539 1653 ,
586 1594 779 1642 vestrae
821 1585 1033 1654 pietatis
1058 1596 1179 1638 cum
1213 1583 1368 1637 laude
1399 1582 1629 1637 admira-

85 1694 188 1733 mur
213 1678 316 1733 Deo
357 1677 575 1746 dignum
604 1675 970 1744 propositum,
1000 1674 1142 1742 quod
1178 1675 1320 1727 circa
1364 1672 1624 1741 apostoli-

85 1782 189 1823 cam
212 1776 437 1822 nostram
468 1764 629 1819 fidem
654 1763 855 1818 habere
876 1762 1170 1831 dignamini
1190 1799 1207 1826 ,
1234 1761 1343 1816 Deo
1369 1764 1631 1817 secretius

86 1857 417 1914 satisfaciente
436 1895 451 1922 ,
478 1868 586 1909 non
614 1853 791 1908 verbis
820 1851 1110 1906 liuentibus
1128 1890 1143 1915 ,
1177 1866 1277 1905 nec
1304 1849 1627 1920 loquacitate
1656 1840 1703 1899 Β

26 1970 29 1981 ι
92 1930 279 2011 fallaci,
309 1943 399 1999 sed
427 1942 610 1999 divina
635 1956 730 1996 sua
757 1940 925 2011 gratia
950 1948 1349 2008 commonente,
1376 1940 1629 2008 omnique

91 2033 407 2102 ambiguitate
429 2031 659 2091 sublata.
680 2030 1000 2085 desideratis
1024 2042 1377 2099 cognoscere,
1395 2044 1512 2097 qua:
1541 2042 1627 2082 ve.

88 2123 205 2182 ritas
228 2120 531 2177 orthodoxa:
551 2127 609 2174 et
626 2118 933 2189 apostolicae
958 2119 1078 2172 fidei
1105 2119 1408 2183 contineat.
1443 2131 1631 2172 omnes

89 2225 176 2263 nos
207 2210 374 2279 exigui
418 2206 778 2263 Ecclesiarum
822 2207 1111 2276 pmsules,
1141 2207 1304 2262 vestri
1336 2206 1629 2261 Christiani

92 2300 277 2366 imperii
336 2296 556 2363 famuli,
606 2296 659 2351 in
709 2294 1217 2363 septentrionalibus
1265 2292 1348 2349 vel
1397 2292 1631 2349 occiduis

89 2388 306 2457 partibus
332 2386 607 2443 constituti
630 2429 646 2455 ,
681 2386 804 2440 licet
832 2385 979 2455 parvi
1006 2392 1062 2439 et
1088 2382 1357 2455 simplices
1385 2385 1629 2449 scientia,

90 2478 183 2533 ﬁde
206 2488 372 2534 tamen
403 2472 498 2547 per
526 2476 619 2533 Dei
646 2474 871 2545 gratiam
899 2472 1143 2541 stabiles,
1173 2489 1269 2541 pro
1294 2472 1361 2528 iis
1388 2487 1506 2541 qua:
1538 2488 1631 2542 per

91 2572 300 2625 divalem
337 2583 541 2625 sacram
588 2576 854 2635 prmcepta
895 2565 1275 2635 cognovimus,
1318 2564 1631 2632 coregnanti

90 2676 149 2715 ac
188 2658 509 2729 dispensanti
553 2657 827 2711 vobiscum
870 2653 1136 2709 conditori
1180 2660 1234 2708 et
1276 2652 1633 2722 dispensatori

88 2750 312 2805 omnium
346 2747 454 2803 Deo
483 2744 798 2817 es‘ltilarati,
837 2759 934 2813 pro
962 2741 1263 2812 huiusmodi
1307 2742 1394 2811 pio
1436 2755 1634 2809 prapo-

90 2842 185 2893 sito
238 2853 356 2893 cum
408 2838 609 2893 intimis
656 2835 838 2892 cordis
888 2835 1100 2891 fletibus
1148 2834 1345 2904 gratias
1402 2834 1630 2888 reddere

89 2930 366 2997 empitnus,
390 2925 533 2995 quod
562 2935 672 2980 tam
700 2923 965 2979 laudabile
984 2963 1001 2988 ,
1032 2932 1136 2975 tam
1167 2921 1480 2987 mirificum,
1529 2930 1636 2977 tam

93 3019 520 3082 saluberrimum,
545 3027 657 3071 tam
705 3015 1045 3085 singulariter
1084 3013 1194 3067 Deo
1234 3026 1344 3082 pra:
1388 3012 1636 3067 omnibus

92 3116 300 3171 temnis
354 3112 628 3169 sacriliciis
681 3110 1008 3180 acceptabile
1057 3108 1411 3179 tranquillitas
1462 3116 1636 3162 vestra

1729 596 1879 647 πᾶσα
1903 589 2040 651 δόσις
2066 592 2227 661 ἀγαθή
2252 592 2565 665 προέρχεται
2587 604 2601 619 ’
2632 590 2762 664 πρὸς
2798 588 2861 644 ,ὃν
2903 592 3264 666 ἐπαναφέρεται
3282 633 3296 655 ,

1731 680 1859 755 ὅπερ
1900 681 2216 750 προσελήφθη
2243 679 2347 734 ἀπὸ
2386 688 2477 740 τῆς
2500 674 2648 733 αὐτοῦ
2678 678 3082 749 μεγαλειότητος⁶
3104 675 3299 755 οὗτινος

1726 777 1800 842 τῷ
1841 772 2091 839 πνεύματι
2114 768 2165 825 εν
2209 776 2317 828 τοῖς
2357 776 2448 829 τῆς
2489 766 2711 827 διανοίας
2753 768 3061 840 ἀποκρύφοις
3106 764 3300 821 οἰκοδο·

1728 867 1970 929 μοῦντος,
2018 861 2099 913 καί
2126 860 2526 933 ἀναῤῥωννζδντος
2548 865 2611 932 τῇ
2654 864 2963 931 πνευματικῇ
3004 855 3183 932 βράσει
3211 866 3299 916 τίς

1728 952 1925 1008 ἀκτῖνος
1954 954 2043 1003 τοῦ
2071 946 2309 1009 εύσεϐοὗς
2339 953 2538 1003 σκοποῦ
2577 949 2737 1019 κύκλῳ
2761 946 2934 1002 πάντα
2960 945 3303 1022 διιιικαθαίρον⁴

1728 1060 1813 1095 ται
1831 1037 1943 1109 [L.,
1970 1040 2212 1099 εὐσεϐοῦς
2238 1045 2433 1095 σκοποῦ
2458 1040 2655 1098 ἀκτῖνες
2681 1036 2844 1108 κύκλῳ
2868 1031 3199 1104 Sulmonem],
3219 1037 3301 1089 καί

1728 1136 1819 1188 τῆς
1860 1126 2073 1187 εὐωδίας
2100 1129 2131 1185 ἡ
2154 1128 2286 1197 ὀσμὴ
2316 1116 2427 1182 ἀπὸ
2450 1135 2542 1187 τῆς
2580 1128 2758 1187 θυσίας
2782 1136 2874 1188 τῆς
2912 1124 3115 1204 καρδίας
3154 1126 3302 1198 ἀνέρ-

1731 1239 1886 1289 χεται
1914 1220 2040 1292 πρός
2078 1218 2163 1272 τὸν
2186 1219 2397 1291 Κύριον,
2429 1215 2573 1275 ὅστις
2609 1211 2682 1285 τῷ
2720 1217 2933 1285 τοιούτῳ
2958 1213 3105 1287 δώρῳ
3133 1214 3304 1285 εὐαρε-

1709 1317 1961 1382 στεῖται·
1989 1308 2100 1364 ὅθεν
2117 1312 2201 1364 καί
2236 1310 2285 1362 ἓν
2304 1316 2410 1367 τοῖς
2433 1307 2539 1377 ἕπει
2550 1307 2667 1366 είοις
2701 1306 2945 1375 εὐτυχίαν
2982 1303 3299 1376 δωρήσηται,

1730 1402 1815 1453 καί
1856 1398 2056 1454 ἅπαντα
2089 1401 2155 1452 τά
2196 1396 2313 1455 ἔθνη
2346 1399 2609 1463 ὑποτάξει,
2644 1394 2775 1467 ἅπερ
2804 1393 3146 1467 προσκαλῆτειι
3175 1396 3302 1468 πρός

1730 1494 1819 1547 τήν
1846 1488 2110 1561 ὁμολογίαν
2135 1498 2227 1549 τῆς
2249 1489 2460 1548 ἀληθοῦς
2480 1488 2637 1542 αύτοῦ
2660 1488 2995 1559 ίπιγνῶσεως,
3025 1487 3092 1540 τά
3112 1485 3300 1540 ύποτε-

1731 1580 1955 1650 ταγμᾶνα
1985 1577 2056 1646 τῷ
2081 1579 2556 1653 Χριστιανικωτάτῳ
2580 1579 2751 1651 κράτει
2775 1576 2945 1649 [ἅτινα
2962 1580 3056 1629 ύπ.
3085 1597 3133 1632 τ.
3164 1596 3226 1644 χ.
3248 1597 3302 1630 κ.

1732 1677 1821 1729 τῆς
1839 1674 1927 1724 τοῦ
1954 1670 2164 1729 σκότους
2190 1671 2423 1732 ἔξουσίας
2445 1670 2790 1742 ἐλευθερώσω,
2816 1666 2925 1738 ι.].
2956 1668 3039 1721 ἵνα
3062 1666 3305 1736 εὐτυχεῖς

1732 1765 1916 1833 ποιήσῃ
1978 1762 2468 1830 τεταπεινωμένους,
2518 1758 2608 1818 οῦς
2667 1759 3003 1831 ταλαιπώρως
3053 1758 3307 1827 ύψοῦσθαι

1731 1853 1862 1925 πρὸς
1906 1851 2213 1908 κατάϐλησιν
2236 1851 2429 1903 ἑαυτῶν
2456 1850 2753 1923 παρείασεν.
2782 1848 2926 1901 Ἐπεί
2980 1845 3064 1910 δὲ,
3107 1848 3306 1901 εὐσεϐί-

1729 1964 1909 1997 στατοι
1935 1946 2018 1997 καί
2045 1942 2382 2011 ἀνδρειότατοι
2422 1941 2700 2013 βασιλέων,
2732 1948 2822 2002 τῆς
2844 1940 3125 2012 σεϐασμίας
3169 1939 3308 2008 ὑμῶν

1732 2035 1994 2095 εὐσεϐείας
2019 2036 2113 2087 σύν
2153 2036 2339 2102 ἐπαίνῳ
2380 2035 2701 2104 θαυμάζομεν
2743 2037 2833 2090 τήν
2860 2033 3139 2105 Θεάρεστον
3176 2032 3306 2104 πρόε

1730 2124 1884 2187 θεσεν,
1932 2125 2088 2196 ἥνπερ
2118 2123 2247 2195 πρὸς
2291 2126 2378 2178 τήν
2419 2122 2756 2177 ἀποστολικην
2800 2122 2939 2187 ήμῶν
2963 2122 3136 2175 πίστιν
3161 2118 3191 2173 ἔ
3194 2140 3309 2188 χειν

1730 2213 2110 2275 κατηξιώσατε,
2138 2217 2229 2264 τοῦ
2274 2215 2400 2265 Θεοῦ
2448 2216 2704 2279 μυστικῶς
2745 2205 3204 2284 πληροφοροῦντος,
3246 2210 3307 2261 ού

1731 2302 2219 2377 ῥήμασιρευστοῖς,
2266 2300 2380 2357 οῦτε
2426 2302 2571 2370 λαλιᾷ
2620 2302 2851 2362 ἀπάτης,
2901 2300 3109 2372 ἀὶλάτῇ
3149 2299 3306 2352 αὐτοῦ
3384 2358 3393 2371 ί

1731 2394 1839 2464 θείᾳ
1884 2395 2062 2465 χάριτι
2108 2392 2610 2459 ύπομιμνήσκοντος,
2664 2394 2745 2446 καί
2793 2393 2963 2451 πάσης
3009 2390 3306 2460 ἀμφιτῗολίας

1733 2482 2135 2557 περιαιρεθείσης
2177 2481 2459 2550 ἐπιθυμεῖτε
2505 2481 2806 2551 δπεγνῶναι,
2854 2481 2987 2557 ἅπερ
3032 2484 3063 2539 η
3106 2482 3309 2539 ἀλήθεια

1733 2580 1823 2631 τῆς
1847 2569 2110 2644 ὀρθοδόξου
2136 2574 2222 2625 καί
2253 2572 2587 2630 ἀποστολικῆς
2613 2573 2846 2646 περιέχει
2886 2576 3130 2631 πίστεως·
3157 2574 3307 2642 ἡμεῖς

1734 2663 1921 2721 πάντες
1942 2661 1989 2713 οί
2014 2660 2287 2729 ἱλὰχιστοι
2325 2667 2425 2715 τῶν
2460 2660 2758 2718 ἐκκλησιῶν
2783 2666 2871 2714 τοῦ
2896 2667 3115 2733 Χριστοῦ
3154 2660 3303 2731 πρόε-

1735 2747 1845 2823 δροι
1862 2788 1876 2812 ,
1899 2749 1946 2802 οἶ
1968 2745 2136 2801 δοῦλοι
2158 2754 2248 2802 τοῦ
2276 2750 2766 2823 Χριστιανικωτάτου
2806 2750 2945 2818 ύμῶν
2975 2752 3192 2824 κράτους
3208 2787 3223 2811 ,
3248 2747 3306 2802 ἕν

1735 2861 1789 2896 τε
1814 2848 1918 2902 τοῖς
1939 2838 2163 2901 δυτικοῖς
2185 2843 2268 2894 καί
2291 2842 2531 2913 ἀρκτῴοις
2561 2842 2738 2914 μέρεσι
2762 2845 3125 2911 τυγχάνοντες,
3154 2844 3198 2894 εἰ
3219 2842 3301 2893 καί

1741 2932 1895 3002 ὀλίγοι
1944 2932 2030 2986 καὶ
2067 2930 2398 3003 ἀπλούστεροι
2420 2938 2481 2997 τῇ
2519 2930 2719 2998 γνώσει,
2744 2937 2836 2989 τῆς
2861 2927 3194 3002 πίστεως
3224 2930 3305 2981 πί·

1738 3039 1870 3083 στει,
1897 3034 1961 3073 ca:
1984 3017 2072 3090 L.]
2096 3018 2231 3089 ὅμως
2272 3017 2355 3072 διὰ
2394 3026 2485 3079 τῆς
2508 3025 2596 3073 τοῦ
2637 3026 2763 3073 Θεοῦ
2796 3020 3009 3089 χάριτος
3046 3020 3304 3091 σταθεροί,

1739 3110 1902 3165 ἕνεκεν
1942 3115 2041 3163 τῶν
2086 3110 2518 3182 προσταχθέντων
2572 3105 2655 3162 διά
2692 3119 2783 3169 τῆς
2819 3105 3053 3166 θειὼδους
3094 3108 3305 3180 σάκρας,

92 3162 1076 3274 optiswcvretlitu-rﬂconcupisse,quod
1115 3212 1146 3251 a
1196 3162 1382 3251 inultis
1427 3196 1636 3267 quidem

1742 3162 1757 3165 -
1797 3162 1807 3164 -
1854 3162 1891 3164 ρ
1956 3162 1963 3163 κ
2094 3162 2137 3182 γ,
2202 3162 2205 3163 ν
2294 3162 2334 3177 η,
2741 3162 2776 3169 ..
3031 3162 3043 3166 -
3191 3162 3203 3180 ,
3260 3162 3303 3171 -.

1742 3200 2011 3271 ἕγνωκότες
2049 3199 2132 3254 τόν
2174 3199 2613 3267 συμϐασιλεύοντα
2635 3200 2713 3251 καί
2748 3196 3023 3251 διοικοῦντα
3047 3200 3141 3252 σὺν
3167 3197 3305 3265 ύμῖν,

92 3295 272 3363 pietate
319 3303 373 3347 et
416 3291 620 3362 iustitia
670 3289 906 3358 praeditis
972 3287 1184 3356 regibus
1238 3286 1597 3342 desideratum
1623 3326 1639 3351 ,

92 3383 416 3453 paucissimis
459 3391 638 3438 tamen
682 3395 909 3448 raroque
938 3380 1004 3433 ad
1031 3379 1277 3435 elfectum
1321 3378 1431 3433 Deo
1474 3377 1636 3447 placi-

94 3485 194 3530 tum
214 3516 229 3540 ,
254 3470 371 3530 eum
400 3470 1049 3540 sinceritate-apostolica
1078 3468 1198 3523 lidei
1230 3468 1445 3537 perduci
1475 3467 1642 3536 possi-

94 3565 190 3620 bile
211 3565 631 3619 demtinstratum
661 3568 764 3615 est.
793 3558 1075 3614 Credimus
1106 3566 1315 3624 autem,
1349 3558 1470 3625 quia
1500 3557 1639 3626 quod

92 3655 267 3723 paucis
311 3666 540 3721 raroque
584 3662 900 3707 concessum
931 3657 1013 3702 est
1029 3661 1105 3713 ,σο
1135 3648 1243 3702 Deo
1270 3656 1523 3701 coronato
1549 3634 1643 3701 ve-

96 3751 199 3797 stro
241 3743 462 3811 imperio
490 3740 744 3796 divinitus
770 3737 1113 3802 concedetur,
1145 3743 1203 3791 ut
1232 3748 1325 3803 per
1356 3735 1525 3802 ipsum
1556 3748 1643 3786 ca-

93 3832 289 3886 tholicae
314 3840 471 3899 atque
500 3828 802 3897 apostolicae
830 3841 971 3880 verae
999 3835 1198 3879 nostra:
1241 3822 1359 3877 lidei
1405 3822 1642 3890 splendi-

89 3919 354 3973 dissimum
387 3918 441 3971 in
468 3916 704 3969 omnium
734 3912 1006 3967 mentibus
1034 3911 1229 3966 emicet
1256 3910 1430 3964 lumen
1456 3927 1469 3962 :
1502 3910 1641 3977 quod

92 4023 152 4063 es
178 4008 287 4063 veri
328 4005 546 4061 luminis
576 4004 720 4058 fonte
751 4011 1003 4071 tanquam
1033 4000 1101 4055 de
1130 3999 1281 4053 radio
1312 3999 1505 4053 vivitici
1535 4000 1641 4053 lul-

91 4100 225 4161 soris
246 4137 265 4164 ,
297 4112 394 4165 per
424 4094 701 4149 ministros
729 4092 913 4147 beatos
941 4090 1154 4145 Petrum
1187 4099 1241 4143 et
1267 4089 1485 4143 Paulum
1514 4103 1644 4156 apo-

91 4186 341 4238 stolorutu
385 4182 678 4251 principes,
704 4193 1000 4247 eorumque
1029 4177 1320 4246 discipulos
1346 4184 1403 4232 et
1430 4187 1641 4245 aposto-

94 4279 213 4330 licus
239 4289 597 4338 successores,
624 4273 884 4339 gradatim
910 4285 1078 4338 usque
1106 4269 1172 4323 ad
1204 4279 1436 4324 nostram
1468 4270 1641 4338 parvi-

94 4375 267 4431 tatem,
301 4363 392 4417 Dei
422 4363 771 4431 opitulatione
799 4368 1068 4415 servatum
1099 4365 1214 4422 est,
1243 4358 1384 4412 nulla
1408 4357 1641 4412 ltmretici

91 4456 281 4510 erroris
311 4466 447 4511 tetra
479 4454 704 4524 caligine
735 4454 1066 4510 tettehratum
1089 4492 1106 4516 ,
1138 4466 1238 4506 nec
1269 4450 1512 4505 falsitatis
1542 4464 1638 4505 no-
1672 4488 1723 4549 υ

99 4546 228 4599 bulis
256 4546 619 4600 ecula-datum
639 4584 656 4612 ,
688 4559 789 4600 nec
816 4542 1131 4599 intermistis
1158 4542 1423 4619 haereticis
1464 4541 1644 4609 pravi-

97 4634 287 4691 tatibus
332 4633 481 4687 velut
508 4630 807 4701 caliginosis
838 4632 1047 4687 nebulis
1077 4633 1472 4699 pernmbratum
1493 4671 1508 4694 ,
1541 4631 1644 4685 itu-

92 4740 244 4781 mune
269 4734 433 4793 atque
460 4725 762 4791 sincerum,
792 4734 847 4779 et
874 4726 987 4779 suis
1028 4724 1191 4780 radiis
1231 4724 1609 4793 perlustratum
1628 4768 1641 4793 ,
1666 4796 1671 4803 ε

91 4819 115 4846 ⁸
132 4813 381 4881 piissimis
406 4812 682 4868 conatibus
706 4826 1022 4867 consonam
1048 4813 1192 4881 cupit
1212 4823 1444 4867 vestrum
1475 4832 1503 4868 a
1539 4818 1648 4871 Deo

90 4911 397 4964 coronatum
447 4900 734 4971 fastigium.
786 4900 843 4956 In
894 4902 996 4957 hoc
1033 4902 1174 4957 enitn
1207 4910 1313 4955 tam
1345 4905 1647 4971 apostolica

91 4990 256 5058 sedis,
284 5004 561 5061 quamque
606 4992 771 5046 nostri
815 4991 989 5062 exigui
1021 4993 1305 5047 famulatus
1353 4998 1649 5064 prtedeccso

90 5094 233 5133 sares
279 5094 454 5149 usque
495 5079 668 5134 adhuc
715 5095 822 5136 non
865 5082 983 5137 sine
1012 5084 1263 5153 periculis
1289 5086 1646 5152 desudarunt,

94 5180 228 5220 nunc
257 5166 517 5223 decretali
546 5168 961 5222 commonitione
986 5184 1107 5224 cum
1136 5174 1445 5239 apostolicis
1476 5176 1648 5242 ponti-

92 5256 276 5310 ticibus
304 5258 684 5323 consulentes.
716 5273 857 5313 nunc
882 5260 1125 5329 synodali
1155 5262 1495 5334 definitione,
1528 5282 1647 5334 quae

93 5347 331 5402 veritatis
350 5347 570 5417 regulas
590 5349 924 5417 continebat,
952 5351 1199 5407 omnibus
1227 5353 1644 5412 innotescentes:

91 5449 138 5492 et
164 5438 425 5493 terminos
447 5438 822 5513 [sempiternos
843 5439 1022 5511 terum]
1041 5455 1176 5510 quos
1202 5444 1470 5514 trangrcdi
1499 5447 1647 5504 nefas

93 5540 198 5589 est.
230 5543 403 5597 usque
427 5530 495 5583 ad
524 5528 714 5583 animm
758 5528 923 5597 ipsius
968 5531 1165 5585 exitum
1206 5546 1513 5597 constanter
1552 5539 1647 5595 de-

97 5618 371 5674 fendentes
391 5657 407 5682 ,
437 5631 542 5671 non
574 5617 776 5673 seducti
821 5618 1087 5677 blanditiis
1132 5620 1151 5693 [
1176 5625 1563 5686 adulationibus
1584 5630 1605 5699 ]
1625 5673 1637 5697 .

168 5734 193 5761 ⁸
222 5702 546 5786 l‘tiss'tmis...
577 5726 839 5790 fastigium
867 5729 1045 5785 desunt
1072 5734 1123 5785 in
1144 5733 1348 5790 σκετο.
1377 5736 1520 5791 Eutr.

1742 3295 1832 3350 τὴν
1876 3294 2081 3349 κτίστην
2123 3293 2209 3344 καί
2246 3292 2490 3360 πρύτανιν
2529 3296 2627 3341 τῶν
2665 3290 2864 3343 πάντων
2905 3292 3058 3355 Θεὸν,
3082 3287 3306 3363 ἶλαρευόο

1742 3400 1879 3449 μενοι
1913 3383 2149 3452 περὶτῆς
2186 3380 2427 3437 τοιαύτης
2469 3376 2709 3435 εὐσεϐοῦς
2747 3379 3030 3449 προθέσεως
3065 3381 3309 3447 μετὰτῶν

1740 3471 1798 3524 ἑκ
1834 3470 2022 3539 βάθους
2056 3475 2147 3527 τῆς
2188 3466 2403 3541 καρδίας
2440 3465 2672 3540 ὀδυρμῶν
2710 3468 3038 3538 εὐχαριστεῖν
3081 3470 3308 3540 ἀπηρξάο

1740 3560 1897 3629 μεθα,
1940 3557 2018 3613 ὅτι
2053 3558 2110 3613 τὸ
2151 3558 2313 3617 οὕτως
2340 3558 2708 3620 ἀξιεπαίνετον,
2754 3557 2811 3609 τὸ
2850 3556 2980 3609 οὕτω
3020 3560 3310 3626 θαυμαστόν

1744 3654 1826 3707 καί
1867 3648 2219 3724 σωηριῶδες,
2264 3650 2399 3704 οὕτω
2425 3654 2697 3721 μονογενῶς
2741 3655 2813 3719 τῷ
2850 3656 2956 3715 Θεῷ
2975 3649 3104 3722 ὑπὲρ
3132 3651 3305 3708 πάσας

1741 3740 1835 3799 τὰς
1876 3741 2044 3810 γηΐνας
2082 3741 2260 3797 θυσίας
2297 3738 2662 3809 εύπρόσδεκτον
2706 3736 2848 3811 ἔργον
2892 3741 2921 3796 ἡ
2962 3740 3179 3811 ὑμετέρα
3227 3760 3308 3809 φι-

1740 3829 2030 3899 λανθρωπία
2053 3828 2477 3881 καταπιστεύεται
2497 3827 2828 3896 ὶπιθυμῆσαι,
2853 3825 2976 3898 ὅπερ
2999 3827 3196 3886 πολλοῖς
3218 3831 3308 3894 μέν

1743 3916 1974 3989 εὐσεϐείᾳ
2008 3919 2090 3970 καί
2132 3914 2417 3988 δικαιοσύνῃ
2453 3914 2751 3988 προύχουσι
2796 3915 3087 3984 βασιλεῦσιν
3134 3915 3305 3967 ἐπεθυ-

1743 4018 1905 4079 μεῖτο,
1949 4006 2085 4081 ὅμως
2121 4009 2303 4081 ὀλίγοις
2343 4011 2425 4062 καί
2461 4009 2661 4080 ἀραιοῖς
2698 4008 2825 4081 πρὸς
2853 4012 3131 4078 enipeum-2
3180 4007 3306 4061 ἀπο-

1743 4102 1959 4172 τέλεσμα
1979 4101 2106 4170 μετά
2124 4100 2469 4173 ἀκεραιότητος
2492 4107 2581 4158 τῆς
2606 4099 2934 4155 ἀποστολικιῆι¹
2954 4099 3174 4155 πέστεως
3199 4096 3306 4149 δια-

1747 4190 1965 4244 σωθῆναι
2021 4187 2233 4242 δυνατόν
2283 4185 2583 4256 ἀπεδείχθη.
2617 4188 2919 4255 Πιστεύομεν
2955 4183 3039 4245 δὲ.
3085 4183 3307 4256 ὅτιόπερ

1744 4279 1926 4350 ὀλίγοις
1969 4280 2054 4333 καί
2086 4278 2288 4353 ἀραιοῖς
2320 4278 2633 4347 συνεφωνήθη
2680 4276 3068 4349 [συνεχωρήθη.
3096 4271 3200 4341 In],
3234 4282 3306 4344 τῷ

1744 4370 2042 4438 Θεοστίπτῳ
2066 4369 2205 4439 ὑμῶν
2223 4368 2392 4440 κράτει
2414 4367 2573 4421 θεόθεν
2594 4366 2957 4441 ἓωρηθὰσεται,
2971 4367 3050 4418 ἶνα
3077 4363 3139 4419 δι’
3154 4367 3307 4418 αὐτοῦ

1745 4470 1837 4524 τῆς
1862 4463 2118 4521 καθολικῆς
2161 4465 2244 4515 καί
2264 4454 2599 4517 ἀποστολικῆς
2620 4458 2760 4525 ἡμῶν
2781 4458 3003 4514 πίστεως
3035 4457 3093 4508 τό
3131 4455 3310 4511 τηλαυο

1746 4556 1990 4625 γέστατον
2020 4552 2193 4623 λάμψη
2212 4559 2312 4620 φῶς
2333 4545 2616 4620 [ὶκλάμψοι]
2632 4552 2683 4601 ἐν
2702 4556 2815 4606 ταῖς
2837 4549 3034 4601 πάντων
3058 4543 3307 4615 καρδίαις¹

1751 4642 1879 4715 ὅπερ
1919 4642 1973 4694 ἐκ
2004 4649 2096 4699 τῆς
2128 4649 2294 4711 πηγῆς
2319 4646 2409 4695 τοῦ
2449 4640 2673 4695 ἀληθινοῦ
2714 4635 2980 4706 φωτὸς,ὠς
3014 4632 3078 4688 δι’
3101 4636 3313 4688 ἀκτίνων

1747 4742 1837 4794 τῆς
1864 4728 2107 4795 ζωοποιοῦ
2132 4728 2449 4803 λαμπηδόνος
2475 4735 2585 4786 τοῖς
2606 4729 2868 4799 μακαρίοις
2889 4725 3197 4797 λειτουργοῖς
3228 4726 3309 4777 "3'-

1746 4842 1851 4895 τρῳ
1871 4824 1952 4876 καί
1978 4818 2156 4891 Παύλῳ
2195 4826 2298 4879 τοῖς
2319 4826 2418 4873 τῶν
2444 4815 2735 4871 ἀποστόλων
2758 4817 3064 4888 κορυφαίοις,
3082 4817 3166 4868 καί
3204 4821 3304 4870 τοῖς

1748 4910 1942 4967 τούτων
1970 4899 2221 4983 μαθηταῖς
2242 4910 2324 4962 καί
2354 4904 2616 4976 διαδόχοις
2655 4913 2769 4965 τοῖς
2808 4904 3158 4963 ἀποστολικοῖς
3182 4903 3309 4955 κατά

1746 5003 1939 5076 βαθμὸν
1951 5004 2113 5075 μέχρι
2130 5007 2220 5058 τῆς
2242 4999 2487 5070 ἡμετέρας
2508 4995 2816 5055 οὐδενότητος
2835 5002 2897 5069 τῇ
2917 5001 3006 5050 τοῦ
3026 4998 3152 5048 Θεοῦ
3187 4992 3308 5060 βοη-

1746 5093 1854 5165 θείᾳ
1882 5089 2157 5161 ἄφυλάχθη,
2179 5085 2395 5159 μηδεμιᾷ
2434 5093 2525 5145 τῆς
2564 5089 2816 5154 αίρετικῆς
2849 5084 3037 5142 πλάνης
3083 5078 3307 5133 δυσωδε·

1747 5183 1936 5237 στάτου
1962 5177 2175 5235 σκότους
2200 5176 2382 5246 ἀχλύί,
2407 5179 2528 5247 μήτε
2554 5174 2772 5243 νεφίλαις
2808 5170 3047 5242 ψεύδους,
3070 5169 3101 5227 ἦ
3121 5170 3305 5225 νὸοεσιν

1747 5271 1946 5327 ἀπάτης
1982 5266 2237 5336 μολυνθίν,
2255 5270 2378 5337 μήτε
2394 5265 2859 5337 παραμιμιγμᾶναις
2893 5263 3148 5338 αἱρετικῶν
3177 5283 3244 5329 γα

1746 5362 1923 5417 λότησι
1940 5397 1953 5421 ,
1980 5359 2198 5433 καθάπερ
2228 5361 2472 5433 ἀμαυροῖς
2512 5354 2682 5427 νέφεσι
2701 5355 3097 5415 κατασκιασθέν,
3122 5351 3279 5421 ἀϐαρέ

1748 5452 1828 5504 καί
1847 5449 2076 5521 ἀκέραιον
2118 5452 2198 5503 καί
2226 5454 2341 5506 ταῖς
2362 5444 2507 5505 ἰδίαις
2533 5445 2703 5499 ἀκτῖσι
2741 5444 3043 5513 διαλάμψαν.
3068 5441 3150 5492 ἐν
3190 5442 3281 5491 τού

1746 5563 1818 5608 τῳ
1861 5540 1960 5612 γάρ
1988 5539 2015 5593 ὅ
2042 5562 2095 5595 τε
2136 5536 2465 5596 ἀποστολεκὸς
2507 5536 2701 5609 θρόνος,
2729 5537 2776 5588 οἶ
2805 5554 2859 5589 τε
2905 5534 3287 5601 πραηγησάμενο

1745 5636 1833 5689 τήν
1882 5631 2122 5707 ἡμετέραν
2163 5624 2464 5703 μετριότητα
2502 5627 2661 5701 μέχρι
2693 5624 2938 5682 τοσούτου
2968 5619 3197 5691 [τούτωνί
3225 5618 3282 5670 L.
