3828 6392
101 467 200 527 1225

1449 440 1824 501 EPISTOLE.

3133 427 3274 484 1220

99 579 423 635 Britannorum,
451 566 667 638 plurimi
687 561 1108 622 confamulorum
1136 567 1443 614 nostrorum
1469 571 1630 617 esset

1743 553 1940 624 ιμάτων
1982 557 2074 607 τοῦ
2125 553 2341 604 ὠκεανοῦ
2391 545 2744 602 ίπεκτείνεται⁰
2813 542 3015 604 ἧστινος
3062 540 3276 597 συνόδου

97 675 341 729 noscuntur,
381 661 474 732 qui
511 669 569 715 et
606 661 676 715 de
716 661 817 713 hoc
842 657 1053 712 curiose
1091 663 1330 723 satagere
1372 667 1478 707 non
1507 652 1601 706 de-

94 761 269 819 sistunt,
293 761 342 808 ut
364 758 693 820 cognoscant
720 747 846 818 quid
875 747 928 801 in
959 759 1119 801 causa
1142 743 1448 813 apostolicae
1480 740 1601 795 ﬁdei

95 854 314 919 peragatur
339 860 353 896 :
381 842 474 912 qui
499 851 758 911 quantum
788 837 1045 907 prodesse
1088 842 1341 906 possunt,
1384 832 1508 887 dum
1549 833 1603 886 in

95 935 373 992 consonantia
404 931 531 986 fidei
562 929 842 984 nobiscum
884 935 1152 992 tenentur,
1184 923 1442 992 nobisque
1477 936 1608 976 con-

92 1025 272 1079 corditer
298 1019 549 1087 sentiunt,
606 1027 808 1072 tantum
828 1055 844 1080 ,
875 1017 1014 1086 quod
1044 1017 1203 1082 absit,
1226 1015 1271 1068 si
1298 1013 1426 1083 quid
1455 1027 1610 1068 scan-

94 1116 169 1169 dali
201 1113 243 1165 in
283 1111 395 1166 fidei
438 1110 683 1179 capitulo
724 1109 1013 1177 patiantur,
1054 1106 1393 1162 inveniuntur
1431 1104 1611 1158 infesti

90 1218 213 1273 atque
236 1202 489 1259 contrarii.
522 1202 631 1257 Nos
660 1210 862 1263 autem,
891 1200 1019 1254 licet
1056 1197 1358 1262 humillimi,
1389 1195 1611 1250 summis

92 1296 251 1349 viribus
274 1294 550 1359 enitimur,
587 1300 644 1344 ut
677 1288 968 1344 Christiani
993 1287 1157 1342 vestri
1186 1286 1390 1354 imperii
1422 1299 1611 1353 respu-

87 1386 216 1447 blica,
247 1385 294 1436 in
319 1397 420 1450 qua
453 1382 593 1436 beati
623 1380 764 1435 Petri
794 1379 1154 1449 apostolorum
1183 1374 1436 1444 principis
1463 1375 1617 1429 sedes

90 1473 264 1526 fundata
282 1479 360 1526 est
377 1509 394 1534 ,
423 1471 576 1538 cujus
602 1459 944 1523 auctoritate'
964 1480 1152 1521 omnes
1175 1465 1488 1519 Christiana:
1517 1477 1614 1517 no-

87 1562 256 1618 hiscum
301 1561 536 1616 nationes
580 1568 903 1616 venerantur
950 1566 1006 1612 et
1049 1557 1265 1623 colunt,
1305 1570 1402 1625 per
1453 1553 1620 1623 ipsius

87 1655 203 1708 beati
240 1653 371 1708 Petri
402 1653 631 1722 apostoli
677 1651 1076 1716 reverentiam,
1117 1649 1353 1703 omnium
1382 1647 1620 1716 gentium

85 1743 325 1800 sublimior
343 1758 460 1799 esse
480 1752 827 1797 monstretur.
853 1740 1118 1795 Personas
1138 1750 1314 1794 autem
1335 1739 1403 1792 de
1425 1744 1625 1792 nostra:

90 1837 369 1889 humilitatis
402 1834 592 1889 ordine
638 1832 976 1902 praevidimus
1019 1830 1247 1901 dirigere
1273 1830 1342 1884 ad
1374 1839 1563 1884 vestra:
1592 1842 1621 1881 a

1704 641 1876 716 [6306,
1905 638 2001 710 ι.]
2029 641 2085 695 τό
2115 649 2273 709 μῆκος
2303 640 2352 692 ἕν
2395 638 2552 712 πολλῇ
2590 641 2770 710 καιροῦ
2811 633 3122 708 παραδρομῇ
3163 630 3280 688 δια-

1703 736 1869 789 τείνει.
1916 727 2034 786 Βῖτα
2081 731 2346 801 ἠλπίζομεν
2391 730 2496 808 ἀπὸ
2554 729 2852 802 Βρεττανίας
2896 724 3152 799 Θεόδωρον
3196 724 3284 780 τόν

1706 825 1977 883 σύνδουλόν
2019 828 2156 898 ἡμῶν
2185 827 2268 879 καί
2295 826 2704 888 συνεπίσκοπον,
2735 830 2826 880 τῆς
2867 821 3085 892 μεγάλης
3124 822 3286 878 νήσου

1706 918 2010 992 Βρεττανίας
2053 916 2464 990 ἀρχιεπίσκοπον
2513 915 2593 967 καὶ
2628 911 2907 986 φιλόσοφον,
2953 913 3084 978 μετὰ
3129 904 3290 961 ἄλλων

1710 1010 1869 1064 ἆκεῖσι
1918 1010 2050 1063 κατὰ
2089 1009 2175 1062 τόν
2209 1008 2365 1063 τόπον
2412 1003 2705 1074 διαγόντων,
2735 1002 2925 1056 ἐκεῖθεν
2967 1006 3030 1071 τῇ
3069 997 3294 1072 ἡμετέρᾳ

1712 1099 1943 1157 ἐνωθῆναι
1967 1098 2284 1171 μετριότητι,
2319 1098 2403 1151 καί
2439 1085 2708 1167 διαφόρους
2735 1094 2928 1151 ταύτης
2955 1097 3047 1149 τῆς
3072 1085 3291 1142 συνόδου

1715 1188 2019 1247 ἐπισκόπους
2058 1189 2107 1240 ἐν
2152 1185 2406 1261 διαφόροις
2452 1187 2658 1254 κλίμασι
2704 1178 3081 1253 τυγχάνοντας,
3115 1181 3197 1232 ἵνα
3243 1175 3296 1238 ἕξ

1716 1268 1831 1340 όλης
1864 1287 1955 1339 τῆς
1983 1279 2260 1336 κοινότητος
2297 1284 2388 1336 τῆς
2428 1275 2662 1335 δουλικῆς
2691 1275 2826 1345 ἡμῶν
2873 1268 3088 1327 συνόδου
3119 1270 3149 1326 ἡ
3174 1270 3300 1337 ἡμε-

1717 1371 1842 1447 τέρα
1889 1371 2113 1440 ἀναφορά
2159 1370 2416 1440 γενήσοιτο
2443 1404 2460 1429 ,
2513 1368 2698 1434 μήπως
2763 1365 2848 1416 ἐὰν
2897 1366 3186 1431 μονομερῶς
3242 1355 3303 1410 τό

1718 1461 2062 1533 πραττόμενον
2105 1459 2476 1530 γνωσθήσηται,
2499 1455 2555 1509 τὸ
2591 1455 2744 1527 μέρος
2956 1454 3040 1505 καί
3080 1450 3303 1520 μάλιστα

1723 1552 1894 1611 ἐπειδὴ
1948 1555 1995 1605 ἐν
2039 1553 2181 1623 μέσῳ
2225 1558 2322 1607 τῶν
2370 1551 2515 1603 ἐθνῶν
2552 1555 2651 1603 τῶν
2695 1567 2750 1601 τε
2795 1542 3185 1618 Λογγοϐἀρδων,
3215 1541 3306 1594 και

1723 1642 1964 1704 Σκλάϐων,
1993 1642 2050 1693 οὐ
2089 1646 2185 1710 μὴν
2227 1640 2353 1694 ἀλλά
2396 1642 2483 1692 καὶ
2517 1638 2772 1712 Φράγκων,
2802 1635 3018 1698 Γότθων,
3039 1633 3126 1685 καὶ
3153 1640 3303 1704 Βρετ-

1725 1739 1888 1788 τανῶν
1938 1732 2165 1786 πλεῖστοι
2215 1731 2268 1782 ἐκ
2315 1735 2412 1782 τῶν
2461 1724 2753 1782 συνδούλων
2803 1727 2961 1796 ἡμῶν.
3001 1718 3122 1777 εἷναι
3171 1741 3306 1793 γνω-

1725 1827 1946 1897 ρίζονται
1968 1862 1985 1890 ,
2046 1825 2226 1881 οἷτινες
2287 1821 2379 1886 καί,
2449 1820 2572 1891 περί
2634 1816 2816 1870 τούτου
2891 1812 3314 1888 περιεργάζεσθαι

93 1926 183 1980 Deo
210 1923 532 1995 protegendos
578 1893 905 1977 fortitudinis
952 1893 1170 1991 vestigia
1191 1957 1208 1985 ,
1243 1933 1360 1988 qua:
1389 1919 1626 1972 omnium

1743 1919 1817 1971 nix
1869 1920 2212 1988 ἀφίστανται,
2263 1915 2348 1968 ἶνα
2397 1915 2732 1985 γνώσωνται,
2780 1911 2830 1965 τί
2872 1911 2943 1968 εἰς
2997 1909 3053 1962 τὸ
3098 1911 3317 1976 πρᾶγμα

91 2024 326 2081 nostrum,
358 2015 409 2068 id
457 2023 575 2079 est,
625 2013 995 2067 universorum
1043 2025 1137 2079 per
1185 2008 1628 2077 septentrionales

91 2107 162 2159 vel
188 2105 421 2159 occiduas
451 2104 699 2172 regiones
725 2103 1098 2170 episcoporum
1131 2099 1543 2170 suggestionem,
1576 2099 1630 2152 in

88 2212 175 2264 qua
203 2206 252 2250 et
278 2194 580 2264 apostolicae
602 2200 798 2247 nostra:
821 2192 940 2247 fidei
968 2190 1356 2246 confessionem
1388 2189 1632 2258 praeliba-

92 2289 272 2354 vimus,
297 2287 492 2342 oll‘erre
521 2285 787 2350 debeant,
819 2299 925 2338 non
958 2293 1132 2337 tamen
1173 2293 1418 2350 tanquam
1451 2282 1516 2336 de
1546 2282 1630 2334 in-

83 2381 227 2430 certis
254 2376 607 2444 contendere,
656 2374 749 2430 sed
789 2383 847 2428 ut
883 2384 1062 2440 certa,
1093 2382 1250 2441 atque
1287 2369 1634 2425 immutabilia

85 2466 434 2542 compendiosa
469 2466 781 2520 definitione
824 2463 1106 2533 proferre:
1134 2462 1446 2531 suppliciter
1474 2461 1631 2516 obse-

81 2568 312 2622 crantes,
354 2564 411 2610 ut
451 2571 480 2610 a
516 2555 629 2610 Deo
655 2565 910 2610 coronato
946 2563 1126 2609 vestro
1152 2553 1377 2621 imperio
1405 2542 1636 2617 favente,

83 2647 184 2699 haec
223 2647 403 2700 eadem
449 2645 698 2699 omnibus
739 2643 1051 2712 pratdicari,
1083 2653 1241 2710 atque
1276 2642 1415 2710 apud
1452 2654 1640 2696 omnes

81 2735 176 2788 vim
223 2734 456 2789 obtinere
500 2733 734 2803 jubeatis
759 2775 773 2798 ,
815 2741 871 2786 ut
917 2731 1092 2798 Deus,
1125 2731 1214 2800 qui
1265 2730 1546 2785 veritatem
1587 2736 1642 2784 et

77 2825 320 2891 justitiam
350 2826 553 2893 diligit,
577 2824 756 2880 omnia
783 2838 1035 2893 prospera
1067 2832 1258 2876 vestra:
1285 2821 1642 2877 serenissima;

84 2903 415 2983 benignitatis
443 2914 772 2984 temporibus
801 2914 994 2978 donet,
1025 2912 1078 2967 in
1113 2911 1305 2980 quibus
1337 2910 1646 2980 aposmlicae

78 3005 462 3072 prmdicationis
483 3013 537 3060 et
566 3005 778 3071 pietatis
823 3003 1022 3058 veritas
1049 3000 1280 3070 fulgeat,
1309 3001 1554 3064 meliori,
1583 3013 1646 3054 ac

78 3109 328 3164 prospero
378 3108 624 3152 successu
677 3109 860 3149 eorum
909 3092 1212 3148 fortissima:
1252 3091 1646 3160 tranquillitatis

75 3188 352 3259 imperium
387 3191 553 3246 lactari
593 3192 661 3246 de
701 3191 930 3245 hostium
969 3190 1299 3259 subjectionc
1321 3191 1641 3245 concedens.

75 3280 352 3349 Suscipere
401 3283 580 3350 itaque
619 3280 939 3349 dignamiui,
983 3280 1209 3347 piissimi
1251 3281 1580 3349 principum,
1614 3295 1644 3334 a

75 3384 252 3430 nostra
299 3375 599 3429 humilitate
649 3373 881 3428 directos
924 3373 1206 3442 episcOpos
1253 3387 1371 3427 cum
1426 3373 1648 3442 reliquis

84 3466 434 3522 ecclesiastici
461 3467 664 3521 ordinis
691 3466 819 3521 viris
847 3475 1006 3535 atque
1032 3466 1295 3535 religiosis
1332 3467 1502 3520 servis
1532 3465 1643 3531 Dei,

71 3569 186 3608 cum
233 3557 416 3611 solita:
464 3555 860 3625 tranquillitatis
907 3554 1227 3620 clementia,
1273 3562 1531 3624 quatenus
1584 3569 1652 3610 ex

77 3646 312 3714 ipsorum
343 3647 651 3700 testimonio
679 3659 796 3730 cum
817 3647 1106 3716 gratiarum
1130 3647 1339 3702 actione
1361 3648 1413 3702 in
1439 3646 1652 3716 propria

69 3739 462 3806 remeantium,
491 3739 633 3810 apud
672 3753 858 3795 omnes
906 3741 1148 3795 nationes
1201 3740 1314 3794 laus
1353 3738 1654 3796 clementia

67 3842 259 3884 vestrae
288 3833 632 3887 crebrescat:
655 3832 792 3887 sicut
820 3833 994 3900 magni
1023 3833 1168 3886 illius
1187 3831 1534 3896 Constantini,
1555 3845 1653 3884 cu-

63 3919 151 3986 jus
181 3927 306 3987 post
348 3919 553 3974 obitum
591 3919 871 3974 laudabilis
903 3919 1041 3973 fama
1077 3919 1241 3975 nihilo
1281 3919 1454 3973 minus
1490 3919 1652 3988 viget,

65 4009 222 4078 cujus
254 4009 475 4078 insigne
512 4023 617 4063 non
647 4018 845 4063 tantum
877 4009 1155 4078 potestatis
1185 4017 1300 4075 est,
1329 4008 1424 4063 sed
1462 4015 1518 4063 et
1545 4007 1656 4076 pie-

69 4100 242 4152 tatis:
276 4112 410 4152 cum
450 4113 556 4167 quo
600 4098 731 4153 illud
776 4098 1191 4153 sacratissimum
1237 4097 1518 4152 concilium
1549 4104 1655 4150 tre-

65 4197 362 4244 centorum
403 4189 589 4243 decem
622 4197 677 4243 et
710 4197 832 4243 octo
868 4189 1161 4242 antistitum
1194 4186 1247 4242 in
1290 4188 1498 4242 Nicaenu
1526 4185 1658 4240 civi-

66 4287 212 4344 tate,
243 4279 303 4333 in
345 4278 710 4333 defensionem
742 4277 1209 4332 consubstantialis
1235 4276 1508 4330 Trinitatis
1531 4289 1658 4330 con-

61 4371 236 4424 venit.
288 4370 366 4424 Et
408 4369 546 4424 sicut
584 4367 870 4422 Theodosii
907 4365 1114 4437 magni,
1153 4367 1304 4436 cujus
1349 4367 1489 4422 inter
1526 4367 1658 4421 alias

61 4458 182 4527 ejus
221 4459 464 4512 virtutes
503 4457 785 4526 singularis
826 4457 994 4525 pietas
1034 4457 1350 4525 pratdicatur
1381 4476 1393 4510 :
1426 4472 1530 4526 quo
1565 4471 1659 4510 an-

58 4550 278 4604 nitente
297 4588 315 4614 .
346 4561 446 4617 per
470 4547 638 4600 sancti
662 4545 888 4615 Spiritus
914 4547 1137 4617 gratiam
1167 4556 1377 4601 centum
1403 4547 1660 4615 quinqua—

59 4643 210 4710 ginta
227 4639 464 4694 Patrum
491 4641 776 4706 sententia,
797 4641 888 4714 qui
904 4638 1105 4710 [quam,
1129 4635 1220 4706 G.]
1243 4639 1322 4692 eis
1343 4638 1652 4706 inspirabat,

55 4733 313 4801 Spiritus
342 4737 565 4783 sanctus
592 4727 1061 4784 consubstantialis
1093 4729 1235 4782 Patri
1271 4737 1326 4783 et
1353 4727 1488 4782 Filio
1526 4744 1657 4798 pra:-

56 4822 284 4876 dicatns
307 4827 424 4874 est.
459 4818 524 4870 Et
555 4820 694 4872 sicut
728 4817 926 4885 egregii
969 4817 1208 4871 veritatis
1242 4819 1491 4872 amatoris
1519 4816 1663 4872 Mar-

51 4913 204 4968 ciani
237 4910 537 4980 principis,
563 4911 649 4978 qui
677 4917 732 4962 et
757 4908 987 4978 primum
1013 4909 1293 4965 concilium
1318 4910 1660 4979 Ephesinum,

53 5013 277 5072 utpote
308 5001 641 5056 catholicam
674 5010 728 5056 et
767 5002 1110 5070 apostolicam
1152 5003 1308 5057 fidem
1349 5003 1663 5072 praedicans,

49 5103 254 5148 sancta
283 5089 726 5146 Chalcedonensi
751 5091 956 5161 synodo
986 5093 1181 5160 suscipi
1201 5089 1358 5156 fecit,
1385 5100 1440 5146 et
1458 5105 1668 5147 errores

51 5183 176 5255 [G.,
209 5176 532 5250 terrores],
569 5181 657 5248 qui
695 5188 1063 5245 accreverant,
1091 5180 1158 5235 de
1195 5181 1287 5235 Dei
1318 5182 1552 5236 Ecclesia
1584 5197 1669 5236 re-

50 5273 239 5346 pulit,
271 5284 506 5326 sacrum
543 5269 690 5325 illum
718 5277 919 5324 tomum
960 5271 1238 5341 amplexus
1261 5272 1536 5342 apostolici
1565 5271 1669 5327 viri

48 5377 222 5435 papa
268 5360 525 5426 Leonis,
564 5375 721 5430 quem
761 5360 947 5416 beatus
984 5361 1171 5418 Petrus
1198 5363 1465 5433 apostolus
1494 5363 1672 5419 verbis

51 5457 186 5529 ejus
217 5453 514 5512 ediderat.
553 5453 619 5506 Et
647 5454 784 5509 sicut
808 5457 1030 5512 extremi
1068 5457 1279 5526 quidem
1299 5495 1315 5522 ,
1347 5457 1672 5526 praestantis-

49 5549 188 5604 simi
229 5557 440 5600 tamen
478 5543 744 5608 omnium,
776 5547 952 5613 magni
991 5546 1130 5600 illius
1165 5547 1480 5613 Justiniani,
1524 5547 1673 5614 cujus

55 5647 124 5692 ut
167 5635 416 5699 virtus,
454 5634 527 5688 ita
563 5639 618 5688 et
641 5631 820 5703 "pictas
842 5634 1020 5688 omnia
1055 5634 1108 5688 in
1136 5635 1410 5689 meliorem
1432 5635 1672 5689 ordinem

49 5722 430 5784 restauravit
462 5740 477 5774 :
508 5723 662 5792 cujus
697 5725 861 5780 instar
899 5723 1200 5782 fortissimae
1226 5735 1416 5782 vestrae
1443 5726 1676 5781 clemen-

54 5823 154 5878 tia:
187 5813 578 5892 principatus,
611 5815 816 5869 virtutis
844 5817 1055 5885 quidem
1084 5821 1366 5882 conatibus
1391 5820 1679 5894 rempubli-

392 5905 672 5990 ,Ρλτιοιη
679 5982 701 5991 _
712 5904 1092 5996 LXXXVII,

1727 2019 1817 2070 τῆς
1871 2007 2204 2066 ἀποστολικῆς
2263 2006 2487 2064 πίστεως
2535 2004 2838 2080 πράττεται·
2897 2000 3075 2058 οἵτινες
3123 1996 3314 2050 ὁπόσον

1731 2100 1982 2172 ὠφελῆσαι
2020 2095 2272 2160 δύνανται,
2300 2095 2424 2147 ίπάν
2465 2095 2515 2146 ἐν
2557 2101 2620 2166 τῇ
2668 2092 2934 2164 συμφωνίᾳ
2973 2096 3064 2147 τῆς
3090 2088 3319 2145 πίστεως

1731 2189 1835 2263 μεθ’
1855 2192 1993 2259 ἡμῶν
2042 2194 2343 2265 κρατῶνται,
2392 2187 2472 2238 καί
2518 2185 2635 2254 ἡμῖν
2687 2181 3008 2254 ὁμοφωνῶσι,
3047 2184 3314 2246 τοσοῦτον,

1737 2284 1867 2357 ὅπερ
1912 2285 2140 2349 ἀπίστω,
2177 2283 2260 2336 ἐὰν
2310 2277 2588 2336 σκάνδαλόν
2629 2279 2681 2332 τί
2722 2296 2842 2331 ποτε
2881 2276 2929 2328 ἐν
2963 2281 3036 2343 τῷ
3069 2273 3319 2344 κεφαλαίῳ

1733 2388 1824 2438 τῆς
1853 2379 2076 2437 πίστεως
2106 2379 2462 2447 ὑπομείνωσιν,
2490 2375 2804 2450 εὑρίσκονται
2839 2373 3016 2446 ἐχθροί
3053 2373 3141 2425 καί
3181 2370 3321 2424 ἐνανο

1735 2474 1856 2525 τίοι.
1906 2467 2078 2538 Ἡμεῖς
2124 2465 2179 2521 δὲ
2214 2469 2257 2519 εί
2304 2467 2392 2519 καί
2444 2465 2734 2534 ἐλάχιστοι,
2763 2462 2866 2518 ἀλλ’
2886 2462 3026 2532 ὅμως
3066 2461 3168 2518 ἀπό
3204 2460 3326 2521 ὅλης

1740 2561 1953 2630 ἰσχύος
1986 2560 2264 2635 θαρροῦμεν
2306 2554 2418 2627 [ιη
2443 2553 2766 2631 κειρὼμιθα],
2808 2557 2892 2610 ἶνα
2934 2564 3026 2610 τοῦ
3070 2566 3326 2630 Χριστια-

1739 2643 2013 2704 νικωτάτου
2044 2655 2184 2719 ὑμῶν
2211 2651 2428 2721 κράτους
2462 2651 2493 2706 ἡ
2522 2648 2764 2710 πολιτεία,
2793 2647 2843 2700 ἓν
2933 2653 3024 2702 τοῦ
3059 2651 3325 2721 μακαρίου

1741 2745 1938 2816 Πέτρου
1974 2747 2065 2796 τοῦ
2117 2729 2388 2815 κορυφαίου
2430 2747 2528 2795 τῶν
2578 2740 2872 2795 ἀποστόλων
2905 2739 2932 2794 ὁ
2980 2739 3149 2811 θρόνος
3180 2740 3326 2794 τεθε-

1744 2833 2002 2902 μελίωται,
2061 2826 2259 2889 οὗτινος
2311 2834 2403 2887 τήν
2455 2829 2714 2883 αὐθεντίαν
2895 2827 3100 2901 ἀληθείᾳ
3152 2825 3328 2884 πάντα

1743 2929 1844 2977 τῶν
1893 2926 2209 2992 Χριστιανῶν
2257 2920 2323 2974 τὰ
2378 2917 2491 2975 ἔθνη
2529 2917 2633 2988 ἅμα
2678 2920 2799 2990 ἡμῖν
2844 2923 3194 2992 προσκυνοῦσι
3239 2917 3330 2971 καί

1749 3013 2003 3075 σέϐουσι.
2049 3013 2181 3064 κατὰ
2222 3016 2313 3068 τήν
2359 3010 2521 3064 αὐτοῦ
2569 3013 2662 3063 τοῦ
2707 3009 2955 3082 μακαρίου
2997 3008 3187 3079 Πέτρου
3229 3011 3325 3062 τοῦ

1749 3103 2035 3159 ἀποστόλου
2083 3105 2231 3170 τιμὴν
2280 3101 2482 3155 πάντων
2525 3107 2626 3153 τῶν
2669 3099 2818 3151 ἐθνῶν
2868 3094 3156 3170 ἀποδειχθῇ
3194 3095 3332 3167 ὑψη-

1750 3193 1950 3268 λοτέρα.
1985 3193 2061 3246 ’Νι
2110 3189 2164 3245 δέ
2215 3189 2496 3266 πρόσωπα,
2543 3187 2576 3243 ἃ
2615 3187 2761 3261 παρὰ
2812 3195 2903 3246 τῆς
2947 3189 3197 3260 ἡμετέρας
3239 3206 3330 3254 με·-

1746 3284 2008 3360 τριότητος
2063 3283 2190 3337 κατά
2259 3282 2398 3344 τάξιν
2452 3279 2769 3342 ἐπιλέξασθαι
2815 3275 2913 3347 [[ι.
2955 3277 3211 3350 πρόσωπα
3272 3275 3328 3330 δέ

1749 3377 1804 3432 ίκ
1837 3383 1930 3436 τῆς
1967 3376 2152 3439 τάξεως
2184 3383 2275 3433 τῆς
2310 3371 2555 3446 ἡμετέρας
2598 3368 2926 3447 μετριότητος
2960 3366 3068 3438 im]
3098 3365 3331 3424 συνείδο·

1749 3489 1838 3540 μεν
1862 3469 1988 3541 πρὸς
2016 3470 2082 3522 τὰ
2110 3465 2239 3538 ἴχνη
2265 3474 2358 3526 τῆς
2388 3466 2636 3541 ὑμετέρας
2649 3462 3044 3519 Θεοσκεπᾶστου
3071 3461 3327 3536 ἀνδρείας,

1749 3558 2006 3630 ὀφείλοντα
2052 3563 2399 3632 προσαγαγεῖν
2444 3561 2536 3613 τὴν
2601 3557 2852 3630 ἀναφορὰν
2905 3555 3109 3610 πάντων
3166 3555 3327 3624 ἡμῶν,

1750 3649 2012 3704 τουτέστιν
2044 3647 2281 3701 ἀπάντων
2327 3651 2426 3700 τῶν
2469 3646 2602 3700 κατά
2638 3646 2704 3701 τὰ
2753 3647 2963 3719 ἀρκτῷα
3015 3648 3101 3700 καί
3147 3643 3330 3701 δυτικά

1751 3741 1967 3808 κλίματα
2013 3737 2326 3803 ἆπισκόπων,
2382 3739 2433 3791 ἐν
2479 3733 2508 3810 ᾖ
2551 3739 2636 3790 καί
2678 3745 2768 3795 τῆς
2812 3737 3148 3795 ἀποστολικῆς
3192 3738 3332 3806 ἡμῶν

1753 3832 1972 3888 πίστεως
2007 3834 2098 3886 τήν
2139 3827 2398 3900 ὁμολογίαν
2440 3829 2897 3902 προαπηρξάμεθα’
2942 3826 3079 3896 ὅμως
3121 3829 3226 3897 οὐχ
3263 3831 3336 3888 ὡς

1752 3923 1872 3995 περὶ
1919 3918 2111 3977 ἀδήλων
2160 3919 2476 3990 φιλονεικεῖν,
2516 3915 2706 3977 ἀλλ’ὡς
2751 3917 2939 3992 βέϐαια
2985 3920 3070 3973 καί
3125 3917 3334 3996 ἄτρωτοι

1754 4009 2009 4064 συνελόντι
2051 4009 2151 4086 ὅρῳ
2192 4010 2506 4086 προσφέρειν·
2531 4009 2848 4070 ίκετευτικῶς
2886 4012 3331 4087 παρακαλοῦντες,

1751 4101 1833 4154 ἵνα
1846 4108 1935 4156 τοῦ
1963 4102 2211 4172 ὑμετέρου
2230 4101 2549 4155 Θεοστίπτου
2567 4102 2789 4173 κράτους
2817 4101 3145 4168 ἕπινεύοντος,
3167 4111 3336 4159 ταῦτα

1755 4189 1891 4242 αὐτὰ
1933 4193 2064 4242 πᾶσι
2109 4190 2426 4261 κηρυχθῆναι
2452 4232 2467 4253 ,
2519 4193 2604 4243 καὶ
2642 4192 2770 4262 πρὸς
2812 4191 3008 4248 πάντας
3055 4192 3338 4262 ἐπικρατεῖν

1755 4278 2038 4336 κελεύσητε⁶
2079 4279 2157 4334 ἶνα
2194 4279 2219 4332 ό
2264 4280 2388 4339 Θεός
2433 4278 2458 4331 ό
2501 4283 2587 4336 τὴν
2623 4278 2850 4335 ἀλήθειαν
2894 4281 2975 4333 καί
3018 4283 3106 4338 τόν
3143 4279 3333 4337 δικαιο-

1755 4373 1908 4429 σύνην
1959 4373 2168 4441 ἀγαπῶν
2191 4409 2207 4436 ,
2258 4371 2419 4424 πάντα
2459 4367 2603 4422 αἴσια
2639 4371 2920 4444 χαρίσηται
2969 4377 3077 4432 τοῖς
3130 4371 3339 4440 χρόνοις

1755 4467 1846 4518 τῆς
1891 4459 2135 4532 ὑμετέρας
2161 4458 2500 4530 γαληνοτάτης
2533 4459 2813 4527 εὐμενείας,
2847 4460 2900 4512 ἓν
2942 4456 3015 4517 οἷς
3063 4478 3108 4511 τι
3129 4464 3146 4471 ’
3203 4461 3336 4514 ἀπο-

1687 4579 1736 4638 D
1759 4550 1985 4605 στολικοῦ
2021 4550 2336 4626 κηρύγματος
2364 4552 2554 4610 καίτής
2583 4549 2843 4607 εὐσεϐείας
2870 4551 2899 4605 ἡ
2929 4549 3128 4605 ἀλήθεια
3151 4549 3334 4620 ἐκλάμ-

1760 4663 1864 4713 πη,
1918 4642 2156 4718 κρείττονι
2200 4642 2283 4694 καί
2347 4641 2491 4712 αἰσία
2537 4637 2743 4711 ἐκϐάσει
2789 4647 2881 4699 τῆς
2919 4641 3058 4710 ὑμῶν
3108 4639 3338 4715 ἀνδρειο-

1761 4733 1918 4791 τάτης
1945 4730 2277 4804 γαληνότητος
2302 4729 2360 4784 τό
2385 4732 2567 4800 κράτος
2595 4725 2918 4802 εὔφρανθῐυοαι
2954 4731 3071 4799 περὶ
3106 4737 3199 4790 τῆς
3237 4738 3341 4786 τῶν

1762 4821 2009 4889 πολεμίων
2035 4821 2292 4888 ὑποταγῆς
2323 4817 2682 4891 χαριζόμενος.
2721 4818 2962 4878 Δίξασθαι
2988 4818 3152 4870 τοίνυν
3182 4839 3337 4871 κατα-

1761 4915 1976 4978 ξιώσατε
2016 4909 2381 4964 εὐσεϐέστατοι
2424 4909 2671 4979 βασιλέων
2711 4909 2830 4967 τοὺς
2877 4908 3152 4968 σταλέντας
3191 4907 3337 4980 παρὰ

1763 5012 1856 5064 τῆς
1893 5002 2140 5076 ἡμετέρας
2169 4998 2496 5074 μετριότητος
2533 4998 2839 5059 ἐπισκόπους
2884 4999 3012 5066 μετά
3064 5002 3162 5048 τῶν
3200 4995 3335 5048 ὐπο-

1764 5096 1947 5148 λοίπων
1996 5102 2086 5154 τῆς
2131 5094 2537 5150 ἐκκλησιαστικῆς
2595 5090 2784 5155 τάξεως
2834 5090 3058 5160 ἀνδρῶν.
3104 5091 3190 5141 καὶ
3235 5095 3338 5143 τῶν

1767 5186 2153 5242 εὖλαϐεστάτων
2204 5181 2392 5236 δούλων
2437 5186 2531 5236 τοῦ
2584 5177 2710 5235 Θεοῦ
2773 5178 2882 5248 μετ’
2935 5179 3192 5249 εὐμενείας
3244 5183 3337 5232 τῆς

1768 5279 2044 5335 είθισιιόνης
2087 5273 2456 5347 γαληνότητος,
2499 5270 2638 5330 ὅπως
2679 5272 2763 5324 καί
2803 5276 2865 5340 τῇ
2911 5270 2962 5332 ἐξ
3001 5271 3162 5324 αὐτῶν
3203 5285 3339 5334 μαρσ

1769 5371 1922 5443 τυρίᾳ
1959 5367 2067 5438 μετ’
2113 5367 2456 5440 εὺχαριστίας
2496 5366 2570 5422 εἰς
2617 5363 2680 5415 τά
2726 5364 2894 5416 οἰκεῖα
2939 5363 3101 5416 αὐτῶν
3153 5359 3342 5412 ἐπανα-

1771 5461 2064 5532 στρίφοντες
2094 5451 2627 5530 [ἓπαναστρεφόντων]
2656 5457 2801 5526 παρά
2854 5459 2989 5509 πᾶσι
3030 5458 3138 5509 τοῖς
3178 5447 3340 5502 ἔθνεσι

1773 5553 2014 5623 συχνάσῃ
2065 5551 2090 5604 ὁ
2134 5550 2335 5607 ἔπαινος
2385 5556 2476 5605 τῆς
2528 5547 2778 5621 ὑμετέρας
2830 5543 3218 5618 φιλανθρωπίας,
3270 5543 3340 5601 ὡς

1777 5641 1961 5695 ἐκείνου
1997 5647 2091 5697 τοῦ
2129 5641 2343 5710 μεγάλου
2374 5642 2773 5702 Κωνσταντίνουο,
2841 5631 3028 5691 οὗτινος
3072 5631 3201 5703 μετά
3247 5635 3341 5688 τὴν

1777 5731 2004 5789 τελευτήν
2047 5731 2327 5793 ἀξιέπαινος
2368 5721 2781 5796 [ἀξιεπαίνετος]
2820 5721 2962 5777 οὐδὲν
3011 5720 3160 5782 ἧττον
3201 5725 3340 5791 φήμη

1779 5815 2243 5897 ἀκμάζειχοῦτινος
2277 5817 2335 5873 οὐ
2381 5816 2535 5887 μόνον
2577 5817 2634 5872 τὸ
2683 5815 2924 5883 ἐπίσημυν
2965 5821 3056 5875 τῆς
3109 5811 3348 5876 ὶξουσίοιΐ

2821 5901 2902 5967 89
