3828 6376
85 463 198 521 ιῆὅ

1469 437 1844 498 ΕΡΙΒἹῸΙΑᾹΞ.

3153 423 3294 481 i220

84 575 444 633 Britannorum,
472 564 688 636 plurimi
709 559 1128 620 confamulorum
1156 565 1463 612 nostrorum
1489 569 1613 611 esse
1637 555 1664 614 Α

1765 551 1960 621 ,ιμᾶτων
2003 555 2094 604 τοῦ
2146 550 2361 601 ὠκεανοῦ
2411 543 2764 599 ίπεκτείνεται’
2833 539 3036 601 ἧστινος
3083 537 3296 594 συνόδου

83 671 361 727 noscuntur,
402 659 495 730 qui
532 666 590 713 et
626 659 696 714 de
737 659 837 712 hoc
863 655 1350 721 curiososatagere
1393 663 1498 704 non
1528 649 1621 704 de-

81 756 276 816 sistunt,
303 759 363 805 ut
385 755 714 819 cognoscant
740 745 866 816 quid
897 745 950 799 in
979 757 1139 798 causa
1162 741 1469 812 apostolica:
1500 737 1622 793 ﬁdei

83 851 329 914 peragatur
359 859 373 895 :
403 840 494 910 qui
519 849 778 909 quantum
809 835 1065 905 prodesse
1109 840 1362 903 possunt,
1404 830 1529 884 dum
1569 830 1624 884 in

83 933 392 987 consonantia
425 929 552 983 ﬁdei
582 927 862 981 nobiscum
905 933 1174 991 tenentur,
1204 921 1462 990 nobisque
1498 934 1629 974 con-

81 1021 280 1076 corditer
311 1016 569 1084 sentiunt,
626 1025 828 1070 tantum
849 1053 865 1078 ,
895 1015 1034 1083 quod
1065 1015 1223 1080 absit,
1247 1013 1292 1067 si
1318 1011 1446 1081 quid
1475 1025 1630 1066 scan-

84 1112 167 1165 dali
200 1109 249 1163 in
294 1109 416 1164 ﬁdei
459 1107 703 1177 capitulo
744 1107 1033 1174 patiantur,
1075 1105 1413 1159 inveniuntur
1451 1101 1631 1157 infesti

81 1213 218 1271 atque
243 1200 510 1256 contrarii.
541 1200 651 1256 Nos
680 1208 883 1260 autem,
912 1198 1039 1253 licet
1077 1196 1378 1260 humillimi,
1409 1193 1631 1248 summis

84 1293 259 1346 viribus
285 1291 570 1356 enitimur,
608 1298 664 1342 ut
697 1285 989 1342 Christiani
1014 1286 1178 1340 vestri
1207 1284 1411 1352 imperii
1442 1297 1631 1351 respu-

82 1382 223 1444 blica,
258 1382 308 1433 in
336 1394 442 1449 qua
475 1380 613 1434 beati
643 1379 785 1433 Petri
814 1377 1176 1447 apostolorum
1203 1371 1456 1442 principis
1483 1372 1637 1426 sedes

84 1469 275 1524 lundata
295 1477 380 1524 est
397 1507 415 1532 ,
443 1469 598 1537 cujus
624 1456 965 1522 auctoritate'
985 1478 1172 1520 omnes
1196 1462 1509 1517 Christianae
1538 1474 1635 1515 no-

85 1561 268 1614 hiscum
315 1559 558 1614 nationes
603 1566 924 1614 venerantur
972 1564 1027 1611 et
1071 1555 1286 1621 colunt,
1327 1568 1423 1624 per
1474 1551 1641 1620 ipsius

85 1653 212 1706 beati
251 1651 390 1707 Petri
423 1651 652 1720 apostoli
697 1650 1054 1705 reverentiam
1079 1687 1098 1714 ,
1138 1647 1374 1701 omnium
1402 1644 1641 1714 gentium

84 1741 342 1798 sublimior
362 1756 482 1797 esse
502 1749 848 1795 monstretur.
874 1739 1139 1794 Personas
1159 1748 1334 1790 autem
1355 1736 1424 1790 de
1445 1742 1645 1789 nostra:

89 1835 389 1888 humilitatis
422 1832 613 1887 ordine
659 1831 996 1900 prmvidimus
1040 1827 1267 1898 dirigere
1293 1827 1363 1882 ad
1395 1836 1584 1881 vestra:
1612 1840 1642 1878 a

1725 638 1896 714 [5306,
1925 635 2021 707 1η]
2049 639 2106 692 τό
2135 645 2293 706 μῆκος
2323 637 2372 690 ἕν
2416 635 2572 709 πολλῇ
2611 637 2790 706 καιροῦ
2832 629 3143 704 παραδρομῇ
3184 627 3301 685 δια·-

1723 733 1890 786 τείνει.
1936 724 2055 784 Εἶτα
2102 728 2367 798 ἠλπίζομεν
2411 728 2516 809 ἀπὸ
2575 725 2872 798 Βρεττανίας
2917 720 3173 796 Θεόδωρον
3217 720 3305 776 τὸν

1726 823 1997 881 σύνδουλον
2039 825 2176 896 ἡμῶν
2206 824 2288 877 καί
2316 823 2724 885 συνεπίσκοπον,
2755 827 2846 878 τῆς
2887 817 3106 888 μεγάλης
3145 819 3307 874 νήσου

1726 916 2030 990 Βρεττανίας
2073 913 2484 988 ἀρχεεπίσκοπον
2533 912 2614 964 καί
2649 908 2927 982 φιλόσοφον,
2974 909 3104 975 μετά
3150 901 3312 958 ἄλλων

1730 1008 1890 1061 ίκεῐσε
1939 1008 2070 1060 κατά
2109 1007 2195 1060 τόν
2229 1005 2385 1060 τόπον
2433 1000 2725 1072 διαγόντων,
2756 999 2945 1052 ἐκεῖθεν
2987 1003 3050 1068 τῇ
3090 994 3315 1068 ἧμιτίρᾳ

1732 1097 1964 1155 ἐνωθῆναι
1987 1095 2304 1168 μετριότητι,
2339 1095 2423 1148 καί
2459 1077 2728 1164 διαφόρόυς
2755 1090 2949 1148 ταύτης
2976 1094 3067 1146 τῆς
3093 1081 3312 1139 συνόδου

1735 1186 2040 1244 ἐπισκόπους
2078 1186 2128 1238 ἐν
2173 1183 2427 1258 διαφόροις
2472 1183 2679 1251 κλίμασι
2723 1175 3102 1250 τυγχάνοντας,
3135 1177 3218 1229 ἶνα
3265 1172 3317 1235 ἕξ

1737 1266 1852 1337 όλης
1883 1285 1976 1336 τῆς
2003 1275 2280 1332 κοινότητος
2318 1282 2409 1333 τῆς·
2447 1271 2683 1332 δουλικῆς
2711 1272 2846 1342 ἡμῶν
2893 1265 3109 1323 συνόδου
3139 1266 3169 1322 ἡ
3195 1266 3321 1334 ἠμε-

1737 1369 1863 1444 τέρα
1909 1368 2132 1437 ἀναφορὰ
2178 1368 2436 1437 γενήσοιτο
2465 1401 2479 1426 ,
2533 1365 2717 1432 μήπως
2783 1362 2869 1413 ίάν
2917 1361 3207 1428 μονομερῶς
3263 1351 3324 1406 τό

1739 1457 2083 1530 πραττόμενον
2125 1456 2496 1527 γνωσθήσηται,
2519 1452 2575 1506 τό
2611 1452 2764 1524 μέρος
2977 1451 3060 1501 καί
3101 1447 3324 1516 μάλιστα

1743 1549 1915 1609 ἐπειδὴ
1969 1552 2016 1603 ἐν
2060 1551 2201 1620 μέσῳ
2245 1555 2343 1604 τῶν
2390 1548 2535 1600 ἐθνῶν
2573 1551 2670 1600 τῶν
2715 1563 2770 1598 τε
2814 1539 3206 1614 Λογγοϐάρδων,
3235 1537 3326 1591 καὶ

1743 1640 1985 1702 Σκλάϐων,
2013 1640 2070 1691 οὐ
2109 1644 2205 1708 μὴν
2248 1637 2374 1690 ἀλλὰ
2415 1639 2503 1689 καί
2537 1635 2793 1710 Φράγκων,
2823 1631 3039 1695 Γότθων,
3059 1630 3146 1682 καί
3174 1637 3325 1700 Βρετ-

1745 1737 1908 1786 τανῶν
1958 1729 2185 1783 πλεῖστοι
2236 1727 2288 1779 ἐκ
2335 1732 2433 1779 τῶν
2481 1721 2774 1779 συνδούλων
2823 1723 2964 1793 ἡμῶν
3021 1715 3142 1773 εἶναι
3192 1738 3327 1790 γνω-

1746 1824 1966 1894 ρίζονται
1989 1860 2006 1888 ,
2067 1821 2246 1878 οἵτινες
2307 1817 2400 1882 καί,
2471 1817 2591 1888 περί
2653 1813 2836 1866 τούτου
2911 1807 3335 1884 περιεργάζεσθαι

93 1924 190 1978 Deo
221 1922 553 1993 protegenda:
599 1890 926 1974 fortitudinis
973 1890 1190 1990 vestigia
1211 1955 1229 1982 ,
1264 1930 1381 1985 quae
1409 1917 1647 1970 omnium

1765 1917 1838 1969 ιῦκ
1889 1917 2232 1986 ἀφίστανται,
2283 1912 2369 1965 ἶνα
2417 1912 2753 1982 γνώσωνται,
2800 1908 2851 1962 τί
2893 1907 2964 1964 είς
3017 1907 3074 1958 τὸ
3119 1907 3339 1972 πρᾶγμα

94 2022 344 2080 nostrum,
378 2013 430 2067 id
479 2020 596 2077 est,
647 2011 1016 2064 universorum
1064 2022 1158 2077 per
1205 2005 1649 2075 septentrionales

95 2104 170 2158 vel
197 2103 443 2157 occiduas
474 2101 720 2170 regiones
747 2100 1118 2168 episcoporum
1151 2097 1564 2167 suggestionem,
1596 2096 1650 2150 in

94 2210 185 2263 qua
217 2203 268 2249 ct
295 2192 602 2262 apostolica:
625 2198 820 2245 nostra:
841 2190 961 2244 ﬁdei
989 2188 1376 2242 confessionem
1410 2186 1652 2255 praeliba-

98 2287 289 2353 vimus,
315 2284 514 2340 oﬁ'erre
544 2284 808 2346 debeant,
840 2297 945 2336 non
978 2291 1154 2335 tamen
1194 2290 1440 2347 tanquam
1472 2279 1536 2333 de
1566 2279 1651 2332 in-

91 2378 243 2431 certis
272 2373 630 2440 contendere,
678 2371 772 2427 sed
811 2381 868 2426 ut
904 2381 1082 2437 certa,
1114 2380 1272 2438 atque
1309 2367 1654 2422 immutabilia

94 2465 457 2538 compendiosa
493 2463 803 2518 deﬁnitione
844 2461 1084 2530 proferre
1113 2477 1128 2514 :
1155 2459 1467 2528 suppliciter
1495 2457 1652 2513 obse-

94 2566 332 2620 crantes,
373 2563 433 2609 ut
474 2569 503 2607 a
539 2553 652 2608 Deo
678 2563 931 2607 coronato
967 2560 1148 2606 vestro
1173 2551 1398 2618 imperio
1426 2549 1656 2614 favente,

96 2646 201 2698 haec
242 2645 426 2699 eadem
473 2642 721 2696 omnibus
760 2639 1072 2711 prmdicari,
1104 2649 1263 2707 atque
1297 2639 1436 2707 apud
1473 2651 1661 2693 omnes

94 2735 193 2787 vim
242 2733 480 2787 obtinere
524 2731 794 2801 iubeatis,
836 2739 892 2783 ut
938 2729 1114 2795 Deus,
1145 2728 1236 2797 qui
1286 2727 1568 2782 veritatem
1608 2733 1663 2780 et

93 2825 342 2892 justitiam
371 2823 576 2891 diligit,
600 2821 777 2878 omnia
804 2836 1057 2890 prospera
1089 2829 1280 2874 vestrae
1306 2817 1664 2874 serenissima

101 2902 437 2982 benignitatis
465 2911 793 2981 temporibus
822 2911 1015 2975 donet,
1047 2909 1099 2964 iu
1135 2907 1326 2977 quibus
1358 2907 1666 2976 apostolica;

96 3002 484 3071 prmdicationis
505 3010 560 3057 et
589 3002 800 3068 pietatis
844 3001 1044 3054 veritas
1071 2998 1302 3068 fulgeat,
1331 2998 1575 3061 meliori,
1605 3010 1667 3050 ac

98 3108 350 3163 prospero
399 3105 646 3149 successu
698 3106 882 3146 eorum
930 3089 1233 3144 fortissimae
1274 3088 1668 3158 tranquillitatis

97 3187 372 3258 imperium
409 3189 575 3244 laetari
616 3189 683 3244 de
722 3188 950 3242 hostium
989 3187 1320 3256 subjectionc
1342 3188 1662 3242 concedens.

97 3279 374 3348 Suscipere
423 3279 603 3347 itaque
641 3277 960 3346 dignamiui,
1004 3278 1230 3345 piissimi
1272 3277 1600 3346 principum,
1635 3293 1665 3331 a

101 3383 280 3428 nostra
325 3372 621 3426 humilitate
670 3370 902 3426 directos
945 3371 1228 3439 episcOpos
1273 3385 1393 3424 cum
1448 3370 1670 3440 reliquis

108 3465 455 3521 ecclesiastici
484 3464 686 3519 ordinis
713 3465 841 3519 viris
868 3473 1028 3533 atque
1054 3463 1316 3533 religiosis
1353 3464 1524 3518 servis
1553 3463 1665 3528 Dei,

98 3567 214 3608 eum
262 3554 438 3609 solita
487 3553 883 3622 tranquillitatis
929 3552 1248 3618 clementia,
1294 3560 1553 3622 quatenus
1606 3567 1673 3608 ex

105 3645 340 3714 ipsorum
367 3644 672 3698 testimonio
701 3657 818 3727 cum
839 3644 1128 3712 gratiarum
1152 3644 1361 3700 actione
1383 3645 1435 3699 in
1461 3643 1674 3713 propria

100 3737 486 3804 remeantium,
513 3737 654 3807 apud
694 3751 880 3792 omnes
927 3739 1169 3793 nationes
1223 3738 1335 3792 laus
1374 3737 1675 3793 clementia

99 3842 290 3882 vestrm
318 3830 652 3885 crebrescat:
676 3829 815 3884 sicut
843 3830 1016 3898 magni
1045 3830 1190 3884 illius
1209 3828 1556 3893 Constantini,
1577 3843 1674 3882 cu-

98 3918 186 3986 jus
215 3925 337 3985 post
374 3917 574 3970 obitum
613 3917 893 3971 laudabilis
925 3916 1063 3970 fama
1099 3916 1263 3972 nihilo
1303 3916 1476 3970 minus
1512 3916 1674 3986 viget,

100 4007 256 4076 cujus
288 4007 497 4075 insigne
534 4020 638 4060 non
668 4015 868 4060 tantum
899 4007 1176 4076 potestatis
1206 4014 1321 4073 est,
1351 4006 1446 4060 sed
1483 4012 1539 4059 et
1567 4004 1677 4074 pie-

106 4099 229 4151 tatis
262 4114 276 4149 :
309 4109 434 4150 cum
473 4110 578 4164 quo
622 4096 752 4151 illud
799 4095 1214 4151 sacratissimum
1259 4095 1538 4150 concilium
1571 4102 1678 4147 tre-

104 4195 388 4241 centorum
428 4185 610 4240 decem
644 4195 699 4241 ct
732 4194 854 4240 octo
890 4186 1184 4239 antistitum
1215 4183 1269 4239 in
1311 4185 1519 4239 Nicaena
1548 4183 1678 4238 civi-

105 4285 214 4332 tate
233 4317 247 4342 ,
279 4278 334 4330 in
373 4275 734 4330 defensionem
765 4275 1231 4329 consubstantialis
1258 4273 1528 4328 Trinitatis
1553 4287 1679 4328 con-

101 4369 274 4422 venit.
324 4368 392 4422 Et
432 4367 566 4421 sicut
606 4365 892 4420 Theodosii
930 4364 1136 4435 magni,
1175 4365 1326 4434 cujus
1371 4364 1511 4420 inter
1547 4365 1680 4419 alias

104 4457 221 4524 ejus
259 4457 486 4509 virtutes
525 4455 808 4522 singularis
849 4455 1016 4523 pietas
1056 4454 1372 4523 prmdicatur
1403 4473 1415 4506 :
1448 4470 1552 4524 quo
1586 4469 1680 4509 an-

104 4547 348 4609 nitente,
375 4559 470 4614 per
491 4545 660 4598 sancti
684 4543 910 4612 Spiritus
936 4544 1158 4614 gratiam
1189 4554 1398 4598 centum
1425 4545 1681 4612 quinqua-

106 4639 252 4707 ginta
269 4637 486 4691 Patrum
512 4638 798 4703 sententia,
820 4637 908 4706 qui
927 4635 1126 4708 [quam,
1152 4632 1242 4704 6.]
1265 4636 1343 4689 eis
1365 4636 1673 4703 inspirabat,

104 4729 349 4798 Spiritus
374 4735 587 4781 sanctus
614 4725 1084 4781 consubstantialis
1117 4725 1257 4779 Patri
1293 4734 1347 4780 et
1376 4725 1509 4780 Filio
1547 4741 1678 4795 pra:~

107 4818 324 4873 dicatus
344 4824 448 4871 est.
483 4816 545 4869 Et
578 4817 716 4870 sicut
751 4814 947 4883 egregii
990 4815 1230 4868 veritatis
1265 4816 1513 4869 amatoris
1542 4812 1685 4868 Mar-

105 4910 251 4964 ciani
284 4909 559 4976 principis,
586 4907 672 4975 qui
699 4915 755 4960 et
780 4906 1009 4976 primum
1035 4906 1315 4961 concilium
1341 4907 1682 4976 Ephesinum,

107 5009 320 5068 utpote
347 4998 666 5052 catholicam
696 5007 749 5053 et
789 4999 1132 5068 apostolicam
1175 4999 1329 5054 ﬁdem
1371 5000 1685 5069 praedicans,

107 5100 301 5144 sancta
325 5086 748 5142 Chalcedonensi
773 5087 978 5158 synodo
1009 5089 1203 5156 suscipi
1223 5086 1380 5153 fecit,
1407 5098 1462 5144 et
1480 5102 1690 5143 errores

110 5179 229 5250 [G.,
261 5173 554 5248 terrores],
591 5177 680 5244 qui
717 5185 1086 5242 accreverunt,
1114 5177 1180 5232 de
1217 5179 1310 5232 Dei
1341 5179 1574 5233 Ecclesia
1605 5193 1691 5232 re-

113 5269 288 5338 pulit,
318 5281 528 5322 sacrum
564 5267 713 5322 illum
741 5275 941 5322 tomum
983 5267 1260 5338 amplexus
1283 5269 1558 5339 apostolici
1587 5268 1692 5324 viri

113 5371 272 5429 papa
317 5356 546 5423 Leonis,
587 5372 744 5427 quem
783 5357 969 5414 beatus
1007 5358 1194 5415 Petrus
1220 5360 1486 5430 aposmlus
1516 5360 1694 5416 verbis

117 5453 240 5520 ejus
271 5450 536 5505 ediderat.
574 5450 641 5504 Et
669 5451 806 5506 sicut
829 5453 1053 5508 extremi
1090 5454 1302 5522 quidem
1321 5493 1336 5518 ,
1369 5454 1694 5523 prtestantis-

118 5543 246 5596 simi
285 5551 464 5596 tamen
500 5541 767 5606 omnium,
799 5543 975 5610 magni
1014 5543 1154 5597 illius
1188 5543 1502 5610 Justiniani,
1547 5543 1695 5610 cujus

123 5641 188 5684 ut
229 5630 440 5695 virtus,
478 5631 550 5685 ita
585 5637 640 5685 et
663 5629 842 5700 pietas
864 5631 1042 5686 omnia
1077 5631 1132 5685 in
1159 5631 1432 5686 meliorem
1454 5631 1694 5686 ordinem

122 5719 454 5776 resumam
485 5737 499 5771 :
530 5721 684 5789 cuius
719 5722 883 5777 instar
921 5721 1223 5778 fortissime
1250 5732 1438 5778 vestrae
1465 5723 1699 5778 clemen-

126 5812 217 5870 tiae
247 5811 600 5882 principatus,
633 5812 839 5866 virtutis
866 5815 1078 5882 quidem
1107 5817 1388 5879 conatibus
1414 5817 1701 5890 rempubu.

417 5901 1115 5992 ,ΡλτιομφιΧΧΧνιεε

1748 2016 1838 2067 τῆς
1891 2005 2225 2064 ἀποστολικῆς
2282 2003 2507 2061 πίστεως
2556 2000 2859 2076 πράττεται⁶
2918 1997 3096 2055 οἶτινες
3144 1992 3336 2047 ὁπόσον

1751 2097 2002 2169 ὠφελῆσαι
2040 2093 2292 2157 δύνανται,
2321 2091 2444 2144 ἐπὰν
2485 2092 2535 2142 ἐν
2577 2098 2640 2163 τῇ
2688 2089 2955 2160 συμφωνίᾳ
2994 2093 3085 2145 τῆς
3111 2085 3340 2142 πίστεως

1752 2185 1855 2260 μεθ’
1875 2189 2014 2256 ἡμῶν
2062 2190 2363 2262 κρατῶνται,
2413 2184 2492 2235 καί
2538 2182 2655 2250 ἡμῖν
2708 2177 3029 2250 ὁμοφωνῶσι,
3067 2182 3337 2242 τοσοῦτον,

1758 2280 1887 2354 ὅπερ
1933 2282 2160 2346 ἀπέστω,
2198 2281 2281 2332 ἐὰν
2329 2274 2608 2333 σκάνδαλόν
2649 2276 2701 2329 τί
2742 2293 2862 2328 ποτε
2903 2273 2950 2325 ἐν
2985 2277 3056 2340 τῷ
3091 2269 3340 2340 κεφαλαίῳ

1754 2385 1845 2436 τῆς
1873 2375 2096 2434 πίστεως
2127 2376 2482 2444 ὑπομείνωσιν,
2510 2372 2824 2447 εὑρίσκονται
2859 2370 3037 2443 ἐχθροί
3075 2369 3162 2421 καί
3203 2367 3343 2420 ἐναν-

1757 2471 1876 2522 τίοι.
1927 2463 2099 2535 Ἠμεῐς
2145 2463 2200 2517 δὲ
2235 2465 2277 2516 εί
2325 2465 2412 2517 καί
2464 2462 2755 2530 ἐλάχιστοι,
2784 2459 2886 2515 ἀλλ’
2907 2458 3048 2530 ὅμως
3088 2458 3189 2515 ἀπὸ
3226 2456 3347 2518 ὅλης

1761 2559 1973 2627 ἰσχύος
2007 2557 2284 2632 θαρροῦμεν
2327 2552 2438 2624 [ιη
2464 2550 2787 2628 κειρώμεθα],
2828 2554 2912 2607 ἶνα
2955 2561 3047 2607 τοῦ
3091 2563 3347 2627 Χριστια·
3434 2619 3436 2621 γ

1759 2640 2034 2701 νικωτάτου
2065 2652 2205 2716 ὑμῶν
2233 2648 2448 2719 κράτους
2483 2648 2514 2703 ἡ
2542 2645 2784 2707 πολιτεία,
2814 2645 2864 2698 ἂν
2954 2650 3044 2700 τοῦ
3080 2646 3346 2718 μακαρίου

1761 2743 1958 2813 Πέτρου
1995 2744 2086 2794 τοῦ
2139 2739 2408 2812 κορυφαίου
2451 2744 2550 2792 τῶν
2600 2737 2893 2792 ἀποστόλων
2926 2736 2953 2791 ό
3001 2736 3170 2808 θρόνος
3201 2737 3346 2792 τεθεα-

1764 2829 2023 2899 μελίωται,
2083 2823 2280 2886 οὗτινος
2332 2832 2424 2884 τήν
2475 2826 2735 2880 αὐθεντίαν
2916 2824 3121 2898 ἀληθείᾳ
3173 2822 3348 2880 πάντα

1765 2927 1864 2974 τῶν
1915 2924 2230 2989 Χριστιανῶν
2277 2917 2344 2972 τὰ
2399 2915 2512 2973 ἔθνη
2549 2915 2653 2985 ἅμα
2699 2917 2820 2987 ἡμῖν
2865 2920 3214 2989 προσκυνοῦσι
3260 2915 3352 2967 καί

1769 3010 2024 3072 σέϐουσι,
2071 3010 2202 3061 κατά
2243 3013 2335 3065 τὴν
2380 3007 2542 3061 αὐτοῦ
2590 3011 2682 3060 τοῦ
2729 3006 2976 3079 μακαρίου
3019 3005 3208 3076 Πέτρου
3249 3008 3346 3058 τοῦ

1770 3100 2056 3156 ἀποστόλου
2105 3102 2252 3168 τιμὴν
2302 3098 2503 3151 πάντων
2545 3103 2646 3150 τῶν
2690 3096 2840 3148 ἐθνῶν
2889 3091 3178 3166 ἀποδειχθῇ
3215 3092 3352 3164 ὑψη-

1771 3190 1971 3265 λοτέρα.
2006 3189 2082 3243 ’Νι
2131 3185 2185 3242 δέ
2238 3185 2517 3263 πρόσωπα,
2564 3185 2596 3240 ἃ
2636 3184 2782 3258 παρά
2833 3191 2923 3243 τῆς
2968 3185 3218 3256 ἡμετέρας
3259 3203 3374 3251 μεσι»

1767 3281 2029 3357 τριότητος
2083 3280 2212 3333 κατά
2280 3279 2419 3341 τάξιν
2474 3276 2789 3338 ἔπιλέξασθαι
2836 3271 2934 3343 [Ιι.
2976 3274 3232 3347 πρόσωπα
3294 3271 3349 3327 δέ

1771 3375 1825 3428 ἐκ
1858 3379 1951 3433 τῆς
1988 3374 2174 3436 τάξεως
2205 3380 2296 3430 τῆς
2332 3369 2576 3443 ἡμετέρας
2618 3364 2947 3443 μετριότητος
2982 3362 3090 3434 im]
3119 3362 3352 3420 συνείδο·

1770 3486 1859 3537 μεν
1883 3466 2011 3538 πρὸς
2037 3467 2104 3520 τά
2133 3463 2261 3534 ἴχνη
2287 3471 2380 3523 τῆς
2409 3463 2657 3537 ὑμετέρας
2670 3457 3066 3516 Θεοσκεπᾶστου
3092 3458 3348 3533 ἀνδρείας,

1771 3555 2027 3628 ὀφείλοντα
2073 3560 2421 3629 προσαγαγεῖν
2466 3557 2557 3610 τὴν
2622 3553 2872 3628 ἀναφορὰν
2927 3552 3130 3607 πάντων
3187 3553 3349 3620 ἡμῶν,

1771 3646 2033 3700 τουτέστιν
2066 3644 2303 3698 ἁπάντων
2349 3649 2448 3697 τῶν
2490 3643 2624 3697 κατά
2659 3643 2725 3699 τὰ
2774 3644 2984 3716 ἀρκτῷα
3038 3645 3122 3697 καί
3168 3640 3351 3697 δυτικά

1772 3739 1989 3806 κλίματα
2035 3734 2347 3799 όπεσκόπων,
2404 3735 2454 3787 ἐν
2501 3730 2530 3807 ᾖ
2573 3736 2656 3787 καί
2698 3742 2790 3793 τῆς
2834 3733 3170 3792 ἀποστολικῆς
3213 3735 3353 3803 ἡμῶν

1775 3829 1994 3885 πίστεως
2027 3831 2120 3883 τήν
2161 3824 2419 3897 ὁμολογίαν
2462 3826 2918 3898 προαπηρξάμεθα’
2963 3823 3101 3892 ὅμως
3143 3826 3247 3894 οὐχ
3284 3828 3356 3884 ὡς

1773 3921 1893 3992 περί
1941 3915 2133 3974 ἀδήλων
2181 3916 2498 3987 φιλονεικεῖν,
2538 3912 2727 3974 ἀλλ’ὡς
2772 3914 2960 3989 βέϐαια
3007 3917 3092 3970 καί
3146 3914 3355 3992 ἄτρωτοι

1776 4005 2031 4061 συνελόντι
2072 4006 2172 4082 ὅρῳ
2214 4007 2528 4082 προσφέρειν·
2553 4006 2870 4066 ίκετευτικῶς
2907 4008 3351 4083 παρακαλοῦντες,

1773 4098 1854 4150 ἵνα
1869 4104 1957 4152 τοῦ
1985 4099 2232 4169 ὑμετέρου
2251 4097 2571 4151 Θεοστὲπτου
2589 4099 2810 4170 κράτους
2839 4098 3166 4164 ἕπινεύοντος,
3189 4107 3356 4154 ταῦτα

1776 4187 1912 4239 αὐτὰ
1955 4190 2086 4238 πᾶσι
2130 4186 2448 4257 κηρυχθῆναι
2474 4228 2488 4249 ,
2541 4189 2626 4239 καὶ
2665 4188 2792 4257 πρὸς
2834 4187 3030 4244 πάντας
3078 4188 3358 4259 ἐπικρατεῖν

1776 4276 2059 4332 κελεύσητε·
2101 4275 2179 4330 ἵνα
2215 4275 2241 4328 ό
2286 4276 2409 4335 Θεὸς
2455 4273 2480 4327 ό
2522 4279 2609 4331 τὴν
2644 4275 2872 4331 ἀλήθειαν
2916 4277 2997 4329 καί
3041 4279 3128 4334 τήν
3165 4276 3355 4333 δικαιο-

1776 4370 1930 4426 σύνην
1980 4371 2190 4438 ἀγαπῶν
2213 4405 2229 4432 ,
2279 4368 2441 4420 πάντα
2481 4363 2625 4419 αἴσια
2660 4367 2942 4440 χαρίσηται
2991 4374 3098 4428 τοῖς
3152 4367 3360 4436 χρόνοις

1756 4461 1867 4515 ’τῆς
1912 4456 2156 4528 ὑμετέρας
2183 4454 2522 4526 γαληνοτὸπης
2556 4454 2836 4524 εὐμενείας,
2870 4457 2922 4507 ἐν
2965 4452 3037 4513 οἷς
3085 4475 3130 4507 τι
3151 4460 3168 4468 ”
3225 4457 3357 4510 ἀπο-

1709 4577 1757 4636 D
1780 4547 2007 4602 στολικοῦ
2042 4547 2357 4622 κηρύγματος
2385 4548 2576 4606 καὶτῆς
2605 4545 2866 4604 εὐσεϐείας
2892 4548 2921 4601 ἡ
2951 4546 3150 4601 ἀλήθεια
3173 4545 3356 4616 ἐκλάμο

1782 4660 1885 4710 πῃ,
1939 4639 2178 4714 κρείττονι
2221 4639 2304 4691 καί
2369 4638 2513 4709 αίσίᾳ
2559 4634 2766 4709 ἐκϐάσει
2812 4644 2902 4696 τῆς
2941 4637 3081 4706 ὑμῶν
3130 4636 3359 4710 ἀνδρειο-

1783 4730 1939 4788 τάτης
1966 4727 2298 4800 γαληνότητος
2323 4726 2382 4780 τό
2407 4728 2589 4798 κράτος
2617 4713 2940 4798 εὖφρανθῆναι
2975 4727 3093 4795 περί
3128 4732 3220 4785 τῆς
3259 4734 3363 4781 τῶν

1783 4819 2031 4886 πολεμίων
2057 4817 2314 4884 ὑποταγῆς
2344 4813 2704 4887 χαριζόμενος.
2743 4815 2983 4874 Δέξασθαι
3009 4814 3173 4867 τοίνυν
3203 4835 3358 4867 κατα-

1783 4911 1998 4974 ξιώσατε
2037 4906 2402 4961 εὐσεϐέστατοι
2445 4906 2694 4977 βασιλέων
2733 4905 2852 4962 τοὺς
2899 4904 3174 4963 σταλέντας
3213 4903 3358 4976 παρά

1785 5009 1878 5060 τῆς
1914 4999 2162 5072 ἡμετέρας
2190 4998 2516 5071 μετριότητος
2555 4995 2862 5055 ἐπισκόπους
2906 4995 3035 5062 μετὰ
3086 4998 3183 5044 τῶν
3222 4991 3357 5044 ὑπο⁶

1786 5093 1969 5145 λοίπων
2018 5099 2108 5152 τῆς
2153 5092 2559 5146 ἐκκλησιαστικῆς
2617 5087 2806 5151 τάξεως
2857 5086 3080 5156 ἀνδρῶν,
3127 5087 3211 5138 καί
3257 5092 3360 5138 τῶν

1790 5183 2174 5238 εὖλαϐεστάτων
2226 5178 2414 5233 δούλων
2460 5183 2552 5233 τοῦ
2607 5173 2732 5231 Θεοῦ
2796 5174 2904 5244 μετ’
2958 5175 3214 5245 εὐμενείας
3266 5180 3359 5228 τῆς

1791 5276 2066 5331 εἰθισιιίνης
2109 5270 2477 5343 γαληνότητος.
2521 5267 2660 5326 ὅπως
2701 5269 2786 5320 καί
2826 5273 2887 5336 τῇ
2933 5266 2984 5328 ἐξ
3023 5268 3184 5319 αὐτῶν
3225 5281 3360 5330 pap-

1791 5367 1944 5440 τυρὶᾳ
1980 5363 2090 5434 μετ’
2135 5363 2478 5436 εὐχαριστίας
2518 5363 2592 5418 εἰς
2639 5360 2702 5412 τὰ
2749 5360 2916 5412 οἰκεῖα
2962 5359 3122 5412 αὐτῶν
3176 5356 3364 5408 ἐπανα-

1793 5457 2085 5530 στρίφοντες
2116 5448 2649 5527 [ἒπαναστρεφόντων]
2678 5453 2823 5522 παρά
2877 5455 3011 5504 πᾶσι
3052 5454 3159 5505 τοῖς
3201 5443 3361 5498 ἔθνεσι

1796 5549 2036 5620 συχνάσῃ
2087 5549 2113 5601 ὁ
2157 5546 2357 5604 ἔπαινος
2408 5552 2498 5602 τῆς
2550 5544 2800 5616 ὑμετέρας
2853 5539 3240 5614 φιλανθρωπίας,
3293 5538 3362 5596 ὡς

1799 5637 1984 5691 ἐκείνου
2019 5645 2112 5694 τοῦ
2152 5638 2364 5707 μεγάλου
2396 5638 2795 5696 Κωνσταντίνουι,
2863 5627 3051 5686 οὗτινος
3095 5627 3222 5698 μετά
3269 5630 3363 5683 τὴν

1800 5728 2026 5786 τελευτήν
2069 5727 2349 5790 ἁξιίπαινος
2390 5717 2804 5792 [ἀξιεπαίνετος]
2842 5717 2985 5772 οὐδὲν
3034 5715 3182 5776 ἧττον
3223 5720 3363 5786 φήμη

1801 5811 2265 5893 ἀκμάζεεορῦτινος
2300 5811 2357 5868 οὐ
2404 5811 2556 5882 μόνον
2599 5813 2656 5868 τό
2706 5810 2948 5879 ἐπίσημυν
2988 5816 3078 5870 τῆς
3133 5805 3369 5870 ἂξουσίος

2843 5897 2924 5963 89
