3828 6338
180 390 304 450 m9

1596 389 1967 452 EPISTOLIE.

3267 396 3405 457 l250

175 511 286 563 vine
323 508 566 575 imperat,
619 513 939 575 sceptraque
983 504 1398 561 clementissime
1440 507 1597 579 regit,
1625 522 1711 578 qut

1832 510 2064 581 φανείσης
2102 508 2345 583 αιρισεως
2383 506 2672 569 πολυπλανῆ
2720 507 2867 574 δόξαν
2897 509 3239 582 ἕξεδιὼξαμεν,
3264 514 3403 586 ἐξάρ-

174 597 433 663 adiutore,
457 596 745 664 impietatis
770 610 1009 651 errorem
1032 594 1341 661 evertimus,
1366 595 1737 654 haereticorum

172 688 420 742 nefariam
440 688 737 757 doctrinam
763 686 914 754 quasi
947 686 1224 741 obsidione
1253 688 1443 743 adorti.
1473 688 1598 744 Inde
1618 690 1739 744 fun-

170 778 410 832 damenta
432 778 768 843 exsecranda.-
783 792 967 832 eorum
992 777 1255 833 bmreseos
1279 793 1497 848 prorsus
1522 782 1736 835 convel-

170 869 355 933 lentes,
380 883 578 938 eosque
601 870 762 923 armis
793 870 1156 937 spiritualibus
1182 871 1522 941 paternisque
1541 886 1734 942 aggre-

170 960 403 1024 dientes,
431 968 482 1015 et
510 960 714 1028 linguas
754 974 962 1028 eorum,
1004 974 1070 1015 ne
1092 961 1233 1017 inter
1255 977 1316 1017 se
1337 963 1735 1018 accommodate

168 1048 527 1117 loquerentur,
568 1048 974 1116 cdnl’undentes,
1005 1060 1326 1107 exstructam
1354 1054 1420 1108 ab
1447 1054 1512 1109 iis
1534 1055 1735 1122 impiis-

164 1142 309 1197 aima:
336 1144 554 1199 haeresis
598 1145 791 1198 turrim
818 1146 1152 1199 subruimus:
1184 1159 1247 1198 ac
1276 1145 1441 1213 ipsos,
1472 1155 1529 1199 ut
1557 1148 1734 1215 lapsos

164 1235 301 1289 circa
329 1236 482 1290 ﬁdem
512 1251 576 1290 ac
606 1247 936 1306 peccatores,
981 1239 1034 1291 in
1085 1238 1357 1293 matutinis
1384 1248 1532 1294 extra
1561 1250 1732 1296 castra

161 1326 412 1381 atriorum
462 1327 577 1401 Dei,
635 1338 693 1382 ut
738 1328 988 1386 Davidice
1022 1332 1311 1403 loquamur
1355 1329 1524 1402 (Paul.
1563 1345 1613 1396 c,
1648 1330 1729 1400 8),

161 1421 580 1479 anatbematibus
629 1424 1013 1490 interfecimus,
1043 1438 1112 1478 ex
1143 1424 1402 1481 sententia
1432 1439 1527 1491 per
1552 1438 1732 1479 sacras

158 1518 359 1565 vestras
388 1512 591 1569 litteras
616 1514 683 1569 de
712 1515 777 1568 iis
807 1516 955 1583 prius
980 1516 1103 1581 lata,
1125 1515 1373 1570 videlicet
1390 1516 1726 1572 Theodorum

156 1602 458 1670 episcopum
502 1601 744 1672 Pbaran,
796 1606 1081 1674 Sergium,
1130 1607 1457 1671 Honorium,
1506 1606 1727 1677 Cyrum,

156 1688 394 1755 Paulum,
419 1690 679 1762 Pyrrhum
710 1702 765 1748 et
792 1694 1027 1750 Petrum.
1072 1696 1152 1750 Ad
1196 1696 1297 1750 hoc
1325 1705 1500 1751 autem
1527 1705 1582 1751 et
1610 1706 1729 1764 post

154 1793 248 1833 eos
276 1780 700 1837 auatbematibus
744 1783 1115 1839 haereticorum
1142 1786 1282 1854 juste
1324 1785 1646 1855 subiecimus
1675 1795 1729 1839 et

1841 622 2026 671 κοντος
2051 605 2187 672 sps»
2215 603 2263 654 ἓν
2287 611 2391 662 τοῖς
2418 600 2631 675 δόγμασι
2661 606 3025 658 κωνσταντίνου
3068 601 3161 659 τοῦ
3191 603 3404 665 θειωδῶς

1837 694 2225 764 βασιλεύοντος,
2265 699 2356 750 καὶ
2401 697 2464 749 τὰ
2527 706 2765 773 σκῆπτρα
2827 700 3161 772 ήμερωτὰτως
3215 701 3407 754 ἰθύνον-

1834 804 1943 845 τος.
2013 781 2196 855 μεθόὗ
2266 792 2354 845 τὴν
2423 794 2513 847 τῆς
2572 788 2808 847 ἀσεϐείας
2872 786 3060 846 πλάνην
3136 809 3410 862 κατεστρε-

1836 874 2080 944 ψάμεθα,
2128 876 2197 929 τὰ
2254 882 2351 929 τῶν
2408 876 2663 952 αἱρετικῶν
2728 874 2955 934 δυσσεϐῆ
3036 878 3407 952 πολιορκήσαν-

1833 982 1919 1023 τες
1964 960 2216 1033 δόγματα.
2267 968 2532 1019 κάντεῦθεν
2594 966 2645 1017 ἐκ
2697 966 2895 1037 βάθρων
2955 963 3122 1020 αὗτῶν
3175 969 3408 1022 ἀνασπά-

1834 1074 2016 1113 σαντες
2060 1058 2183 1116 τοὺς
2231 1056 2488 1123 θεμελίους
2538 1064 2627 1117 τῆς
2684 1055 3067 1129 βδελυρωτὰτης
3122 1059 3401 1132 αἱρέσεως,

1832 1148 1919 1199 καί
1969 1146 2277 1205 καταϐάντες
2327 1148 2453 1220 πρός
2492 1150 2673 1207 αὐτούς
2717 1148 2821 1219 μεθ’
2845 1146 3009 1202 ὅπλων
3058 1156 3409 1219 πνευματικῶν

1831 1256 1887 1290 τε
1927 1237 2007 1289 καὶ
2054 1243 2331 1310 πατρικῶν,
2364 1239 2442 1290 καί
2494 1239 2584 1296 τὰς
2630 1238 2867 1307 γλώσσας
2912 1240 3075 1292 αὐτῶν
3101 1240 3409 1314 προσφόρως

1830 1323 1985 1395 λέγειν
2034 1327 2374 1397 συγχέαντες,
2406 1326 2487 1381 τόν
2520 1325 2610 1380 ὑπ’
2634 1329 2793 1382 αὐτῶν
2836 1329 3099 1383 κτισθέντα
3138 1336 3228 1389 τῆς
3276 1331 3406 1383 ἀσε-

1833 1413 2084 1474 ϐεστάτης
2132 1416 2371 1488 αἱρέσεως
2431 1417 2622 1489 πύργον
2694 1418 3163 1489 ἑξεμοχλεύσαμεν·
3218 1419 3405 1477 αὐτούς

1830 1498 1883 1555 δέ
1927 1504 1994 1561 ὡς
2040 1506 2158 1577 περὶ
2204 1510 2295 1562 τὴν
2343 1506 2514 1559 πίστιν
2557 1503 2908 1580 ἡμαρτηκότας·
2953 1508 3022 1565 εἰς
3074 1508 3165 1568 τὰς
3206 1506 3404 1583 πρωῖας

1830 1590 1929 1655 ἔξω
1974 1601 2063 1653 τῆς
2108 1596 2435 1673 παρεμϐολῆς,
2480 1604 2578 1651 τῶν
2623 1598 2780 1650 αὐλῶν
2808 1603 2899 1652 τοῦ
2945 1606 3092 1661 Θεοῦ,
3128 1600 3402 1658 Δαϐιτικῶς

1829 1681 2164 1755 [Δαυῐτικῶς]
2195 1689 2366 1750 εἰπεῖν,
2391 1696 2499 1748 τοῖς
2530 1690 2833 1758 ἆναθέμασιν
2854 1692 3228 1763 ἀπεκτείναμεν,
3270 1691 3403 1747 κατά

1827 1778 1916 1831 τήν
1963 1783 2065 1834 τοῖς
2115 1776 2266 1846 ἱεροῖς
2313 1777 2453 1846 ὑμῶν
2518 1781 2809 1853 γράμμασιν
2860 1778 3137 1840 έπάύτοῖς
3189 1782 3397 1853 προφη-

152 1885 266 1937 eos,
319 1874 405 1939 qui
450 1874 635 1929 vivunt
660 1887 903 1945 suscepta
936 1876 1143 1930 illorum
1174 1878 1461 1944 impietate,
1509 1879 1611 1941 vel,
1668 1890 1711 1930 ut

1831 1869 2090 1935 φισθεῑσαν
2118 1868 2390 1938 ἀπόφασινο
2422 1871 2575 1941 φαμὲν
2607 1868 2667 1928 δὴ
2694 1868 2945 1949 Θεόδωρον
2971 1874 3053 1926 τόν
3086 1880 3179 1935 τῆς
3207 1876 3396 1945 Φαράν,

150 1965 386 2029 apertius
412 1965 638 2029 dicatur,
669 1967 1004 2035 Apollinarii,
1035 1974 1089 2021 et
1116 1967 1327 2033 Severi,
1350 1977 1403 2021 et
1443 1966 1719 2022 Themistii

149 2068 428 2109 exosorum
472 2056 582 2111 Deo
612 2095 630 2122 ,
672 2057 954 2112 Macarium
1005 2058 1094 2125 qui
1144 2058 1236 2112 fuit
1286 2058 1717 2114 Antiochensium

150 2159 355 2211 magna:
382 2144 525 2201 urbis
550 2147 851 2216 episcopus,
883 2164 1041 2217 quem
1066 2160 1119 2203 et
1150 2148 1421 2216 pastoritia
1446 2149 1581 2216 pelle
1601 2163 1715 2202 mc-

86 2231 96 2239 ’
147 2236 253 2292 rito
281 2240 441 2307 ipsius
462 2240 871 2305 denudavimus,
888 2248 1104 2308 propter
1130 2239 1572 2309 impmnitentiam
1601 2238 1718 2306 ejus

147 2329 290 2383 circa
312 2331 659 2386 orthodoxam
702 2331 862 2387 ﬁdem
905 2342 958 2386 et
983 2332 1301 2387 obstinatam
1332 2333 1713 2400 pervicaciam;

144 2426 202 2472 et
222 2419 544 2488 Stephanum
571 2422 689 2491 ejus
712 2423 777 2476 ad
805 2424 1090 2477 amentiam
1119 2424 1455 2490 discipulum,
1498 2423 1565 2477 ad
1614 2424 1715 2476 im-

141 2510 394 2575 pietatem
450 2511 768 2566 doctorem:
816 2513 943 2568 item
1000 2513 1449 2583 Polycbronium,
1509 2514 1597 2581 qui
1658 2512 1713 2567 in

138 2599 473 2667 dogmatibus
501 2601 769 2658 haereticis
790 2602 991 2657 nomini
1020 2616 1117 2656 suo
1138 2603 1489 2671 respondens,
1515 2602 1713 2654 invete-

137 2690 312 2744 ravit:
359 2706 452 2747 eos
497 2692 737 2759 demum,
767 2693 859 2763 qui
901 2692 1119 2758 similia,
1156 2702 1311 2761 atque
1346 2693 1419 2755 lii,
1466 2690 1711 2759 impaeni-

140 2786 320 2834 tenter
338 2782 650 2848 docuerunt,
682 2792 773 2837 aut
818 2784 1033 2851 docent,
1065 2792 1155 2839 aut
1181 2783 1439 2851 sentiunt,
1472 2788 1563 2835 aut
1589 2794 1709 2835 sen-

137 2881 349 2927 serunt.

1828 1960 2041 2030 Σέργιον,
2084 1961 2331 2031 Ὀνῶριον,
2374 1967 2548 2033 κῦρον,
2581 1963 2794 2028 Παῦλον,
2837 1964 3029 2037 Πύρρον
3072 1967 3155 2018 καί
3192 1966 3393 2038 Πέτρον.

1828 2048 1953 2119 Πρός
1990 2046 2043 2102 δέ
2071 2050 2269 2110 τούτοις
2316 2052 2399 2103 καί
2430 2050 2555 2119 μετά
2594 2054 2806 2112 τούτους
2844 2062 2957 2113 τοῖς
2986 2056 3254 2125 ἁναθέμασι
3295 2062 3395 2110 τῶν

1824 2139 2085 2211 αίρετικῶν
2128 2140 2329 2201 ἐνδίκως
2370 2142 2745 2197 καθυπεϐἁλοιιε
2798 2182 2812 2206 ,
2854 2145 2936 2196 καί
2980 2146 3097 2204 τούς
3142 2146 3191 2197 έν
3240 2150 3395 2207 ζῶσιν

1822 2228 2244 2300 ἆναδεδεγμένους
2276 2236 2366 2290 τήν
2404 2233 2595 2288 τούτων
2642 2232 2896 2298 ἀσέϐειαν,
2926 2237 3078 2290 εἰπεῖν
3115 2233 3168 2288 δέ
3206 2235 3395 2304 μᾶλλον

1819 2319 2144 2394 σαφέστερον,
2198 2324 2286 2377 τήν
2338 2322 2739 2394 ’Δπολλιναρίουσ,
2767 2324 2982 2397 Σεϐήρου
3038 2345 3113 2388 τε,
3156 2328 3241 2377 καί
3292 2335 3390 2381 Θε-

1822 2413 2027 2479 μιστίου
2069 2414 2168 2462 τῶν
2195 2416 2521 2478 Θεοστυγῶν,
2568 2412 2821 2484 Μακάρων
2864 2413 2951 2467 τόν
2995 2412 3253 2484 γενόμενον
3300 2421 3393 2475 τῆς

1818 2498 2117 2571 ’Δντιοχέων
2168 2496 2547 2573 μιγαλοπόλεως
2598 2502 2886 2556 ἐπίσκοπον·
2920 2500 2972 2556 ὃν
3009 2506 3091 2557 καί
3140 2512 3230 2564 τῆς
3275 2525 3395 2559 ποι-

1817 2606 2060 2670 μαντικῆς
2104 2598 2258 2671 δορᾶς
2304 2599 2411 2673 κατ’
2432 2600 2573 2662 ἀξίαν
2608 2601 3036 2672 ὰπεγυμνώσαμεν
3065 2598 3146 2655 διὰ
3178 2604 3235 2656 τό
3266 2603 3393 2669 ἆμι-

1816 2692 2052 2748 τανόητον
2075 2692 2256 2745 τούτου
2286 2692 2412 2767 πρὸς
2462 2696 2550 2748 τήν
2591 2691 2840 2765 ὀρθόδοξον
2878 2694 3053 2749 πίστιν
3096 2698 3181 2748 καί
3222 2695 3392 2749 ἀνεπὶ-

1816 2802 2031 2855 στροφον
2056 2797 2069 2810 ⁸
2120 2782 2354 2851 Στέφανον
2405 2781 2487 2836 τόν
2534 2782 2718 2837 τούτου
2772 2785 2900 2856 πρὸς
2949 2781 3119 2838 ἄνοιαν
3165 2786 3390 2853 μαθητὴν

1815 2874 1901 2926 καί
1929 2869 2224 2925 διδάσκαλον
2265 2872 2396 2946 πρὸς
2437 2873 2705 2935 ἀσέϐειαν,
2737 2876 2820 2927 καὶ
2861 2874 2944 2926 τόν
2972 2874 3019 2925 ἐν
3046 2882 3157 2933 τοῖς
3201 2875 3389 2947 αἱρετι-

134 2972 244 3023 κοᾶ
290 2963 507 3036 δόγμασι
546 2964 909 3039 Πολυχρὸνιον,
944 2967 1030 3021 καί
1069 2966 1187 3025 τούς
1229 2964 1296 3020 τὰ
1334 2961 1479 3034 ὅμοια
1520 2960 1724 3023 τούτοις
1768 2962 2123 3033 ἆμετανοήτως
2168 2958 2467 3026 διδάξαντας
2517 2962 2549 3021 ἢ
2607 2960 2956 3027 διδάσκοντας,
2990 2963 3021 3021 ἦ
3058 2971 3382 3036 φρονοῦντας,

136 3053 167 3111 ἦ
205 3059 552 3128 φρονήσαντας
575 3054 817 3128 δόγματα.

206 3210 473 3266 "actenus
501 3212 660 3280 igitur
688 3226 887 3267 maeror
915 3212 1066 3267 nobis
1092 3216 1148 3264 et
1177 3213 1407 3278 tristitia,
1453 3219 1509 3266 et
1531 3211 1709 3266 multa:

130 3300 382 3371 lacrima:
413 3301 583 3357 fuere.
623 3302 740 3356 Non
784 3304 925 3358 enim
971 3306 1184 3361 risimus
1213 3305 1572 3375 proximorum
1600 3303 1711 3357 rui-

130 3406 252 3456 nas,
288 3406 386 3446 nec
433 3406 616 3447 eorum
641 3393 915 3448 effrenato
944 3394 1120 3451 l‘urore
1162 3396 1265 3448 laeti
1304 3395 1705 3459 exsultavimus,

129 3496 234 3536 nec
264 3481 460 3536 idcirco
490 3497 679 3536 sumus
700 3483 859 3548 elati,
892 3490 953 3537 ut
990 3497 1109 3537 eam
1147 3484 1217 3537 ob
1244 3496 1355 3537 rem
1384 3481 1594 3551 gravius
1619 3494 1708 3534 ca-

126 3571 414 3626 deremus:
463 3586 570 3625 non
613 3572 692 3627 sic
734 3571 786 3625 in
836 3573 938 3641 his,
988 3587 1022 3627 o
1072 3572 1374 3628 venerabile
1409 3579 1464 3626 et
1500 3583 1707 3625 sacrum

127 3644 337 3730 caput,
388 3661 561 3716 edocti
618 3678 845 3729 sumus,
896 3665 984 3731 qui
1032 3662 1386 3716 universitatis
1433 3660 1705 3713 dominum

124 3751 404 3806 Christtn
429 3752 717 3807 humanum
745 3767 810 3808 ac
836 3768 1043 3808 summe
1088 3754 1282 3807 bonum
1326 3758 1381 3804 et
1419 3749 1703 3817 benignum

124 3840 458 3898 habeamus:
508 3843 600 3912 qui
650 3851 705 3897 et
754 3844 995 3898 hortatur
1044 3856 1164 3904 nos,
1220 3850 1297 3906 ut,
1350 3842 1485 3894 sicut
1537 3840 1703 3895 bonos

126 3933 313 4001 decet,
340 3936 745 3991 sacerdotalium
792 3937 956 4005 ipsius
984 3937 1180 4004 legum,
1219 3936 1269 3988 in
1300 3945 1553 4005 quantum
1588 3934 1701 3987 ﬁeri

124 4026 337 4092 possit,
392 4026 559 4079 simus
606 4027 928 4091 imitatores,
993 4026 1321 4092 formamque
1373 4023 1702 4077 obtineamus

120 4114 416 4183 pastoralis
435 4115 552 4183 ejus
594 4123 648 4169 et
672 4115 1044 4181 conciliatricis
1075 4113 1489 4182 gubernationis.
1523 4111 1627 4165 Sed
1648 4120 1701 4165 et

122 4205 196 4259 ad
232 4206 560 4273 paenitentiae
582 4206 983 4259 conversionem
1009 4214 1116 4258 tum
1140 4204 1507 4257 serenissimus
1534 4201 1697 4269 impe-

117 4305 301 4361 rator,
356 4306 465 4351 tum
498 4310 616 4362 nos,
671 4309 763 4350 cos
790 4298 934 4350 varie
961 4294 1155 4348 hortati
1182 4307 1385 4357 sumus,
1422 4294 1701 4359 omniaque

117 4386 398 4454 gessimus
426 4386 687 4454 religione
716 4395 770 4441 et
797 4385 1064 4454 diligentia
1094 4384 1373 4453 singulari:
1423 4399 1529 4437 non
1552 4397 1699 4437 com-

1882 3208 2050 3279 Μέχρι
2093 3206 2284 3260 τούτων
2327 3208 2492 3260 τοίνυν
2536 3208 2655 3275 ἡμῖν
2696 3205 2757 3258 τὸ
2799 3203 3011 3274 κατηφές
3048 3203 3127 3257 καί
3168 3203 3384 3275 στυγνόν

1811 3299 1894 3351 καί
1943 3294 2250 3371 πολύδακρυ.
2320 3297 2391 3347 Οὔ
2438 3295 2537 3367 γὰρ
2594 3294 2894 3364 ἐγελάσαμεν
2954 3299 3053 3346 τῶν
3111 3293 3263 3351 πέλας
3319 3282 3417 3347 τοὶι

1810 3390 2084 3451 πτώματα,
2132 3382 2243 3439 οὐδέ
2272 3391 2361 3442 τῆς
2407 3385 2601 3437 ἐκείνων
2645 3384 3005 3455 ἐξοιστρήσεως
3048 3382 3382 3457 ἔπιχαρέντις

1808 3479 2292 3546 κατεσκιρτήσαμεν,
2323 3472 2434 3527 οὐδὲ
2480 3474 2610 3544 μέγα
2655 3471 2735 3528 διὰ
2782 3480 2927 3527 τοῦτο
2963 3474 3267 3541 ἐπήρθημεν,
3292 3474 3374 3526 ἶνα

1808 3570 1893 3623 καί
1921 3572 2086 3639 μεῖζον
2118 3569 2199 3621 ἐπὶ
2230 3568 2394 3633 τούτῳ
2432 3565 2865 3633 κατενεχθείημεν’
2913 3564 3012 3632 οὐχ
3052 3562 3214 3621 οὕτως
3239 3563 3382 3633 ἡμεῖς

1806 3659 1925 3729 περὶ
1974 3657 2188 3719 τούτων,
2234 3650 2271 3705 ὦ
2319 3653 2577 3721 σεϐασμία
2628 3654 2708 3705 καί
2757 3653 2870 3725 ἱερὰ·
2906 3652 3109 3721 κεφαλή,
3148 3649 3382 3705 ἐπαιδεύ-

1806 3747 1997 3815 θημεν,
2044 3744 2127 3799 τὸν
2188 3749 2285 3797 τῶν
2332 3740 2453 3796 ὅλων
2518 3740 2767 3798 δεσπότην
2826 3742 3043 3813 Χριστὸν
3093 3742 3382 3809 κεκτημένοι

1805 3832 2142 3906 φιλάνθρωπόν
2184 3852 2237 3887 τε
2273 3834 2357 3886 καὶ
2394 3831 2727 3906 ὑπεράγαθον’
2755 3827 2807 3888 ὃς
2847 3832 2928 3882 καί
2967 3831 3190 3898 μιμητὰς
3216 3831 3371 3894 ἡμᾶς,

1807 3933 1876 3991 ὡς
1924 3932 2132 4000 ἐφικτόν,
2180 3937 2270 3988 τῆς
2314 3928 2613 4002 ἱεραρχικῆς
2660 3926 2812 3981 αὐτοῦ
2855 3927 3150 3995 νομοθεσίας
3190 3926 3370 3997 ἀγαθο-

1804 4028 2013 4092 πρεπῶς
2049 4020 2269 4091 γενέσθαι
2310 4017 2721 4090 παρακελεύεται,
2762 4018 2844 4069 καὶ
2884 4017 3042 4069 τύπον
3087 4014 3374 4084 ἐπέχοντας

1802 4119 1895 4170 τῆς
1946 4112 2098 4164 αὐτοῦ
2146 4115 2471 4176 ποιμαντικῆς
2524 4127 2577 4161 τε
2634 4109 2719 4159 καὶ
2766 4113 3078 4164 συστατικῆς
3135 4106 3374 4175 κυϐερνή-

1806 4231 1958 4270 σεως.
2015 4209 2158 4263 Ἀλλά
2212 4211 2295 4263 καὶ
2351 4208 2481 4282 πρὸς
2534 4209 2837 4278 ἐπιστροφὴν
2898 4204 3161 4273 μετανοίας
3204 4202 3267 4267 ὅ,
3316 4223 3370 4257 τε

1802 4301 2133 4375 γαληνότατος
2208 4299 2444 4368 βασιλεὺς
2502 4300 2583 4349 καί
2647 4298 2789 4365 ἡμεῖς
2842 4293 3090 4366 διαφόρως
3155 4296 3371 4355 τούτους

1801 4393 2242 4466 προετρεψάμεθα⁶
2271 4393 2352 4443 καὶ
2380 4390 2485 4457 μεθ’
2505 4388 2623 4448 ὅλης
2664 4398 2756 4449 τῆς
2794 4389 3055 4447 εὐσεϐείας
3096 4389 3161 4440 τὰ
3198 4386 3372 4439 πάντα

115 4474 260 4530 moti
292 4476 481 4544 gratia,
522 4492 627 4529 non
669 4476 813 4541 odio,
845 4476 1287 4544 quemadmodum
1308 4489 1383 4527 ex
1410 4474 1475 4527 iis
1502 4487 1695 4541 cogno-

1814 4485 2174 4551 πεπράχαμεν,
2222 4478 2358 4534 οὐδέν
2406 4479 2532 4552 πρός
2592 4479 2749 4551 χάριν
2792 4478 2821 4536 ἦ
2868 4478 3151 4545 ἀπέχθειαν
3198 4474 3368 4548 διαγι-

114 4578 285 4619 scere
307 4576 560 4633 potestas,
592 4582 711 4635 qua
738 4567 790 4621 in
830 4562 1149 4635 unoquoque
1178 4565 1389 4634 negotio
1436 4574 1560 4618 sunt
1586 4580 1697 4633 per-

116 4662 379 4720 tractata,
426 4667 479 4708 et
520 4656 685 4710 relata
714 4655 766 4709 in
795 4654 1224 4717 commentarios,
1252 4663 1307 4708 et
1332 4654 1383 4707 in
1417 4654 1693 4722 praesentia

114 4744 189 4798 ad
213 4752 449 4799 vestram
480 4744 860 4798 beatitudinem
889 4746 1195 4797 mittuntur:
1238 4757 1299 4795 ac
1340 4742 1644 4809 intelligetis
1666 4757 1697 4795 a

110 4835 342 4891 vicarii:
384 4835 679 4891 sanctitatis
714 4843 923 4900 vestrae,
983 4833 1263 4887 Theodoro
1286 4846 1350 4886 ac
1373 4831 1600 4899 Georgio
1628 4830 1697 4883 dio

108 4927 283 4981 lectis
329 4925 439 4979 Deo
464 4927 810 4995 presbyteris,
833 4937 883 4980 et
911 4924 1112 4981 Joanne
1138 4922 1537 4992 religiosissimo
1581 4923 1698 4976 dia-

107 5029 289 5081 cono,
323 5024 377 5070 et
401 5015 751 5070 Constantino
770 5014 1058 5069 venerabili
1088 5014 1469 5083 hypodiacono,
1508 5013 1696 5066 vestris

112 5106 494 5175 spiritualibus
524 5104 665 5167 ﬁliis,
698 5102 997 5171 nostrisque
1041 5102 1247 5156 dilectis
1281 5102 1559 5155 fratribus:
1586 5110 1694 5154 tum

113 5190 190 5251 ab
219 5193 292 5249 iis
311 5194 401 5263 qui
427 5211 457 5248 a
487 5204 671 5251 sancta
700 5204 877 5250 vestra
908 5193 1115 5264 synodo
1140 5192 1287 5247 missi
1315 5200 1455 5256 sunt,
1498 5192 1694 5245 sanctis

112 5284 397 5354 episcopis
435 5283 523 5351 qui
551 5280 694 5337 recte
742 5300 804 5338 ac
832 5286 995 5352 probe
1030 5300 1095 5339 ex
1140 5293 1312 5337 vestra
1341 5281 1613 5349 disciplina
1641 5282 1695 5337 iu

117 5377 311 5444 primo
349 5374 468 5431 ﬁdei
518 5374 750 5443 capitulo
778 5389 881 5426 una
909 5375 1179 5429 nobiscum
1228 5371 1581 5426 decertarunt.
1609 5372 1695 5427 Sic

114 5478 231 5522 nos
297 5472 482 5518 sancto
534 5464 732 5535 Spiritu
792 5463 1032 5517 illustrati
1062 5504 1078 5530 ,
1137 5473 1413 5531 veStraque
1474 5463 1695 5516 instituti

116 5554 378 5612 doctrina
406 5593 422 5620 ,
482 5555 669 5609 infesta
724 5556 968 5625 dogmata
1013 5553 1297 5622 impietatis
1351 5553 1643 5622 depulimus
1675 5592 1689 5616 ,

112 5647 487 5707 rectissimam
516 5646 843 5708 orthodoxize
863 5647 1104 5701 semitam
1124 5644 1543 5712 complanantes,
1569 5641 1693 5709 piis—

113 5741 276 5797 aimo
294 5752 357 5795 ac
382 5736 720 5796 serenissima
761 5745 945 5793 nostro
990 5735 1310 5805 imperatore
1350 5730 1693 5789 Constantino

1800 4570 1998 4639 νόμενοι
2056 4568 2181 4640 [ἵσ.,
2225 4566 2611 4641 διεγειρόμενοι]
2672 4570 2832 4625 καθὼς
2892 4567 3028 4635 ὑμᾶς
3082 4564 3271 4620 ἔνεστιν
3315 4567 3366 4618 ἐκ

1800 4667 1898 4713 τῶν
1954 4658 2047 4715 ἤδη
2109 4661 2429 4726 κεκινημένων
2484 4656 2761 4727 ἐφ’ἐκάστῲ
2825 4663 2922 4709 τῶν
2987 4654 3365 4727 παρηκολουθη-

1797 4748 1955 4801 κότων
1996 4751 2075 4801 καί
2117 4750 2373 4821 ἐγγράφως
2421 4746 2976 4814 ὑπομνηματισθέντων,
3012 4754 3111 4798 τῶν
3161 4745 3244 4795 καί
3278 4742 3363 4794 ἐπὶ

1796 4842 1889 4889 τοῦ
1945 4836 2192 4910 παρόντος
2257 4844 2320 4904 τῇ
2398 4834 2540 4903 ὑμῶν
2606 4836 2921 4905 ἐσταλμένων
2986 4834 3315 4906 μακαριότητι
3342 4870 3359 4897 ,

1800 4934 1980 4999 γνῶναι
2023 4933 2108 4983 τήν
2150 4923 2387 4994 δύναμιν
2438 4922 2545 4978 εἶτα
2584 4923 2635 4978 δέ
2675 4928 2756 4977 καί
2794 4922 2874 4977 διὰ
2923 4932 3023 4979 τῶν
3063 4921 3359 4995 ἀναπληρω-

1797 5020 1991 5071 σαντων
2048 5015 2107 5068 τό
2172 5014 2439 5090 πρόσωπον
2496 5022 2583 5072 τῆς
2631 5015 2875 5084 ὑμετέρας
2930 5012 3189 5082 ἁγιότητος
3239 5019 3361 5065 Θεο-

1798 5104 1959 5179 δώρου
2004 5108 2085 5157 καί
2123 5109 2371 5181 Γεωργίου
2410 5113 2508 5159 τῶν
2536 5106 2936 5175 Θεοφιλεστόιτων
2978 5102 3356 5178 πρεσϐυτέρων,

1796 5198 1878 5248 καί
1929 5195 2151 5248 Ἰωάννου
2216 5203 2306 5250 τοῦ
2360 5197 2753 5249 θεοσεϐεστάτου
2808 5193 3060 5255 διακόνου,
3100 5195 3182 5245 καὶ
3228 5207 3325 5243 κων

1794 5287 2057 5339 σταντίνου
2096 5293 2183 5340 τοῦ
2229 5288 2600 5341 εύλαϐεστάτου
2656 5285 2979 5341 ύποδιακόνου
3032 5292 3131 5340 τῶν
3177 5282 3333 5349 ὗμετί

1795 5396 1895 5451 ρων
1937 5385 2281 5445 πνευματικῶν
2322 5380 2520 5443 τέκνων,
2563 5380 2643 5429 καί
2695 5380 3022 5447 ἠγαπημένων
3062 5378 3175 5443 ἡμῖν
3213 5368 3357 5423 ἁδελ-

1792 5474 1919 5537 φῶν’
1978 5471 2057 5521 καὶ
2103 5476 2201 5519 τῶν
2246 5469 2297 5521 ἔκ
2343 5474 2431 5525 τῆς
2478 5468 2739 5538 καθ’ὐμᾶς
2784 5467 2929 5539 ἁγίας
2971 5461 3180 5520 συνόδου
3229 5480 3355 5514 στα-

1793 5554 1972 5610 λέντων
2034 5556 2322 5610 ὁσιωτάτων
2378 5557 2701 5621 ἐπισκόπων,
2757 5559 2912 5630 ὀρθῶς
2969 5555 3050 5605 καὶ
3110 5556 3353 5624 χρηστῶς

1794 5646 1920 5699 κατά
1953 5650 2043 5701 τὴν
2078 5649 2216 5712 ύμῶν
2245 5643 2509 5698 παίδευσιν
2557 5647 2604 5697 ἐν
2648 5654 2719 5713 τῷ
2762 5648 2945 5716 πρώτῳ
2988 5650 3077 5700 τῆς
3128 5642 3344 5694 πίῖτεωξ

1792 5738 1889 5791 σὺν
1935 5738 2055 5809 ύμῖν
2114 5736 2497 5809 ἀγωνισαμένων
2540 5737 2799 5807 κεφαλαίῳ.
2842 5735 3018 5798 Οὕτως
3082 5737 3229 5804 ἡμεῖς
3273 5732 3346 5800 τῷ
