3840 6242
511 398 531 448 ἰ
542 393 647 446 εδδ

1603 358 1881 434 naniam-
1912 380 2269 436 Tremensrs
2314 378 2602 436 ertscort

3559 386 3660 441 1264

514 498 856 559 εετειιίεεῑηιο
885 492 1180 549 Christiano
1207 490 1505 561 Theodosio
1536 492 1772 560 principe
1815 491 1865 544 in
1906 494 2042 557 regia
2075 497 2122 551 Α
2219 491 2449 559 Demptis
2506 493 2587 545 his
2640 491 2905 557 omnibus,
2946 492 3195 563 deinceps
3241 494 3661 554 Christianissimo

510 593 638 647 urbe
667 582 1112 651 Constantinopoli
1156 591 1364 637 centum
1405 582 1779 650 quinquaginta
1830 582 2078 641 Patrum,

507 678 732 733 concilio
760 684 1095 741 congregato,
1126 672 1340 741 perditae
1379 672 1611 745 audaciae
1642 682 1909 727 auctorem
1943 689 2040 725 una

506 784 624 821 cum
672 764 937 820 venenatis
990 764 1099 815 suis
1151 760 1643 829 praesumptionihus
1692 763 2042 816 anathematis

504 857 712 910 vinculo
756 853 1100 907 subdiderunt
1145 849 1319 921 [subdi
1353 851 1627 922 decrevit}.
1680 853 1775 907 llis
1821 853 2041 920 snpitis,

504 942 860 999 clandestinus
915 940 1081 993 hostis
1139 940 1247 990 suis
1300 938 1513 993 nefariis
1566 939 2042 994 machinationibus

504 1048 606 1085 non
650 1034 828 1086 sinens
876 1040 1108 1097 pacatam
1160 1029 1249 1082 Dei
1302 1030 1586 1084 Ecclesiam
1639 1046 1887 1097 manere,
1956 1035 2040 1102 qui

502 1135 709 1187 semper
746 1120 1044 1173 conszaciata
1086 1116 1332 1172 diiellere
1378 1129 1431 1191 e/t
1471 1120 1791 1172 con‘sotidata
1838 1120 1890 1173 di
1924 1135 2045 1189 per-

499 1209 623 1261 dere
650 1209 961 1272 consuevit,
1008 1206 1264 1260 excitatus
1306 1216 1388 1260 est
1430 1206 1587 1262 homo
1618 1210 1855 1277 peccati,
1905 1211 2043 1264 filius

501 1298 825 1365 perditionis,
858 1298 1134 1351 humanam
1168 1298 1376 1366 quidem
1407 1299 1605 1353 habens
1635 1301 1864 1366 speciem
1887 1342 1902 1366 ,
1951 1304 2042 1357 sed

498 1388 805 1440 diabolicam
850 1397 1064 1454 gestans
1108 1386 1428 1456 imaginem,
1479 1387 1998 1457 Nestorius'quidam
2026 1433 2039 1457 ,

497 1474 1083 1543 Constantinoiioliiana:
1134 1478 1384 1531 Ecclesia:
1437 1480 1599 1548 magis
1653 1481 1833 1548 prtedo
1885 1496 2040 1548 quam

497 1575 694 1632 pastor,
726 1565 813 1632 qui
844 1567 1016 1643 posuit
1046 1566 1095 1619 in
1124 1566 1315 1621 coalunt
1344 1584 1403 1621 os
1427 1582 1610 1632 suum,
1642 1579 1695 1622 et
1727 1570 1895 1637 lingua
1927 1570 2040 1638 ejus

485 1657 701 1709 .transiit
734 1671 891 1723 super
916 1665 1106 1710 terrain
1132 1696 1148 1722 ,
1199 1658 1248 1709 in
1296 1667 1455 1711 tanta:
1493 1659 1803 1725 perditionis
1834 1660 2036 1714 foveam

494 1744 785 1809 demersus,
814 1753 867 1797 ut
891 1744 1027 1797 fastu
1055 1737 1514 1811 superbissimo-et
1540 1745 1705 1802 fretus
1733 1749 2040 1802 temeritatis

2120 582 2434 635 'Justlniano
2478 582 2820 651 imperatore,
2852 583 3002 651 cujus
3042 599 3160 638 cuin
3206 585 3417 641 nomine
3440 594 3497 641 et
3530 603 3658 655 opera

2143 677 2465 741 micuerunt,
2515 689 2536 712 υ
2580 678 2925 732 existentibus
2966 677 3283 747 quibusdam
3324 679 3406 748 qui
3455 692 3661 737 sanctam

2141 762 2617 821 Chalcedonensem
2653 768 2912 837 synodum
2952 767 3051 820 sub
3083 783 3233 820 nzevo
3275 769 3573 824 offensionis
3597 787 3664 826 re.

2139 854 2299 922 jicere
2324 855 2442 927 [sub
2468 869 2669 909 ntevum
2702 848 2775 909 οἶ.
2802 856 2947 924 rejici
2978 844 3247 926 oportere]
3283 857 3663 915 inconsideratis

2143 947 2356 1000 voitibus
2390 946 2697 1015 jactitabant
2723 964 2735 998 :
2768 955 2890 1000 tunc
2917 960 2946 999 a
2978 946 3202 1001 Prmfato
3241 947 3476 1014 principe
3504 948 3664 1002 iterato

2143 1036 2194 1087 in
2238 1038 2378 1103 regia
2427 1035 2556 1090 urbe
2599 1034 3056 1102 Constantinomli
3104 1035 3354 1099 concilio,
3387 1037 3663 1105 congregati

2142 1134 2261 1176 sunt
2288 1140 2383 1177 cu
2415 1124 2693 1185 veerandi
2736 1123 2915 1178 Patres
2962 1123 3265 1194 [concilium
3310 1133 3660 1192 congregatum

2140 1221 2222 1264 est
2276 1210 2372 1264 16]
2422 1212 2839 1265 venerandoturn
2889 1211 3167 1282 Patrum];
3215 1212 3444 1280 capitula
3486 1213 3586 1276 illa,
3611 1214 3665 1267 de

2142 1300 2329 1365 quibus
2358 1300 2593 1353 infamari
2629 1297 2936 1370 [infamare]
2960 1301 3282 1367 gestiebant,
3308 1300 3664 1369 obloquentes;
3714 1332 3715 1335 η

2143 1385 2441 1454 pranlictam
2487 1387 2972 1441 ChalceJonensem
3012 1388 3268 1456 synodum
3300 1388 3368 1439 ab
3406 1388 3542 1440 omni
3588 1403 3663 1441 su-

2139 1478 2372 1545 Spicione
2425 1481 2564 1545 pravi
2595 1476 2791 1531 erroris
2833 1476 3167 1549 absolventes
3210 1477 3560 1549 [absolvens];
3589 1478 3666 1529 tria

2140 1566 2389 1633 capitula,
2414 1581 2507 1634 pro
2537 1566 2725 1634 quibus
2751 1566 3113 1630 accusabatur,
3146 1580 3326 1631 aperta
3352 1558 3665 1618 damnatione

2141 1656 2259 1708 fecit
2302 1656 2512 1719 ulcisci;
2543 1655 2630 1709 ubi
2673 1663 2725 1709 et
2761 1656 3100 1710 decessorum
3133 1655 3343 1707 Patrum
3386 1656 3588 1729 regulas
3623 1664 3673 1709 et

2141 1744 2393 1798 formulas
2421 1760 2587 1799 sacra:
2633 1743 2976 1798 inStitutionis
3016 1751 3323 1809 sequentes,
3367 1753 3591 1796 sanctam
3626 1750 3671 1795 et

490 1832 704 1886 audacia
725 1873 738 1897 ,
786 1848 945 1887 ausus
974 1830 1043 1887 sit
1072 1834 1248 1889 dicere
1280 1836 1499 1888 beatam‘
1536 1835 1748 1889 Mariam
1798 1852 1899 1890 non
1946 1830 2116 1892 Dci‘B
2145 1831 2526 1886 immaculatum
2551 1832 2903 1886 orthodoxam
2935 1832 3089 1885 fidem
3117 1831 3385 1885 vivacibus
3413 1830 3668 1886 sententiis

492 1922 819 1989 genitricem,
844 1924 935 1975 sed
964 1924 1328 1977 tantummodo
1357 1924 1581 1977 hominis
1613 1925 1770 1979 fuisse
1795 1937 2035 1992 matiem,

494 2018 546 2063 ct
575 2018 787 2078 propter
813 2011 1035 2065 duarum
1064 2013 1337 2066 veritatem
1380 2024 1681 2067 naturarum
1729 2014 2040 2083 tergiversa-

495 2102 686 2153 tionem
716 2101 913 2154 faciens
938 2142 952 2167 ,
1002 2103 1131 2156 duas
1161 2103 1209 2156 in
1239 2103 1447 2181 thisto
1477 2105 1740 2159 assert-bat
1774 2119 1891 2160 esse
1925 2122 2042 2173 per-

489 2207 667 2256 sonas,
692 2209 846 2246 unam
876 2194 1174 2261 passibilern
1200 2205 1252 2249 ct
1277 2195 1436 2249 aliam
1463 2196 1859 2264 impassibilem.
1891 2195 2038 2262 Quod

488 2281 757 2334 infandum
783 2282 972 2350 dogma
1003 2284 1205 2350 piorum
1237 2298 1521 2339 aurescnon
1556 2286 1783 2340 ferentes
1805 2285 2039 2357 [auribus

492 2385 595 2423 non
628 2369 979 2440 ferentibus],
1029 2376 1344 2441 cungregata
1393 2383 1473 2426 est
1500 2385 1679 2428 sancta
1709 2377 1942 2444 synodus
1989 2379 2038 2428 in

490 2463 751 2530 Ephesina
797 2462 1047 2526 civitate,
1099 2463 1447 2517 ducentorum
1496 2475 1796 2519 sanctorum
1829 2466 2040 2520 Patrum

490 2565 757 2613 numerus,
792 2552 877 2604 ubi
909 2564 1103 2605 sancta:
1135 2556 1401 2607 memoria:
1423 2555 2040 2625 CyrillusAlexandiinte

488 2641 736 2695 Ecclesia:
761 2642 974 2710 przcsul,
1004 2643 1313 2697 auctoritate
1342 2654 1535 2698 sanctae
1565 2646 1709 2699 sedis
1738 2646 2040 2715 apostolica:

488 2730 759 2799 praaditus,
793 2741 950 2799 caput
978 2734 1199 2796 exstitit,
1232 2736 1318 2801 qui
1351 2722 1751 2791 ferventissimo
1781 2738 1897 2791 zelo
1925 2738 2038 2803 Dei,

485 2830 638 2875 scuto
668 2822 787 2876 fidei
816 2832 868 2875 ct
898 2823 1059 2874 lorica
1092 2832 1356 2890 protectus
1383 2825 1655 2879 catholica:
1678 2828 2039 2893 auctoritatis,

491 2896 751 2965 haeretica:
780 2914 1050 2978 pravitatis
1080 2906 1405 2968 inventorem
1433 2925 1485 2969 et
1511 2927 1825 2972 assertorem
1855 2916 2043 2986 iniqui-

493 3001 610 3053 tatis
639 3001 912 3069 prmfatum
946 3001 1244 3057 Nestorium
1288 3020 1406 3058 cum
1439 3003 1596 3077 [suis]
1628 3008 1854 3075 vipereis
1894 3023 2040 3061 cum-

490 3092 679 3144 tnentis
722 3103 976 3158 perpetuo
1017 3094 1355 3147 anathemate
1394 3096 1790 3150 eundemnavit.
1846 3097 2042 3151 Dehinc

489 3194 614 3233 vero
637 3180 737 3232 dua
764 3195 883 3233 vasa
912 3181 1203 3249 iniquitatis
1234 3183 1502 3250 bellantia,
1534 3185 1812 3238 Dioscorus
1838 3188 2043 3240 sciliCet

490 3266 874 3324 Alexandrinus
907 3270 1095 3339 prtesul
1118 3312 1133 3336 ,
1176 3281 1228 3324 et
1259 3271 1523 3341 Eutycbes
1550 3272 2043 3341 Constaritiaorioli-

488 3368 642 3413 tantis
693 3360 1100 3414 archimandrita
1131 3405 1145 3429 ,
1212 3360 1348 3415 intra
1402 3361 1735 3417 venerandos
1788 3362 2043 3416 Ecclesia:

487 3451 697 3515 aditus,
752 3462 805 3506 ut
852 3469 1021 3508 srcvus
1065 3446 1259 3510 cancer
1302 3455 1476 3509 omnia
1520 3472 1733 3526 serpere
1773 3458 2043 3524 cupientes

490 3541 648 3609 [saeva
679 3551 1012 3596 cancromata
1044 3559 1262 3614 serpere
1302 3545 1645 3615 cupierunt],
1692 3546 2044 3613 simpliciores

488 3644 723 3697 quosque
745 3642 892 3698 peste
915 3631 1139 3685 nefaria:
1160 3632 1518 3701 persuasionis
1546 3635 1760 3687 inficere
1782 3635 2042 3699 volentes,

486 3721 573 3787 qui
617 3721 927 3774 asserebant
970 3723 1020 3774 in
1053 3720 1280 3776 Domino
1308 3734 1491 3779 nostro
1514 3724 1637 3779 Jesu
1667 3725 1878 3779 Christo
1921 3735 2044 3779 ante

488 3802 883 3875 adunationern,
912 3811 1041 3865 duas
1071 3823 1306 3877 naturas,
1344 3823 1462 3881 post
1488 3829 1613 3869 vero
1644 3815 2039 3884 adunationem,

489 3914 664 3952 unam.
716 3901 864 3954 Tunc
891 3915 917 3951 a
948 3903 1386 3970 prmstantissimo
1414 3914 1463 3958 et
1494 3905 1807 3958 Christianae
1838 3905 2047 3974 religio-

487 3992 569 4043 nis
599 4001 833 4044 amatore
863 3982 1124 4044 Ma'rciano
1156 3993 1472 4060 imperatore
1507 3993 1724 4047 collecta
1756 4005 1837 4049 est
1866 4009 2043 4050 sancta

489 4081 724 4151 synodus
753 4082 803 4133 in
828 4082 1039 4135 civitate
1063 4082 1415 4147 Chalcedone,
1438 4096 1807 4137 sexcentorum
1838 4086 2045 4155 triginta

492 4174 704 4227 Patrum
726 4172 1024 4226 veneranda
1048 4172 1259 4234 cohors,
1277 4174 1466 4241 quibus
1490 4176 1811 4231 mediatores
1835 4174 2048 4231 fuerunt

491 4262 777 4317 beatissimi
800 4261 1040 4331 praesulis
1062 4261 1254 4315 Leonis
1278 4263 1421 4315 urbis
1441 4262 1621 4316 Romtc
1644 4263 1812 4326 missi,
1827 4278 2046 4331 quorum

490 4356 801 4409 auctoritate
832 4352 1384 4422 praedictiDioscorus
1424 4365 1474 4408 et
1507 4354 1772 4424 Eufycbes
1813 4355 2046 4409 haeretici

491 4442 895 4496 anathematicis
947 4442 1208 4495 sententia
1264 4444 1537 4509 perculsi,
1592 4452 1741 4495 extra
1791 4444 2046 4510 gremium

494 4535 677 4586 matris
724 4534 975 4586 Ecclesi.e
1020 4532 1293 4586 catholica:
1339 4544 1458 4585 sunt
1505 4534 1679 4599 ejecti.
1733 4531 1829 4599 Qui
1878 4537 2044 4586 sancti

491 4624 677 4679 Patres
710 4624 760 4677 in
791 4623 1022 4677 concilio
1054 4623 1357 4687 constituti,
1405 4623 1908 4697 omnicavillatione
1938 4623 2047 4677 ba:-

492 4712 667 4767 rcticze
699 4713 975 4780 pravitatis
1003 4712 1213 4776 abrasa,
1245 4712 1361 4767 fidei
1394 4714 1699 4767 fundamina
1726 4724 2043 4779 statuentes,

492 4804 640 4870 splen
656 4793 1191 4857 tidissimo'sermone
1220 4814 1271 4857 ct
1294 4803 1552 4872 elegantia
1576 4805 1790 4857 urbana:
1813 4806 2049 4859 scientiae

492 4892 788 4962 symbolum
812 4893 1118 4946 orthodoxa:
1137 4893 1258 4972 fidei
1280 4895 1641 4961 confecerunt,
1665 4905 1807 4948 retro
1832 4896 2045 4947 Patrum

494 4983 713 5051 vestigia
743 4992 1050 5051 sequentes,
1077 4994 1182 5037 tam
1208 4986 1373 5039 sancti
1405 4986 1601 5041 Nicazni
1628 4988 1862 5051 concilii,
1892 5002 2046 5056 quam
2078 4991 2085 4997 '

493 5074 1103 5142 Constantinopolitani,
1156 5088 1248 5128 seu
1298 5076 1549 5144 Epltesini
1585 5078 1779 5144 primi,
1829 5092 2048 5146 quorum

496 5162 858 5217 sanctionibus
906 5164 995 5217 Dei
1048 5163 1281 5218 Ecclesia
1327 5166 1379 5219 in
1425 5176 1535 5219 toto
1576 5167 1703 5221 orbe
1744 5170 2045 5222 decoratur.

493 5249 549 5305 in
581 5241 771 5319 quibus
816 5254 1318 5323 promulgationibus
1360 5264 1653 5311 statuentes
1680 5300 1694 5322 ,
1748 5268 1801 5311 ut
1843 5258 1887 5311 si
1934 5258 2051 5324 quis

494 5358 648 5409 supra
684 5344 735 5397 id
766 5344 903 5413 quod
940 5343 1130 5398 ibidem
1174 5346 1227 5399 in
1271 5360 1427 5400 causa
1466 5345 1584 5401 fidei
1610 5358 1883 5401 ,statutum
1928 5358 2046 5411 cst,

494 5434 688 5487 addere
714 5443 805 5487 aut
832 5433 1072 5489 minuere
1103 5436 1518 5505 praesumpserit,
1551 5427 1903 5491 anathematis
1933 5437 2047 5491 vin-

494 5524 616 5579 culo
646 5524 961 5593 subiaceret.
1514 5507 1532 5523 ⁷

568 5669 592 5693 ἰ
627 5659 679 5737 in
706 5674 806 5713 ms.
832 5671 943 5737 erat
972 5663 1233 5737 existentes
1262 5668 1536 5731 quosdam;
1579 5667 1625 5720 itt
1661 5668 1850 5721 nostris
1883 5682 2048 5721 ntem-

500 5732 695 5792 branis,
724 5732 1021 5783 exstitrrimt
1049 5735 1269 5797 quidam.
1914 5748 1929 5759 ε

2142 1920 2466 1982 roborantcs,
2492 1919 2844 1974 firmissimam
2878 1919 3226 1975 assertionem
3252 1919 3578 1989 [firmissima
3600 1935 3670 1974 as-

2139 2008 2389 2079 sertione]
2404 2008 2886 2065 confirmaverunt.

2185 2088 2377 2168 Ecce,
2409 2102 2843 2170 praestantissime
2892 2102 3161 2172 princeps,
3208 2101 3543 2169 antiquorum
3591 2102 3674 2155 Pa-

2142 2204 2277 2247 trum
2306 2202 2521 2258 SIatuta,
2557 2207 2656 2246 una
2687 2206 2807 2247 cum
2840 2207 3104 2247 consensu
3136 2191 3495 2262 piissimorum
3526 2194 3674 2259 impe-

2140 2284 2658 2356 ratorum,de[inita,
2697 2297 2815 2352 qua:
2857 2284 3080 2337 convelli
3128 2282 3506 2338 veltinlirrnari
3551 2282 3674 2337 nulla

2142 2376 2347 2427 ratione
2370 2373 2546 2439 pietas
2576 2382 2746 2427 vestra
2778 2375 3068 2440 permittat.
3095 2370 3227 2425 Nam
3258 2372 3302 2424 sl
3342 2380 3461 2424 sunt
3490 2372 3575 2439 qui
3597 2388 3676 2422 au-

2139 2466 2285 2520 dacia
2337 2465 2623 2520 dialectica:
2669 2464 2799 2518 artis
2846 2466 3045 2530 inflati,
3088 2452 3404 2519 cothurnata
3460 2466 3676 2527 cervice.

2142 2557 2326 2611 buccis
2383 2554 2820 2623 tumescentibus,
2861 2555 3087 2609 sinuosis
3140 2553 3587 2611 circumitiOnibus
3632 2564 3677 2605 et

2146 2646 2400 2702 ﬂexuosis
2429 2644 2761 2714 ambagibus,
2795 2643 3024 2712 phaleris
3062 2643 3341 2697 verborum
3387 2640 3679 2710 pompisque

2142 2750 2471 2797 sermonum,
2500 2749 2595 2787 sua
2636 2733 2782 2787 ferali
2813 2733 3095 2785 calliditate
3124 2720 3417 2804 simplicem
3464 2730 3579 2783 fidei
3608 2726 3680 2781 ra-

2144 2828 2343 2879 tionem
2385 2823 2701 2884 convellere,
2730 2831 2784 2875 ct
2823 2822 3090 2889 delegatas
3129 2836 3158 2872 a
3208 2811 3451 2873 Patrilius
3492 2820 3681 2887 reguLIs

2140 2914 2451 2969 conculcare
2483 2913 2564 2966 vel
2595 2923 2857 2967 temerare
2887 2911 3170 2987 voluerint,
3200 2925 3385 2965 eorum
3412 2908 3679 2963 inﬂationio

2141 3006 2239 3060 bus
2274 3004 2619 3071 tranquillitas
2663 3013 2838 3055 vestra
2868 3018 2974 3055 non
3009 3001 3352 3070 acqui‘escat:
3385 2999 3477 3054 sed
3520 3014 3680 3053 recor-

2145 3094 2339 3145 damini
2394 3091 2621 3155 qualiter
2668 3090 2918 3158 prepheta
2966 3090 3131 3142 dicit:
3171 3088 3391 3142 Verbum
3431 3090 3629 3141 breviare
3658 3110 3675 3133 ι

2071 3154 2116 3215 c
2148 3184 2292 3251 faciet
2327 3182 2574 3234 Dominus
2601 3197 2749 3246 super
2778 3165 2960 3232 terram
2990 3177 3124 3248 (Isa.
3158 3180 3241 3245 x);
3272 3179 3410 3248 quod
3444 3192 3533 3247 per
3574 3192 3683 3230 san-

2145 3281 2260 3324 ctos
2311 3270 2578 3338 apostolos
2624 3269 2847 3322 vidimus
2894 3268 3190 3334 impletum.
3225 3267 3357 3333 Quid
3389 3266 3530 3321 enim
3573 3266 3681 3320 bre-

2144 3363 2277 3424 vius,
2304 3376 2458 3429 quarn
2494 3343 2715 3427 simplex
2749 3358 2866 3411 fidei
2910 3358 3208 3427 symbolum
3236 3359 3304 3412 ab
3333 3356 3580 3425 apostolis
3619 3355 3686 3407 in-

2144 3452 2418 3513 stitutam,
2456 3450 2506 3501 in
2546 3462 2651 3516 quo
2703 3445 2981 3516 mysticum
3043 3446 3359 3518 sacramenti
3407 3446 3687 3498 continetur

2144 3541 2428 3596 arcanum?
2450 3540 2579 3595 Nam
2605 3538 2646 3593 si
2676 3539 2908 3612 [regulas
2935 3534 3078 3608 fidei]
3101 3536 3323 3604 relegas,
3352 3533 3687 3605 insignissime

2146 3634 2446 3700 imperator,
2476 3646 2579 3683 non
2624 3645 2744 3683 cum
2773 3629 3080 3693 dialeeicis,
3113 3642 3217 3682 non
3247 3641 3368 3683 cum
3398 3624 3681 3685 rhetoriciS.

2147 3740 2249 3777 non
2279 3738 2396 3776 cum
2432 3720 2813 3792 grammaticis,
2839 3718 2931 3773 sed
2961 3732 3078 3772 cum
3120 3717 3369 3771 ruricolis
3396 3726 3451 3771 et
3480 3715 3685 3784 piscato-

2150 3816 2294 3870 ribus
2335 3814 2589 3868 Dominus
2620 3811 2795 3879 posuit
2825 3810 2854 3850 ιι
2882 3810 3160 3873 rationem,
3192 3817 3245 3863 et
3272 3807 3354 3862 bis
3384 3806 3590 3861 tradidit
3616 3805 3685 3858 sui

2151 3917 2356 3962 secreta
2388 3903 2615 3967 consilii,
2641 3916 2776 3971 quos
2801 3909 2857 3956 et
2909 3900 3172 3968 principes
3200 3895 3484 3960 ordinavit,
3514 3895 3687 3963 quibus

2152 3994 2345 4062 ligandi
2376 3990 2720 4058 solvendique
2758 3990 2936 4044 tribuit
2967 3998 3319 4058 potestatem;
3354 3999 3527 4039 nonne
3554 3984 3688 4037 vobis

2153 4085 2392 4147 videtur,
2440 4082 2640 4150 optime
2698 4078 3017 4148 imperator,
3068 4076 3475 4133 dementissima:
3515 4070 3689 4126 mentis

2148 4189 2286 4238 esse,
2326 4174 2416 4242 qui
2459 4171 2777 4239 apostolicae
2823 4152 3165 4231 traditiones,
3219 4176 3273 4221 et
3325 4164 3686 4222 venerabilitati

2146 4267 2362 4320 Patrum
2413 4263 2643 4318 instituta
2690 4262 2980 4329 depraviire
3035 4260 3325 4316 festinant?
3377 4257 3480 4313 Nos
3524 4267 3730 4311 autem‘

2150 4368 2352 4419 omnes,
2387 4353 2483 4424 qui.
2520 4353 2618 4406 sub
2666 4352 3004 4406 felicissimos
3049 4360 3102 4404 et
3150 4348 3623 4404 Cbristianiss‘mos
3661 4360 3687 4397 a

2157 4445 2264 4498 Deo
2308 4440 2677 4495 custodiendos
2729 4440 3014 4509 principes,
3059 4437 3305 4491 dominos
3350 4444 3572 4497 notros,
3604 4449 3690 4502 per

2155 4534 2625 4588 excellentissimos
2656 4544 2806 4597 reges
2846 4528 3157 4583 Christiana:
3204 4526 3472 4593 religionis
3501 4537 3690 4578 amato-

2147 4640 2255 4690 res,
2284 4614 2385 4676 una
2416 4638 2533 4677 cum
2564 4636 2746 4674 eorum
2772 4630 2954 4674 sancta
2988 4619 3270 4673 devotione
3301 4618 3410 4684 pari
3442 4627 3614 4669 tenore
3641 4622 3689 4667 et

2149 4714 2442 4768 reverentia
2492 4711 2803 4765 traditiones
2848 4718 3149 4763 sanctorum
3196 4708 3571 4774 apo~tolorum,
3598 4718 3687 4759 seu

2149 4801 2705 4857 reverendissimorum
2753 4800 2985 4859 Patrum,
3016 4798 3102 4865 qui
3134 4798 3184 4849 in
3218 4796 3533 4863 SupradiCtis
3570 4805 3692 4849 con-

2151 4896 2284 4950 ciliis
2321 4893 2622 4953 adfueruut,
2652 4891 2941 4944 omnicum
2976 4886 3342 4959 [Felieissimis
3371 4897 3421 4939 et
3452 4885 3691 4938 Christia-

2152 4986 2383 5040 nissimis
2427 4996 2481 5039 et
2511 4999 2539 5035 a
2578 4983 2687 5036 Deo
2735 4979 3093 5034 custodiendis
3140 4977 3461 5045 principibus
3507 4973 3692 5029 nostris

2156 5078 2385 5132 dominis
2431 5074 2722 5129 Peretharit
2748 5071 3103 5147 et’Cunibert,
3145 5068 3693 5137 prteexceilcutissimis

2154 5169 2367 5237 regibus
2391 5163 2910 5235 (Langobardorum),
2937 5161 3247 5215 Christiana:
3267 5160 3524 5228 religionis
3557 5172 3694 5209 ama-

2156 5258 2351 5313 toribus
2375 5270 2576 5319 sumus,
2605 5269 2704 5308 una
2731 5268 2871 5315 cum,
2896 5247 3025 5321 etc.]
3056 5249 3396 5304 veneratione
3417 5247 3692 5313 suscipere,

2153 5349 2421 5416 amplecti,
2472 5345 2783 5404 defendere,
2834 5340 3151 5409 praedicare,
3206 5338 3466 5407 praecipue
3509 5346 3695 5389 sanctae

2154 5422 2423 5496 memoria:
2470 5436 2663 5489 Leonis
2716 5432 3023 5500 apostolica:
3071 5430 3214 5486 sedis
3262 5428 3498 5497 prasulis
3537 5426 3693 5485 dicta.

2155 5530 2245 5584 sed
2294 5528 2452 5581 etiam
2499 5523 2820 5577 orthoduxos
2852 5520 3062 5585 Patres,
3090 5519 3179 5588 qui
3212 5531 3305 5587 per
3346 5520 3546 5573 diversa
3580 5511 3693 5568 ioca

2226 5656 2251 5694 b
2287 5655 2391 5709 Vox
2425 5652 2547 5709 ista"
2574 5666 2676 5705 non
2705 5658 2782 5705 est
2814 5648 2863 5702 in
2896 5663 2994 5701 ms.
