3828 6340
160 413 298 473 ηδε

954 392 1277 451 EPISTOIA
1318 393 1409 447 Al)
1446 386 1967 444 CONSTANTINUM
1994 380 2515 475 iMPERATOREM.

3223 369 3355 425 1266

158 528 275 578 ιρις)
312 518 403 572 [)ci
430 516 688 570 ferventes
722 508 964 575 dogmata
993 503 1239 557 salutaria
1286 500 1435 553 nobis
1475 498 1700 566 relique-
1743 501 1785 554 Α
1815 497 1940 548 lium
1988 503 2104 562 post
2136 493 2359 555 Patrem,
2393 506 2491 546 nec
2516 489 2763 559 Spiritum
2789 498 3027 542 sanctum
3060 486 3362 541 inferiorem

155 620 314 671 runt;
346 614 404 659 ut
429 597 741 657 veneranda
762 592 1032 649 memoria
1053 590 1339 660 Gregorius
1365 588 1714 643 Nazianzena:

152 698 387 753 civitatis
416 695 712 762 episcopus,
750 696 803 738 et
854 682 1077 737 Basilius
1114 680 1461 748 Cappadocia:
1506 678 1712 745 episco-

156 803 274 854 pus,
334 795 385 838 et
440 780 662 850 Cyrillus
700 772 1085 830 Alexandrinus
1141 770 1357 838 praesul,
1393 777 1445 821 et
1488 766 1717 819 Athana-

152 877 269 928 sius
328 871 561 940 ejusdem
608 864 975 919 Alexandrina
1039 861 1285 914 Ecclesia:
1334 857 1592 926 pontifex,
1620 857 1715 910 nec

153 981 259 1016 non
322 974 371 1015 et
423 960 650 1014 Joannes
704 952 1309 1019 Constantiuopolitanus
1362 949 1614 1010 antistes,
1665 956 1719 1001 et

149 1054 391 1108 Hilarius
439 1036 775 1103 Pictaviensis
830 1047 1133 1111 episcopus,
1174 1052 1229 1095 et
1269 1040 1412 1093 omni
1461 1038 1716 1106 sapientia

150 1155 339 1194 carus
383 1137 701 1206 Augustinus
752 1131 1242 1198 liippouiregiensis
1300 1126 1718 1198 [Hipponiensisl

150 1232 461 1295 episcopus,
486 1236 542 1281 et
568 1225 863 1281 veneranda
890 1237 1086 1276 corona
1118 1219 1458 1291 [venerandze
1486 1216 1718 1289 coronm]

151 1320 356 1371 Christi
385 1317 655 1370 confessor
680 1316 987 1367 Ambrosius
1029 1310 1434 1364 lllediolanensis
1467 1307 1718 1361 Ecclesiae

153 1406 380 1473 praesul,
407 1406 561 1458 simul
587 1414 641 1458 et
668 1403 1053 1458 eruditissinms
1084 1412 1145 1453 et
1176 1400 1315 1452 omni
1362 1400 1476 1450 luce
1506 1396 1719 1463 conspi-

153 1511 293 1550 cuus
326 1496 671 1565 Hieronymus
702 1496 997 1563 presbyter,
1030 1490 1284 1558 quidquid
1326 1489 1377 1542 bi
1407 1490 1737 1551 docuerunt,’

152 1592 486 1652 sapueruut,
534 1584 981 1651 praedicaverunt,
1020 1581 1104 1633 vel
1144 1577 1456 1633 defensores
1494 1578 1723 1632 exstite-

154 1690 309 1745 runt,
340 1695 435 1734 nos
478 1694 661 1733 eorum
708 1687 825 1731 acta
866 1674 950 1730 vel
1009 1682 1204 1728 statuta
1249 1674 1393 1726 omni
1440 1672 1721 1726 devotione

153 1768 499 1835 suscipimus.
555 1768 647 1821 llis
692 1766 946 1834 delegatis
974 1779 1147 1832 opera:
1191 1764 1420 1830 pretium
1471 1760 1717 1814 duximus

1818 584 1998 651 fuisse,
2030 586 2147 654 quia
2178 583 2299 637 dum
2329 582 2533 637 initium
2578 580 2776 651 paterni
2820 580 3049 633 nominis
3085 592 3187 633 non
3220 578 3362 632 inve-

1815 678 1974 739 nitur,
1998 669 2262 729 ne§cimus
2284 686 2383 742 qua
2416 673 2622 725 ratione
2650 669 2785 724 Filio
2818 669 3019 720 initium
3049 666 3362 719 ascribatur.

1815 766 1946 831 Quia
1976 780 2095 818 cum
2127 764 2349 817 dicimus
2374 761 2748 829 sempiternum
2781 759 2944 815 Deum
2972 756 3200 819 Patrem,
3228 768 3365 807 sem-

1817 852 2076 916 piternum
2104 851 2263 904 Deum
2292 850 2479 904 Filium
2500 847 2842 903 ostendimus.
2862 845 2982 899 Ideo
2996 851 3228 897 sanctam
3254 842 3367 895 Tri-

1819 940 2033 992 nitatem
2051 938 2105 991 iu
2118 953 2215 989 una
2232 947 2413 990 natura
2432 950 2636 1005 unaque
2650 936 2873 989 essentia
2890 943 3043 1002 atque
3058 933 3366 998 substantia,

1817 1042 1871 1087 et
1896 1032 2061 1084 tribus
2081 1027 2448 1091 subsistentiis,
2486 1026 2596 1081 sive
2623 1030 2878 1094 personis,
2904 1026 3226 1094 profitentur.

1889 1137 2163 1193 Credimus
2188 1145 2359 1189 autem
2390 1138 2558 1202 ipsum
2602 1135 2692 1188 Dei
2738 1132 2986 1193 Verbum,
3021 1135 3120 1186 hoe
3146 1142 3246 1191 est,
3280 1128 3371 1184 Fi-

1821 1229 1947 1282 lium
1986 1228 2154 1282 Patris
2184 1226 2299 1281 sine
2343 1226 2494 1279 initio
2532 1226 2764 1293 genitum
2794 1241 2806 1276 :
2839 1222 3081 1277 eumdem
3115 1237 3273 1274 unum
3307 1237 3366 1272 ex

1822 1320 1986 1373 tribus
2024 1317 2377 1371 subsistentiis
2405 1316 2471 1368 de
2500 1324 2678 1367 sancta
2716 1312 2971 1367 Trinitate
2998 1322 3251 1366 :eternum
3282 1310 3370 1363 Fi-

1822 1407 1978 1479 lium,
2001 1421 2096 1474 pro
2141 1404 2530 1474 dispensatione
2578 1404 2711 1457 facta
2764 1418 2857 1470 pro
2905 1402 3056 1455 nobis
3098 1410 3152 1455 et
3196 1412 3373 1479 nostra

1820 1473 1988 1550 salute
2003 1471 2351 1563 descendisse
2377 1496 2442 1549 de
2464 1494 2631 1555 cmlis,
2664 1493 2991 1545 incarnatum
3023 1471 3372 1543 VerbumFDei
3458 1518 3467 1525 -

1821 1596 1874 1639 et
1903 1587 2165 1640 hominem
2217 1585 2409 1637 factum
2463 1582 2597 1635 intra
2648 1580 3142 1651 Virginis‘uterum,
3186 1580 3371 1630 uniens

1822 1677 1921 1729 sibi
1964 1684 2157 1729 nostra:
2185 1682 2385 1727 natura:
2427 1671 2699 1723 veritatem
2730 1684 2792 1721 ex
2837 1677 3017 1720 sancta
3058 1677 3111 1720 et
3143 1666 3371 1732 gloriosa

1824 1764 1916 1817 Dei
1946 1764 2197 1835 genitrice
2229 1762 2386 1815 Maria
2436 1759 2652 1829 virgine,
2682 1760 2943 1827 perlectus
2994 1756 3127 1809 Deus
3156 1765 3207 1807 et
3252 1770 3369 1819 per-

153 1855 287 1922 thid
313 1821 498 1907 ἠθείη
537 1854 666 1907 ﬁdes
694 1821 960 1907 contineat
1004 1821 1287 1904 Ᾱάηθοιέτθ
1334 1847 1479 1918 [huic
1526 1856 1719 1901 ηοειτω
1750 1821 1795 1881 Β
1826 1821 2195 1909 ίβειιῖειιοηιο
2247 1850 2298 1904 in
2340 1821 2541 1903 duabus
2588 1821 2807 1908 naturis.
2838 1846 3126 1901 divinitatis
3173 1844 3377 1898 scilcet

154 1941 488 2009 suggestiohi
520 1940 642 1993 fidei
686 1940 982 2002 formulam,
1006 1946 1063 1992 ut
1105 1951 1164 1991 se
1208 1945 1387 1990 nostra
1436 1934 1566 1989 fides
1596 1948 1725 1989 con-

157 2029 323 2092 tinet,
351 2025 676 2096 adnectere].

196 2135 394 2203 Incipit
448 2136 692 2204 expositio
730 2136 853 2203 ﬁdei
908 2134 1119 2253 Ρᾶιξτωη
1161 2132 1555 2187 Mediolnneusis
1606 2148 1694 2201 sy-

870 2219 934 2253 no
976 2221 1013 2253 r.

870 2219 1013 2256 ποατ.

237 2293 561 2348 Proﬁtemur
586 2284 681 2346 nos
711 2293 926 2347 credere
964 2292 1339 2345 indivisibilem
1359 2284 1591 2346 sanciam
1617 2290 1734 2343 Tri-

160 2385 414 2445 nitatem,
448 2385 547 2436 hoc
574 2392 654 2435 est
695 2384 903 2435 Patrem
934 2396 985 2434 et
1024 2381 1206 2434 Filium
1238 2391 1299 2434 et
1324 2382 1577 2445 Spiritum
1610 2396 1732 2433 san-

158 2482 337 2532 ctum,
369 2486 526 2523 unutn
573 2471 759 2531 Deum,
793 2470 861 2520 ita
894 2483 1050 2520 unum
1097 2477 1152 2519 ut
1196 2469 1411 2531 trintttn,
1440 2478 1491 2519 et
1536 2469 1603 2518 ita
1639 2467 1731 2518 tri-

159 2577 294 2613 num
327 2570 379 2613 ut
408 2576 603 2614 unum:
633 2560 945 2613 Trinitatem
977 2562 1027 2615 in
1060 2561 1315 2617 distinctis
1345 2573 1503 2627 atque
1534 2562 1735 2613 disere-

158 2652 233 2703 tis
266 2652 526 2718 persoiiis,
560 2652 659 2704 hoc
680 2658 781 2711 est,
813 2651 1042 2711 Patrem,
1065 2665 1128 2703 ex
1155 2667 1257 2716 quo
1280 2652 1485 2709 omnia;
1522 2649 1731 2717 Filium,

158 2756 264 2807 per
306 2756 462 2807 quem
500 2744 711 2805 omnia;
744 2742 815 2806 Sp
839 2740 991 2793 ritqu
1025 2753 1284 2803 sanetum,
1319 2742 1368 2791 in
1403 2754 1506 2807 quo
1536 2740 1730 2803 omnia,

156 2831 328 2881 unius
377 2829 908 2891 lantett‘tiivittilttlis,
953 2830 1105 2882 unius
1157 2831 1425 2890 essentne,
1480 2828 1735 2894 uniusque

156 2916 477 2971 substantiae
494 2918 572 2971 :in
599 2918 764 2970 tribus
779 2917 987 2983 quidem
1006 2914 1359 2969 subsistentiis
1374 2932 1464 2970 seu
1484 2935 1492 2978 ι
1513 2932 1557 2970 ei
1572 2916 1731 2977 sonis,

158 3020 221 3058 ut
256 3004 414 3059 Pater
455 3007 603 3061 Pater
632 3008 730 3071 sit,
779 3007 939 3060 Filius
998 3005 1157 3059 Filius
1198 3006 1297 3071 sit,
1344 3006 1570 3072 Spiritus
1618 3020 1738 3058 san-

162 3106 293 3149 ctus
321 3096 539 3164 Spiritus
560 3108 798 3150 ~sanctus
826 3096 931 3149 sit:
962 3096 1013 3148 in
1039 3111 1139 3149 una
1168 3107 1351 3149 natura
1377 3112 1585 3165 unaque
1612 3096 1733 3149 sub.

157 3185 388 3243 stantia,
416 3195 470 3237 ut
502 3184 637 3238 Deus
664 3200 820 3246 unus,
846 3194 900 3238 et
918 3186 1084 3249 solus,
1107 3194 1161 3238 et
1188 3200 1425 3249 summus
1451 3186 1727 3239 credatur:

161 3290 279 3328 non
336 3284 443 3328 tres
486 3274 897 3341 introducentcs,
946 3282 1003 3327 ut
1050 3274 1205 3327 Arius
1255 3274 1605 3342 blaspliemat,
1646 3274 1734 3340 qui

162 3381 286 3421 .res
330 3365 456 3418 deos
503 3366 832 3433 pradieavit,
878 3366 1340 3430 excellentiorem,
1400 3368 1655 3419 minorem
1684 3374 1737 3417 et

162 3451 505 3508 inferiorem.
538 3454 641 3507 Nos
669 3470 794 3507 vero
824 3467 1059 3509 sanctam
1090 3457 1401 3509 Trinitatem
1432 3457 1495 3513 in,
1515 3457 1733 3521 unitate,

162 3554 220 3594 cl
255 3543 509 3594 unitatem
538 3542 587 3594 in
612 3554 789 3595 sancta
819 3543 1077 3598 Trinitate
1103 3547 1435 3599 confitemur.
1462 3547 1590 3598 Nam
1615 3561 1734 3599 cum

163 3630 404 3682 dicimus
432 3631 837 3696 omnipotentem
872 3632 1101 3694 Patrem,
1132 3634 1415 3699 appellatio
1447 3633 1601 3699 hujus
1646 3650 1739 3702 pa-

165 3723 316 3772 terni
350 3720 567 3772 nominis
608 3723 671 3773 ad
721 3721 833 3773 Filii
867 3738 1142 3788 personam
1188 3725 1497 3787 intenditur,
1527 3735 1580 3778 et
1620 3742 1737 3777 cum

170 3811 411 3863 dit-imus
438 3819 690 3864 aeternum
725 3812 932 3875 Filium,
960 3812 1026 3866 ad
1052 3816 1235 3867 aterni
1270 3815 1436 3869 Patris
1465 3831 1739 3883 personant

168 3901 449 3961 refertur;
475 3910 527 3952 et
565 3914 684 3954 cum
734 3902 1060 3954 nominantus
1104 3902 1354 3969 Spiritum
1402 3915 1637 3956 sanctum
1676 3905 1740 3955 ab

166 3989 374 4041 aeterni
406 3987 572 4040 Patris
601 4004 818 4054 persona
849 4005 967 4041 eum
1002 3991 1283 4057 procedere
1314 4004 1683 4045 monstramus.

248 4073 389 4127 Cum
416 4085 582 4127 autem
614 4076 838 4129 dicimus
869 4075 1029 4129 Deum
1059 4078 1266 4131 Patrem
1301 4081 1731 4147 omnipotentem,

170 4179 291 4219 non
348 4173 532 4230 potest“
568 4164 724 4231 hujus
767 4167 993 4219 nominis
1037 4168 1276 4220 evacuari
1331 4181 1736 4221 sacramentum.

164 4253 319 4317 Quia
348 4266 464 4304 cum
492 4252 712 4305 dicimus
739 4254 967 4321 Patrem,
993 4254 1180 4323 Filium
1209 4257 1659 4319 demonstramus;
1692 4266 1746 4310 et

165 4356 309 4396 cum
358 4340 575 4394 dicimus
626 4332 833 4409 Filium,
873 4343 1080 4397 Patrem
1127 4346 1491 4410 declaramus;
1526 4359 1576 4400 et
1623 4362 1741 4400 cum

165 4431 411 4486 dicimus
436 4442 689 4482 aeternum
738 4432 939 4484 Patrem
959 4472 973 4496 ,
993 4442 1256 4486 aeternum
1278 4436 1282 4449 '
1304 4436 1489 4489 Filium
1520 4438 1739 4491 demon-

165 4530 437 4573 stramus.
467 4518 597 4572 Nam
651 4522 697 4574 si
752 4536 853 4575 non
905 4522 1197 4575 invenimus
1244 4524 1452 4577 initimn
1506 4528 1741 4581 vocabuli

168 4611 350 4677 hujus
378 4612 572 4675 paterni
596 4600 845 4677 nominis,
874 4616 1081 4682 quando
1108 4614 1263 4669 Pater
1289 4617 1356 4669 sit
1385 4617 1581 4682 dictus,
1615 4632 1742 4671 eon-

166 4715 472 4772 sequeuter
510 4704 801 4758 OStenditur
830 4708 949 4773 quia
979 4724 1077 4761 nec
1127 4710 1328 4762 initium
1383 4710 1541 4777 geniti
1590 4724 1745 4775 repe~

170 4792 771 4844 rimus.‘Ubsecramus
834 4802 890 4845 ut
935 4794 1103 4847 detur‘
1148 4797 1299 4849 nobis
1358 4798 1489 4849 ratio
1539 4798 1747 4864 quando

170 4881 353 4931 Pater
382 4884 477 4934 hoc
507 4884 835 4949 vocabulum,
866 4895 921 4935 ut
971 4884 1125 4936 Pater
1158 4888 1496 4947 vocitaretur,
1527 4890 1748 4939 sortitus

171 4982 269 5025 eat
302 4987 318 5020 :
356 4971 395 5021 si
427 4970 477 5023 in
509 4961 763 5038 tempore,
792 4975 835 5026 si
865 4985 1012 5026 extra
1043 4984 1269 5041 tempus,
1304 4976 1441 5027 dicat
1479 4978 1627 5029 nobis
1657 4979 1749 5029 ali-

172 5061 316 5127 quis
370 5061 583 5125 quando
630 5063 866 5127 primitus
894 5064 1117 5129 coeperit
1144 5064 1434 5129 appellari:
1471 5076 1522 5116 et
1566 5064 1607 5114 si
1656 5083 1748 5129 pu-

176 5150 359 5203 tuerit
393 5149 488 5199 hoc
516 5154 826 5217 approbare,
858 5154 995 5204 nulla
1037 5154 1134 5206 erit
1163 5144 1401 5206 dubietas
1445 5169 1503 5205 ex
1536 5154 1621 5204 illo
1654 5156 1751 5205 ini-

180 5242 268 5291 tio
323 5242 523 5303 paterni
574 5243 800 5293 nominis
850 5242 1035 5295 Filium
1088 5244 1286 5297 initiutrt
1336 5245 1598 5311 aet-episse
1650 5261 1753 5310 quo

178 5336 353 5395 pater
382 5328 671 5382 nominatus
692 5338 789 5381 est.
820 5329 885 5381 Et
913 5333 956 5383 si
982 5332 1254 5395 defecerit,
1286 5335 1390 5386 imo
1416 5334 1531 5399 qi‘ia
1558 5333 1754 5395 dctieit,

180 5431 297 5472 nec
337 5422 524 5480 poterit
549 5422 857 5487 approbare,
888 5436 984 5474 nec
1009 5422 1136 5475 dare
1166 5424 1369 5477 initium
1414 5424 1614 5491 paterni
1663 5442 1756 5475 no-

182 5507 389 5565 miitiS.
418 5512 617 5570 quando
650 5511 799 5563 Pater
835 5526 953 5564 esse
992 5514 1251 5576 eruperit:
1297 5518 1599 5578 profiteatur
1631 5531 1757 5582 ergo

187 5598 480 5652 nobiscum
510 5608 739 5653 sanctam
788 5603 1102 5655 Trinitatem
1155 5608 1555 5659 coessentialem
1606 5618 1758 5673 atque

186 5684 702 5743 consubstanhalcut
754 5706 847 5745 nec
894 5693 1099 5747 Patrem
1135 5702 1255 5746 ante
1303 5692 1509 5757 Filium,
1540 5711 1635 5749 nec
1685 5698 1763 5769 Fx:

1825 1953 1982 2012 atque
2010 1941 2367 2007 humanitatis,
2391 1940 2851 1995 consubstantiahs
2884 1939 2989 1993 Deo
3015 1937 3156 1990 Patri
3183 1949 3375 1989 secun-

1826 2034 1947 2087 dum
1970 2033 2313 2097 divinitatem,
2339 2040 2404 2119 et/
2416 2028 2876 2085 consubstantialis
2896 2028 3176 2119 idem-ipse
3198 2027 3371 2087 nobis,

1826 2121 2119 2175 secundum
2159 2113 2531 2174 humanitatem
2556 2132 2573 2171 :
2597 2132 2702 2171 non
2732 2116 2784 2168 in
2812 2116 3015 2169 duobus
3043 2113 3189 2167 Filiis
3223 2114 3377 2180 [duas

1834 2209 2017 2280 Filios]
2042 2209 2265 2283 divisus,
2308 2208 2401 2263 sed
2450 2222 2584 2262 unus
2626 2218 2680 2261 et
2727 2206 2863 2259 idem
2918 2205 3009 2258 Dei
3055 2210 3110 2257 et
3152 2202 3381 2254 hominis

1833 2300 1871 2352 F
1875 2301 2014 2362 ilius,
2047 2298 2097 2352 in
2140 2299 2363 2353 veritate
2389 2297 2611 2351 duarum
2657 2304 2958 2373 naturarum
2988 2312 3000 2347 :
3033 2293 3085 2346 in
3118 2307 3216 2344 una
3248 2291 3378 2344 sub-

1832 2388 2071 2444 sistentia
2097 2388 2210 2441 sive
2243 2400 2487 2455 persona,
2518 2385 2803 2438 divinitatis
2832 2384 3075 2437 videlicet
3102 2389 3156 2434 et
3198 2381 3382 2432 huma-

1834 2479 2011 2531 nitatis
2041 2479 2275 2531 unitione
2304 2477 2459 2547 facta,
2486 2486 2539 2528 ut
2567 2491 2632 2529 ex
2677 2475 2880 2527 duabus
2910 2488 2992 2543 per
3005 2472 3152 2525 feeiis
3182 2472 3384 2524 naturis

1836 2582 1941 2621 non
1979 2567 2087 2619 duo
2116 2566 2251 2630 Filii,
2282 2567 2372 2619 sed
2401 2582 2533 2618 unus
2564 2566 2700 2618 idem
2732 2548 2915 2632 nerei
2934 2562 3157 2615 hominis
3201 2560 3384 2621 Filius.

1837 2669 2159 2725 permanens
2208 2656 2346 2723 quod
2402 2664 2548 2717 erat,
2592 2654 2751 2719 coepit
2779 2666 2897 2707 esse
2937 2653 3073 2719 quod
3105 2664 3209 2703 non
3239 2664 3269 2703 e
3302 2656 3385 2712 at,

1837 2748 1959 2800 dum
1981 2748 2094 2801 sine
2117 2745 2261 2798 initio
2280 2742 2460 2797 {sterni
2486 2742 2653 2795 Patris
2679 2740 2845 2794 Filius
2869 2740 3038 2812 factus
3052 2750 3135 2791 est
3162 2738 3386 2790 hominis

1839 2836 1997 2890 illius.
2024 2834 2141 2889 Ideo
2164 2840 2214 2887 et
2241 2848 2373 2885 unus
2392 2842 2471 2885 est
2499 2831 2747 2883 Dominus
2773 2840 2952 2883 noster
2975 2828 3128 2882 Jesus
3150 2827 3388 2881 Christus

1840 2926 2038 2979 habens
2082 2926 2135 2976 in
2178 2923 2461 2989 semetipso
2508 2920 2878 2988 perfectionem
2924 2916 3114 2971 divina:
3162 2923 3386 2974 naturae,

1840 3027 1890 3070 et
1929 3012 2311 3083 perfectioiiem
2342 3012 2581 3064 humana:
2622 3020 2820 3061 natura:
2846 3024 2861 3058 εΔ
2887 3015 3046 3061 etest
3092 3006 3387 3072 unigenitus

1841 3107 2049 3177 quidem
2078 3121 2141 3159 ex
2176 3104 2344 3157 Verbo
2372 3101 2447 3173 [et
2480 3098 2747 3169 Verbum],
2778 3107 2834 3150 ιιι
2862 3106 2981 3165 pote
3011 3113 3069 3149 ex
3104 3096 3208 3149 Deo
3235 3096 3385 3147 Patre

1839 3207 2009 3260 natus,
2040 3207 2091 3249 et
2135 3194 2513 3264 primogenitus
2569 3193 2619 3244 in
2672 3190 2849 3243 multis
2903 3188 3181 3249 fratribus;
3224 3186 3389 3239 Filius

1838 3288 1975 3341 enim
2009 3286 2098 3339 Dei
2154 3284 2291 3338 filius
2343 3282 2569 3336 hominis
2613 3281 2776 3335 factus
2822 3286 2925 3333 est.
2971 3278 3118 3332 Unde
3158 3287 3211 3331 et
3259 3278 3389 3329 duas

1827 3360 2139 3429 nativitates
2169 3374 2423 3441 ejusmodi
2456 3372 2617 3439 ipsius
2662 3370 2911 3437 unigeniti
2955 3368 3046 3421 Dei
3082 3367 3232 3420 Verbi
3262 3381 3388 3417 eon-

1842 3467 2233 3520 fttemurzante
2280 3461 2468 3517 saecula
2500 3460 2707 3528 quidem
2748 3472 2809 3511 ex
2861 3458 3015 3510 Patre
3062 3457 3388 3520 incompara-

1843 3552 2013 3605 biliter
2040 3561 2214 3604 natum
2246 3548 2478 3620 [unam],
2519 3550 2567 3599 in
2597 3546 2792 3599 ultimis
2834 3554 3006 3599 autem
3035 3544 3219 3596 diebus
3248 3543 3389 3608 ejus-

1839 3642 1960 3693 dem
2012 3642 2175 3705 ipsius
2222 3638 2630 3689 incarnationem
2695 3634 2983 3704 [lncarnati
3026 3629 3279 3697 alteram]
3327 3631 3392 3681 de

1844 3740 2018 3797 sancta
2049 3729 2274 3793 gloriosa
2310 3728 2396 3779 Dei
2443 3726 2691 3794 genitrice
2719 3736 2770 3778 et
2816 3738 3022 3790 semper
3054 3724 3249 3795 virgine
3283 3721 3387 3771 Sla-

1844 3822 1958 3881 rla;
2001 3818 2086 3883 qui
2126 3818 2191 3882 de
2237 3817 2390 3869 Patre
2436 3814 2703 3882 splenduit
2740 3828 2895 3881 supra
2942 3812 3288 3873 intellectum,
3321 3815 3385 3864 de

1846 3920 2013 3961 tnatre
2060 3916 2206 3959 ortus
2233 3914 2314 3958 est
2343 3920 2497 3973 supra
2540 3906 2816 3967 rationem,
2847 3912 3043 3955 etcum
3092 3902 3226 3954 Deus
3267 3916 3387 3953 vere

1844 4008 2003 4061 esset,
2036 3994 2197 4047 factus
2227 3993 2351 4063 [est]
2390 4007 2511 4047 vere
2560 3994 2733 4045 homo.
2763 3992 2883 4046 Ideo
2928 3991 3133 4058 proprie
3176 4000 3228 4043 et
3266 4006 3389 4045 vere

1846 4086 1936 4139 Dei
1966 4085 2269 4152 genitricem
2300 4093 2533 4136 sanctam
2561 4093 2611 4136 et
2641 4084 2918 4150 gloriosam
2950 4092 3002 4135 et
3040 4096 3249 4147 semper
3275 4082 3384 4135 vir-

1844 4176 2018 4241 ginem
2065 4172 2272 4225 Mariant
2304 4174 2643 4235 c0nfilcmur;
2686 4187 2789 4225 non
2830 4172 2945 4239 quia
2991 4172 3124 4225 Deus
3162 4173 3384 4225 Verbum

1846 4264 2045 4316 initium
2075 4277 2138 4315 ex
2172 4263 2280 4328 ipsa
2320 4262 2549 4328 accepit,
2582 4263 2671 4314 sed
2712 4264 2848 4328 quod
2896 4263 2944 4313 in
2976 4263 3171 4315 ultimis
3200 4264 3386 4315 diehus

1847 4353 2305 4420 unigenitusjhzus
2337 4351 2556 4404 Verbum
2576 4391 2589 4414 ,
2619 4353 2703 4419 qui
2751 4362 2872 4404 ante
2915 4355 3106 4404 smeula
3138 4365 3269 4417 erat,
3302 4354 3385 4407 in-

1775 4471 1820 4527 D
1848 4452 2091 4497 carnatus
2131 4454 2195 4495 ex
2243 4445 2351 4509 ipsa
2402 4442 2792 4524 innnutabiliter
2834 4442 3186 4513 [mirabiliter]
3232 4446 3391 4494 homo

1850 4532 2015 4584 factus
2056 4540 2153 4593 est,
2184 4540 2379 4583 etcum
2419 4530 2689 4583 invisibilis
2721 4532 2772 4582 in
2815 4532 2922 4582 suis
2970 4540 3136 4589 esset,
3174 4532 3388 4581 visibilis

1850 4620 2015 4673 factus
2046 4631 2123 4674 est
2150 4622 2199 4673 in
2230 4621 2449 4680 nostris;
2479 4628 2530 4671 et
2558 4633 2674 4670 cum
2706 4618 3035 4685 iinpassibilis
3067 4620 3199 4691 Deus
3227 4630 3389 4683 essat,

1851 4726 1953 4763 non
1984 4696 2293 4775 dedignatus
2322 4719 2401 4760 est
2440 4708 2696 4773 passibilis
2743 4709 2898 4759 humo
2938 4724 3071 4771 esse,
3103 4719 3153 4761 et
3182 4710 3396 4759 immor-

1853 4798 1989 4857 talis,
2022 4780 2217 4849 mortis~
2246 4797 2444 4863 legibus
2490 4796 2781 4863 sulijacere.
2815 4797 2989 4863 ipsum
3016 4806 3183 4848 autem
3223 4796 3385 4849 Deum

1851 4898 1905 4942 et
1952 4887 2242 4949 Domintnn,
2273 4886 2362 4953 qui
2395 4887 2444 4938 in
2496 4886 2797 4942 Bethlehem
2845 4887 3128 4941 secandum
3176 4902 3391 4942 carnem

1854 4989 2003 5029 natus
2048 4987 2148 5041 εει,
2187 4986 2239 5029 et
2286 4977 2470 5030 similis
2519 4978 2681 5030 laetus
2719 4989 2797 5029 est
2854 4976 3149 5030 horninibus
3192 4979 3390 5043 absque

1856 5078 2087 5134 peccato,
2121 5076 2173 5119 et
2204 5067 2481 5120 crucifixus
2508 5077 2588 5119 est
2619 5082 2710 5131 pro
2756 5068 3050 5119 hominibus
3078 5069 3173 5119 sub
3210 5067 3391 5116 Pontio

1857 5157 2038 5215 Pilato,
2075 5162 2241 5221 ipsum
2294 5158 2603 5208 Conﬁtentur
2652 5154 2844 5219 Deum,
2882 5156 3047 5222 ipsum
3100 5154 3393 5214 hominem,

1858 5246 2025 5308 ipsum
2062 5246 2246 5297 Filium
2284 5245 2395 5305 Dei,
2442 5243 2607 5307 ipsum
2641 5244 2805 5294 filium
2852 5242 3096 5301 hominis,
3142 5242 3305 5305 ipsum
3334 5241 3401 5293 de

1858 5334 2021 5396 cmio,
2071 5334 2238 5399 ipsum
2281 5333 2345 5383 de
2396 5342 2529 5383 terra
2558 5347 2569 5382 :
2602 5334 2765 5398 ipSunt
2802 5331 3185 5396 impassibilem,
3228 5331 3397 5394 ipsum

1862 5426 2179 5491 paSsibiletn.
2217 5426 2371 5475 Deum
2414 5425 2552 5475 enim
2586 5441 2762 5476 verum
2803 5423 2959 5490 [Dens
3000 5420 3137 5471 enim
3189 5418 3396 5487 verus],

1861 5516 1946 5581 qui
1980 5524 2131 5565 natus
2161 5524 2242 5563 est
2270 5522 2331 5563 ex
2368 5512 2471 5564 Deo
2514 5513 2663 5566 Patre
2708 5509 3051 5568 incllabiliter,
3085 5506 3394 5559 inenarrabi-

1864 5607 2000 5666 liter,
2050 5604 2669 5669 incompteheusibiliter,
2704 5586 2822 5666 ipse
2871 5598 2922 5650 in
2970 5610 3203 5663 tempore
3254 5608 3397 5647 natus

1863 5703 1940 5745 est
1972 5693 2033 5745 de
2064 5702 2243 5745 sancta
2293 5693 2486 5760 virgine
2519 5691 2699 5753 Maria,
2733 5688 2865 5742 idem
2908 5688 3015 5757 ipse
3050 5686 3292 5741 Dentiuis
3320 5696 3402 5733 uo-
