3840 6242
542 376 669 432 1271

1510 374 1569 428 S.
1611 371 1866 426 AMANDI
1908 370 2404 435 TRAJECTENSIS
2447 372 2748 429 EPISCOPI

3588 380 3694 435 19.72

537 506 712 551 scens.
742 490 831 544 ivit
854 504 969 543 cum
1001 491 1075 544 eis
1100 490 1165 542 ad
1196 502 1445 541 cacumen
1487 487 1700 547 montis.
1734 485 1819 544 ulti
1842 500 1964 539 eum
1991 499 2080 538 oc-
2118 490 2159 545 Α
2192 490 2473 544 serenitate
2521 500 2573 544 et
2624 492 2738 540 visu
2804 499 3016 552 recepto
3068 464 3133 540 ad
3198 480 3403 555 propria
3452 492 3693 554 redierunt,

536 562 711 614 cidere
741 560 1038 626 cupiebant,
1081 573 1179 612 nec
1218 560 1328 610 suis
1353 559 1509 609 sociis
1551 557 1648 608 hoc
1673 555 1945 614 revelavit,
1967 555 2087 620 quia

539 629 841 695 martyrium
889 628 1195 690 allectabat;
1247 626 1337 679 sed
1389 626 1558 678 subito
1602 634 1718 695 orta
1756 632 2088 695 tempestate,

542 692 727 763 pluvia
776 708 829 750 et
882 697 1161 764 grandines
1191 695 1262 747 ita
1302 704 1533 764 montem
1580 693 1910 764 obtrectarunt,
1948 692 2088 757 quod

538 760 745 833 maligni
792 760 1040 831 qni'eum
1091 765 1335 817 volebant
1375 762 1622 833 occidere
1667 760 1795 833 nihil
1828 760 2086 833 viderent.

536 828 687 889 Tunc
714 828 931 889 sanctus
970 833 1238 886 Amandus
1267 831 1442 884 taudiu
1472 831 1660 893 oravit,
1691 828 1856 881 donec
1888 828 2088 881 reddita

540 988 3517 1015 mw

2192 558 2350 610 Multa
2404 561 2612 626 quidem
2658 568 2705 610 ct
2754 560 2851 610 alia
2892 558 3139 611 miracula
3190 559 3311 612 fecit
3364 560 3490 613 Deus
3538 567 3696 617 meritis

2189 628 2355 679 sancti
2420 627 2642 681 Amandi
2708 642 2823 693 qua:
2888 627 2971 680 hic
3028 629 3222 691 scripta
3286 644 3389 681 non
3444 640 3570 683 sunt.
3627 636 3695 687 llic

2189 709 2396 814 Buuqtte
2426 702 2610 771 plenus
2638 696 2838 749 dierum
2875 704 2925 749 et
2964 698 3211 765 operibus
3238 697 3392 753 bonis
3420 698 3629 768 migravit
3646 703 3694 755 ad

2233 778 2485 817 Ottttnum.

1210 1102 1327 1221 s.
1425 1092 2123 1216 AMANDI
2222 1064 3020 1218 CHART/E.

1549 1356 1641 1417 [Ex
1664 1356 1963 1416 Brequigny,
1983 1351 2268 1414 Diplomata,
2290 1352 2497 1425 Charta,
2519 1354 2723 1417 Leges.)

1298 1531 1338 1584 1.

532 1647 722 1704 Charta
795 1662 893 1712 qua
954 1654 1154 1697 sanctus
1217 1640 1477 1694 Amandus
1530 1638 1701 1712 villam
1768 1634 2082 1712 Barisiernm

600 1704 817 1770 Audrete
865 1714 1031 1765 abbati
1074 1712 1274 1773 donat,
1327 1711 1392 1761 ad
1434 1708 1788 1760 monasterium
1827 1704 2086 1770 adiﬁcan-

605 1789 724 1839 dum
758 1797 782 1823 ο
822 1788 964 1851 (ann.
990 1774 1133 1841 (564).

608 1898 736 1947 Cum
788 1890 1121 1962 praesentium
1171 1904 1340 1945 rerum
1390 1896 1554 1943 status
1598 1888 1753 1942 celeri
1809 1900 1964 1937 cursu
1995 1900 2087 1936 no-

539 1986 704 2039 scitur
733 1982 889 2037 dilabi
918 1982 979 2035 ad
1010 1980 1209 2035 ruinam
1240 1990 1498 2042 etcrnam,
1546 1977 1697 2029 modo
1722 1973 1915 2027 eternis
1944 1986 2086 2024 com-

534 2073 761 2140 perimus
780 2071 989 2127 sedibus
1016 2083 1319 2137 permanere
1339 2082 1437 2135 que
1466 2066 1515 2119 in
1545 2063 1783 2116 alimonia
1815 2076 2082 2116 servorum

537 2164 628 2216 Dei
658 2163 738 2217 vel
769 2160 1159 2231 peregrinorum
1214 2155 1552 2217 conferimus,
1600 2155 1843 2206 hortante
1876 2166 1971 2205 nos
2026 2165 2084 2206 ac

536 2260 781 2305 monente
825 2248 1079 2317 scriptura
1144 2247 1351 2309 divina,
1404 2244 1654 2297 dicente:
1712 2242 1886 2294 Facite
1938 2241 2084 2318 vobis

532 2342 729 2391 aunt-os
752 2338 819 2399 de
844 2351 1136 2391 mammona
1163 2335 1464 2401 iniquitatis,
1495 2333 1580 2400 qui
1610 2347 1698 2385 vos
1741 2320 1993 2398 recipiant
2031 2330 2081 2382 in

535 2440 712 2483 eterna
745 2428 1107 2492 tabernacula;
1146 2435 1199 2480 et
1225 2427 1380 2479 alibi:
1430 2423 1677 2476 Jubemur
1707 2401 1937 2477 Condere
1967 2421 2082 2474 the-

532 2535 715 2572 sauros
766 2518 816 2570 in
848 2519 961 2571 celo
992 2517 1079 2570 ubi
1110 2517 1188 2569 fur
1224 2508 1327 2569 non
1379 2516 1668 2581 appropiat.
1720 2512 1943 2565 P.0inde
1985 2526 2082 2579 ego

537 2609 801 2660 Amandus
831 2608 1153 2661 miserrimus
1176 2616 1227 2660 et
1251 2614 1511 2671 peccator,
1536 2617 1630 2671 pro
1656 2602 1885 2655 remedio
1912 2602 2083 2654 anime

537 2710 654 2751 mee
679 2696 756 2748 vel
778 2694 1118 2749 retributione
1148 2694 1247 2746 \itc
1272 2703 1469 2754 etcrne,
1510 2708 1567 2745 ca
1600 2707 1697 2755 que
1737 2691 1891 2743 michi
1914 2705 1941 2743 a
1976 2690 2082 2744 Deo

536 2786 620 2838 vel
658 2799 720 2839 es
763 2785 1109 2838 munilitentia
1160 2798 1337 2850 regum
1383 2782 1556 2834 domui
1602 2779 1877 2832 (lbildcrici
1925 2781 2077 2846 regis,

536 2890 632 2928 nec
688 2888 788 2926 non
839 2885 890 2927 ct
935 2875 1163 2940 ptccelse
1193 2872 1383 2924 domne
1410 2869 1761 2923 Chiuechildis
1787 2870 1963 2936 regine
1993 2884 2084 2935 per

534 2979 713 3019 eorum
758 2968 1140 3032 preceptioucm
1187 2960 1334 3013 uobis
1381 2960 1588 3013 l‘uciunt
1625 2958 1832 3023 collata,
1878 2949 1974 3010 hoc
2002 2967 2083 3010 est

533 3054 711 3105 villam
765 3061 1109 3117 nuncupatam
1160 3049 1437 3102 liarisiaco,
1489 3064 1537 3099 m
1586 3062 1714 3115 pago
1753 3047 2081 3100 Laudunensi

529 3144 704 3208 sitam,
739 3143 820 3195 ubi
848 3142 1123 3195 cenohium
1155 3140 1204 3192 in
1237 3139 1350 3192 loco
1375 3140 1741 3203 cognominato
1776 3136 2076 3198 Faverolas,

530 3239 584 3290 in
632 3238 828 3288 honore
871 3232 1039 3286 sancti
1084 3230 1219 3284 Petri
1257 3239 1307 3283 et
1356 3230 1497 3282 Pauli
1550 3229 1788 3296 apostoli,
1830 3230 1911 3281 vel
1956 3229 2078 3281 reli-

531 3338 750 3388 quorum
804 3321 1112 3373 domuorum
1161 3328 1459 3371 sanctorum
1509 3318 1605 3369 sub
1648 3317 1826 3383 regula
1856 3316 1883 3353 1)
1912 3316 2082 3376 dumm‘

536 3410 793 3463 Benedicti
840 3425 925 3462 seu
975 3406 1151 3460 domni
1206 3405 1513 3458 Columbani
1541 3412 1843 3456 construere
1872 3402 2081 3454 inchoa-

535 3500 708 3549 vimus
738 3537 753 3560 ,
798 3498 882 3549 ubi
930 3496 1095 3551 virum
1144 3494 1497 3558 venerabilem
1543 3494 1799 3545 Andream
1842 3494 2078 3545 abbatem

535 3585 859 3650 preﬁcimus;
917 3593 968 3637 et
1006 3584 1119 3652 ipso
1145 3585 1256 3635 loco
1283 3583 1359 3634 vel
1393 3582 1506 3634 villa
1551 3583 1785 3648 superius
1817 3582 2077 3634 nominata

534 3674 796 3728 liarisiaco
838 3690 952 3727 cum
994 3675 1132 3727 omni
1162 3673 1454 3741 integritate
1503 3672 1579 3725 vel
1608 3673 1895 3739 adjacentia
1927 3672 1989 3723 ad
2022 3686 2079 3725 se

531 3764 843 3829 pertinentia
897 3760 1133 3816 dedimus
1181 3763 1244 3814 ad
1297 3762 1676 3823 editicandum;
1730 3776 1825 3814 nec
1876 3777 1976 3813 non
2025 3769 2079 3814 et

530 3854 712 3907 locella
744 3863 1033 3921 nuncupata
1083 3863 1104 3888 ο
1155 3853 1204 3903 in
1232 3853 1525 3904 Cinciniaco
1566 3867 1715 3916 quem
1758 3853 1837 3903 vir
1865 3853 2081 3905 illustris

532 3942 841 3994 Fulcoaldus
870 3941 969 3992 dux
1003 3955 1091 4005 per
1115 3954 1259 3991 suam
1285 3938 1577 4007 epistolam,
1601 3953 1715 3989 cum
1739 3938 1855 4004 jure
1880 3946 1930 3989 et
1952 3939 2077 3989 soli-

529 4033 690 4087 ditate
718 4045 812 4085 sua
830 4031 993 4082 nobis
1018 4046 1107 4095 pro
1141 4029 1313 4079 anime
1334 4044 1426 4079 suc
1454 4027 1682 4080 remedio
1713 4026 1947 4089 contulit,
1985 4041 2076 4079 seu

525 4134 577 4178 et
603 4138 837 4175 mansum
869 4122 955 4188 qui
987 4131 1063 4172 est
1089 4120 1218 4171 infra
1244 4133 1421 4171 muros
1447 4118 1665 4171 civitatis
1696 4117 2073 4179 Laudunensis,

527 4226 680 4278 quem
732 4209 812 4262 vir
856 4209 1163 4262 Venerabilis
1213 4207 1464 4260 Cominus
1491 4206 1883 4258 archidiaconus
1926 4205 2074 4257 nobis

533 4314 623 4364 per
650 4298 902 4351 cat-tulam
944 4297 1235 4349 donationis
1265 4295 1497 4347 noscitur
1525 4293 1791 4359 delegasse
1812 4310 1825 4355 ;
1850 4308 1944 4344 nec
1972 4308 2072 4344 non

532 4396 585 4438 et.
624 4386 826 4438 vineam
876 4386 924 4437 in
954 4386 1053 4436 ﬁne
1084 4384 1459 4448 Crispiacense,
1485 4398 1599 4433 cum
1624 4380 1845 4433 vinitore
1871 4382 2075 4431 nomiue

534 4475 871 4536 Wullxsrone,
892 4473 1039 4525 nobis
1062 4472 1141 4523 vir
1168 4470 1382 4523 illustris
1404 4467 1795 4520 Chedenoaldus
1817 4468 2074 4533 quondam

533 4566 694 4627 dedit,
717 4579 807 4616 seu
831 4572 881 4615 et
910 4570 1098 4614 terram
1141 4575 1293 4627 quam
1327 4558 1617 4609 antedictos
1660 4556 2073 4616 Chedenoaldns,

534 4674 629 4712 nec
681 4672 783 4709 non
830 4666 879 4708 et
928 4654 1144 4707 illustris
1176 4653 1253 4703 vir
1278 4652 1571 4703 Vulsmarus
1603 4663 1759 4713 super
1785 4648 1938 4698 ﬂuvio
1959 4648 2078 4699 Ses-

540 4747 767 4804 mereia,.
789 4744 851 4796 ad
880 4744 1248 4795 monasterium
1278 4740 1619 4793 ediﬁcandum
1664 4738 1955 4802 inprimitus
1993 4736 2081 4787 dc—

533 4839 717 4890 deruut
742 4854 754 4887 :
788 4834 885 4887 hec
912 4834 1083 4886 omnia
1112 4832 1347 4897 superius
1392 4829 1651 4881 nominata
1676 4841 1703 4878 a
1731 4826 1811 4877 die
1844 4834 2084 4891 preseute

604 4960 627 4985 ιι
654 4945 865 4998 Edimus
894 4960 953 4997 ex
1001 4940 1299 5009 apographo
1341 4941 1390 4991 in
1418 4936 1857 5009 chartophylacio
1906 4944 2085 5009 austro

538 5015 788 5079 reposito,
833 5002 1268 5075 exscriptovauiio
1315 5007 1447 5059 1775
1498 5002 2085 5079 a_i|utuno_Queinsort

464 5080 483 5097 ““
534 5072 946 5149 ciiiigregatiouis
974 5072 1143 5132 Sancti
1180 5079 1359 5135 Mauri,
1408 5092 1469 5127 ex
1513 5072 1951 5149 chartulariunxnt
1984 5087 2083 5147 sa:-

539 5140 660 5215 cnli,
694 5140 751 5202 ui
775 5144 987 5200 art'ltivo
1020 5149 1326 5215 lilnnnensis
1351 5141 1799 5215 Inottasti_'rii.Jatn
1831 5140 2081 5215 Quintius,

450 5242 457 5245 ·
538 5207 721 5274 Annal.
758 5230 795 5271 ι.
824 5217 908 5279 IV,
940 5230 1052 5283 pag.
1086 5214 1117 5266 8
1142 5220 1208 5278 εἴ),
1235 5227 1284 5267 ct
1318 5212 1664 5283 Mgtbillnnius,
1706 5213 1820 5283 ΑΗ..
1848 5209 1940 5261 SS.
1965 5207 2080 5283 nul.

538 5292 593 5341 S.
643 5291 765 5340 lien.
823 5276 953 5355 sarci
994 5276 1059 5344 ti,
1094 5276 1207 5351 pag.
1260 5282 1410 5341 10H,
1455 5280 1683 5355 chartam
1732 5276 2083 5355 hanc_vulga-

540 5366 757 5417 verant.
813 5370 877 5409 ex
928 5344 1253 5417 'eodetii,"tit
1318 5352 1560 5407 videtur,
1618 5344 1930 5397 chartulario
1985 5344 2077 5393 de~

578 5439 851 5477 rotnntam.

578 5442 683 5475 rom
711 5442 851 5477 nam.

541 5442 572 5491 ν
612 5492 635 5527 ι’
691 5442 864 5544 italico
910 5490 1211 5543 charactere
1255 5488 1444 5552 scripta
1497 5480 1771 5552 expungit‘
1800 5478 2080 5552 Quintius,

542 5562 686 5625 quasi
718 5562 873 5613 testui
916 5563 1131 5617 inserta,
1177 5572 1290 5608 cum
1340 5544 1575 5625 regulam
1612 5544 1774 5625 sagunti
1818 5544 2081 5625 Benedicti

543 5614 645 5682 non
718 5630 1004 5695 impositam
1065 5614 1219 5680 fuisse
1280 5614 1463 5677 asctztis
1528 5617 1963 5673 Uarisiaeenstbus
2023 5614 2084 5664 ab

548 5699 779 5757 Atuatulo
810 5696 1109 5751 contendat.

2125 1525 2163 1581 Β
2193 1521 2356 1587 ipsius
2403 1522 2608 1579 abbatis
2634 1540 2725 1579 sua
2754 1525 2950 1581 ditione
2995 1527 3187 1584 ibidem
3226 1531 3535 1589 consistente
3570 1538 3696 1593 tradi-

2189 1614 2359 1667 dimus
2411 1626 2569 1683 atque
2616 1617 3005 1685 transfudimus,
3057 1621 3126 1673 ita
3164 1629 3219 1674 ut.
3242 1622 3308 1675 ab
3338 1623 3432 1678 bac
3456 1624 3533 1681 die
3558 1628 3695 1695 ipsum

2188 1704 2558 1758 monasterium
2579 1706 2659 1759 vel
2681 1706 2856 1760 villam
2880 1723 3019 1773 saepe
3046 1711 3364 1765 nominatam
3393 1715 3689 1779 Barisiaenm.

2186 1807 2310 1846 cum
2370 1793 2666 1863 integritate
2718 1796 2800 1848 vel
2848 1797 3157 1865 adjacentiis
3180 1800 3310 1863 suis,
3343 1815 3435 1854 seu
3462 1813 3511 1856 et
3536 1804 3697 1860 Iocellis

2189 1885 2430 1951 superius
2470 1888 2797 1956 conscriptis,
2829 1903 2947 1943 cum
2996 1891 3138 1943 omni
3167 1888 3427 1947 soliditate
3454 1911 3632 1962 eorum,
3656 1912 3698 1952 ut

2186 1975 2425 2042 superius
2457 1977 2708 2044 diximus,
2755 1978 2806 2032 id
2859 1988 2958 2043 est,
3008 1981 3272 2046 domibus,
3310 1983 3538 2047 editiciis.
3566 1992 3698 2041 curti-

2187 2066 2334 2130 l'eris,
2384 2068 2598 2134 accolis,
2628 2072 2846 2138 campis,
2875 2071 3063 2136 vineis,
3097 2074 3280 2139 pratis,
3313 2078 3528 2141 pascuis,
3558 2080 3694 2146 aquis,

2186 2169 2436 2223 aquarum
2470 2157 2798 2224 decursibus,
2854 2161 2943 2213 vel-
2967 2162 3178 2230 reliquis
3204 2165 3601 2231 quibuscumque
3622 2169 3690 2222 be—

2187 2248 2404 2310 neficiis,
2439 2247 2647 2311 habeat,
2683 2258 2875 2313 teneat,
2910 2251 3192 2319 possideat.
3227 2255 3440 2323 suisque
3466 2270 3697 2311 successo-

2186 2336 2346 2399 ribus,
2378 2337 2661 2391 auxiliante
2682 2337 2922 2405 Domino,
2953 2341 3002 2393 in
3034 2352 3342 2409 perpetuum
3367 2344 3696 2410 possidendum

2188 2426 2544 2494 derelinquat.
2612 2425 2666 2481 Si
2728 2426 2843 2495 quis
2899 2442 3024 2480 vero
3091 2430 3169 2482 vel
3228 2429 3456 2497 quelibet
3501 2434 3697 2498 opposita

2184 2530 2426 2581 persona,
2457 2516 2591 2582 quod
2644 2516 2755 2569 fieri
2798 2530 2900 2569 non
2930 2516 3212 2580 credimus,
3244 2528 3426 2571 contra
3461 2521 3583 2574 hanc
3604 2535 3696 2573 car.

2184 2606 2344 2658 tulam
2389 2604 2798 2668 deliberationis,
2840 2619 2993 2672 quam
3035 2620 3132 2673 ego
3161 2616 3447 2674 spontanea
3472 2609 3697 2660 voluntate

2184 2712 2300 2749 mea
2356 2694 2465 2748 ﬁeri
2519 2695 2716 2762 rogavi,
2750 2696 3035 2762 irrumpere
3064 2706 3145 2748 aut
3194 2694 3446 2762 temptare
3490 2697 3695 2753 voluerit.

2186 2785 2480 2850 inprimitus
2508 2783 2632 2835 iram
2662 2781 2944 2835 divinitatis
2997 2784 3249 2843 incurrat.
3288 2795 3339 2838 et
3384 2785 3449 2837 ab
3492 2786 3697 2838 omnibus

2190 2874 2449 2926 liminibus
2494 2880 2791 2925 sanctorum
2830 2870 3315 2925 excommunicatus
3370 2880 3613 2939 appareat,
3656 2880 3697 2921 et

2186 2964 2399 3029 insuper
2430 2961 2619 3013 inferat
2658 2960 2806 3013 vobis
2832 2974 2948 3012 cum
2977 2960 3119 3012 socio
3152 2961 3278 3013 lisco
3323 2960 3435 3012 auri
3479 2961 3617 3012 libras
3654 2974 3695 3020 ι,

2183 3052 2380 3117 argenti
2412 3050 2637 3118 pondera
2675 3064 2735 3100 xx
2758 3090 2771 3112 ,
2805 3057 2855 3099 it
2895 3056 3105 3101 coactus
3149 3049 3387 3111 exolvat,
3428 3056 3478 3100 et
3513 3046 3698 3099 nichilo-

2181 3142 2351 3193 minus
2381 3155 2598 3207 presens
2628 3139 2824 3192 cartula
2870 3138 3261 3191 deliberationis
3315 3139 3456 3191 omni
3499 3149 3698 3203 tempore

2136 3245 2143 3250 ‘
2183 3232 2331 3284 ﬁrma
2366 3238 2700 3295 permaneat;
2735 3238 2807 3293 et,
2851 3236 2906 3279 ut
2935 3227 3073 3280 circa
3104 3242 3197 3279 vos
3257 3228 3421 3281 artula
3453 3226 3696 3278 ﬁrmiorem

2180 3323 2440 3381 optineret
2516 3322 2743 3381 vigorem
2778 3357 2792 3379 ,
2857 3331 3042 3370 manus
3084 3242 3281 3381 mg;
3354 3316 3696 3381 subscriptione

2216 3323 2440 3389 ptiucrct
2516 3322 2792 3388 vigorem,
2857 3331 3042 3370 manus
3084 3316 3281 3381 Mstre
3354 3316 3696 3383 subscriptione

2228 3414 2358 3464 ibtcr
2387 3428 2498 3464 eam
2541 3410 2961 3476 subscr'psimus.
3012 3408 3196 3462 Aetum
3224 3406 3471 3461 Lauduno
3493 3405 3693 3465 civitate,

2189 3518 2310 3554 xvnt
2343 3500 2454 3552 Kal.
2486 3500 2829 3565 Septembris,
2882 3497 2907 3536 ἀ
2963 3512 3099 3549 anno
3128 3512 3157 3545 v
3188 3497 3333 3563 regni
3362 3496 3533 3550 domui
3560 3492 3695 3546 no~tri

2181 3589 2541 3658 gloriosissimi
2571 3587 2849 3658 Childerici
2881 3588 3038 3653 regis.
3089 3586 3142 3638 In
3171 3585 3366 3638 Christi
3400 3586 3595 3638 nomine
3616 3597 3694 3650 ego

2182 3679 2503 3731 Radehertus
2535 3657 2799 3742 dyacohus
2826 3689 2937 3727 mea
2972 3689 3124 3725 manu
3161 3675 3295 3727 hanc
3317 3675 3591 3726 chartulam
3621 3673 3694 3723 de-

2182 3765 2501 3818 liberationis
2530 3803 2544 3826 ,
2609 3774 2820 3830 rogaite
2876 3763 3069 3814 domno
3112 3761 3345 3815 Amando
3372 3803 3385 3823 ,
3443 3762 3609 3827 scripsi
3652 3766 3695 3810 et

2181 3852 2483 3919 subscripsi.
2534 3852 2713 3904 Notavi
2763 3852 2897 3901 dicm
2953 3861 3003 3901 et
3041 3854 3296 3915 tempora.
3329 3849 3435 3915 Ego
3467 3848 3693 3900 Amandus

2181 3950 2424 4006 peccator
2454 3939 2584 3990 hanc
2615 3936 2881 4003 epistolam
2922 3950 2949 3987 a
2996 3950 3078 3988 me
3110 3935 3296 3987 factam
3346 3936 3631 4000 subscripsi,
3654 3944 3694 3984 et

2180 4045 2273 4082 eos
2305 4030 2390 4094 qui
2440 4027 2771 4079 subscribant
2797 4040 2940 4092 rogo.
2990 4026 3043 4078 In
3072 4025 3265 4078 Christi
3299 4028 3501 4078 nomine
3531 4025 3689 4083 Attola.

2182 4136 2241 4173 ac
2288 4121 2329 4171 si
2381 4128 2616 4185 peccator
2660 4119 2933 4181 episcopus
2964 4156 2977 4179 ,
3028 4117 3328 4181 subSrripsi.
3391 4117 3491 4181 ligo
3538 4115 3691 4168 Paulus

2182 4210 2449 4275 presbyter
2495 4207 2795 4268 subscripsi.
2857 4208 2879 4234 ε
2924 4205 3029 4269 Ego
3076 4204 3231 4255 Willo
3280 4205 3546 4270 presbyter
3594 4204 3691 4255 sub:

2178 4299 2384 4365 scripsi.
2471 4296 2745 4349 Bertuinus
2814 4294 3119 4361 subscripsi.
3186 4294 3397 4345 Vaﬁnus
3458 4292 3690 4360 dyacoaus

2181 4385 2488 4451 Subscripsi.
2524 4383 2846 4436 Althccarius
2870 4383 3141 4449 presbyter
3168 4382 3465 4447 subscripsi.
3500 4379 3521 4418 τ
3554 4380 3691 4433 Gisle-

2186 4476 2377 4526 bardus
2425 4472 2727 4538 subscripsi.
2776 4471 2995 4523 Ymnius
3046 4468 3353 4536 subscripsi.
3417 4469 3692 4520 Crinbcrtus

2180 4563 2490 4628 subscripsi;
2529 4559 2866 4620 Gleo'ualdus,
2912 4557 3047 4621 quod
3107 4572 3262 4608 manu
3299 4556 3469 4609 dumni
3498 4556 3690 4609 Antaudi

2186 4652 2537 4716 conscriptum
2568 4648 2691 4709 vidi,
2721 4644 3022 4714 subseripsi.
3087 4644 3230 4699 Dado
3259 4639 3557 4710 subscripsi.
3585 4647 3692 4695 Mar-

2190 4745 2327 4797 tinus
2357 4738 2617 4807 dyaco‘uus
2642 4735 2941 4803 subscripsi.

2258 4916 2279 4943 ο
2316 4915 2374 4964 In
2399 4911 2701 4970 Cinciniaco,
2739 4910 2785 4961 id
2814 4918 2910 4972 est,
2946 4910 2992 4959 in
3023 4909 3289 4960 territorio
3318 4910 3414 4961 loci
3442 4910 3505 4960 de
3531 4910 3690 4966 Ciceri,

2188 4985 2271 5050 qui
2326 4998 2503 5044 parum
2551 4996 2575 5029 τι
2630 4978 2886 5030 [larisiacu
2925 4979 3098 5029 diSIal.
3159 4977 3289 5029 Male
3330 4980 3379 5029 in
3426 4980 3575 5031 editis
3609 4992 3692 5030 uno

2190 5054 2346 5104 verbo
2366 5050 2727 5099 Jttcincinittt'o.

2257 5120 2279 5157 ἀ
2311 5120 2487 5169 Annus
2524 5132 2547 5157 ν
2582 5116 2723 5174 rrgni
2752 5112 3023 5165 Cbilderiei
3053 5109 3089 5162 ll
3116 5114 3399 5163 concordat
3437 5129 3549 5168 cum
3581 5126 3691 5163 anno

2186 5190 2376 5240 Christi
2410 5183 2510 5237 GM
2540 5192 2627 5232 aut,
2655 5182 2775 5232 665’.
2822 5181 2929 5231 Vox
2980 5189 3150 5231 autem
3182 5182 3445 5232 C/iilderici
3492 5183 3622 5234 deest
3650 5184 3690 5231 in

2186 5258 2337 5309 editis
2368 5272 2395 5303 ιι
2420 5254 2622 5304 Lonntto
2652 5262 2695 5299 et
2740 5249 3047 5300 Mabillonio.

2256 5329 2279 5396 ξ
2316 5323 2476 5374 Voces
2524 5319 2630 5385 Ego
2680 5316 2834 5369 Willo
2873 5318 3123 5385 presbyter
3162 5317 3431 5380 substripsi
3458 5314 3691 5372 desuulin

2187 5395 2358 5443 t'tlttis.

2262 5458 2277 5494 ί
2340 5456 2499 5506 Voces
2539 5454 2861 5506 Gisia/tardus
2906 5453 3205 5513 subscripsi,
3246 5455 3437 5517 pariter
3482 5456 3526 5504 iu
3566 5448 3691 5502 editis

2188 5529 2412 5578 ottiissze.
2444 5524 2605 5576 Varia:
2628 5522 2951 5586 lectiones,si
2976 5536 3089 5587 qua:
3117 5516 3690 5587 alia-,ttttiliustuomenti

2191 5598 2310 5648 \is'x
2340 5602 2475 5645 sunt.
