3840 6242
151 376 270 432 ςῖῐΰ
1341 366 1545 420 ιιγιιΝι
1588 365 1720 420 DUO
1760 365 2052 432 ANTlQUI.
3179 372 3309 424 κῃ

873 476 935 530 ιι,
1419 487 1421 490 ‘
1694 483 1739 535 Α
1770 493 1892 531 vero
1944 475 2324 550 contradicere,
2371 489 2459 528 aut
2510 479 2574 530 de
2621 478 2732 546 ipso
2762 482 3080 536 monasterio
3122 498 3316 550 Corpus

1773 581 1944 619 meum
1997 580 2090 632 per
2119 566 2269 618 tortia
2323 566 2649 630 abstrahere,
2678 572 3074 632 auttcmemrio
3124 576 3310 641 spiritu

1769 656 2131 719 contradicere
2156 657 2401 722 voluerit,
2456 657 2768 724 imprimitus
2814 671 3006 714 sancta:
3039 660 3314 720 Trinitatis

1774 749 2003 801 incurrat
2028 748 2304 813 otl‘ensam,
2350 757 2403 802 et
2444 750 2511 802 ab
2541 751 2782 804 omnibus
2813 736 3056 806 Ecclesiis
3091 757 3313 810 catholi-

1772 837 1848 892 cis
1861 839 2339 892 excommunicatus
2353 854 2482 906 appa
2491 852 2618 902 reat,
2634 850 2686 894 et
2699 857 2728 894 a
2745 843 2993 897 societate
3015 857 3068 896 sa
3077 856 3311 899 uctorunt

1773 938 2056 980 extraneus
2091 928 2367 993 efﬁciatur,
2395 937 2450 982 et
2499 931 2888 986 damnationem
2919 948 3072 1000 quam
3117 934 3318 988 Dathau

1737 1007 1742 1010 ’
1776 1025 1829 1068 et
1863 1017 2061 1068 Abiron
2091 1017 2478 1077 sustinuerunt,
2506 1034 2640 1086 quos
2671 1021 2900 1074 infernus
2955 1022 3098 1074 vivos
3140 1024 3322 1076 absor-

1776 1107 1884 1160 buit
1914 1107 2022 1173 ipse
2047 1106 2326 1170 sustineat,
2351 1116 2404 1161 et
2430 1109 2497 1160 sit
2527 1108 2804 1162 anathema
2832 1111 3154 1175 maranatha,
3182 1114 3319 1182 quod

1775 1206 1853 1248 est
1877 1193 2121 1263 perditio,
2152 1196 2203 1249 in
2232 1195 2456 1250 adventu
2488 1197 2693 1252 Domini
2718 1201 2884 1254 nostri
2932 1199 3054 1254 Jesu
3086 1201 3278 1255 Christi
3305 1219 3320 1266 ;

1774 1292 1828 1338 et
1879 1298 1975 1338 nec
2026 1284 2104 1338 sic
2155 1294 2394 1340 nostram
2464 1288 2788 1342 voluntatem
2856 1299 3059 1344 mutare
3113 1293 3323 1358 valeat,

1774 1371 1866 1423 sed
1923 1372 2036 1426 haec
2100 1373 2409 1429 deliberatio
2454 1387 2630 1429 nostra
2678 1377 2727 1430 in
2773 1390 3021 1447 perpetuo
3073 1379 3219 1434 [irrita
3273 1393 3326 1436 ct

1777 1464 2022 1518 inviolata
2068 1477 2510 1534 permaneat;et,
2564 1479 2621 1523 ut
2668 1473 2860 1525 certius
2887 1475 3134 1539 credatis,
3167 1491 3322 1528 manu
3394 1462 3397 1463 ⁷

1780 1556 1989 1619 propria
2038 1555 2323 1622 subscripsi
2352 1567 2406 1610 et
2428 1557 2673 1612 omnibus
2700 1561 2998 1616 hominibus
3048 1563 3212 1616 Deutn
3261 1564 3327 1618 ti-

154 1650 328 1704 ducere
352 1650 591 1718 dignatus
620 1659 718 1703 est.
751 1648 856 1703 Sed
910 1649 1029 1700 dum
1066 1647 1173 1716 jatn
1204 1662 1426 1716 corpore
1457 1646 1595 1699 fesso
1624 1653 1677 1698 et
1759 1649 2042 1708 mentibus
2069 1661 2126 1702 ut
2177 1649 2504 1704 subscribaut
2555 1652 2904 1718 Supplicamus
2957 1665 3010 1706 et
3057 1669 3324 1722 rogamus.

158 1739 316 1791 multis
338 1738 598 1792 laboribus
632 1741 866 1806 fatigato,
910 1739 1018 1806 jam
1071 1739 1121 1791 in
1151 1754 1352 1791 summa
1406 1745 1676 1792 senectute
1779 1740 1944 1804 Quam
1971 1741 2244 1808 epistolam
2298 1741 2441 1795 l'ratri
2492 1753 2669 1795 nostro
2699 1743 3066 1796 liaudemundo
3105 1745 3321 1810 presby-

157 1843 275 1896 pene
315 1843 527 1895 corpore
569 1839 886 1894 praemortua
923 1828 1118 1881 exitum
1149 1827 1214 1881 de
1243 1827 1342 1880 hoc
1400 1826 1595 1880 mundo
1623 1828 1672 1879 in
1709 1828 1750 1884 Β
1782 1842 1894 1886 tero
1925 1832 2034 1887 fieri
2059 1833 2372 1901 rogavimus.
2405 1833 2557 1886 Facta
2584 1834 2798 1899 epistola
2824 1835 2871 1887 in
2899 1835 3215 1888 monasterio
3239 1836 3322 1888 El-

161 1920 373 1985 Ρτοιῑηιο
397 1919 588 1980 habere
633 1932 926 1985 speramus.
952 1928 1003 1970 ει
1025 1921 1142 1983 quia
1168 1932 1264 1970 nos
1284 1916 1425 1970 Deus
1451 1917 1499 1969 in
1523 1917 1678 1969 istum
1780 1938 1938 1989 none,
1980 1938 2119 1976 anno
2147 1908 2379 1976 secundo
2409 1923 2555 1990 regni
2601 1925 2797 1976 domini
2827 1925 2994 1978 uestri
3044 1923 3324 1977 Thodoriei

159 2009 377 2063 locellum
409 2010 492 2076 qui
517 2018 730 2077 vocatur
755 2009 968 2061 Elnnnis
999 2008 1284 2076 perducere
1307 2007 1548 2072 dignatus
1577 2014 1678 2069 est,
1778 2001 1990 2080 gltﬂiosi
2015 2013 2170 2080 regis,
2200 2013 2298 2065 sub
2324 2013 2409 2065 die
2432 2013 2634 2065 decium
2665 2015 2843 2082 quinta
2883 2015 3142 2066 Kalendas
3185 2012 3330 2067 Mhi,

149 594 397 648 Codiciltus
442 590 604 644 sancti
637 587 876 723 Αυιξιηαιὶ,
889 585 1247 723 ἑξὸςεριίιιισα
1285 588 1364 639 sui
1390 588 1617 656 corporis
1639 599 1664 626 u

754 672 874 709 ann.
1020 697 1032 708 .

754 672 874 709 ann.
889 672 1032 709 OlOl.

210 752 261 805 ln
307 750 507 803 nomine
564 748 770 801 Domini
827 747 947 801 Jesu
992 748 1210 814 Christi,
1259 749 1356 816 ego
1397 747 1666 800 Amandus

152 841 453 896 miserrimus
498 848 551 892 et
575 847 838 904 peccator.
889 838 1165 892 Credimus
1204 840 1394 904 ubique
1425 837 1668 903 ,divinam

152 950 237 986 os
268 933 500 999 pietatem
531 946 714 998 regere
741 940 791 985 et
811 930 1099 984 clementer
1127 931 1330 982 salvare
1362 930 1516 993 velle,
1547 931 1667 994 quia

149 1035 196 1078 et
216 1025 489 1091 ingressum
515 1031 752 1074 nostrum
785 1022 835 1073 in
860 1021 1105 1074 mundum
1135 1031 1188 1075 et
1207 1019 1402 1074 exitum
1428 1020 1499 1072 de‘
1523 1034 1672 1071 tnun-
1704 1030 1706 1032 ·

148 1115 208 1167 de
235 1123 347 1166 ante
370 1111 558 1167 sacula'
591 1112 702 1177 ipse
732 1111 1026 1176 pravnoscit.
1045 1110 1268 1162 Proinde
1294 1108 1539 1161 omnibus
1565 1121 1670 1160 non

151 1203 348 1255 trahetur
387 1201 706 1266 incognitum
747 1197 971 1268 qualiter
1000 1213 1118 1262 nos,
1161 1198 1312 1264 longe
1343 1197 1550 1262 lateque
1581 1211 1674 1261 per

152 1292 397 1344 universas
444 1289 742 1356 provincias
785 1304 878 1342 seu
909 1297 1114 1356 gentes,
1171 1296 1385 1356 prOpter
1437 1300 1669 1339 amorem

151 1381 322 1433 Christi
343 1394 430 1432 seu
458 1381 674 1432 verbum
725 1378 818 1433 Dei
870 1379 1204 1444 annuntiare,
1237 1377 1316 1430 vel
1358 1376 1670 1444 baptismum

113 1469 116 1476 ’
153 1473 357 1532 tradere,
379 1473 670 1523 discursum
701 1470 1005 1532 habuimus;
1038 1478 1091 1521 et
1120 1485 1215 1522 nos
1243 1469 1307 1520 de
1331 1469 1510 1520 multis
1533 1467 1673 1533 peri-

152 1560 270 1612 culis
297 1563 448 1626 pietas
481 1559 568 1611 Dei
615 1559 826 1625 eripuit.
852 1567 905 1611 et
943 1572 1105 1624 usque
1136 1569 1372 1624 tempore
1402 1558 1516 1623 ipso
1549 1569 1670 1622 per-

160 2113 298 2164 quem
325 2113 474 2164 super
517 2099 755 2164 largitate
791 2101 930 2166 regia
976 2098 1190 2165 proprio
1222 2097 1400 2148 labore
1431 2095 1525 2147 visi
1580 2094 1680 2148 fui-

162 2204 264 2241 mus
289 2189 665 2251 Construxisse;
710 2189 754 2242 si
809 2203 905 2241 nos
953 2188 1021 2241 ibi
1054 2189 1190 2241 Deus
1240 2187 1304 2239 tle
1335 2187 1434 2240 hoc
1490 2186 1683 2238 tnuudo

161 2279 424 2330 decreverit
442 2279 721 2342 emigrare,
757 2285 897 2344 peto,
923 2285 975 2329 et
1001 2292 1178 2329 coram
1209 2274 1419 2328 Christo
1439 2273 1562 2327 Jesu
1597 2272 1682 2325 Fi-

167 2368 227 2418 lio
248 2368 348 2429 Dei,
373 2368 647 2433 conjurare
677 2360 938 2433 praesumo
970 2374 1024 2416 ut
1056 2365 1183 2416 nulli
1210 2363 1573 2429 episcoporum
1604 2363 1680 2414 vel

167 2457 408 2520 abbatum,
431 2471 522 2508 seu
559 2453 889 2508 smcularium
940 2454 1195 2513 virorum,
1226 2461 1315 2504 aut
1359 2450 1684 2518 quibuslibet

170 2547 489 2613 potestatibus
551 2546 652 2598 hoc
697 2544 1016 2598 contrarium
1073 2543 1160 2606 sit,
1217 2550 1274 2594 ut
1319 2541 1683 2608 corpusculum

174 2650 328 2688 meum
375 2636 423 2687 in
479 2635 594 2702 ipso
643 2633 959 2687 monasterio
1003 2632 1140 2699 quod
1182 2631 1418 2698 superius
1461 2630 1685 2681 diximus

165 2727 188 2766 δ
213 2722 690 2787 Einone,interillos
715 2723 900 2775 fratres
929 2722 1240 2788 requiescat,
1265 2720 1348 2771 ubi
1373 2720 1480 2786 jam
1509 2733 1602 2771 nos
1618 2719 1684 2770 ad

165 2814 292 2879 ipsos
331 2810 510 2864 fratres
538 2820 591 2864 et
627 2825 848 2878 corpore
873 2821 924 2862 ct
951 2811 1124 2862 anima
1172 2809 1683 2870 commendavimus;

165 2903 274 2954 etsi
320 2902 513 2965 itinere,
560 2911 651 2954 aut
693 2901 869 2954 ubiubi
914 2899 1031 2952 linis
1055 2909 1228 2952 noster
1256 2898 1588 2966 provenerit,
1619 2897 1685 2952 ad

168 2994 317 3060 ipsum
341 2995 501 3047 locum
531 3009 690 3061 quem
743 2992 984 3060 superius
1035 2991 1441 3044 memoravimus
1494 3006 1684 3057 corpu-

166 3085 344 3134 sculum
373 3093 606 3134 nostrum
658 3083 916 3165 licentia‘m
952 3081 1177 3132 habeant
1207 3081 1392 3132 fratres
1443 3080 1522 3132 vel
1550 3079 1680 3132 abba

168 3172 223 3222 de
246 3172 349 3238 ipso
380 3172 698 3224 monasterio
729 3144 926 3224 Elnoiie
956 3170 1145 3224 ibidem
1165 3183 1444 3226 revocare.
1475 3170 1528 3222 sr
1567 3169 1681 3239 quis
1707 3143 1750 3201 ο

229 3309 252 3335 δ
278 3307 446 3360 Editus
487 3307 537 3360 in
594 3305 760 3359 sancti
811 3305 1029 3357 Amandi
1087 3302 1202 3355 Vita
1229 3341 1244 3365 ,
1293 3301 1426 3366 apud
1460 3299 1590 3354 Boll.
1621 3299 1686 3354 ad

169 3379 290 3428 diem
320 3377 348 3427 6
399 3377 688 3438 Februarii,
718 3390 746 3425 ἢ
779 3373 1014 3440 Philippo
1038 3372 1348 3438 llarvettgio,
1375 3370 1560 3422 abbate
1591 3371 1687 3421 Βο-

173 3448 366 3510 tncspei,
389 3447 578 3509 scripta
611 3445 806 3495 δίυυιιιο
841 3457 911 3493 χιι
941 3439 958 3504 ;⁷
989 3458 1016 3493 a
1051 3439 1344 3494 Mabillonio
1394 3455 1608 3492 recnsus
1640 3443 1688 3492 in

171 3516 303 3566 Actis
345 3514 436 3567 SS.
473 3513 677 3566 ordinis
722 3511 888 3563 sanati
942 3512 1227 3574 Benedicti,
1263 3510 1457 3561 sznculo
1487 3523 1542 3570 ιι,
1574 3524 1689 3572 pag.

175 3583 282 3642 703.
314 3599 372 3634 ex
400 3581 579 3633 codice
655 3579 991 3638 |tt0tietisi._itt
1021 3593 1122 3647 quo
1142 3577 1276 3629 belle
1302 3577 1520 3642 depicta:
1544 3588 1694 3628 erant

174 3652 404 3720 imagines
432 3647 890 3720 subscribendum,
921 3649 1169 3720 quaswri
1205 3647 1503 3720 incidendus
1538 3659 1694 3720 cura-

176 3724 239 3770 vit
265 3711 390 3772 idem
421 3718 766 3776 Mabillonius,
790 3719 838 3766 in
865 3711 1168 3778 Annalibus,
1195 3724 1325 3768 tum.
1351 3716 1388 3777 Ι,
1423 3729 1538 3779 pug.
1567 3711 1690 3765 628.

174 3789 342 3840 lterum
386 3785 602 3839 Auraudi
630 3784 926 3836 (‘Oiiiciilum
961 3787 1093 3852 typis
1124 3786 1502 3836 mandaverunt
1538 3782 1693 3834 Coin-

167 3861 284 3918 ‘tius,
307 3863 434 3908 Ann.
458 3868 581 3905 tom.
613 3853 692 3911 ill,
722 3869 835 3920 pag.
867 3854 970 3904 74‘).
991 3896 1004 3915 ,
1039 3854 1241 3905 Mimans
1271 3867 1497 3917 quoque,
1531 3854 1691 3920 Qper.

173 3929 286 3987 ittpl.
321 3935 440 3974 tom.
460 3925 497 3981 Ι,
522 3937 636 3987 pag.
658 3923 710 3980 8.
741 3919 802 3972 eti
825 3922 962 3974 Fast.
991 3923 1183 3989 Belgic.
1215 3921 1276 3972 ad
1307 3921 1444 3972 diem
1476 3921 1506 3970 ϋ
1534 3919 1691 3989 Febr.

175 3993 446 4044 Edttimtem
479 3990 757 4042 Mabillonii
809 3987 1104 4054 sequimur.
1141 3989 1440 4055 Foppenus,
1474 3989 1522 4040 itt
1558 3987 1696 4040 notis

173 4063 231 4109 ad
258 4075 402 4125 opvra
433 4057 590 4109 llirnz't
622 4057 974 4129 diplotti:itic:t,
997 4061 1093 4129 pubi
1117 4075 1299 4129 supra,
1350 4059 1695 4129 liocMiuStrtt-

176 4124 383 4182 utentum
411 4124 1008 4180 reteri-nduincettsctad
1038 4124 1229 4180 annum
1248 4127 1437 4180 Christi
1456 4124 1550 4179 631
1573 4141 1585 4187 ;
1610 4134 1693 4185 et,

203 4273 662 4288 -o-———————————..

1784 2103 1888 2168 l-Igo
1926 2101 2192 2161 Amandus
2223 2111 2460 2168 peccator
2489 2102 2619 2155 hanc
2665 2104 2935 2170 epistolam
2976 2119 3002 2154 a
3033 2118 3118 2158 tne
3146 2105 3331 2156 factum

1781 2192 2025 2245 consensi
2078 2200 2132 2246 et
2160 2192 2466 2259 subscripsi.
2505 2193 2613 2261 ligo
2647 2195 2696 2245 itt
2735 2193 2927 2246 Christi
2958 2195 3168 2246 nomine
3199 2193 3334 2244 lien-

1785 2280 1887 2343 lus,
1912 2293 1972 2334 ac
2004 2283 2046 2332 si
2078 2291 2318 2348 peccatOr
2349 2280 2652 2347 subscripsi.
2678 2282 2785 2346 Ego
2818 2284 2869 2334 in
2901 2283 3092 2334 Christi
3117 2286 3329 2336 nomine

1785 2369 2165 2435 Munitnolenus
2221 2369 2498 2436 episeopus
2542 2369 2848 2431 subscripsi.
2901 2369 3083 2436 Egoin
3131 2371 3324 2422 Citriin

1785 2457 1996 2508 nomine
2030 2456 2454 2512 Viudiciauusac
2499 2459 2541 2510 si
2592 2469 2834 2525 peccator
2863 2460 3162 2524 episc0pus,
3199 2461 3334 2510 hanc

1785 2544 2080 2610 epistolam,
2117 2556 2333 2622 rogante
2359 2547 2552 2600 domno
2585 2547 2840 2608 Amantio,
2869 2549 3110 2600 consensi
3137 2557 3189 2599 et
3212 2548 3336 2598 sub-

1788 2633 1997 2701 scripsi.
2054 2637 2162 2702 Ego
2215 2637 2460 2689 Berlinus
2500 2637 2631 2688 abba
2688 2637 2996 2702 subscripsi.
3046 2635 3155 2702 ligo
3184 2635 3338 2689 Aldc-

1788 2724 1970 2778 bcrtus
2024 2724 2158 2776 abba
2213 2726 2516 2788 subscripsi.
2552 2725 2657 2791 ligo
2686 2725 2951 2777 Johnltllt‘s
2983 2762 2996 2786 ,
3055 2733 3266 2792 rogatus
3311 2737 3338 2773 a

1793 2816 1990 2866 domno
2020 2816 2276 2876 Amantio,
2327 2817 2663 2866 consentiens
2718 2816 2850 2865 hanc
2897 2813 3168 2878 epistolam
3219 2813 3340 2865 sub-

1788 2906 1995 2973 scripsi.
2033 2908 2140 2976 l‘fgo
2173 2906 2574 2967 Battdeuiundus
2608 2916 2869 2971 peccator,
2902 2905 3114 2972 iubente
3139 2905 3334 2956 dontno

1791 3013 1908 3050 meo
1949 2997 2206 3060 Amanilti,
2264 2997 2397 3049 hanc
2447 2998 2719 3064 epistolam
2777 2995 3172 3049 deliberationis
3235 3005 3342 3045 suae

1791 3086 1975 3153 seripsi
2004 3097 2054 3138 et
2080 3083 2386 3153 subscripsi.

1789 3311 1845 3353 ut
1865 3300 1912 3352 id
1927 3315 2042 3352 cum
2059 3301 2266 3352 nomine
2283 3301 2419 3366 regis
2437 3309 2556 3351 tunc
2571 3298 2835 3364 regnantis
2850 3296 3110 3366 conciliet,
3135 3296 3344 3366 canjicit

1794 3371 2068 3437 legendum
2095 3386 2285 3421 antttttn
2316 3365 2356 3420 ‘2
2375 3367 2643 3431 Chlotart'i,
2677 3384 2768 3435 pro
2795 3383 2931 3436 au‘no
2957 3366 2996 3418 2‘
3021 3365 3341 3437 Theoderici.

1792 3436 1898 3491 sed
1933 3453 2122 3492 nomen
2155 3437 2465 3491 Theudorici
2496 3438 2808 3489 servandum
2840 3449 2957 3489 esse
2987 3436 3155 3503 arguit
3183 3436 3342 3488 Coin-

1795 3511 1895 3560 tius
1922 3551 1936 3573 ,
1983 3522 2106 3563 ann.
2137 3507 2220 3560 ubi
2268 3523 2444 3570 supra.
2469 3523 2529 3559 ex
2559 3507 3028 3570 subscriptinnibns
3069 3505 3343 3570 episeopo-

1795 3592 1930 3637 rum,
1961 3577 2226 3637 abbatum,
2260 3587 2307 3627 et
2333 3577 2493 3637 ipsius
2519 3575 2873 3628 Batttlemnndi
2903 3573 3190 3636 scriptoris,
3217 3587 3345 3636 quas

1800 3660 1986 3696 omnes
2017 3645 2283 3707 expendit.
2322 3645 2514 3696 Mensis
2542 3649 2713 3696 anteiit
2748 3644 2938 3703 Apri-lis
2982 3645 3101 3692 antri
3133 3641 3168 3692 εὶ
3199 3644 3343 3709 reg-Ii

1799 3713 2112 3764 Theudorici
2144 3711 2206 3764 Ill
2238 3714 2418 3765 incidit
2451 3718 2499 3764 in
2529 3728 2722 3764 annum
2755 3711 2944 3763 Christi
2975 3711 3097 3762 673.
3245 3750 3247 3752 -

1865 3780 1894 3816 ³³
1925 3780 2113 3834 Votuin
2162 3795 2431 3834 assecutus
2482 3793 2559 3832 est
2606 3785 2908 3846 Anmndus;
2942 3779 3178 3845 sepultus
3207 3778 3345 3829 cuitu

1799 3851 1898 3903 fuit
1951 3867 1999 3903 in
2052 3856 2372 3903 monasterio
2420 3851 2721 3918 lilnonensi,
2761 3861 2890 3901 tt-ste
2924 3848 3343 3918 Bandunnindo,

1799 3924 1883 3986 qui
1909 3932 1959 3972 et
1979 3922 2274 3972 codicilluut
2296 3915 2631 3982 exarmet-at,
2651 3929 2700 3970 ct
2736 3921 2898 3970 \‘itarn
2934 3917 3098 3968 sancti
3127 3915 3343 3986 amandi

1801 3985 1987 4041 litteris
2041 3989 2445 4040 (conmendavit.
2491 3986 2632 4040 Ouiit
2682 3989 2944 4041 Amandus
2988 4000 3126 4038 anno
3179 3985 3346 4036 artatis

1801 4057 2162 4122 nonagesimo,
2193 4071 2311 4108 a'ru:
2339 4058 2652 4108 Christiana:
2685 4057 2806 4108 67:).
2933 4053 2936 4056 ”

1191 4352 1553 4467 ΗΥΜΜ
1623 4397 1834 4465 DUO
1886 4395 2329 4476 ANTIQUI

969 4571 1071 4643 IN
1135 4561 1613 4643 HUNOREM
1669 4556 2027 4638 SANCTI
2088 4561 2505 4668 mmor.

1291 4767 1379 4828 [Ex
1405 4767 1536 4814 Actis
1556 4767 1852 4821 Sanctorum,
1875 4776 2024 4811 metis.
2051 4763 2220 4820 Febr.]

177 4952 414 5016 Antaude,
446 4948 629 5016 prmsul
661 4948 940 5016 optime,...

177 5034 392 5095 Amantio
416 5040 683 5112 Christqu
710 5049 1017 5104 congruum,

179 5129 292 5182 Audi
329 5139 528 5186 tuorum
555 5126 751 5184 dulcia,-

178 5218 288 5278 ane
311 5217 607 5274 conciuunt,
638 5213 934 5279 gratissimo

183 5301 296 5354 llum
320 5304 532 5357 ﬂoruisti
570 5307 811 5366 corporei
833 5315 838 5320 ‘

184 5387 355 5458 Dignus
380 5400 467 5443 tuo
493 5394 579 5460 qui
621 5392 848 5452 nomine,

103 5477 120 5484 ”
181 5475 380 5532 Sortitus
401 5491 459 5532 es
487 5477 815 5537 VOCulittltlm,

184 5565 560 5621 Vernaculorum
590 5570 818 5618 carmina

187 5651 565 5710 l‘rzcordiozum
605 5655 809 5720 gaudio.

1236 4937 1478 4990 Mundutn
1509 4934 1722 5002 replesti
1756 4933 1951 4985 lumine

1235 5029 1442 5077 Astrutn
1478 5023 1582 5089 poli
1614 5037 1755 5074 nunc
1785 5021 2112 5088 splend:dum

1239 5114 1388 5165 I‘ater
1422 5115 1551 5178 pius,
1585 5125 1764 5178 pastor
1790 5115 1973 5171 bonus,

1240 5205 1342 5256 lius
1383 5203 1670 5255 recreando
1703 5202 1942 5264 llutnine,

1246 5293 1426 5345 Frater
1459 5291 1633 5358 pttpilli
1661 5291 1869 5352 ﬂebilis,

1245 5382 1450 5434 Patrum
1485 5380 1685 5430 vocavit
1723 5379 2010 5445 orpliantts,

1240 5470 1402 5521 Caccis
1431 5469 1624 5522 ocellus
1651 5469 1870 5530 lucidus,

1237 5557 1502 5625 I‘erir’qne
1532 5560 1671 5626 ligno
1704 5561 1976 5624 pendulus,

1236 5649 1364 5714 Quid
1396 5653 1564 5718 plura,
1615 5651 1765 5704 miles
1801 5652 2012 5717 ittclytt‘,
2077 5633 2086 5640 ’

2328 4931 2633 4999 Quicunque
2669 4931 2811 4984 venit
2851 4928 3062 4990 debilis,

2327 5023 2473 5074 Nunc
2505 5021 2727 5074 Abraha:
2757 5020 3095 5074 vernantibus

2333 5112 2400 5164 De
2432 5112 2551 5163 Jesu
2583 5109 2718 5161 dulci
2749 5125 2990 5176 corpore.

2328 5202 2440 5255 Jatn
2472 5201 2746 5265 cupulatus
2787 5201 2996 5268 inclytis

2333 5291 2522 5341 \‘t-rtex
2553 5289 2778 5341 rubescit
2812 5288 3113 5357 gemmulis,

2327 5376 2499 5430 Nostri
2542 5392 2742 5430 tneutor
2770 5375 3098 5429 sa'iictissittte

2329 5468 2492 5535 (Tuus
2531 5471 2768 5537 popellus
2790 5465 3058 5532 adsumus)

2333 5559 2398 5611 Ut
2423 5561 2631 5625 quando
2660 5562 2808 5613 Jesus
2841 5557 3042 5609 venerit

2329 5647 2442 5702 Non
2471 5661 2804 5717 segregetnur
2833 5664 2858 5698 ιι
2892 5656 2996 5708 ιυυ,
