3828 6378
211 767 216 771 ι
296 515 1772 736 FRANCORUM
1904 583 2745 749 nucum
2873 592 3110 754 1v
3207 647 3226 657 ε

1328 853 1662 928 ΡΠΙΜᾸΞ
1721 854 2118 934 STIRPIS

981 1002 1140 1111 DE.
1181 1041 1522 1113 uenus
1581 1044 2439 1133 ECCLESIASTIDIS

291 1230 1256 1398 .DIPLOMATA
1353 1239 1549 1360 ET
1647 1239 1937 1363 PUE
2034 1240 3070 1379 DONATIONES.

1440 1468 1592 1546 (AN.
1636 1469 1966 1547 σεο-τοο.)

1438 1629 1957 1654 w—

1129 1679 1990 1861 CLOTABII
2061 1753 2280 1866 III

1369 1934 1789 1991 FRANCORUM
1832 1936 2036 1994 REGIS

621 2078 1628 2189 ECCLESIASTICIE
1706 2089 2744 2198 PR/ECEPTIONES.

1098 2346 1190 2407 [Ex
1215 2347 1512 2414 ItrequiguyJ
1533 2348 1817 2411 Diplomata,
1841 2349 2050 2411 Charta,
2081 2348 2277 2414 Leges]

75 2659 306 2722 Diploma
325 2656 568 2728 [Clutorii
587 2653 678 2707 111
692 2655 703 2724 ι
712 2670 811 2728 quo
827 2655 944 2728 duo:
961 2654 1637 2728 partesrilleuuricciaci,

136 2742 290 2780 causa
327 2725 539 2794 cognita
560 2768 575 2788 ,
616 2726 838 2777 ecclesia
874 2725 1054 2777 Sancti
1086 2725 1316 2794 Dionysii
1345 2738 1640 2778 asseruntur

139 2808 162 2833 ο
195 2800 346 2864 (anu.
378 2783 535 2861 6'53).

135 2903 489 2977 [tililntarius]
517 2919 607 2959 rex
640 2903 988 2968 Francorum,
1020 2902 1102 2956 vir
1129 2891 1350 2956 iuiustcr
1479 2903 1635 2958 dere-

66 2999 311 3048 tneu-lnm
354 2995 441 3049 vel
477 2995 620 3063 justo
662 2993 860 3062 judicio
913 2977 1312 3047 termeuaudum
1363 2991 1637 3046 resedere-

69 3101 182 3137 nuis
205 3126 221 3148 ,
259 3085 447 3153 ibique
475 3082 734 3136 venientis
763 3079 1321 3135 acturis‘monasthirii
1361 3079 1638 3149 peculiaris

66 3175 268 3241 patroni
301 3171 478 3226 nostri
508 3170 688 3224 domui
719 3169 999 3232 Diouiuse,
1027 3170 1114 3223 ubi
1143 3169 1255 3238 ipse
1285 3170 1555 3238 preciusus
1583 3170 1635 3224 in

62 3282 284 3336 corpore
313 3265 607 3335 requiissct
625 3303 640 3327 ,
669 3261 907 3330 lugober.
929 3303 944 3317 .
961 3299 975 3314 .
991 3300 1005 3314 .
1027 3260 1051 3298 ¹³
1073 3275 1199 3327 sup.
1219 3299 1234 3314 .
1257 3299 1272 3313 .
1289 3298 1304 3313 .
1328 3262 1517 3314 limena
1544 3262 1635 3314 dco

63 3359 140 3410 dit
169 3359 219 3409 in
249 3354 556 3422 responsis,
585 3352 724 3420 quod
752 3359 868 3404 acta
895 3349 1178 3416 conposcio
1209 3347 1366 3400 talem
1400 3347 1631 3411 babibat,

62 3447 284 3513 qualiter
331 3444 484 3511 ipsas
525 3439 674 3492 villas
707 3439 819 3506 ipse
858 3438 1168 3491 Ermelenus
1201 3436 1390 3504 jocalis
1428 3449 1551 3489 suos
1584 3436 1632 3489 ei

59 3537 382 3592 contullerat
403 3534 426 3598 ’ς
457 3533 554 3586 sed
583 3533 696 3600 ipse
723 3531 930 3600 agentis
958 3541 1169 3585 econtra
1198 3570 1213 3585 .
1245 3569 1259 3583 .
1285 3567 1304 3584 .
1333 3568 1346 3580 .
1371 3541 1425 3584 et
1455 3523 1630 3598 predi-

61 3640 175 3680 ctus
204 3624 460 3696 pontel'ex
489 3622 542 3676 in
568 3623 801 3692 presenti
826 3620 1096 3684 adstabat,
1120 3628 1174 3674 et
1199 3619 1429 3688 precaria
1457 3629 1631 3672 osten-

55 3719 209 3772 debat
236 3717 306 3771 ab
337 3717 458 3783 ipsa
493 3713 682 3765 limeua
709 3712 869 3777 facta,
890 3723 994 3779 quo
1021 3709 1226 3776 relicta,
1255 3708 1522 3762 inventum
1549 3717 1633 3762 est

54 3806 192 3873 quin!
232 3807 348 3872 ipsa
392 3801 593 3856 limeua
626 3798 695 3852 de
730 3810 890 3852 omne
913 3810 1167 3864 corpore.
1191 3834 1205 3848 .
1225 3833 1272 3850 ..
1296 3809 1518 3863 corpore
1555 3793 1629 3848 fa-

53 3871 265 3949 cultatis
294 3891 470 3961 ipsius
498 3886 780 3942 Ermeleno
810 3884 1032 3939 fecisse:
1061 3886 1155 3940 sed
1179 3885 1383 3954 agentis
1407 3885 1626 3953 predicti
1659 3871 1704 3930 B

56 3983 273 4038 basilice
303 3977 636 4038 vindicione,
667 3975 750 4029 vel
777 3975 1014 4042 precario
1036 3975 1106 4030 ab
1132 3976 1247 4044 ipso
1273 3973 1547 4030 Ermeleno
1576 3976 1627 4028 in

51 4085 304 4142 germano
329 4083 435 4124 suo
459 4065 862 4134 Cbugliberctus
993 4066 1294 4133 conscripta
1317 4066 1622 4138 osteud..."

51 4166 116 4218 de
143 4180 306 4220 omne
332 4177 569 4233 corpore
596 4163 826 4218 lacultati
852 4163 933 4217 sui
959 4163 1346 4231 conscripsmit
1366 4204 1382 4228 ,
1407 4173 1460 4218 et
1487 4164 1627 4232 ipsas

119 4283 144 4310 ⁸
184 4275 437 4330 Mutilum
481 4275 635 4328 valde
673 4275 1082 4329 instrumentum
1124 4290 1186 4327 ex
1222 4274 1476 4328 tabulario
1508 4275 1630 4326 Dio-

55 4345 275 4413 nysianu
301 4344 646 4411 deprompsit
673 4344 1028 4408 Mabillonius,
1053 4355 1105 4398 et
1126 4345 1191 4396 ad
1218 4347 1417 4396 calcem
1450 4347 1573 4408 tomi
1608 4345 1625 4397 Ι

52 4418 336 4467 Annalium
369 4414 579 4478 edidit,
613 4429 732 4482 pag.
765 4414 906 4476 (S94;
952 4418 1138 4466 iterum
1184 4415 1320 4481 typis
1362 4416 1628 4466 mandavit

53 4483 379 4546 i‘elihianus,
414 4483 551 4535 llist.
587 4485 708 4536 θυι).
739 4484 793 4538 S.
829 4482 978 4536 Dion.
1009 4487 1159 4549 prob.
1192 4498 1305 4552 pag.
1339 4486 1388 4546 8,
1420 4499 1481 4535 ex
1510 4498 1627 4536 eor—

52 4565 187 4614 t‘ce.
236 4561 297 4606 ut
324 4555 442 4615 ait,
495 4554 841 4618 exscriptum.
894 4552 1122 4618 Uterque
1171 4567 1361 4604 nomen
1407 4552 1626 4605 Clutorii

48 4625 420 4676 oblitteratum
457 4620 606 4672 initio
633 4622 936 4688 diplomatis
966 4623 1230 4688 supplevit
1260 4639 1321 4674 ex
1356 4624 1625 4686 conjectu-

53 4693 153 4753 ris.
201 4703 259 4747 et
311 4705 418 4746 uos
464 4688 615 4742 uncis
663 4690 922 4742 inclusum
974 4694 1315 4743 restituimus.
1367 4691 1622 4754 “Consum

48 4762 480 4832 etstatdiploma
506 4758 895 4832 i_n_Collectit_t_t_te
922 4762 1237 4827 scriptorum
1257 4777 1430 4815 rerum
1457 4761 1623 4812 Frau-

56 4827 308 4894 cit'arum;
339 4841 478 4882 tom.
515 4827 576 4881 IV
598 4868 614 4893 ,
646 4843 762 4896 pag.
793 4827 917 4882 659.

117 4905 141 4937 ⁸³
187 4900 392 4967 Iniuria
440 4909 738 4967 temporum
767 4909 821 4950 et
859 4900 1133 4958 scriptura:
1173 4899 1312 4953 vitiis
1360 4900 1626 4953 deforma-

49 4980 152 5021 tum
173 5009 192 5037 ,
223 4965 357 5038 ipsis
388 4965 685 5038 Mobillonii
717 4967 924 5038 verbis,
956 4967 1147 5020 Annal.
1183 4977 1222 5022 t.
1257 4971 1303 5032 Ι,
1334 4983 1451 5038 pag.
1486 4969 1580 5021 601
1609 5009 1624 5033 ,

49 5035 532 5108 interpretabimur
555 5052 571 5108 ς
603 5055 621 5108 t
652 5035 936 5108 lnggberga
958 5076 973 5100 ,
999 5039 1192 5105 jugalis
1222 5053 1316 5091 seu
1336 5035 1493 5090 'uittir
1526 5040 1619 5090 [Cr-

51 5105 274 5174 tneleiii,
324 5106 694 5162 contendebat
731 5105 1043 5159 Tnuriacum
1094 5108 1263 5159 villam
1312 5109 1378 5159 ab
1420 5121 1483 5159 eo
1525 5109 1622 5159 sibi

47 5193 358 5233 concessam
391 5175 557 5245 fuisse
583 5192 599 5238 ;
628 5175 928 5228 monasterii
958 5178 1132 5228 Sancti
1165 5177 1393 5245 Dionysii
1420 5186 1624 5227 actores

49 5249 412 5316 denegabant.
457 5244 563 5316 sed
596 5245 807 5309 quidam
853 5247 1082 5311 pontifex
1106 5287 1119 5308 ,
1155 5244 1305 5310 cujus
1337 5262 1524 5299 nomen
1558 5264 1618 5298 ex

49 5314 379 5386 autographo
409 5314 654 5386 avulsum
673 5351 720 5374 ,.
739 5353 753 5365 .
778 5349 794 5364 .
823 5317 1054 5368 ostendit
1085 5317 1376 5383 precariam
1406 5319 1471 5368 ab
1507 5331 1618 5379 ipsa

53 5384 238 5443 lenuit:
283 5389 353 5440 de
383 5384 578 5439 eadem
611 5386 728 5437 villa
779 5386 1003 5446 factum,
1037 5402 1136 5450 qun
1185 5395 1432 5438 constare
1477 5387 1618 5436 vide-

53 5462 198 5511 batur
229 5457 584 5511 Erthelenum
613 5456 662 5506 ei
690 5453 824 5506 hanc
853 5455 1190 5508 donationem
1223 5455 1430 5510 fecisse.
1463 5455 1622 5506 Aeto-

53 5544 132 5581 res
157 5529 347 5583 Sani-ti
387 5523 632 5590 Dionysii
664 5533 846 5577 contra
878 5525 1231 5578 ostendebant
1260 5527 1617 5578 venditionem

48 5607 96 5648 t'l
140 5599 457 5666 precarialtt
483 5595 549 5644 ab
580 5594 761 5666 eodem
810 5592 1090 5646 Ermeleuo
1139 5594 1323 5645 factam
1370 5608 1620 5664 germani)

50 5663 210 5728 ipsius
237 5663 649 5731 Chuglibercto,
674 5664 740 5713 de
768 5666 910 5715 omni
936 5678 1159 5727 corpore
1188 5663 1449 5716 lncultutis
1477 5682 1582 5714 smt'
1602 5701 1616 5724 ,

48 5747 94 5788 cl
123 5732 262 5804 quod
303 5740 432 5788 dua:
469 5745 644 5800 partes
671 5733 736 5786 ab
761 5733 946 5788 codem
979 5733 1356 5802 Chuglihcrcto
1385 5736 1616 5801 accepis—

1663 2551 1706 2605 Α
1737 2545 1788 2597 iu
1826 2547 2050 2612 presenti
2088 2548 2494 2603 ostendediruut
2530 2551 2913 2617 recensendas,
2961 2561 3017 2608 et
3063 2555 3293 2612 intendi-

1742 2635 1863 2690 bant
1886 2677 1900 2701 ,
1929 2636 2068 2705 quod
2095 2637 2232 2704 ipsas
2255 2639 2384 2692 duas
2411 2641 2576 2707 partis
2598 2643 2665 2696 de
2689 2643 2948 2709 predictas
2973 2643 3123 2699 villas
3145 2647 3286 2698 Tuu-

1742 2725 1963 2778 ricciaco
1986 2733 2040 2780 et
2063 2763 2108 2778 ..
2132 2766 2145 2778 .
2165 2764 2180 2778 .
2211 2726 2379 2780 dictas
2403 2727 2550 2780 villas
2575 2728 3052 2798 adgaeceuciasque
3078 2747 3290 2789 aearuui

1741 2815 1791 2866 in
1831 2814 2091 2882 integrum
2139 2827 2237 2868 suo
2283 2815 2517 2869 dominio
2562 2817 2756 2872 valeret
2803 2820 3110 2874 vendecare.
3157 2819 3293 2876 Pro-

1739 2913 1915 2970 pterea
1939 2919 2037 2957 nus
2061 2918 2161 2957 una
2185 2920 2305 2959 cum
2330 2907 2522 2960 nostris
2542 2907 2860 2975 procerebus
2880 2917 3086 2964 constet
3107 2911 3290 2965 decre-

1739 2991 1910 3058 visse,
1941 3002 1997 3046 ut
2024 2993 2166 3062 ipsas
2193 2995 2324 3049 duas
2352 2998 2514 3063 partis
2560 2999 2627 3052 de
2664 2999 2790 3067 pred
2812 3039 2826 3052 .
2847 3038 2861 3053 .
2882 3039 2896 3053 .
2917 3040 2934 3064 ,
2959 3000 3083 3054 dum
3123 3010 3178 3055 et
3216 3004 3296 3056 iu-

1739 3078 1908 3134 luster
1950 3081 2032 3134 vir
2073 3081 2497 3149 Cliadoloaldus,
2536 3087 2703 3140 comis
2743 3087 2920 3155 palatii
2963 3091 3167 3144 nostri.
3196 3130 3211 3143 .
3235 3128 3251 3144 .
3277 3130 3290 3144 .

1738 3169 1878 3235 quod
1913 3171 2086 3224 taliter
2112 3171 2211 3226 hac
2234 3187 2388 3227 causa
2416 3183 2553 3238 acta,
2581 3177 2665 3229 vel
2694 3191 2787 3240 per
2812 3179 2998 3232 ordeni
3030 3182 3293 3248 inquisita,

1735 3271 1831 3312 seo
1859 3259 2088 3313 tlel'euita
2120 3260 2278 3315 luisse
2300 3262 2634 3327 denuseetur,
2661 3264 2906 3337 jnbemus
2932 3276 2986 3320 ut
3014 3270 3151 3337 ipsas
3173 3310 3185 3322 .
3205 3308 3220 3323 .
3240 3312 3255 3326 .
3273 3309 3292 3327 .

1734 3346 1913 3400 donmi
1960 3347 2208 3403 Diouinse
2239 3349 2390 3403 bactu
2414 3389 2428 3403 .
2455 3390 2468 3403 .
2497 3390 2510 3403 .
2537 3389 2552 3404 .
2583 3366 2686 3418 que
2714 3395 2727 3407 .
2753 3391 2769 3407 .
2792 3393 2806 3407 .
2831 3391 2847 3406 .
2877 3357 3020 3409 omni
3055 3365 3294 3424 tempore

1737 3435 1951 3490 habiant
1978 3439 2328 3492 eveudecatas
2352 3456 2374 3503 ;.
2396 3454 2448 3494 et
2469 3439 2547 3493 'sit
2575 3444 2711 3496 inter
2741 3443 2866 3511 ipsis
2896 3445 2960 3498 de
2991 3445 3088 3500 hac
3131 3462 3188 3501 re
3229 3448 3279 3501 in

1739 3531 2069 3596 postmodum
2099 3530 2269 3585 subita
2298 3536 2560 3587 causacio.

1806 3618 2129 3674 'l‘eobvrctus
2164 3635 2256 3688 reg
2276 3661 2289 3673 .
2317 3661 2331 3676 .
2350 3660 2394 3674 ..
2434 3619 2718 3676 Novembr.
2745 3665 2758 3676 .
2787 3664 2800 3678 .
2831 3663 2844 3678 .
2885 3640 2951 3677 an
2973 3664 2987 3677 .
3016 3663 3029 3678 .
3057 3665 3072 3678 .
3103 3667 3116 3679 .
3148 3627 3285 3695 rigui

1735 3707 1898 3760 nostri
1931 3708 2092 3761 tercio
2123 3718 2146 3746 ε
2175 3709 2260 3778 [in
2291 3709 2499 3763 nomine
2534 3711 2736 3764 Domini
2770 3711 3047 3784 feliciter].

2478 3821 2539 3877 ll.

1732 3931 1972 4004 Diploma
1995 3949 2095 3998 quo
2124 3935 2377 3989 (Ποίαν-ὄιες
2406 3936 2549 3987 villa:
2582 3937 2752 4004 plures
2781 3940 3085 3991 monasterio
3109 3938 3286 3993 Sancti

1801 4002 2034 4071 Dionysii
2074 4007 2283 4057 donatas
2303 4048 2318 4068 ,
2352 4023 2382 4056 α
2416 4002 2721 4058 Hercei-ario
2761 4010 2994 4072 episropo
3022 4010 3286 4062 restituen-

1800 4075 1893 4125 das
1916 4113 1929 4133 ,
1963 4090 2116 4125 causa
2146 4075 2323 4126 audita
2353 4077 2648 4142 pronuntiat
2678 4073 2703 4111 ει
2737 4079 2883 4143 (utin.
2915 4077 3062 4143 (558).
3118 4084 3138 4108 ν

1800 4164 2141 4235 [Chlotarius]
2174 4179 2261 4216 rex
2293 4165 2642 4230 Francorum,
2673 4181 2722 4217 ν.
2756 4166 2823 4218 iul
2846 4203 2890 4218 ..
2916 4205 2928 4218 .
2949 4165 3284 4219 .Siuiscalcis
3367 4206 3371 4210 .

1730 4288 1868 4330 scut.
1899 4293 1917 4326 ι
1950 4276 2004 4328 lu
2029 4276 2250 4342 gratiam
2275 4276 2649 4328 monachorum
2671 4280 2984 4330 sententiam
3011 4275 3126 4328 tulit
3147 4275 3282 4326 Clin-

1729 4346 2002 4398 doloaldus
2024 4384 2038 4406 ,
2067 4358 2244 4398 comes
2277 4345 2489 4408 palatii,
2523 4361 2679 4410 quam
2711 4345 3000 4411 diplomate
3027 4359 3123 4397 suo
3148 4347 3277 4398 (llo-

1732 4417 1896 4467 larius
1925 4415 2223 4467 conﬁrmat.
2257 4413 2542 4467 Mnbillonii
2574 4414 2848 4467 lectionem
2879 4415 3167 4480 sequimur.

1803 4493 1825 4521 ε
1860 4484 2039 4536 Mense
2066 4483 2348 4536 Novembri
2387 4483 2509 4552 anni
2551 4484 2688 4536 tertii
2730 4485 2875 4551 regni
2918 4484 3134 4552 Clutorii
3171 4484 3282 4552 jam

1721 4557 1976 4605 currebat
2009 4566 2179 4604 anuus
2205 4552 2330 4605 Chr.
2365 4549 2469 4603 638
2492 4591 2508 4615 ,
2539 4566 2659 4604 cum
2691 4549 3022 4605 Clilodoveus
3054 4551 3093 4602 ll
3114 4592 3129 4614 ,
3159 4549 3281 4604 Clu-

1731 4624 1844 4674 tarii
1879 4631 2043 4688 pater,
2072 4622 2264 4674 obierit
2289 4623 2428 4673 circa
2461 4620 2664 4673 initium
2695 4621 2964 4685 Septemb.
3000 4622 3121 4672 anui
3153 4623 3273 4671 triti.

1796 4692 1820 4726 ά
1868 4691 2156 4744 Ιίἀίιιρτυηι
2192 4691 2550 4758 Muliillonius.
2594 4693 2726 4743 Anu.
2775 4702 2899 4742 tum.
2935 4690 2991 4749 Ι,
3027 4705 3142 4758 pug.
3175 4691 3279 4744 695

1725 4769 1779 4812 et
1807 4761 1928 4823 Sitll,
1960 4775 2023 4813 ex
2053 4759 2348 4812 authentico
2374 4774 2388 4820 ;
2431 4757 2749 4824 Felibianus,
2777 4760 2907 4811 llist.
2938 4761 3060 4811 abb.
3092 4757 3277 4813 Sancti

1728 4831 1883 4882 Dion.
1920 4829 2049 4896 prob
2107 4843 2220 4896 pag.
2254 4828 2284 4878 7
2308 4866 2323 4890 ,
2355 4841 2421 4881 ex
2450 4830 2775 4897 autographa
2817 4829 2866 4880 in
2894 4829 3102 4897 cortice
3129 4845 3142 4889 ;
3175 4844 3272 4879 utt-

1727 4911 1898 4952 ctores
1940 4898 2276 4951 Collectiunis
2315 4896 2631 4963 scriptorum
2663 4911 2834 4950 rerum
2869 4896 3235 4949 Fruuciearunt
3258 4935 3275 4957 ,

1729 4980 1861 5021 tim.
1895 4967 1981 5032 IV,
2017 4984 2131 5032 t-ug.
2166 4965 2296 5027 659,
2339 4981 2401 5018 ex
2444 4966 2763 5018 Mabillouio.
2811 4967 3047 5019 Mutilum
3089 4966 3272 5017 admo-

1727 5037 1848 5089 tluui
1894 5038 2319 5090 instrumentum.
2354 5035 2676 5088 Felibiauum
2704 5038 3008 5102 sequimur;
3043 5034 3277 5085 Malullu-

1730 5109 1799 5158 nii
1833 5109 2001 5158 varias
2051 5107 2302 5157 lcetiones
2351 5106 2485 5158 inter
2532 5118 2691 5156 uncos
2733 5107 3064 5158 exhibemus.
3112 5103 3279 5155 Nulla:

1732 5187 1868 5227 none
1898 5175 2318 5239 chronologicze;
2344 5174 2434 5226 sed
2464 5187 2579 5225 eum
2608 5173 2839 5237 diploma
2861 5172 3104 5232 Clotnrii,
3133 5174 3273 5238 quod

1734 5249 1971 5310 proxime
2020 5245 2301 5312 pru'cedil,
2353 5255 2402 5294 et
2451 5241 2590 5304 «μιοό
2636 5258 2791 5306 snper
2837 5243 3022 5294 eodem
3070 5243 3277 5307 negotio

1732 5317 2038 5376 intervenit,
2072 5315 2247 5365 datum
2285 5313 2433 5365 fuerit
2467 5327 2605 5361 anno
2632 5312 2848 5363 Clutorii
2879 5312 3062 5370 tertio,
3094 5324 3275 5362 mense

1728 5382 2039 5442 Novembri.
2091 5385 2138 5434 id
2168 5394 2279 5443 est,
2309 5399 2445 5432 anno
2475 5378 2579 5430 (ῥῖὶὸ
2603 5421 2616 5441 ,
2663 5382 2792 5431 satis
2837 5381 3072 5448 apposite
3104 5388 3276 5444 potest

1729 5455 1954 5520 diploma
1985 5452 2049 5506 de
2077 5468 2182 5520 quo
2213 5465 2349 5502 nunc
2389 5451 2592 5517 agimus
2634 5452 2732 5516 sub
2774 5455 2871 5520 hoc
2904 5448 3092 5520 eodem
3137 5463 3274 5499 anuu

1728 5518 2001 5575 collocari.
2037 5518 2382 5575 Beracltarins
2420 5520 2734 5585 cpiscoiius,
2775 5518 2861 5584 qui
2901 5519 2965 5567 ibi
3009 5532 3270 5568 utentum-

1732 5592 2282 5655 lttr,-Cen0tttancnsis
2312 5590 2514 5642 videtur
2548 5590 2764 5655 pra-sul,
2798 5591 2949 5645 \‘ttlt'u
2976 5587 3267 5648 “crearitis,

1729 5679 1820 5713 seu
1857 5663 2094 5713 livmrius
2116 5701 2129 5721 ,
2161 5661 2246 5726 qui
2278 5660 2344 5712 ab
2374 5675 2511 5711 anno
2554 5660 2656 5713 ϋὅὸ
2701 5657 3148 5709 (ἰυιιυιιιειιιςιιεριιι
3190 5674 3265 5708 te-

1727 5735 1872 5798 gcbu:
1910 5731 2214 5795 ilic-lenam.
