3828 6338
102 391 209 446 ii.“

829 384 1234 440 DIPLOMATA.
1267 412 1335 424 —
1375 382 1688 437 CLOTARtl
1731 384 1791 438 Ill
1835 384 2114 440 ECtILES.
2158 386 2509 441 PRIECEPT.

3141 393 3280 476 Ιὶξὲ

94 505 250 558 cedem
289 509 517 554 nostram
559 500 609 551 in
659 497 746 552 Dei
794 499 1006 550 nomine
1029 497 1288 551 credimus
1330 496 1612 562 pertinere,
1644 498 1690 553 Α
1719 495 1849 548 ullas
1877 497 2254 551 redhibitioncs
2284 499 2334 550 in
2365 499 2502 551 villis
2531 499 2768 565 superius
2797 500 3100 565 nominatis,
3121 503 3247 568 quid

91 592 309 662 quicquid
352 607 449 660 pro
477 590 664 642 animus
703 590 869 642 sa'ute
911 589 1038 641 locis
1067 597 1364 640 sanctorum
1392 583 1618 638 conferi-

94 695 213 745 nitis,
239 691 293 735 ut
319 681 512 734 ibidem
542 680 845 747 perenniter
871 677 1122 743 proﬁciat,
1153 685 1208 731 et
1229 676 1471 745 gloriam,
1508 675 1616 728 Deo

89 770 369 832 auxiliante,
419 768 610 821 habere
658 781 976 820 mereamur.
1027 767 1191 833 Igitur
1239 767 1359 822 dum
1419 779 1513 817 nos
1563 773 1617 816 et

91 858 311 921 pra-celsa
338 856 570 924 genetrix
601 867 796 920 nostra,
827 856 1014 908 donma
1044 854 1390 908 Baldechildis
1414 853 1612 921 regina,

87 947 438 998 monasterium
479 946 530 998 in
576 945 774 997 honore
816 953 1118 998 sanctorum
1163 943 1300 997 Petri
1348 953 1400 995 et
1449 942 1613 1004 t'auli,

84 1037 439 1100 apostolorum,
468 1043 518 1088 et
547 1035 712 1087 sancti
743 1034 1022 1101 Stephani,
1057 1032 1497 1100 prato-martyris,
1530 1046 1614 1084 su-

84 1139 163 1190 per
207 1125 415 1178 ﬂuvium
462 1125 676 1188 Somna,
727 1123 776 1175 in
830 1123 950 1176 loco
996 1121 1083 1189 qui
1133 1119 1322 1174 dicitur
1370 1120 1611 1184 Corbeil,

81 1226 218 1277 quem
247 1212 570 1266 Guntlandus
596 1211 856 1277 quondam
891 1211 1228 1278 possederat,
1257 1219 1308 1262 et
1335 1209 1396 1261 ad
1431 1209 1612 1262 ﬁscmn

81 1310 296 1351 nostrum
327 1310 653 1364 pervenerit,
680 1299 764 1352 ubi
797 1310 986 1366 praiest
1012 1297 1323 1350 venerabilis
1345 1297 1424 1348 vir
1445 1297 1613 1348 Theo-

81 1388 294 1442 detridus
333 1389 485 1457 abba,
529 1405 624 1458 pro
656 1390 843 1444 mterni
891 1388 1118 1442 numinis
1156 1389 1322 1441 intuiti
1364 1387 1609 1464 mdiﬁcari

80 1469 438 1546 precepimus,
464 1488 520 1531 ut
561 1477 802 1531 menachi
843 1477 940 1531 sub
977 1486 1154 1530 sancta
1200 1477 1374 1542 regula
1419 1475 1610 1528 ibidem

77 1573 286 1624 debeant
306 1571 622 1624 conversari.
644 1565 941 1638 Cognoscat
969 1568 1250 1621 Strenuitas
1277 1579 1445 1619 vestra
1474 1564 1611 1634 quod

76 1677 162 1711 nos
188 1661 349 1727 ipsam
380 1660 550 1712 villam
582 1659 855 1712 tiotbeiam
896 1658 960 1710 ad
1002 1658 1168 1722 ipsum
1208 1655 1606 1716 monasterium,

73 1765 181 1804 cum
214 1749 516 1816 adjacentiis
545 1750 654 1800 suis
691 1747 742 1800 in
776 1748 1067 1814 integrum,
1097 1759 1188 1799 seu
1220 1759 1266 1797 et
1302 1744 1428 1795 altas
1459 1743 1610 1795 villas

78 1814 420 1905 nuncupantcs
468 1838 688 1901 l-‘ulieto,
741 1836 984 1897 Gentilla,
1035 1835 1305 1902 Cipiliaco,‘
1358 1833 1605 1886 Fortitca-
1637 1814 1684 1871 Β

79 1927 218 1989 Vilia,
265 1927 346 1980 Vel
386 1927 611 1995 reliquas
647 1925 965 1994 adjacengias
1005 1939 1184 1977 earum
1226 1922 1289 1974 ad
1333 1923 1608 2002 intcgrtnn,

76 2018 165 2070 Alb
187 2017 333 2070 niaco
360 2032 475 2070 cum
501 2016 810 2085 adjacentiis
838 2014 919 2068 vel
945 2013 1260 2082 appenditiis
1289 2011 1418 2074 suis,
1445 2025 1611 2078 quan-

72 2117 170 2158 tum
203 2106 392 2159 ibidem
422 2105 579 2177 ﬁscus
605 2115 784 2157 noster
811 2114 994 2165 tenuit,
1027 2105 1088 2154 ad
1119 2103 1375 2168 integrum
1405 2102 1454 2152 in
1485 2113 1614 2166 pago

72 2194 430 2256 Anthianense,
473 2208 564 2248 seu
606 2201 660 2246 et
701 2193 989 2255 Moiiciaeo,
1025 2187 1296 2251 Walliaco,
1335 2190 1612 2252 'Bellirino,

70 2297 179 2334 cum
205 2281 507 2351 adjacentiis
531 2297 714 2336 earnm
756 2282 806 2333 in
849 2296 979 2347 pago
1010 2283 1352 2332 Atravatense
1380 2293 1393 2328 :
1428 2278 1613 2330 immo~

71 2388 162 2436 qu:
187 2383 238 2427 et
264 2374 434 2426 villam
457 2361 577 2440 qua:
596 2381 817 2440 vocatur
843 2371 918 2425 Te
941 2371 1120 2436 nplum
1150 2371 1346 2430 Martis,
1379 2367 1530 2438 sitam
1563 2367 1613 2418 in

70 2475 194 2527 pago
218 2463 584 2524 Ambiancnsc,
616 2462 680 2514 ad
709 2433 986 2529 int'egrum,
1021 2475 1140 2513 cum
1172 2473 1367 2527 pageua
1393 2458 1459 2510 de
1487 2455 1615 2510 silva

69 2556 129 2604 de
156 2551 347 2605 foreste
374 2563 550 2605 nostra
583 2551 960 2617 Windegonia,
994 2552 1092 2604 hoc
1117 2561 1228 2614 est,
1266 2564 1358 2616 per
1387 2549 1499 2601 loca
1527 2550 1616 2602 de-

69 2641 352 2700 nominata,
388 2655 430 2692 ι
450 2641 554 2694 ﬁne
579 2641 853 2694 Cartainse
888 2655 1050 2708 usque
1076 2641 1128 2692 in
1155 2639 1420 2692 dominico
1449 2639 1614 2702 lacco,

68 2747 152 2795 per
178 2731 375 2784 Siecasi
403 2731 632 2797 derude,
667 2747 759 2799 per
785 2745 1062 2785 cervorum
1092 2730 1368 2792 Marcasio,
1400 2743 1491 2796 per
1523 2728 1612 2780 Ba-

67 2836 228 2891 gu5ta,
259 2839 352 2891 per
382 2827 461 2876 via
505 2825 732 2892 publica,
775 2839 940 2893 usque
984 2825 1340 2878 Fraudehario
1372 2833 1614 2877 'exsaito.

64 2913 308 2968 Similiter
341 2924 392 2967 et
433 2915 728 2982 portionem
761 2913 812 2967 in
852 2916 967 2967 loco
993 2916 1081 2981 qui
1114 2925 1333 2968 vocatur
1359 2899 1616 2977 Taveaco,

65 3021 208 3072 quem
239 3005 500 3060 Prodiiius
527 3007 592 3058 de
624 3005 813 3058 Ursino
842 3005 965 3058 dato
993 3005 1158 3070 pretio
1187 3005 1538 3070 comparavit,
1568 3015 1621 3055 et

64 3098 123 3147 ad
155 3096 337 3149 ﬁscum
369 3107 604 3151 n0strum
633 3097 745 3163 ipse
770 3094 1029 3150 Frodinus
1060 3095 1108 3149 in
1136 3095 1616 3163 compensationem

66 3199 154 3248 pro
195 3185 296 3238 alia
341 3201 398 3239 re
425 3187 588 3248 dedit,
632 3184 685 3238 in
731 3186 846 3253 ipso
882 3200 1018 3254 pago
1047 3185 1418 3250 Ambianense,
1460 3199 1488 3236 a
1535 3183 1665 3251 die:

67 3275 328 3338 praisenti,
374 3272 474 3327 sub
516 3276 714 3342 integra
766 3275 1116 3336 immunitate,
1167 3277 1361 3340 absque
1410 3273 1623 3326 introitu

58 3363 316 3428 judicum,
350 3365 447 3417 visi
482 3364 674 3416 luimus
698 3364 1048 3417 concessisse.
1095 3363 1318 3436 Proinde
1361 3379 1453 3431 per
1491 3364 1625 3416 hanc

62 3453 468 3520 praeceptionem
506 3454 786 3520 specialius
812 3454 1144 3507 decernimus
1173 3468 1288 3505 eSse
1320 3467 1622 3506 mansurum

63 3552 143 3601 nt,
174 3552 278 3594 tam
321 3543 490 3607 ipsum
535 3542 706 3595 locum
748 3541 1021 3595 Corbeiam
1051 3555 1206 3606 quam
1237 3551 1289 3594 et
1327 3543 1623 3608 suprascri-

62 3641 171 3696 ptas
219 3632 402 3696 villas,
459 3646 559 3684 una
606 3645 725 3684 cum
778 3632 967 3694 terris,
1017 3631 1280 3694 domibus,
1329 3632 1622 3698 mancipiis,

56 3721 318 3787 aediﬁciis,-
344 3722 533 3783 vineis,
575 3722 737 3785 silvis,
785 3723 968 3790 pratis,
1003 3723 1228 3790 pascuis,
1261 3720 1543 3785 farinariis,
1574 3732 1626 3776 et

54 3812 256 3864 cunctis
295 3802 636 3879 appenditiis,
677 3812 758 3864 vel
797 3811 938 3880 quod
982 3812 1172 3865 ibidem
1208 3811 1411 3865 iidetur
1447 3814 1625 3879 adspi-

53 3915 191 3957 cere.
237 3914 362 3968 pars
403 3900 568 3968 ipsius
609 3901 916 3954 monasterii
959 3903 1039 3955 vel
1082 3901 1255 3956 munis
1289 3904 1624 3971 congregatio

55 3990 117 4042 de
164 3989 284 4058 ipso
329 3992 652 4046 monasterio
700 3993 872 4046 valeat
915 3993 1184 4060 possidere
1220 3995 1299 4048 vel
1342 3994 1620 4048 dominari.

48 4078 114 4133 Et
143 4083 324 4136 nullus
361 4081 584 4150 quilibet
621 4083 690 4138 de
725 4082 1012 4152 judicibus,
1053 4099 1151 4138 nec
1192 4073 1260 4138 ad
1297 4083 1465 4154 ipsum
1507 4099 1622 4139 mo-

51 4172 343 4226 nasterium
361 4213 378 4238 ,
406 4185 506 4228 nec
531 4173 596 4225 ad
628 4174 866 4226 homines
888 4188 1032 4237 suos,
1067 4189 1162 4228 nec
1193 4175 1243 4228 in
1272 4188 1450 4233 curtes
1479 4194 1622 4245 suas,

51 4261 298 4331 quicquid
331 4277 362 4316 a
396 4261 481 4319 die
511 4265 756 4331 praesenti
790 4262 981 4317 ibidem
1011 4265 1360 4330 contulimus,
1395 4278 1448 4321 et
1485 4272 1621 4338 quod

51 4366 79 4402 a
120 4355 274 4408 nobis
317 4352 402 4407 vel
444 4368 472 4403 a
517 4353 921 4408 succedentibus
950 4353 1156 4406 domnis
1200 4357 1430 4424 regibus,
1475 4360 1554 4412 vel
1593 4373 1620 4411 a

1717 585 1837 653 quid
1871 595 2104 654 tempore
2135 591 2378 653 praesenti
2409 589 2610 641 videtur
2637 591 2926 656 possidere,
2960 603 3045 644 aut
3076 591 3274 657 adhuc,

1718 684 1770 727 ut
1796 676 2044 736 diximus,
2075 691 2103 728 a
2137 664 2289 728 nobis
2318 680 2399 731 vel
2428 693 2456 730 a
2495 678 2892 732 Succedentibus
2919 680 3154 747 regibus,
3189 681 3271 733 vel

1715 779 1742 816 a
1775 765 1812 815 D
1850 782 1932 816 um
1966 767 2267 821 timentibus
2310 769 2605 821 hominibus
2633 770 2758 822 inihi
2790 770 3022 824 additum
3055 771 3136 825 vel
3167 774 3273 823 de-

1717 852 1938 919 legatum
1971 854 2144 918 fuerit,
2181 857 2289 919 ipsa
2327 855 2605 922 judiciaria
2641 869 2871 924 potestas
2915 875 3016 911 non
3067 873 3270 925 praesu—

1715 952 1821 993 mat
1865 943 2096 1009 ingredi,
2142 943 2232 997 sed
2274 960 2394 1012 pars
2435 946 2592 1012 ipsius
2633 946 2933 1000 monasterii
2977 946 3059 1000 Vel
3099 947 3269 998 omnis

1687 1034 2046 1098 congregatio
2077 1032 2265 1085 ibidem
2298 1035 2624 1096 consistens,
2657 1036 2853 1102 absque
2883 1019 3262 1102 introitu’jttdi-

1714 1135 1830 1172 cum
1852 1158 1866 1181 ,
1898 1129 1947 1172 ut
1981 1120 2242 1185 diximus,
2286 1122 2382 1173 sub
2420 1123 2617 1187 integra
2649 1121 3274 1189 iuununitate‘possidere
3338 1159 3352 1170 .

1717 1210 1886 1261 valeat
1915 1209 1996 1263 vel
2028 1210 2305 1263 dominari.
2343 1211 2406 1263 Et
2435 1221 2489 1264 nt
2520 1212 2630 1264 hcce
2661 1214 2940 1279 praeceptio
2971 1220 3148 1264 nostra
3180 1223 3272 1277 pe-

1712 1299 1857 1350 renni
1907 1307 2138 1365 tempore
2184 1300 2464 1352 ﬁrmiorem
2507 1301 2748 1354 obtineat
2792 1301 3044 1367 vigorem,
3087 1314 3181 1352 nos
3219 1307 3275 1352 et

1712 1391 1958 1458 prtecelsa
1990 1390 2222 1460 genetrix
2263 1401 2440 1443 nostra
2474 1391 2816 1445 Baldechildis
2859 1392 3070 1458 regina,
3098 1391 3272 1458 signa-

1712 1478 1844 1532 culis
1871 1493 2055 1532 manus
2086 1489 2274 1532 nostra).
2304 1481 2486 1534 subter
2509 1479 2838 1548 decrevimus
2862 1479 3146 1533 afﬁrmare.

2459 1586 2525 1642 Υ.

1712 1675 1948 1746 Diploma
1981 1693 2079 1744 quo
2114 1673 2366 1730 Clutorius
2403 1679 2764 1746 immunitatem
2800 1677 2862 1729 ab
2905 1676 3041 1728 omni
3083 1675 3273 1727 teloneo

1858 1749 2080 1797 concedit
2109 1748 2402 1798 monasterio
2429 1745 2588 1798 Corbe
2607 1750 2710 1797 ensi
2742 1758 2765 1782 ³
2800 1749 2941 1812 (ann.
2974 1745 3121 1811 660).

1783 1836 2138 1900 Chlutbarius,
2170 1851 2256 1888 iex
2291 1835 2628 1901 Franciirttm,
2657 1834 2736 1888 vir
2761 1836 2998 1894 inluster.
3027 1833 3272 1886 omnibus

1713 1924 1983 1992 agentibus
2012 1933 2118 1977 tam
2151 1923 2496 1992 praesentibus
2526 1940 2680 1992 quam
2717 1925 2936 1990 tuturis.
2976 1924 3275 1991 Cognoscat

1715 2013 2017 2080 magnitudo
2043 2028 2134 2066 seu
2168 2013 2418 2066 industria
2449 2026 2640 2077 vestra,
2674 2029 2767 2080 pro
2805 2011 3062 2067 mercedis
3089 2021 3278 2063 vestra:

1713 2111 1992 2170 augmento
2031 2111 2082 2154 et
2121 2101 2294 2154 divino
2339 2101 2547 2163 intn:tu’,
2599 2103 2700 2167 tale
2741 2117 2834 2153 nos
2875 2101 3139 2154 actoribus
3177 2113 3275 2150 seu

1714 2191 2102 2244 diseursoribus
2160 2192 2462 2244 monasterii
2521 2192 2748 2244 virorqu
2809 2189 3078 2251 Corbeia,
3137 2188 3277 2256 quod

1713 2281 1907 2334 domna
1949 2289 2001 2332 et
2043 2280 2282 2346 genetrix
2331 2292 2509 2334 nostra
2559 2279 2910 2334 Baldechddis
2956 2280 3133 2348 regina
3178 2292 3275 2333 suo

1713 2382 1874 2435 opere
1915 2368 2242 2432 construxit,
2294 2372 2617 2435 praestitisse
2647 2371 2992 2433 benelicium,
3046 2377 3100 2422 ut
3147 2383 3282 2435 quo-

1717 2466 2081 2526 tienscumque
2123 2460 2402 2524 monachi,
2435 2463 2615 2523 missi,
2649 2461 2731 2514 vel
2759 2461 3088 2524 discussores
3118 2459 3280 2525 ipsius

1717 2538 2044 2612 monasterii,
2072 2550 2309 2615 partibus
2341 2550 2644 2616 provincia),
2678 2551 2755 2603 vel
2773 2565 2880 2616 per
2908 2550 3108 2616 reliqua
3143 2549 3280 2611 loca,

1715 2638 1778 2688 ad
1823 2651 2017 2703 cappas
2055 2625 2433 2704 comparandas
2471 2621 2560 2690 aut
2599 2639 2825 2706 reliquas
2863 2637 3282 2706 opportunitates
3329 2623 3332 2625 Δ

1717 2716 1887 2796 ipsius
1907 2729 2214 2784 monasterii
2245 2730 2593 2785 exercendum
2614 2767 2628 2791 ,
2661 2744 2752 2782 seu
2785 2728 3056 2780 cellarium
3089 2725 3286 2779 fuerint

1719 2829 1915 2898 egressi
1943 2826 2284 2882 mercandum
2314 2823 2364 2876 in
2396 2819 2716 2889 quibuslibet
2742 2817 2870 2872 locis
2894 2819 2974 2871 vel
3005 2810 3283 2870 territoriis

1719 2933 1811 2970 seu
1846 2918 2104 2986 partibus,
2137 2915 2450 2978 ubicumque
2479 2911 2738 2961 teloneum
2757 2947 2771 2968 ,
2801 2908 3121 2974 pontaticum
3141 2935 3168 2968 ,-
3198 2920 3283 2958 ru-

1722 3009 1972 3070 taticui'n,
2028 3015 2337 3070 ceterasque
2392 2999 2770 3052 redhibitiones
2819 2997 2976 3050 ﬁscus
3022 3005 3203 3049 noster
3254 3011 3284 3048 a

1723 3096 2139 3157 discursorbus,
2182 3109 2274 3148 seu
2308 3095 2407 3144 iter
2449 3088 2720 3157 agentibus
2750 3088 2960 3157 exigere
2986 3086 3282 3150 consoevit,

1725 3173 1951 3242 habeant
1993 3186 2092 3240 hoc
2122 3161 2364 3238 monachi
2406 3181 2456 3233 in
2497 3179 2602 3248 jam
2631 3179 2770 3231 dicto
2814 3177 3134 3230 monasterio
3160 3175 3289 3228 Cur-

1726 3278 1837 3332 heia
1875 3277 2240 3335 consistentes,
2289 3285 2392 3324 tam
2441 3280 2726 3337 prmsentes
2765 3283 2918 3332 quam
2962 3268 3011 3319 in
3056 3264 3282 3345 futurum

1722 3368 1848 3420 inibi
1895 3366 2268 3423 advenientes,
2325 3361 2373 3412 iu
2425 3359 2668 3412 omnibus
2719 3355 2974 3408 indultum
3024 3350 3287 3421 simulque

1723 3471 2050 3510 concessum.
2085 3452 2152 3504 Ea
2184 3452 2386 3506 scilicet
2429 3450 2632 3503 ratione
2671 3455 2727 3498 nt
2769 3460 2938 3513 neque
2973 3458 3088 3509 nos,
3119 3459 3290 3512 neque

1718 3547 1986 3615 juniores,
2017 3552 2106 3596 aut
2144 3552 2481 3603 successores
2513 3538 2674 3590 no~tri
2695 3576 2710 3598 ,
2743 3535 2850 3588 ullo
2883 3545 3109 3603 unquam
3151 3543 3288 3587 temo

1724 3651 1872 3707 pore,
1902 3637 1967 3688 de
2006 3649 2070 3688 eo
2112 3633 2248 3701 quod
2293 3629 2536 3698 superius
2577 3627 2898 3693 continetur,
2939 3639 2968 3677 a
3013 3624 3288 3678 monachis

1722 3738 1813 3781 aut
1839 3727 2013 3780 missis
2038 3727 2116 3777 vel
2147 3721 2534 3776 discursoribus
2559 3719 2722 3787 ipsius
2745 3717 3046 3770 monasterii
3072 3719 3287 3783 exigere

1725 3834 1820 3873 nec
1869 3818 2172 3882 requirere,
2225 3814 2344 3866 ullis
2393 3812 2522 3864 locis
2568 3809 2790 3875 ullisque
2837 3807 3107 3859 ordinibus
3153 3806 3288 3858 intra

1725 3910 1977 3962 terminos
2008 3905 2150 3973 regni
2197 3901 2361 3955 nostri
2402 3898 2749 3968 praesumatis.
2778 3895 2882 3949 Sed
2912 3902 2970 3946 ut
2997 3909 3157 3959 super
3191 3901 3284 3944 na-

1725 4000 1878 4052 betur
1907 3999 2159 4053 inSertum
2183 4033 2198 4058 ,
2233 3982 2652 4056 liabeantipsum
2684 3984 2995 4039 beneﬁcium
3022 3982 3130 4051 jam
3161 3983 3286 4034 dicti

1725 4085 1968 4142 monachi
2014 4093 2210 4138 sancta:
2252 4078 2670 4150 congregationis
2704 4075 2928 4129 Corbeia
2973 4074 3293 4127 monastero

1724 4190 1776 4234 et
1806 4189 2011 4232 actores
2040 4190 2224 4229 eorum
2247 4212 2262 4234 ,
2294 4188 2356 4227 ex
2400 4181 2595 4225 nostra!
2635 4168 2888 4238 largitatis
2930 4167 3288 4221 muniﬁcent'a

1723 4284 2033 4328 concessum
2071 4268 2332 4332 simulque
2376 4265 2664 4323 indultum,
2706 4276 2809 4328 quo
2855 4257 3022 4326 potius
3061 4257 3287 4310 delectet

1726 4368 1887 4433 ipsam
1917 4368 2150 4415 sanctam
2183 4355 2638 4423 congregationem
2665 4368 2726 4406 ex
2768 4354 2882 4418 ipso
2912 4348 3164 4404 beneﬁcio
3196 4364 3290 4415 pro

55 4444 215 4496 Deum
266 4444 578 4498 timentibus
626 4443 927 4500 hominibus
970 4445 1095 4500 inibi
1153 4445 1308 4500 fuerit
1355 4448 1619 4510 collatum,
1657 4455 2007 4531 Dsiabilitato
2052 4448 2194 4514 regni
2241 4446 2403 4499 nostri
2452 4442 2655 4496 Domini
2703 4440 3114 4494 misericordiam
3160 4454 3288 4494 cui.

51 4551 144 4587 nec
166 4533 236 4588 ad
258 4547 467 4589 causas
496 4535 834 4598 audiendum,
864 4550 959 4590 nec
987 4535 1130 4590 l‘rcda
1162 4536 1495 4608 exigendum,
1524 4554 1619 4593 nec

50 4631 357 4684 mansiones
387 4625 716 4693 faciendum,
736 4641 832 4681 nec
861 4638 1067 4695 paratas
1097 4630 1485 4698 requirendum,
1518 4650 1615 4689 nec

47 4807 84 4846 ι.
118 4791 216 4853 vn,
245 4789 356 4844 col.
387 4785 513 4852 sas,
554 4785 842 4850 Hardnini,
875 4796 911 4840 t.
949 4787 1040 4845 ιιι.
1070 4788 1176 4840 col.
1217 4753 1372 4851 nios,
1404 4799 1531 4848 ωας
1575 4789 1625 4840 in

47 4863 346 4917 Annalibus
378 4857 602 4921 Coinlii,
647 4867 685 4910 t.
734 4857 831 4915 ΙΙΙ,
865 4870 980 4920 pag.
1016 4855 1148 4917 428;
1195 4857 1245 4908 in
1289 4858 1430 4910 Nova
1463 4858 1626 4910 Gallia

47 4932 379 4991 Christiana,
412 4937 449 4980 t.
482 4925 549 4993 Χ,
582 4932 706 4980 inst.
739 4939 855 4993 pag.
884 4925 1017 4985 28l;
1065 4925 1202 4993 inter
1242 4927 1412 4993 Opera
1455 4927 1625 4993 diplo-

52 5001 239 5055 matica
284 4997 480 5060 nimi,
512 4991 548 5048 ιζ
583 4997 620 5060 l,
653 4991 774 5062 pag.
798 4991 931 5058 658;
975 5004 1028 5046 et
1067 4995 1117 5046 in
1149 4991 1470 5058 Collectione
1499 4991 1628 5047 sci-i-

51 5083 259 5138 pturum
291 5081 476 5138 rerum
510 5064 899 5138 Francicaruni,
945 5076 982 5118 t.
1014 5064 1098 5126 IV,
1132 5078 1248 5138 pag.
1276 5063 1400 5116 642.
1429 5063 1626 5138 Eleum.

47 5133 117 5194 ria
146 5151 233 5192 est
259 5135 468 5191 conditi
513 5133 820 5186 monaSIerii
846 5134 912 5186 de
939 5149 1044 5200 quo
1071 5136 1260 5200 agitur,
1306 5146 1397 5198 per
1428 5133 1624 5184 Balbil-

45 5213 163 5262 item
208 5221 310 5260 seu
365 5203 761 5258 Itatilecln'ldem
811 5202 1080 5270 reginam,
1133 5204 1183 5254 in
1239 5203 1350 5254 Vita
1400 5201 1512 5266 ejus
1559 5203 1626 5253 ab

45 5290 316 5346 anonymo
347 5273 547 5346 scripta
569 5287 680 5346 ‘th
708 5273 930 5346 ssi-culo,
957 5271 1109 5346 inter
1151 5276 1280 5346 Acta
1325 5281 1622 5322 sanctorum

46 5339 250 5400 ordinis
277 5341 459 5396 sancti
494 5341 758 5396 Benedicti
783 5357 812 5393 a
837 5339 1138 5393 blabillonio
1163 5340 1391 5405 vulgata,
1425 5352 1530 5391 sec.
1567 5354 1622 5399 ιι,

49 5429 90 5474 ι.
121 5413 184 5478 ΙΙ,
213 5428 338 5482 pag.
371 5409 759 5482 ’ῖρἸηυθξιιιιι
783 5413 847 5482 in
864 5411 1148 5478 diplomate
1181 5419 1318 5482 notans
1344 5408 1624 5482 chronolo.

50 5474 597 5556 gicg'xt'anntonius
640 5479 764 5556 illud
805 5474 1180 5556 circa_aniit1m
1221 5474 1322 5556 osa
1363 5477 1624 5556 collocan-

49 5545 169 5608 dum
195 5562 412 5613 censet,
445 5549 529 5606 cui
561 5551 897 5602 assentimur.
923 5549 1056 5600 Cum
1083 5546 1220 5599 enim
1253 5545 1320 5596 ibi
1357 5553 1622 5597 monaste-

49 5629 184 5678 rium
226 5636 256 5674 a
295 5616 648 5674 'Baldechilde
686 5617 950 5670 conditum
994 5616 1284 5682 appelletur
1327 5616 1625 5668 nominibus

48 5697 141 5750 SS.
171 5692 326 5750 Petri
359 5699 415 5745 et
446 5688 610 5753 l’auli,
633 5699 688 5743 ct
717 5695 838 5742 tunc
862 5688 1091 5756 primum
1119 5687 1166 5739 ei
1193 5699 1442 5740 concessa
1473 5683 1626 5738 luerit

1731 4558 1868 4598 rare.
1915 4542 1980 4594 Et
2022 4548 2078 4593 ut
2116 4537 2228 4590 inec
2268 4534 2545 4602 prmceptio
2584 4531 2780 4585 ﬁrmior
2823 4529 3074 4583 habeatur
3102 4540 3153 4583 et
3192 4545 3286 4597 per

1725 4641 1960 4696 tempora
1988 4635 2348 4686 cdnservetur,
2393 4637 2490 4677 nos
2530 4631 2582 4675 et
2623 4611 2870 4688 prtecelsa
2913 4617 3149 4685 genetrix
3192 4633 3286 4671 no-

1728 4784 1945 4839 Corbeia
1978 4781 2121 4844 villa,
2154 4777 2358 4831 videtur
2385 4774 2483 4826 hoc
2510 4769 2739 4846 diploma
2765 4767 2941 4820 datum
2975 4765 3133 4846 fuisse
3162 4775 3284 4845 ante

1728 4858 1974 4915 alterum,
2022 4841 2158 4917 quod
2206 4850 2341 4899 idem
2387 4859 2475 4917 rex
2523 4841 2700 4917 emisit
2745 4854 2882 4917 anno
2921 4851 2949 4884 v
2991 4841 3136 4904 regni
3177 4841 3278 4913 sui,

1768 4910 1973 4988 uodqne
2003 4910 2240 4988 proxime
2264 4915 2518 4988 sequitur,
2555 4911 2603 4962 in
2635 4910 2864 4988 quantine
2901 4910 3277 4988 monasteritnn

1727 4977 1966 5046 Corbeim
1991 4977 2203 5041 nomine
2225 4985 2330 5050 jam
2344 4977 2676 5047 designatur.
2694 4977 2834 5050 illud
2864 4987 3035 5028 autem
3062 4977 3282 5050 alterni-it

1725 5040 2131 5115 iits-trtim'entum
2179 5040 2357 5106 datum
2400 5040 2513 5111 luit,
2559 5057 2615 5099 ιιι
2658 5046 2833 5122 videre
2873 5040 3284 5122 est.col.._128§,

1729 5112 1868 5184 anno
1896 5145 1922 5180 ν
1956 5128 2098 5192 regni
2140 5123 2376 5180 t;|otarii,
2420 5121 2518 5192 die
2549 5112 3041 5192 x_xitr__Deceiiihris,
3087 5113 3140 5163 id
3183 5121 3284 5177 est,

1730 5183 1957 5253 nonduin
1989 5183 2201 5260 e‘xpleto
2230 5206 2368 5244 anno
2397 5188 2588 5260 Christi
2621 5183 2744 5260 (ιω).
2841 5207 2874 5260 ~__

1801 5247 2118 5319 ἐπ”ιᾲὶέιέιιίη
2141 5252 2900 5327 Com-iliisGallizesirtnundi,
2919 5247 3017 5327 i_,_t,
3033 5263 3146 5327 pag.
3163 5247 3291 5327 sui;

1727 5339 1778 5390 in
1809 5316 2497 5401 tlowllecrtiune‘conciliorum
2515 5340 2564 5401 _a_
2586 5323 2815 5379 Labbeo.
2835 5329 2903 5401 ι..
2927 5317 3010 5401 Π...
3035 5321 3134 5401 col.
3151 5316 3284 5401 bid,

1729 5388 2019 5466 llardumo,
2070 5411 2108 5456 ι.
2157 5400 2244 5464 Ill,
2287 5400 2388 5453 col.
2439 5396 2596 5466 tOlO,
2628 5398 2851 5466 (aequet
2894 5391 2942 5439 in
2972 5388 3291 5466 Collectione

1727 5455 2042 5540 scriptorum
2074 5455 2246 5524 reruni
2281 5455 2669 5540 [franciearunn
2698 5471 2734 5513 ι.
2770 5458 2855 5521 IV,
2889 5471 3003 5540 pag.
3029 5455 3152 5540 6.55.
3182 5460 3290 5540 et:

1731 5524 2069 5608 niis'quinttts
2109 5539 2253 5608 regni
2281 5534 2492 5590 Clotarii
2525 5533 2624 5608 ιιι,
2660 5524 2693 5581 'a
2727 5540 2920 5608 morte
2947 5524 3193 5608 Clt‘td9vei
3249 5524 3287 5576 ll

1732 5597 2006 5677 repet-itus,
2038 5597 2308 5663 exordium
2339 5603 2563 5671 sumpsit
2595 5612 2775 5653 mense
2804 5597 3117 5665 Septembri,
3150 5608 3287 5646 anno

1731 5683 1925 5735 Christi
1957 5678 2078 5753 UQO.
