3840 6242
511 312 642 370 1287

1543 294 1784 351 FRANC.
1828 295 2090 351 REG.‘|\'
2133 295 2365 352 PRIMA}
2403 295 2660 354 STIRPIS

3563 317 3582 370 i
3591 318 3670 373 9.88

511 427 672 490 igitur
704 420 753 471 in
803 417 1056 481 integrum
1109 410 1205 463 hoc
1254 415 1432 461 nostro
1474 407 1833 461 concessionis
1861 405 2055 461 beneﬁ-
2085 410 2128 464 Α
2162 419 2266 458 non
2298 405 2365 458 de
2414 407 2666 459 canonica
2714 405 3039 464 institutione
3087 414 3415 478 convellitur.
3458 422 3668 493 Quidquid

508 517 649 568 cium
682 511 886 562 lirmum
921 517 1037 557 esse
1067 501 1327 564 volumus,
1361 508 1416 552 ut
1441 497 1550 566 jam
1583 497 1752 551 dictus
1784 496 2054 564 pontifex,-

505 601 573 654 de
603 601 711 666 ipsa
746 596 869 648 villa
919 589 1187 644 Barisiaco
1211 627 1227 653 ,
1275 597 1328 640 et
1369 586 1438 640 de
1467 585 1623 639 rebus
1655 584 1718 637 ad
1751 599 1864 639 eam
1899 587 2056 652 perti-

508 687 776 745 nentibus,
798 679 1043 742 habendi,
1065 676 1296 742 tenendi,
1315 676 1458 728 freda
1482 674 1744 742 exigendi,
1761 675 2056 729 mansiones

505 774 751 835 faciendi,
779 770 960 832 dandi,
981 764 1372 827 commutandi,
1401 765 1484 817 vel
1514 762 1768 831 quidquid
1801 762 2057 831 elegerint

507 863 752 924 faciendi,
780 863 994 914 liberam
1023 872 1086 910 ac
1113 856 1466 908 ﬁrmissimam
1497 862 1845 920 pernostram
1876 862 2056 905 aucto-

507 957 710 1008 ritatem
757 953 949 1004 habeat
991 955 1324 1016 potestatem.
1381 943 1598 1009 Insuper
1627 957 1813 996 omnes
1844 956 2056 996 succes-

501 1059 649 1098 sores
703 1051 914 1095 nostros
970 1051 1064 1105 per
1113 1051 1304 1088 nomen
1355 1033 1560 1088 Domini
1606 1033 1949 1100 adjuramus,
2000 1042 2057 1086 ut

503 1133 675 1186 nullus
715 1144 897 1184 eorum
947 1129 1116 1194 ipsam
1158 1126 1366 1187 villam,
1417 1139 1534 1178 cum
1583 1124 1830 1178 omnibus
1878 1125 1943 1176 ad
1995 1137 2054 1178 se

502 1221 907 1292 pertinentibus,
940 1220 1133 1271 donnio
1169 1217 1307 1269 Patri
1340 1215 1580 1269 Amando
1611 1216 1693 1270 vel
1713 1217 1834 1270 suis
1869 1231 2054 1268 mona-

506 1314 621 1366 chis
671 1310 880 1364 auferre
928 1315 1235 1378 presumat,
1291 1309 1375 1360 vel
1429 1307 1586 1360 ullam
1638 1308 2050 1376 inquietudinem

503 1401 716 1454 iaciant.
768 1388 917 1464 Qiiod
949 1397 1263 1462 quicumque
1292 1404 1374 1447 est
1406 1394 1497 1447 iile
1528 1394 1711 1448 fecerit
1737 1433 1752 1458 ,
1795 1394 2052 1462 judicium

503 1498 675 1557 portet
721 1496 774 1540 et
819 1486 1134 1540 sententiam
1183 1483 1537 1539 damnationis
1582 1484 1839 1537 incurrat.
1893 1485 1956 1536 Et
1999 1494 2055 1536 ut

510 1579 604 1631 hcc
643 1575 926 1629 auctoritas
960 1574 1098 1626 circa
1145 1573 1314 1640 ipsum
1348 1572 1645 1640 pontificem
1685 1582 1734 1624 et
1768 1571 2054 1626 monachos

510 1672 626 1738 ejus
658 1668 858 1736 ﬁrmior
887 1666 1162 1734 habeatur,
1205 1675 1259 1719 et
1304 1679 1396 1730 per
1435 1673 1669 1732 tempora
1718 1664 2052 1718 Succedentia

507 1767 762 1826 perpetuo
791 1762 1154 1816 conservetur,
1186 1763 1239 1805 et
1269 1767 1386 1819 ego,
1417 1752 1540 1806 dum
1574 1759 1783 1819 propter
1816 1751 2048 1804 imbecil-
2085 1739 2126 1796 Β

515 1847 616 1897 lani
649 1856 854 1898 :L'latem
881 1843 1094 1896 minime
1121 1843 1260 1908 potui
1287 1841 1640 1904 subscribere,
1666 1855 1822 1892 manu
1847 1841 2052 1907 propria

513 1933 918 2002 subtersignavi,
937 1942 992 1983 et
1022 1931 1201 1998 regina
1227 1929 1640 1996 subterscripsit.
1674 1929 1889 1997 Signum
1912 1928 2056 1982 Chil-

504 2024 668 2078 dorici
701 2024 858 2090 regis.
908 2019 1268 2074 Chincchildis
1300 2022 1475 2087 regina
1505 2019 1812 2086 subscripsi.
1869 2021 2053 2071 Datum

504 2111 601 2165 sub
630 2111 715 2164 die
751 2108 962 2162 kalend.
999 2110 1257 2176 Augustas
1288 2120 1426 2159 anno
1455 2121 1488 2158 ll
1509 2147 1524 2173 ,
1574 2114 1830 2176 regnante
1860 2105 2055 2169 domno

506 2213 685 2259 nostro
712 2201 1003 2257 Childerico
1034 2215 1156 2268 rege
1179 2209 1225 2252 ο.

511 2377 750 2456 Diploma
779 2400 878 2454 quo
902 2381 1213 2456 Citildericus
1245 2376 1909 2456 dona_confert‘Senonensi
1952 2392 2053 2428 mo-

809 2453 1050 2515 nasterio,
1083 2453 1132 2501 in
1161 2448 1358 2517 Vosago
1382 2447 1404 2481 ¹¹
1435 2452 1578 2516 (ann.
1605 2447 1748 2513 b'ﬁl).

579 2565 933 2628 Cbilderieus,
964 2577 1058 2617 rex
1093 2560 1444 2622 Francorum,
1484 2555 1727 2610 omnibus
1766 2555 1890 2608 viris
1930 2568 2054 2620 apo-

506 2660 708 2714 stolicis
739 2657 972 2726 patribus
1003 2651 1230 2713 nostris,
1284 2663 1381 2701 nec
1430 2661 1533 2698 non
1581 2644 1888 2698 inlustribus
1928 2643 2057 2696 viris

506 2747 807 2807 comitibus,
829 2743 915 2797 vel
942 2740 1187 2795 omnibus
1209 2736 1540 2790 audientibus
1569 2744 1622 2787 et
1652 2733 1856 2787 futuris.
1888 2731 2056 2798 Oper-

511 2849 591 2892 tet-
614 2835 948 2891 clementiam
999 2831 1227 2900 regalem
1279 2829 1415 2880 inter
1446 2826 1724 2893 petitiones
1756 2833 2053 2876 ceterorum

514 2927 775 2995 praecipue
805 2921 1168 2990 sacerdotibus
1211 2917 1304 2971 Dei
1353 2916 1578 2981 benigne
1624 2913 1857 2965 auditum
1897 2925 2050 2965 arco~

511 3015 756 3078 modare,
789 3012 1033 3080 quodque
1063 3025 1155 3076 pro
1189 3008 1376 3060 timore
1405 3004 1564 3057 divini
1608 3003 1835 3056 nominis
1879 3009 2057 3067 postu-

508 3110 666 3170 latur,
702 3116 922 3170 punaiur
952 3101 1015 3151 ad
1047 3098 1286 3152 cliertum
1307 3137 1322 3160 ,
1367 3106 1421 3147 ut
1450 3110 1515 3148 eo
1547 3096 1636 3146 ﬁat
1661 3092 1724 3144 ad
1756 3091 2051 3145 mercedem

510 3209 613 3263 quo
639 3192 810 3246 servis
839 3190 930 3244 Dei
963 3187 1205 3254 congruit
1235 3184 1298 3237 ad
1329 3185 1578 3251 quietem.
1629 3182 1776 3247 Quod
1807 3180 1945 3235 enim
1981 3190 2056 3232 ta-

515 3286 653 3338 libus
683 3283 868 3335 devota
899 3289 1072 3331 mente
1103 3275 1441 3343 impenditur,
1468 3272 1634 3340 major
1662 3273 1851 3324 exinde
1881 3271 2057 3336 procul

519 3371 678 3424 dubio
708 3383 911 3422 merces
940 3365 1252 3435 adquiritur,
1303 3364 1436 3415 sicut
1481 3361 1736 3428 scriptum
1766 3369 1880 3412 est:
1933 3358 2058 3411 Dis-

514 3466 699 3531 persit,
729 3461 872 3513 dedit
904 3457 1218 3527 pauperibus
1245 3474 1256 3508 :
1304 3455 1505 3523 justitia
1535 3454 1647 3520 ejus
1680 3461 1856 3511 manet
1889 3452 1936 3504 in
1969 3465 2055 3502 se-

509 3553 685 3608 culum
717 3551 900 3606 seculi.
949 3553 970 3580 ε
996 3547 1384 3601 Gundelhcrtus
1431 3546 1604 3612 igitur,
1635 3543 1916 3609 episcopus
1947 3541 2058 3594 sive

517 3645 674 3708 abba,
697 3640 1071 3695 monasterium
1102 3639 1150 3689 in
1178 3637 1377 3690 honore
1400 3643 1594 3686 sancta:
1617 3632 1789 3684 Maria:
1817 3641 1870 3683 et
1891 3629 2057 3682 sancti

513 3735 650 3789 l‘etri
701 3732 1074 3797 sociorumque.
1110 3726 1254 3796 ejus,
1307 3726 1358 3778 in
1408 3721 1957 3794 pagoCalvomontisi
2007 3721 2058 3774 in

474 3813 487 3822 ’
513 3824 742 3893 γυειιεο,
788 3835 948 3888 super
979 3818 1245 3872 ﬁuviolnm
1279 3815 1612 3868 Rabadonem
1647 3813 1788 3866 visus
1819 3820 1898 3866 est
1927 3810 2056 3864 tedi-

517 3919 738 3979 licasse,
811 3910 898 3963 ubi
952 3909 1224 3976 plurimam
1277 3907 1341 3960 ad
1397 3919 1627 3974 praesens
1680 3902 2057 3957 monachorum

521 4005 725 4058 turbam
763 4002 994 4055 noscitur
1023 3999 1306 4052 adunasse.
1359 3995 1520 4064 llujus
1549 3995 1721 4063 itaque
1750 3992 1846 4046 viri
1892 3993 2058 4046 sancti

513 4092 766 4165 petitione
794 4100 1060 4156 suscepta,
1091 4099 1143 4139 ut
1177 4087 1377 4140 scilicet
1405 4085 1681 4138 clementia
1711 4094 1888 4138 nostra
1918 4085 2061 4150 quie-

517 4196 622 4238 tem
648 4185 876 4250 ipsorum
903 4192 1169 4234 servoruin
1196 4177 1289 4230 Dei
1317 4176 1662 4243 prmceptione
1685 4175 1876 4245 vigoris
1898 4175 2062 4226 nostri

514 4275 700 4329 debeat
747 4273 1036 4341 robprare,
1094 4269 1284 4336 placuit
1333 4267 1451 4321 huic
1499 4275 1690 4320 nostra:
1739 4265 2062 4319 auctoritatis

2157 495 2465 548 domesticis
2493 494 2614 549 ﬁdei
2646 511 2738 563 pro
2767 499 3156 567 tranquillitatis
3184 504 3438 561 beneﬁcio
3463 516 3668 569 concedi.

2157 593 2259 637 tur.
2291 584 2399 639 Nec
2425 596 2668 639 causetur
2693 587 2954 654 quispiam
2987 592 3134 665 quasi
3165 608 3355 648 novum
3386 613 3478 651 nos
3501 602 3667 670 aliquid

2157 676 2238 730 vel
2272 676 2574 730 inusitatum
2602 677 2886 744 stabilisse,
2918 694 3038 734 cum
3069 684 3376 752 antiquitus,
3399 689 3536 754 juxta
3563 708 3670 750 cono

2157 766 2484 821 stitulionem
2539 769 2874 836 pontiﬁcum,
2930 785 3024 838 per
3073 773 3297 840 regalem
3347 780 3670 844 sanetionein,

2158 856 2440 910 multorum
2463 867 2759 940 sanctorum
2785 862 3099 913 monasteria
3121 862 3219 916 sub
3239 866 3421 918 eodem
3447 867 3670 926 libertatis

2156 943 2431 998 videantur
2460 937 2753 1015 privilegio,
2795 963 2897 1015 quo
2939 959 2994 1002 et
3041 965 3275 1016 praesens
3307 955 3536 1008 volumus
3571 973 3669 1013 cum

2157 1033 2249 1087 Dei
2279 1036 2540 1102 adjutorio
2572 1037 2936 1102 praemunitum
2967 1038 3276 1092 clinsistere.
3332 1041 3546 1109 Ideoque
3573 1061 3672 1112 pr...

2158 1135 2272 1190 pter
2301 1141 2492 1178 nomen
2523 1125 2721 1178 Domini
2751 1141 2798 1181 et
2829 1127 3116 1181 Salvatoris
3146 1131 3310 1182 nostri
3341 1131 3460 1184 Jesu
3487 1134 3669 1200 Christi,

2155 1216 2399 1284 quicquid
2457 1215 2566 1282 ipse
2617 1216 2844 1269 domnus
2893 1214 3280 1272 Gutidelbertus
3332 1235 3395 1272 ex
3447 1226 3670 1288 permissu

2157 1316 2340 1359 nostro
2371 1306 2421 1360 in
2451 1305 2658 1373 Vosago
2690 1306 2943 1360 laboravit
2971 1321 3130 1376 super
3159 1309 3426 1364 ﬁuviolum
3454 1312 3666 1367 Rabadno

2157 1412 2274 1449 nem
2299 1437 2312 1460 ,
2352 1407 2404 1450 et
2432 1395 2867 1449 Grandemrivum
2897 1405 2951 1451 et
2984 1399 3327 1462 Dulonosum,
3365 1403 3670 1457 concedimus

2158 1486 2221 1538 ad
2253 1485 2858 1552 ipsum’monasterium,
2898 1483 3212 1540 Senonicum
3242 1489 3468 1551 dietum,
3497 1492 3621 1558 quod
3648 1509 3670 1542 a

2158 1590 2294 1628 novo
2320 1576 2594 1630 aediﬁcavit
2641 1591 2734 1644 per
2767 1577 2894 1632 ﬁnes
2935 1585 2989 1629 et
3028 1577 3309 1644 marcliias,
3345 1581 3582 1634 terminos
3606 1586 3672 1637 vel

2158 1665 2403 1730 conﬁnia,
2434 1664 2484 1717 id
2512 1674 2593 1718 est
2621 1663 3087 1728 Pertulumvillare,
3116 1665 3415 1735 Almarega,
3455 1680 3604 1735 usque
3631 1671 3671 1722 in

2154 1769 2386 1808 summas
2414 1754 2734 1819 campanias,
2767 1763 2819 1806 et
2845 1754 3065 1808 Medium
3098 1765 3350 1818 mentem,
3395 1765 3447 1808 et
3488 1758 3609 1810 l‘etri
3647 1774 3669 1808 δ

2157 1837 2442 1899 Funtanam
2492 1845 2630 1900 inter
2672 1846 2802 1898 duas
2851 1855 3046 1899 stratas
3093 1861 3258 1914 usque
3308 1843 3357 1899 iii
3411 1848 3670 1908 Bruscam.

2155 1933 2484 1998 Marcofeldis
2525 1949 2643 1987 cum
2692 1933 3152 1996 Rotundomonte;
3205 1935 3394 1986 deinde
3440 1935 3486 1987 in
3533 1946 3672 1987 strata

2155 2024 2508 2079 Sarmatarum
2542 2039 2705 2092 usque
2734 2025 2784 2078 in
2813 2025 3128 2092 Marisanga,
3160 2041 3277 2079 cum
3309 2025 3556 2078 Dolosana
3581 2026 3676 2078 lon-

2156 2123 2298 2179 tana,
2328 2128 2445 2168 cum
2477 2114 2677 2167 llurino
2711 2125 2907 2180 monte,
2939 2125 3135 2169 etcum
3168 2116 3279 2183 ipsa
3309 2115 3515 2168 {uiitana
3544 2117 3676 2169 lluri‘

2154 2219 2286 2272 nega
2328 2215 2381 2256 et
2423 2204 2638 2258 Foreste
2664 2204 2950 2258 abitatione
2972 2246 2987 2271 ,
3043 2220 3206 2272 usque
3240 2209 3290 2256 in
3323 2206 3635 2258 liabadoneru
3661 2245 3675 2270 ,

2102 2359 2108 2364 _
2154 2311 2270 2349 cum
2303 2296 2488 2360 Pigero
2516 2297 2700 2348 rivulo.
2735 2297 2856 2349 ﬂre
2887 2297 3059 2348 omnia
3089 2296 3418 2349 denominata
3449 2311 3557 2349 curn
3587 2306 3676 2350 ter-

2157 2385 2312 2436 minis
2342 2398 2546 2449 rerum,
2590 2385 2670 2437 vel
2714 2382 2967 2450 quidquid
3001 2384 3050 2435 in
3082 2383 3524 2447 Calvomontinsi,
3568 2385 3678 2436 Sue-

2159 2471 2300 2535 tinsi,
2335 2471 2522 2524 Salinsi
2637 2485 2729 2524 seu
2761 2485 2877 2524 cum
2909 2469 3153 2522 oinnibus
3183 2469 3312 2522 locis
3341 2469 3535 2523 videtur
3560 2469 3677 2524 idem

2157 2559 2530 2613 monasterium
2576 2561 2628 2612 in
2675 2560 2918 2626 praesenti
2967 2558 3239 2627 possidere
3271 2559 3347 2612 vel
3389 2561 3570 2627 poterit
3602 2559 3680 2610 ad-

2155 2649 2386 2716 quirere,
2409 2649 2694 2703 secundum
2723 2650 2855 2702 hanc
2881 2657 3074 2702 nostra:
3097 2647 3442 2717 delegationis
3464 2650 3676 2717 paginam

2159 2740 2421 2793 liberrima
2465 2740 2564 2792 sibi
2611 2739 2910 2806 illibataque
2946 2747 3310 2805 permaneant.
3361 2739 3465 2792 Hoc
3495 2740 3676 2806 inaug-

2159 2842 2386 2882 mentum
2415 2829 2648 2882 adhibito
2668 2869 2682 2895 ,
2728 2838 2782 2881 ut
2813 2829 2986 2886 nullus
3017 2829 3224 2896 penitus
3247 2831 3514 2896 judicuin,
3561 2843 3682 2896 pra:-

2157 2921 2423 2974 sumtione
2456 2934 2549 2972 sua
2579 2921 2662 2974 vel
2695 2919 2970 2988 cujuslibet
3003 2921 3227 2975 hominis
3259 2920 3488 2985 licentia,
3524 2921 3683 2988 praela-

2161 3017 2266 3061 tum
2293 3011 2662 3062 m0nasterium
2684 3009 2880 3076 absque
2899 3011 3164 3062 voluntate
3187 3011 3418 3077 ipsorum
3443 3024 3680 3062 servorun:

2117 3100 2129 3112 '
2165 3098 2254 3150 Dei
2285 3099 2335 3149 in
2365 3085 2576 3150 alterius
2607 3097 2832 3149 hominis
2853 3098 2938 3164 jus
2959 3101 3038 3150 vel
3065 3099 3354 3151 dominium
3383 3098 3562 3152 audeat
3586 3114 3678 3152 ver-

2165 3197 2297 3249 tere,
2332 3186 2411 3238 vel
2441 3186 2648 3237 sibimet
2681 3202 2935 3254 Usttt'pat‘e
2962 3187 2978 3236 ε’
3019 3196 3071 3239 et
3098 3187 3141 3239 si
3169 3187 3268 3239 hoc
3299 3188 3478 3241 fecerit
3503 3229 3516 3252 ,
3564 3189 3680 3255 quod

2164 3279 2387 3345 primum
2420 3289 2532 3342 est,
2585 3281 2712 3330 iram
2747 3279 2835 3332 Dei
2869 3280 3116 3342 incurrat,
3151 3291 3202 3334 et
3235 3281 3427 3349 regalis
3457 3279 3682 3335 oﬂ'ensani

2161 3368 2340 3435 gratia:
2368 3350 2651 3426 sustineat;
2674 3367 2801 3418 lilud
2828 3369 2984 3421 etiam
3012 3369 3160 3420 nobis
3189 3385 3285 3436 pro
3315 3370 3511 3436 integra
3537 3370 3683 3422 visqu

2162 3468 2242 3512 cst
2271 3457 2514 3511 mercede
2543 3457 2870 3520 addendum,
2923 3465 2979 3510 ut
3009 3465 3112 3509 tam
3145 3458 3263 3510 illas
3294 3472 3412 3524 qua:
3441 3472 3501 3510 et
3533 3467 3684 3508 nostra

2164 3548 2439 3614 largitione
2458 3588 2470 3611 ,
2514 3563 2668 3615 quam
2697 3562 2787 3603 eas
2815 3563 2928 3614 qua:
2958 3562 3024 3600 ex
3059 3544 3412 3615 adquisitione
3452 3559 3538 3597 sui
3562 3545 3684 3598 dele-

2164 3637 2370 3704 gitinnc
2427 3646 2756 3706 posterorum
2809 3638 2872 3688 ad
2928 3639 3270 3704 swpedictum
3329 3634 3676 3689 monast'rinin

2163 3727 2419 3782 devoluta;
2458 3726 2654 3780 fuerint
2697 3715 3090 3794 p0ssessiones,
3142 3728 3281 3780 nulla
3315 3716 3534 3795 unquam
3565 3725 3683 3793 judiq

2165 3823 2323 3874 ciaria
2355 3829 2606 3888 potestas,
2633 3835 2729 3873 nec
2758 3834 3006 3887 praisens,
3031 3833 3125 3872 nec
3149 3819 3419 3880 succidua,
3445 3818 3505 3871 ad
3526 3830 3684 3871 causas

2166 3910 2478 3964 audiendum
2507 3919 2595 3961 aut
2620 3908 2812 3975 aliquid
2842 3909 3152 3976 exigendum
3182 3916 3464 3985 praesumat
3490 3905 3682 3972 ingredi,

2168 4004 2259 4056 sed
2295 4003 2393 4055 sub
2430 4001 2769 4054 immnnitatis
2796 4000 3085 4066 privilegio,
3118 3999 3215 4052 hoc
3245 4002 3434 4066 ipsum,
3456 4004 3682 4052 monaste-

2168 4091 2304 4144 rium
2335 4091 2415 4142 vel
2446 4087 2780 4157 congregatio
2809 4104 2900 4140 sua
2933 4103 2956 4140 s
2982 4088 3143 4141 bimet
3169 4099 3316 4157 extra
3348 4101 3524 4140 omnes
3557 4087 3683 4138 ﬁscos

2169 4183 2395 4236 debeant
2437 4181 2737 4248 possidere;
2789 4189 2842 4233 et
2889 4180 3305 4250 quidquidginde
3346 4181 3500 4234 ﬁscus
3537 4187 3685 4233 nostrr

2171 4271 2419 4334 forsitan,
2463 4278 2552 4323 aut
2581 4287 2643 4322 ex
2674 4285 2861 4324 eorum
2895 4271 3231 4334 hominibus,
3277 4279 3367 4322 aut
3405 4285 3466 4323 ex
3507 4269 3682 4322 illorum

516 4365 729 4418 decreto
759 4363 957 4429 plenius
988 4359 1249 4418 inserere,
1297 4355 1394 4409 sub
1423 4370 1524 4422 quo
1553 4354 1938 4421 tranquillitatis
1969 4367 2060 4405 or-
2095 4381 2141 4439 ι)
2169 4361 2506 4415 scrviloribns
2530 4403 2544 4425 ,
2593 4361 2674 4414 vel
2713 4361 2763 4413 in
2802 4375 2982 4414 eorum
3027 4363 3168 4430 agris
3211 4361 3539 4415 manentibus
3562 4400 3575 4425 ,
3617 4353 3700 4412 vel‘

518 4456 663 4518 dine,
705 4454 852 4521 juxta
895 4449 1162 4516 religionis
1201 4461 1459 4528 norm/am,
1494 4445 1710 4497 Domino
1740 4451 2063 4510 protegente,

519 4545 689 4597 securi
735 4542 943 4593 valeant
990 4539 1040 4590 in
1090 4546 1398 4604 perpetuum
1431 4532 1681 4586 residere.
1733 4531 1844 4583 Non
1894 4540 2064 4584 autem

519 4649 676 4703 super
702 4633 801 4687 boc
838 4630 989 4685 nobis
1020 4628 1206 4696 aliquis
1235 4624 1615 4680 detrahendum
1644 4622 1899 4687 aestimet,
1947 4624 2067 4691 quia

591 4813 614 4840 τι
640 4803 926 4858 Austrasim
971 4816 1060 4854 rex
1103 4800 1253 4852 datus
1296 4807 1374 4852 est
1406 4797 1734 4864 Cliilpericus
1774 4811 1912 4849 anno
1941 4796 2066 4860 660,

525 4884 647 4926 ante
676 4881 876 4924 sextam
908 4872 1042 4922 diem
1067 4867 1412 4934 Septembris,
1442 4867 1847 4934 Longueruieus,
1875 4869 2062 4921 Annal.

523 4945 710 4997 lt‘ranc.
735 4941 796 4990 ad
824 4943 1042 5000 calcem,
1071 4949 1108 4990 ι.
1131 4938 1214 5000 lll,
1239 4937 1454 4990 Collect.
1479 4938 1721 5004 scriptor.
1747 4951 1852 4988 rer.
1877 4935 2066 4990 Frane.

524 5028 638 5080 pag.
669 5010 800 5071 690;
849 5024 912 5059 an
943 5023 1067 5080 vi-ro
1107 5018 1227 5060 aute
1271 5007 1470 5080 initium
1516 5009 1711 5080 mensis
1743 5007 2068 5080 Augusuin-

522 5075 851 5144 roinpertum
883 5086 982 5129 est.
1035 5078 1169 5144 Ergo
1201 5091 1302 5128 non
1334 5075 1495 5142 liquet
1530 5090 1592 5127 an
1625 5077 1787 5141 prima
1820 5076 1933 5128 dies
1967 5077 2068 5128 Au-

524 5151 679 5217 gusti,
710 5163 849 5214 anno
877 5145 910 5197 ἓ
940 5149 1082 5210 regni
1113 5147 1244 5214 ejus,
1275 5158 1412 5196 anno
1441 5145 1564 5197 Cbr.
1595 5144 1690 5199 661
1722 5155 1810 5197 aut
1839 5145 1943 5198 662
1985 5159 2070 5197 as-

525 5216 806 5281 signamlus
837 5216 920 5269 sit.

597 5288 622 5323 ιν
657 5286 888 5350 Vulgavit
923 5283 1274 5347 Mabillonius,
1310 5281 1498 5336 Annal.
1529 5290 1566 5333 t.
1599 5282 1637 5342 l,
1670 5298 1787 5351 pag.
1821 5282 1954 5346 692,
2003 5297 2067 5334 ex

526 5354 817 5410 Seuooensi
868 5354 1079 5406 archivo
1125 5353 1512 5419 depromptum.
1570 5352 1902 5405 liecudernnt
1950 5353 2067 5406 Cal—

529 5437 721 5489 tnetns,
768 5423 899 5476 Hist.
933 5423 1143 5475 LOthar.
1177 5422 1320 5487 prob.
1360 5436 1473 5488 pag.
1505 5419 1631 5489 “258,
1672 5433 1725 5474 et
1749 5423 2069 5476 Culle‘etores

527 5487 836 5559 srripnirum
871 5506 1041 5543 rerum
1075 5487 1459 5549 Francicart’nn,
1488 5498 1525 5539 t.
1553 5487 1639 5551 ιν,
1671 5505 1788 5560 pag.
1814 5493 1934 5544 6M.
1964 5493 2068 5542 lic-

531 5576 776 5617 uovatum
810 5564 903 5614 fuit
933 5563 996 5613 ab
1024 5566 1213 5614 Uttone
1243 5560 1300 5612 Ill
1335 5570 1383 5612 et
1415 5560 1634 5611 llenrico
1665 5560 1749 5612 Ill.

605 5647 622 5671 ε
655 5635 1038 5685 Guntlclheitus
1063 5671 1076 5695 ,
1124 5632 1268 5695 juxta
1305 5639 1606 5684 Senonensc
1638 5632 1920 5685 chronicmi
1949 5671 1962 5696 ,
2018 5630 2066 5680 in

2171 4453 2513 4520 undecunque
2545 4460 2752 4520 poterat
2789 4465 3020 4518 sperare,
3063 4460 3153 4505 aut
3195 4453 3398 4505 solebat
3428 4453 3680 4520 suscipere.

2169 4561 2229 4598 ex
2261 4545 2580 4614 indulgentia
2611 4551 2786 4597 nostra
2814 4581 2829 4606 ,
2881 4542 3085 4609 penitus
3133 4543 3228 4610 ipsi
3269 4551 3452 4596 θωπί-ιο
3492 4542 3597 4596 loco
3632 4534 3690 4592 ad

2169 4635 2425 4704 stipendia
2459 4635 2565 4688 Dco
2595 4634 2787 4686 ibidem
2815 4632 3155 4686 servientium
3179 4632 3528 4698 remittimus,
3563 4641 3610 4687 et
3640 4628 3683 4683 in

2170 4806 2352 4873 Spicil.
2390 4804 2708 4867 Aeheriano,
2745 4813 2781 4856 t.
2814 4804 2899 4868 ill,
2934 4819 3053 4874 pag.
3078 4803 3202 4874 275,
3238 4821 3335 4858 xm
3367 4805 3555 4859 sarculo
3579 4804 3683 4874 scri-

2171 4887 2356 4942 ptum,
2407 4875 2730 4927 Senonensis
2775 4873 3052 4940 episcopus
3099 4873 3193 4926 fuit
3238 4889 3380 4926 anno
3420 4875 3542 4927 Chr.
3573 4873 3684 4932 720.

2169 4944 2307 5011 quod
2342 4958 2436 4997 nec
2464 4958 2581 4995 cum
2615 4959 2776 5009 regno
2805 4942 3085 4996 (lliilderici
3117 4942 3180 5000 ll.
3211 4958 3308 4996 nec
3338 4958 3458 4997 cum
3485 4943 3687 5009 catalogo

2170 5010 2537 5081 episcoporum
2568 5012 3254 5081 SenonensiumConciliari
3287 5023 3479 5080 potest.
3527 5010 3681 5067 ﬂabil-

2171 5079 2365 5143 Ionius,
2398 5084 2535 5148 Anu.
2568 5091 2604 5132 ι.
2643 5083 2690 5141 l,
2732 5094 2848 5146 pag.
2878 5079 3013 5145 462,
3059 5079 3685 5148 οοηὶἱοὶιίϐηηάειιιεηω

2171 5151 2330 5204 fuisse
2362 5147 2714 5217 regio'narimn
2746 5152 3080 5216 episcoiium,
3100 5147 3175 5203 'et
3212 5152 3480 5202 conditum
3509 5152 3572 5203 ab
3596 5151 3686 5215 ipso

2172 5222 2545 5274 inonasterinm
2571 5219 2876 5272 Senonense
2904 5219 3188 5272 arbitratur
3213 5221 3352 5278 cicca
3379 5233 3565 5274 annum
3583 5217 3684 5268 66L

2171 5288 2318 5352 Quod
2355 5298 2528 5356 autem
2563 5290 2773 5356 nomine
2804 5287 3082 5341 Childerici
3115 5287 3198 5356 hic
3229 5289 3547 5356 intelligatur
3567 5286 3686 5342 Chil-

2170 5360 2377 5410 dt-ricus
2420 5357 2457 5408 Il
2483 5355 2501 5418 ‘,
2553 5355 2816 5424 Clodoveil
2841 5357 3066 5422 junio‘ris
3113 5355 3249 5408 ﬁlius
3274 5399 3288 5422 ,
3343 5355 3418 5411 id,
3448 5360 3594 5424 liquet
3630 5365 3686 5406 es

2171 5428 2511 5479 renovatione
2551 5418 2854 5490 diplomatis
2896 5425 2981 5477 ubi
3025 5418 3357 5478 Cltilderieus
3387 5418 3589 5479 vocatur
3608 5438 3682 5474 tul-

2172 5498 2375 5562 tiqnns,
2427 5494 2489 5546 ad
2541 5494 2828 5546 discrinien-
2858 5492 3140 5546 Childerii-i
3193 5494 3255 5546 Ill
3289 5533 3301 5553 ,
3359 5491 3685 5556 Merovingicz

2173 5568 2349 5630 stirpis
2381 5563 2568 5627 ultimi,
2601 5573 2651 5617 ut
2684 5576 2835 5618 acute
2867 5573 3008 5617 notat
3042 5563 3394 5629 Mabillonius,
3427 5565 3507 5617 ubi
3533 5571 3683 5627 sup".

2174 5649 2284 5702 pag.
2319 5633 2437 5687 (395.
