  <div class='ocr_page' id='page_1' title='image "/cluster/home/n/w/nwhite01/storage/ocr_20150623/87-88/uva.x000827073/675.png"; bbox 0 0 3840 6242; ppageno 0'>
   <div class='ocr_carea' id='block_1_1' title="bbox 565 348 695 405">
    <p class='ocr_par' dir='ltr' id='par_1_1' title="bbox 565 348 695 405">
     <span class='ocr_line' id='line_1_1' title="bbox 565 348 695 405; baseline 0.015 -2"><span class='ocrx_word' id='word_1_1' title='bbox 565 348 695 405; x_wconf 71' lang='grc'><strong>1291</strong></span> 
     </span>
    </p>
   </div>
   <div class='ocr_carea' id='block_1_2' title="bbox 1603 332 2747 417">
    <p class='ocr_par' dir='ltr' id='par_1_2' title="bbox 1603 332 2747 417">
     <span class='ocr_line' id='line_1_2' title="bbox 1603 332 2747 417; baseline -0.001 -23"><span class='ocrx_word' id='word_1_2' title='bbox 1603 341 1843 409; x_wconf 71' lang='lat' dir='ltr'><strong>FRANC.</strong></span> <span class='ocrx_word' id='word_1_3' title='bbox 1871 341 2030 394; x_wconf 76' lang='lat' dir='ltr'><strong>REG.</strong></span> <span class='ocrx_word' id='word_1_4' title='bbox 2070 340 2133 394; x_wconf 82' lang='lat' dir='ltr'><strong>IV</strong></span> <span class='ocrx_word' id='word_1_5' title='bbox 2171 335 2397 394; x_wconf 68' lang='grc' dir='ltr'><strong>ΡΒΙΜᾸΞ</strong></span> <span class='ocrx_word' id='word_1_6' title='bbox 2435 332 2712 396; x_wconf 69' lang='grc' dir='ltr'><strong>ΞΤΙΒΡῐδ.</strong></span> <span class='ocrx_word' id='word_1_7' title='bbox 2746 413 2747 417; x_wconf 14' lang='grc' dir='ltr'><strong>η</strong></span> 
     </span>
    </p>
   </div>
   <div class='ocr_carea' id='block_1_3' title="bbox 3619 335 3740 400">
    <p class='ocr_par' dir='ltr' id='par_1_3' title="bbox 3619 335 3740 400">
     <span class='ocr_line' id='line_1_3' title="bbox 3619 335 3740 400; baseline 0 -4"><span class='ocrx_word' id='word_1_8' title='bbox 3619 335 3740 400; x_wconf 66' lang='lat'><strong>£193</strong></span> 
     </span>
    </p>
   </div>
   <div class='ocr_carea' id='block_1_4' title="bbox 565 449 3740 524">
    <p class='ocr_par' dir='ltr' id='par_1_4' title="bbox 565 449 3740 524">
     <span class='ocr_line' id='line_1_4' title="bbox 565 449 3740 524; baseline -0.002 -13"><span class='ocrx_word' id='word_1_9' title='bbox 565 474 664 524; x_wconf 79' lang='lat' dir='ltr'><strong>que</strong></span> <span class='ocrx_word' id='word_1_10' title='bbox 696 457 970 522; x_wconf 70' lang='lat' dir='ltr'><strong>praeconiis</strong></span> <span class='ocrx_word' id='word_1_11' title='bbox 1000 456 1225 517; x_wconf 80' lang='lat' dir='ltr'><strong>exultat,</strong></span> <span class='ocrx_word' id='word_1_12' title='bbox 1257 454 1394 522; x_wconf 87' lang='lat' dir='ltr'><strong>quod</strong></span> <span class='ocrx_word' id='word_1_13' title='bbox 1425 455 1541 506; x_wconf 90' lang='lat' dir='ltr'><strong>ideo</strong></span> <span class='ocrx_word' id='word_1_14' title='bbox 1571 461 1672 505; x_wconf 80' lang='lat' dir='ltr'><strong>tuae</strong></span> <span class='ocrx_word' id='word_1_15' title='bbox 1698 453 1960 506; x_wconf 72' lang='lat' dir='ltr'><strong>sanctitati</strong></span> <span class='ocrx_word' id='word_1_16' title='bbox 1990 454 2110 505; x_wconf 88' lang='lat' dir='ltr'><strong>mit-</strong></span> <span class='ocrx_word' id='word_1_17' title='bbox 2143 453 2196 510; x_wconf 73' lang='grc' dir='ltr'><strong>Α</strong></span> <span class='ocrx_word' id='word_1_18' title='bbox 2221 451 2503 503; x_wconf 74' lang='lat' dir='ltr'><strong>auxiliante</strong></span> <span class='ocrx_word' id='word_1_19' title='bbox 2531 489 2548 514; x_wconf 92' lang='lat'><strong>,</strong></span> <span class='ocrx_word' id='word_1_20' title='bbox 2597 453 2872 517; x_wconf 82' lang='lat' dir='ltr'><strong>provenire</strong></span> <span class='ocrx_word' id='word_1_21' title='bbox 2919 449 3180 503; x_wconf 76' lang='lat' dir='ltr'><strong>credimus</strong></span> <span class='ocrx_word' id='word_1_22' title='bbox 3200 488 3217 514; x_wconf 91' lang='lat'><strong>,</strong></span> <span class='ocrx_word' id='word_1_23' title='bbox 3268 451 3314 503; x_wconf 87' lang='lat' dir='ltr'><strong>si</strong></span> <span class='ocrx_word' id='word_1_24' title='bbox 3356 451 3496 513; x_wconf 81' lang='lat' dir='ltr'><strong>justa</strong></span> <span class='ocrx_word' id='word_1_25' title='bbox 3547 451 3740 505; x_wconf 84' lang='lat' dir='ltr'><strong>decreta</strong></span> 
     </span>
    </p>
   </div>
   <div class='ocr_carea' id='block_1_5' title="bbox 571 543 2118 611">
    <p class='ocr_par' dir='ltr' id='par_1_5' title="bbox 571 543 2118 611">
     <span class='ocr_line' id='line_1_5' title="bbox 571 543 2118 611; baseline -0.003 -12"><span class='ocrx_word' id='word_1_26' title='bbox 571 557 682 600; x_wconf 86' lang='lat' dir='ltr'><strong>tere</strong></span> <span class='ocrx_word' id='word_1_27' title='bbox 707 546 1020 607; x_wconf 83' lang='lat' dir='ltr'><strong>curavimus,</strong></span> <span class='ocrx_word' id='word_1_28' title='bbox 1056 555 1110 595; x_wconf 90' lang='lat' dir='ltr'><strong>ut</strong></span> <span class='ocrx_word' id='word_1_29' title='bbox 1139 559 1231 610; x_wconf 85' lang='lat' dir='ltr'><strong>pro</strong></span> <span class='ocrx_word' id='word_1_30' title='bbox 1257 546 1446 611; x_wconf 86' lang='lat' dir='ltr'><strong>magno</strong></span> <span class='ocrx_word' id='word_1_31' title='bbox 1477 557 1689 596; x_wconf 88' lang='lat' dir='ltr'><strong>munere</strong></span> <span class='ocrx_word' id='word_1_32' title='bbox 1723 543 1803 596; x_wconf 70' lang='lat' dir='ltr'><strong>ibi.</strong></span> <span class='ocrx_word' id='word_1_33' title='bbox 1838 558 1868 596; x_wconf 89' lang='lat' dir='ltr'><strong>a</strong></span> <span class='ocrx_word' id='word_1_34' title='bbox 1910 550 1963 596; x_wconf 84' lang='lat' dir='ltr'><strong>te</strong></span> <span class='ocrx_word' id='word_1_35' title='bbox 1990 555 2118 596; x_wconf 87' lang='lat' dir='ltr'><strong>con-</strong></span> 
     </span>
    </p>
   </div>
   <div class='ocr_carea' id='block_1_6' title="bbox 569 631 2117 701">
    <p class='ocr_par' dir='ltr' id='par_1_6' title="bbox 569 631 2117 701">
     <span class='ocr_line' id='line_1_6' title="bbox 569 631 2117 701; baseline -0.003 -13"><span class='ocrx_word' id='word_1_36' title='bbox 569 647 807 691; x_wconf 76' lang='lat' dir='ltr'><strong>servetur</strong></span> <span class='ocrx_word' id='word_1_37' title='bbox 824 675 837 697; x_wconf 93' lang='lat'><strong>,</strong></span> <span class='ocrx_word' id='word_1_38' title='bbox 857 635 968 701; x_wconf 89' lang='lat' dir='ltr'><strong>ipse</strong></span> <span class='ocrx_word' id='word_1_39' title='bbox 987 647 1192 701; x_wconf 88' lang='lat' dir='ltr'><strong>quoque</strong></span> <span class='ocrx_word' id='word_1_40' title='bbox 1212 632 1542 695; x_wconf 89' lang='lat' dir='ltr'><strong>supradictus</strong></span> <span class='ocrx_word' id='word_1_41' title='bbox 1560 646 1689 699; x_wconf 88' lang='lat' dir='ltr'><strong>papa</strong></span> <span class='ocrx_word' id='word_1_42' title='bbox 1709 633 1925 686; x_wconf 85' lang='lat' dir='ltr'><strong>omnino</strong></span> <span class='ocrx_word' id='word_1_43' title='bbox 1944 631 2117 698; x_wconf 91' lang='lat' dir='ltr'><strong>petiit,</strong></span> 
     </span>
    </p>
   </div>
   <div class='ocr_carea' id='block_1_7' title="bbox 576 720 2168 793">
    <p class='ocr_par' dir='ltr' id='par_1_7' title="bbox 576 720 2168 793">
     <span class='ocr_line' id='line_1_7' title="bbox 576 720 2168 793; baseline -0.004 -14"><span class='ocrx_word' id='word_1_44' title='bbox 576 736 632 787; x_wconf 85' lang='lat' dir='ltr'><strong>ut</strong></span> <span class='ocrx_word' id='word_1_45' title='bbox 660 740 722 779; x_wconf 88' lang='lat' dir='ltr'><strong>ea</strong></span> <span class='ocrx_word' id='word_1_46' title='bbox 751 739 864 793; x_wconf 62' lang='lat' dir='ltr'><strong>quae</strong></span> <span class='ocrx_word' id='word_1_47' title='bbox 895 725 1006 790; x_wconf 91' lang='lat' dir='ltr'><strong>ipse</strong></span> <span class='ocrx_word' id='word_1_48' title='bbox 1034 722 1514 786; x_wconf 84' lang='lat' dir='ltr'><strong>anthorisavit,.nos</strong></span> <span class='ocrx_word' id='word_1_49' title='bbox 1543 737 1689 775; x_wconf 88' lang='lat' dir='ltr'><strong>more</strong></span> <span class='ocrx_word' id='word_1_50' title='bbox 1715 722 1858 790; x_wconf 87' lang='lat' dir='ltr'><strong>regio</strong></span> <span class='ocrx_word' id='word_1_51' title='bbox 1881 720 2118 772; x_wconf 86' lang='lat' dir='ltr'><strong>laudare-</strong></span> <span class='ocrx_word' id='word_1_52' title='bbox 2159 742 2168 750; x_wconf 91' lang='lat'><strong>-</strong></span> 
     </span>
    </p>
   </div>
   <div class='ocr_carea' id='block_1_8' title="bbox 576 810 2120 882">
    <p class='ocr_par' dir='ltr' id='par_1_8' title="bbox 576 810 2120 882">
     <span class='ocr_line' id='line_1_8' title="bbox 576 810 2120 882; baseline -0.005 -14"><span class='ocrx_word' id='word_1_53' title='bbox 576 829 692 869; x_wconf 88' lang='lat' dir='ltr'><strong>mus</strong></span> <span class='ocrx_word' id='word_1_54' title='bbox 738 825 892 882; x_wconf 88' lang='lat' dir='ltr'><strong>atque</strong></span> <span class='ocrx_word' id='word_1_55' title='bbox 937 814 1364 867; x_wconf 87' lang='lat' dir='ltr'><strong>conlirmaremus</strong></span> <span class='ocrx_word' id='word_1_56' title='bbox 1391 850 1405 874; x_wconf 89' lang='lat'><strong>,</strong></span> <span class='ocrx_word' id='word_1_57' title='bbox 1451 811 1589 880; x_wconf 90' lang='lat' dir='ltr'><strong>quod</strong></span> <span class='ocrx_word' id='word_1_58' title='bbox 1647 810 1870 864; x_wconf 81' lang='lat' dir='ltr'><strong>fecimus</strong></span> <span class='ocrx_word' id='word_1_59' title='bbox 1923 810 2120 862; x_wconf 90' lang='lat' dir='ltr'><strong>annulo</strong></span> 
     </span>
    </p>
   </div>
   <div class='ocr_carea' id='block_1_9' title="bbox 575 901 2116 972">
    <p class='ocr_par' dir='ltr' id='par_1_9' title="bbox 575 901 2116 972">
     <span class='ocr_line' id='line_1_9' title="bbox 575 901 2116 972; baseline -0.002 -16"><span class='ocrx_word' id='word_1_60' title='bbox 575 914 754 957; x_wconf 90' lang='lat' dir='ltr'><strong>nostro</strong></span> <span class='ocrx_word' id='word_1_61' title='bbox 799 903 1276 972; x_wconf 74' lang='lat' dir='ltr'><strong>subtcisignantes,</strong></span> <span class='ocrx_word' id='word_1_62' title='bbox 1322 911 1373 954; x_wconf 91' lang='lat' dir='ltr'><strong>et</strong></span> <span class='ocrx_word' id='word_1_63' title='bbox 1423 901 1474 953; x_wconf 91' lang='lat' dir='ltr'><strong>in</strong></span> <span class='ocrx_word' id='word_1_64' title='bbox 1529 901 1667 953; x_wconf 91' lang='lat' dir='ltr'><strong>omni</strong></span> <span class='ocrx_word' id='word_1_65' title='bbox 1718 911 1896 953; x_wconf 90' lang='lat' dir='ltr'><strong>nostro</strong></span> <span class='ocrx_word' id='word_1_66' title='bbox 1935 915 2116 970; x_wconf 87' lang='lat' dir='ltr'><strong>regno,</strong></span> 
     </span>
    </p>
   </div>
   <div class='ocr_carea' id='block_1_10' title="bbox 577 991 2120 1058">
    <p class='ocr_par' dir='ltr' id='par_1_10' title="bbox 577 991 2120 1058">
     <span class='ocr_line' id='line_1_10' title="bbox 577 991 2120 1058; baseline -0.003 -9"><span class='ocrx_word' id='word_1_67' title='bbox 577 995 854 1049; x_wconf 81' lang='lat' dir='ltr'><strong>comitibus</strong></span> <span class='ocrx_word' id='word_1_68' title='bbox 881 993 990 1046; x_wconf 85' lang='lat' dir='ltr'><strong>sive</strong></span> <span class='ocrx_word' id='word_1_69' title='bbox 1017 993 1277 1058; x_wconf 89' lang='lat' dir='ltr'><strong>judicibus</strong></span> <span class='ocrx_word' id='word_1_70' title='bbox 1302 1001 1458 1057; x_wconf 79' lang='lat' dir='ltr'><strong>atque</strong></span> <span class='ocrx_word' id='word_1_71' title='bbox 1484 991 1724 1045; x_wconf 78' lang='lat' dir='ltr'><strong>omnibus</strong></span> <span class='ocrx_word' id='word_1_72' title='bbox 1771 993 1964 1058; x_wconf 91' lang='lat' dir='ltr'><strong>regiam</strong></span> <span class='ocrx_word' id='word_1_73' title='bbox 2007 1006 2120 1044; x_wconf 89' lang='lat' dir='ltr'><strong>rem</strong></span> 
     </span>
    </p>
   </div>
   <div class='ocr_carea' id='block_1_11' title="bbox 578 1073 2120 1142">
    <p class='ocr_par' dir='ltr' id='par_1_11' title="bbox 578 1073 2120 1142">
     <span class='ocr_line' id='line_1_11' title="bbox 578 1073 2120 1142; baseline -0.002 -6"><span class='ocrx_word' id='word_1_74' title='bbox 578 1082 1060 1136; x_wconf 80' lang='lat' dir='ltr'><strong>administrantibus</strong></span> <span class='ocrx_word' id='word_1_75' title='bbox 1081 1082 1278 1134; x_wconf 84' lang='lat' dir='ltr'><strong>litteras</strong></span> <span class='ocrx_word' id='word_1_76' title='bbox 1301 1089 1506 1133; x_wconf 87' lang='lat' dir='ltr'><strong>nostras</strong></span> <span class='ocrx_word' id='word_1_77' title='bbox 1534 1081 1840 1142; x_wconf 84' lang='lat' dir='ltr'><strong>direximus,</strong></span> <span class='ocrx_word' id='word_1_78' title='bbox 1865 1089 1924 1132; x_wconf 90' lang='lat' dir='ltr'><strong>ut</strong></span> <span class='ocrx_word' id='word_1_79' title='bbox 1945 1073 2120 1133; x_wconf 85' lang='lat' dir='ltr'><strong>nullus</strong></span> 
     </span>
    </p>
   </div>
   <div class='ocr_carea' id='block_1_12' title="bbox 579 1170 2120 1238">
    <p class='ocr_par' dir='ltr' id='par_1_12' title="bbox 579 1170 2120 1238">
     <span class='ocr_line' id='line_1_12' title="bbox 579 1170 2120 1238; baseline -0.001 -15"><span class='ocrx_word' id='word_1_80' title='bbox 579 1172 698 1225; x_wconf 88' lang='lat' dir='ltr'><strong>huic</strong></span> <span class='ocrx_word' id='word_1_81' title='bbox 727 1172 970 1238; x_wconf 69' lang='lat' dir='ltr'><strong>praedicto</strong></span> <span class='ocrx_word' id='word_1_82' title='bbox 1011 1179 1192 1222; x_wconf 87' lang='lat' dir='ltr'><strong>nostro</strong></span> <span class='ocrx_word' id='word_1_83' title='bbox 1219 1170 1459 1224; x_wconf 78' lang='lat' dir='ltr'><strong>cmnobio</strong></span> <span class='ocrx_word' id='word_1_84' title='bbox 1490 1171 1596 1222; x_wconf 91' lang='lat' dir='ltr'><strong>ullo</strong></span> <span class='ocrx_word' id='word_1_85' title='bbox 1628 1170 1780 1222; x_wconf 90' lang='lat' dir='ltr'><strong>modo</strong></span> <span class='ocrx_word' id='word_1_86' title='bbox 1810 1171 2001 1223; x_wconf 87' lang='lat' dir='ltr'><strong>audeat</strong></span> <span class='ocrx_word' id='word_1_87' title='bbox 2038 1171 2120 1222; x_wconf 78' lang='lat' dir='ltr'><strong>in-</strong></span> 
     </span>
    </p>
   </div>
   <div class='ocr_carea' id='block_1_13' title="bbox 580 1259 2119 1324">
    <p class='ocr_par' dir='ltr' id='par_1_13' title="bbox 580 1259 2119 1324">
     <span class='ocr_line' id='line_1_13' title="bbox 580 1259 2119 1324; baseline -0.003 -11"><span class='ocrx_word' id='word_1_88' title='bbox 580 1259 717 1314; x_wconf 77' lang='lat' dir='ltr'><strong>ferre</strong></span> <span class='ocrx_word' id='word_1_89' title='bbox 736 1259 1080 1321; x_wconf 74' lang='lat' dir='ltr'><strong>calumniam;</strong></span> <span class='ocrx_word' id='word_1_90' title='bbox 1109 1272 1229 1310; x_wconf 87' lang='lat' dir='ltr'><strong>nam</strong></span> <span class='ocrx_word' id='word_1_91' title='bbox 1270 1259 1517 1311; x_wconf 89' lang='lat' dir='ltr'><strong>indecens</strong></span> <span class='ocrx_word' id='word_1_92' title='bbox 1545 1267 1626 1309; x_wconf 89' lang='lat' dir='ltr'><strong>est</strong></span> <span class='ocrx_word' id='word_1_93' title='bbox 1665 1270 1718 1310; x_wconf 87' lang='lat' dir='ltr'><strong>et</strong></span> <span class='ocrx_word' id='word_1_94' title='bbox 1746 1273 1849 1310; x_wconf 90' lang='lat' dir='ltr'><strong>non</strong></span> <span class='ocrx_word' id='word_1_95' title='bbox 1878 1272 2080 1324; x_wconf 64' lang='lat' dir='ltr'><strong>aequum</strong></span> <span class='ocrx_word' id='word_1_96' title='bbox 2101 1296 2119 1320; x_wconf 93' lang='lat'><strong>,</strong></span> 
     </span>
    </p>
   </div>
   <div class='ocr_carea' id='block_1_14' title="bbox 585 1344 2121 1420">
    <p class='ocr_par' dir='ltr' id='par_1_14' title="bbox 585 1344 2121 1420">
     <span class='ocr_line' id='line_1_14' title="bbox 585 1344 2121 1420; baseline -0.003 -20"><span class='ocrx_word' id='word_1_97' title='bbox 585 1355 640 1400; x_wconf 91' lang='lat' dir='ltr'><strong>ut</strong></span> <span class='ocrx_word' id='word_1_98' title='bbox 688 1346 1138 1420; x_wconf 43' lang='lat' dir='ltr'><strong>tamlreligiosum</strong></span> <span class='ocrx_word' id='word_1_99' title='bbox 1173 1344 1341 1397; x_wconf 83' lang='lat' dir='ltr'><strong>locum</strong></span> <span class='ocrx_word' id='word_1_100' title='bbox 1368 1383 1382 1407; x_wconf 94' lang='lat'><strong>,</strong></span> <span class='ocrx_word' id='word_1_101' title='bbox 1429 1344 1793 1397; x_wconf 86' lang='lat' dir='ltr'><strong>benedictione</strong></span> <span class='ocrx_word' id='word_1_102' title='bbox 1842 1344 2121 1410; x_wconf 88' lang='lat' dir='ltr'><strong>apostolica</strong></span> 
     </span>
    </p>
   </div>
   <div class='ocr_carea' id='block_1_15' title="bbox 581 1431 2121 1498">
    <p class='ocr_par' dir='ltr' id='par_1_15' title="bbox 581 1431 2121 1498">
     <span class='ocr_line' id='line_1_15' title="bbox 581 1431 2121 1498; baseline -0.004 -9"><span class='ocrx_word' id='word_1_103' title='bbox 581 1436 874 1489; x_wconf 83' lang='lat' dir='ltr'><strong>dedicatum</strong></span> <span class='ocrx_word' id='word_1_104' title='bbox 907 1433 1140 1495; x_wconf 76' lang='lat' dir='ltr'><strong>scilicet‘,</strong></span> <span class='ocrx_word' id='word_1_105' title='bbox 1168 1442 1221 1486; x_wconf 90' lang='lat' dir='ltr'><strong>et</strong></span> <span class='ocrx_word' id='word_1_106' title='bbox 1251 1432 1449 1486; x_wconf 88' lang='lat' dir='ltr'><strong>meritis</strong></span> <span class='ocrx_word' id='word_1_107' title='bbox 1479 1432 1588 1485; x_wconf 88' lang='lat' dir='ltr'><strong>suis</strong></span> <span class='ocrx_word' id='word_1_108' title='bbox 1625 1431 1927 1498; x_wconf 67' lang='lat' dir='ltr'><strong>praecelsum</strong></span> <span class='ocrx_word' id='word_1_109' title='bbox 1945 1471 1960 1495; x_wconf 89' lang='lat'><strong>,</strong></span> <span class='ocrx_word' id='word_1_110' title='bbox 1988 1433 2121 1484; x_wconf 84' lang='lat' dir='ltr'><strong>colla‘</strong></span> 
     </span>
    </p>
   </div>
   <div class='ocr_carea' id='block_1_16' title="bbox 586 1518 2122 1586">
    <p class='ocr_par' dir='ltr' id='par_1_16' title="bbox 586 1518 2122 1586">
     <span class='ocr_line' id='line_1_16' title="bbox 586 1518 2122 1586; baseline -0.002 -10"><span class='ocrx_word' id='word_1_111' title='bbox 586 1523 846 1586; x_wconf 77' lang='lat' dir='ltr'><strong>subdere,</strong></span> <span class='ocrx_word' id='word_1_112' title='bbox 877 1532 930 1576; x_wconf 93' lang='lat' dir='ltr'><strong>et</strong></span> <span class='ocrx_word' id='word_1_113' title='bbox 959 1536 1060 1573; x_wconf 89' lang='lat' dir='ltr'><strong>non</strong></span> <span class='ocrx_word' id='word_1_114' title='bbox 1092 1522 1260 1572; x_wconf 89' lang='lat' dir='ltr'><strong>solum</strong></span> <span class='ocrx_word' id='word_1_115' title='bbox 1306 1518 1455 1573; x_wconf 86' lang='lat' dir='ltr'><strong>subdi</strong></span> <span class='ocrx_word' id='word_1_116' title='bbox 1505 1528 1662 1585; x_wconf 87' lang='lat' dir='ltr'><strong>atque</strong></span> <span class='ocrx_word' id='word_1_117' title='bbox 1706 1520 1957 1586; x_wconf 85' lang='lat' dir='ltr'><strong>obsequi,</strong></span> <span class='ocrx_word' id='word_1_118' title='bbox 1997 1521 2122 1586; x_wconf 89' lang='lat' dir='ltr'><strong>quin</strong></span> 
     </span>
    </p>
   </div>
   <div class='ocr_carea' id='block_1_17' title="bbox 583 1607 2124 1676">
    <p class='ocr_par' dir='ltr' id='par_1_17' title="bbox 583 1607 2124 1676">
     <span class='ocr_line' id='line_1_17' title="bbox 583 1607 2124 1676; baseline -0.001 -14"><span class='ocrx_word' id='word_1_119' title='bbox 583 1611 739 1662; x_wconf 89' lang='lat' dir='ltr'><strong>etiam</strong></span> <span class='ocrx_word' id='word_1_120' title='bbox 776 1621 875 1660; x_wconf 84' lang='lat' dir='ltr'><strong>sua</strong></span> <span class='ocrx_word' id='word_1_121' title='bbox 924 1607 1119 1675; x_wconf 84' lang='lat' dir='ltr'><strong>largiri.</strong></span> <span class='ocrx_word' id='word_1_122' title='bbox 1172 1607 1359 1659; x_wconf 85' lang='lat' dir='ltr'><strong>Damus</strong></span> <span class='ocrx_word' id='word_1_123' title='bbox 1388 1609 1535 1660; x_wconf 83' lang='lat' dir='ltr'><strong>vobis</strong></span> <span class='ocrx_word' id='word_1_124' title='bbox 1565 1609 1774 1676; x_wconf 87' lang='lat' dir='ltr'><strong>itaque,</strong></span> <span class='ocrx_word' id='word_1_125' title='bbox 1809 1619 1997 1674; x_wconf 65' lang='lat' dir='ltr'><strong>praeter</strong></span> <span class='ocrx_word' id='word_1_126' title='bbox 2036 1609 2124 1660; x_wconf 92' lang='lat' dir='ltr'><strong>illa</strong></span> 
     </span>
    </p>
   </div>
   <div class='ocr_carea' id='block_1_18' title="bbox 585 1693 2124 1770">
    <p class='ocr_par' dir='ltr' id='par_1_18' title="bbox 585 1693 2124 1770">
     <span class='ocr_line' id='line_1_18' title="bbox 585 1693 2124 1770; baseline 0.001 -21"><span class='ocrx_word' id='word_1_127' title='bbox 585 1696 868 1762; x_wconf 79' lang='lat' dir='ltr'><strong>municipia“</strong></span> <span class='ocrx_word' id='word_1_128' title='bbox 889 1711 1003 1762; x_wconf 71' lang='lat' dir='ltr'><strong>quae</strong></span> <span class='ocrx_word' id='word_1_129' title='bbox 1031 1696 1228 1749; x_wconf 91' lang='lat' dir='ltr'><strong>dudum</strong></span> <span class='ocrx_word' id='word_1_130' title='bbox 1257 1693 1654 1770; x_wconf 82' lang='lat' dir='ltr'><strong>concessimus,</strong></span> <span class='ocrx_word' id='word_1_131' title='bbox 1684 1699 1786 1749; x_wconf 87' lang='lat' dir='ltr'><strong>alia</strong></span> <span class='ocrx_word' id='word_1_132' title='bbox 1813 1711 2021 1765; x_wconf 87' lang='lat' dir='ltr'><strong>quoque</strong></span> <span class='ocrx_word' id='word_1_133' title='bbox 2058 1697 2124 1750; x_wconf 89' lang='lat' dir='ltr'><strong>ad</strong></span> 
     </span>
    </p>
   </div>
   <div class='ocr_carea' id='block_1_19' title="bbox 2220 535 3739 605">
    <p class='ocr_par' dir='ltr' id='par_1_19' title="bbox 2220 535 3739 605">
     <span class='ocr_line' id='line_1_19' title="bbox 2220 535 3739 605; baseline 0 -16"><span class='ocrx_word' id='word_1_134' title='bbox 2220 537 2397 591; x_wconf 90' lang='lat' dir='ltr'><strong>domni</strong></span> <span class='ocrx_word' id='word_1_135' title='bbox 2427 537 2672 604; x_wconf 87' lang='lat' dir='ltr'><strong>Sigiherti</strong></span> <span class='ocrx_word' id='word_1_136' title='bbox 2703 539 2858 605; x_wconf 84' lang='lat' dir='ltr'><strong>regis,</strong></span> <span class='ocrx_word' id='word_1_137' title='bbox 2885 535 3018 590; x_wconf 69' lang='lat' dir='ltr'><strong>diva:</strong></span> <span class='ocrx_word' id='word_1_138' title='bbox 3045 536 3345 599; x_wconf 71' lang='lat' dir='ltr'><strong>memoria,</strong></span> <span class='ocrx_word' id='word_1_139' title='bbox 3377 539 3537 603; x_wconf 88' lang='lat' dir='ltr'><strong>patrui</strong></span> <span class='ocrx_word' id='word_1_140' title='bbox 3569 541 3739 603; x_wconf 85' lang='lat' dir='ltr'><strong>nostri,</strong></span> 
     </span>
    </p>
   </div>
   <div class='ocr_carea' id='block_1_20' title="bbox 2221 626 3742 684">
    <p class='ocr_par' dir='ltr' id='par_1_20' title="bbox 2221 626 3742 684">
     <span class='ocr_line' id='line_1_20' title="bbox 2221 626 3742 684; baseline 0 -4"><span class='ocrx_word' id='word_1_141' title='bbox 2221 627 2528 684; x_wconf 72' lang='lat' dir='ltr'><strong>confirmare</strong></span> <span class='ocrx_word' id='word_1_142' title='bbox 2555 637 2608 680; x_wconf 88' lang='lat' dir='ltr'><strong>et</strong></span> <span class='ocrx_word' id='word_1_143' title='bbox 2632 628 2880 682; x_wconf 88' lang='lat' dir='ltr'><strong>roborare</strong></span> <span class='ocrx_word' id='word_1_144' title='bbox 2908 626 3278 681; x_wconf 85' lang='lat' dir='ltr'><strong>deliberamus.</strong></span> <span class='ocrx_word' id='word_1_145' title='bbox 3299 626 3432 680; x_wconf 80' lang='lat' dir='ltr'><strong>Nam</strong></span> <span class='ocrx_word' id='word_1_146' title='bbox 3451 629 3742 680; x_wconf 81' lang='lat' dir='ltr'><strong>venerabilis</strong></span> 
     </span>
    </p>
   </div>
   <div class='ocr_carea' id='block_1_21' title="bbox 2219 715 3748 784">
    <p class='ocr_par' dir='ltr' id='par_1_21' title="bbox 2219 715 3748 784">
     <span class='ocr_line' id='line_1_21' title="bbox 2219 715 3748 784; baseline 0.001 -15"><span class='ocrx_word' id='word_1_147' title='bbox 2219 727 2368 783; x_wconf 88' lang='lat' dir='ltr'><strong>pater</strong></span> <span class='ocrx_word' id='word_1_148' title='bbox 2412 727 2590 771; x_wconf 81' lang='lat' dir='ltr'><strong>noster</strong></span> <span class='ocrx_word' id='word_1_149' title='bbox 2627 716 2675 784; x_wconf 71' lang='grc' dir='ltr'><strong>ιι,</strong></span> <span class='ocrx_word' id='word_1_150' title='bbox 2697 715 2982 770; x_wconf 80' lang='lat' dir='ltr'><strong>Remaclus-</strong></span> <span class='ocrx_word' id='word_1_151' title='bbox 3013 725 3068 769; x_wconf 89' lang='lat' dir='ltr'><strong>et</strong></span> <span class='ocrx_word' id='word_1_152' title='bbox 3109 716 3240 770; x_wconf 84' lang='lat' dir='ltr'><strong>abba</strong></span> <span class='ocrx_word' id='word_1_153' title='bbox 3277 717 3568 770; x_wconf 75' lang='lat' dir='ltr'><strong>clementia:</strong></span> <span class='ocrx_word' id='word_1_154' title='bbox 3611 720 3748 784; x_wconf 77' lang='lat' dir='ltr'><strong>regni</strong></span> 
     </span>
    </p>
   </div>
   <div class='ocr_carea' id='block_1_22' title="bbox 2220 803 3746 875">
    <p class='ocr_par' dir='ltr' id='par_1_22' title="bbox 2220 803 3746 875">
     <span class='ocr_line' id='line_1_22' title="bbox 2220 803 3746 875; baseline 0 -17"><span class='ocrx_word' id='word_1_155' title='bbox 2220 803 2390 860; x_wconf 80' lang='lat' dir='ltr'><strong>nostri</strong></span> <span class='ocrx_word' id='word_1_156' title='bbox 2418 809 2708 874; x_wconf 86' lang='lat' dir='ltr'><strong>suggessit,</strong></span> <span class='ocrx_word' id='word_1_157' title='bbox 2749 821 2813 859; x_wconf 89' lang='lat' dir='ltr'><strong>eo</strong></span> <span class='ocrx_word' id='word_1_158' title='bbox 2855 804 2993 875; x_wconf 91' lang='lat' dir='ltr'><strong>quod</strong></span> <span class='ocrx_word' id='word_1_159' title='bbox 3024 816 3344 859; x_wconf 87' lang='lat' dir='ltr'><strong>memoratus</strong></span> <span class='ocrx_word' id='word_1_160' title='bbox 3367 806 3589 859; x_wconf 86' lang='lat' dir='ltr'><strong>domnus</strong></span> <span class='ocrx_word' id='word_1_161' title='bbox 3615 805 3746 872; x_wconf 85' lang='lat' dir='ltr'><strong>Sige-</strong></span> 
     </span>
    </p>
   </div>
   <div class='ocr_carea' id='block_1_23' title="bbox 2221 893 3746 960">
    <p class='ocr_par' dir='ltr' id='par_1_23' title="bbox 2221 893 3746 960">
     <span class='ocr_line' id='line_1_23' title="bbox 2221 893 3746 960; baseline -0.001 -13"><span class='ocrx_word' id='word_1_162' title='bbox 2221 896 2400 948; x_wconf 87' lang='lat' dir='ltr'><strong>bertus</strong></span> <span class='ocrx_word' id='word_1_163' title='bbox 2450 911 2538 948; x_wconf 92' lang='lat' dir='ltr'><strong>rex</strong></span> <span class='ocrx_word' id='word_1_164' title='bbox 2569 895 2746 948; x_wconf 75' lang='lat' dir='ltr'><strong>villam</strong></span> <span class='ocrx_word' id='word_1_165' title='bbox 2773 935 2790 959; x_wconf 95' lang='lat'><strong>,</strong></span> <span class='ocrx_word' id='word_1_166' title='bbox 2819 894 3201 948; x_wconf 85' lang='lat' dir='ltr'><strong>Germiniaeum</strong></span> <span class='ocrx_word' id='word_1_167' title='bbox 3250 893 3496 956; x_wconf 81' lang='lat' dir='ltr'><strong>nomine,</strong></span> <span class='ocrx_word' id='word_1_168' title='bbox 3542 893 3596 947; x_wconf 86' lang='lat' dir='ltr'><strong>in</strong></span> <span class='ocrx_word' id='word_1_169' title='bbox 3632 902 3746 960; x_wconf 75' lang='lat' dir='ltr'><strong>pago</strong></span> 
     </span>
    </p>
   </div>
   <div class='ocr_carea' id='block_1_24' title="bbox 2223 981 3749 1045">
    <p class='ocr_par' dir='ltr' id='par_1_24' title="bbox 2223 981 3749 1045">
     <span class='ocr_line' id='line_1_24' title="bbox 2223 981 3749 1045; baseline 0.001 -13"><span class='ocrx_word' id='word_1_170' title='bbox 2223 984 2465 1036; x_wconf 72' lang='lat' dir='ltr'><strong>Hennensi</strong></span> <span class='ocrx_word' id='word_1_171' title='bbox 2487 985 2660 1045; x_wconf 80' lang='lat' dir='ltr'><strong>sitam,</strong></span> <span class='ocrx_word' id='word_1_172' title='bbox 2692 983 2755 1035; x_wconf 87' lang='lat' dir='ltr'><strong>ad</strong></span> <span class='ocrx_word' id='word_1_173' title='bbox 2784 982 3098 1036; x_wconf 83' lang='lat' dir='ltr'><strong>monasteria</strong></span> <span class='ocrx_word' id='word_1_174' title='bbox 3120 981 3402 1036; x_wconf 81' lang='lat' dir='ltr'><strong>Stabulaus</strong></span> <span class='ocrx_word' id='word_1_175' title='bbox 3430 993 3484 1035; x_wconf 91' lang='lat' dir='ltr'><strong>et</strong></span> <span class='ocrx_word' id='word_1_176' title='bbox 3511 982 3749 1035; x_wconf 73' lang='lat' dir='ltr'><strong>latinus-</strong></span> 
     </span>
    </p>
   </div>
   <div class='ocr_carea' id='block_1_25' title="bbox 2220 1072 3748 1141">
    <p class='ocr_par' dir='ltr' id='par_1_25' title="bbox 2220 1072 3748 1141">
     <span class='ocr_line' id='line_1_25' title="bbox 2220 1072 3748 1141; baseline -0.003 -15"><span class='ocrx_word' id='word_1_177' title='bbox 2220 1073 2451 1135; x_wconf 89' lang='lat' dir='ltr'><strong>darium,</strong></span> <span class='ocrx_word' id='word_1_178' title='bbox 2500 1087 2616 1141; x_wconf 75' lang='lat' dir='ltr'><strong>qum</strong></span> <span class='ocrx_word' id='word_1_179' title='bbox 2643 1073 2754 1139; x_wconf 90' lang='lat' dir='ltr'><strong>ipse</strong></span> <span class='ocrx_word' id='word_1_180' title='bbox 2794 1072 3032 1139; x_wconf 84' lang='lat' dir='ltr'><strong>princeps</strong></span> <span class='ocrx_word' id='word_1_181' title='bbox 3076 1081 3128 1125; x_wconf 92' lang='lat' dir='ltr'><strong>et</strong></span> <span class='ocrx_word' id='word_1_182' title='bbox 3167 1087 3259 1125; x_wconf 86' lang='lat' dir='ltr'><strong>rex</strong></span> <span class='ocrx_word' id='word_1_183' title='bbox 3286 1085 3383 1124; x_wconf 86' lang='lat' dir='ltr'><strong>suo</strong></span> <span class='ocrx_word' id='word_1_184' title='bbox 3427 1082 3585 1137; x_wconf 79' lang='lat' dir='ltr'><strong>Opere</strong></span> <span class='ocrx_word' id='word_1_185' title='bbox 3632 1083 3748 1122; x_wconf 76' lang='lat' dir='ltr'><strong>eon-</strong></span> 
     </span>
    </p>
   </div>
   <div class='ocr_carea' id='block_1_26' title="bbox 2221 1161 3748 1233">
    <p class='ocr_par' dir='ltr' id='par_1_26' title="bbox 2221 1161 3748 1233">
     <span class='ocr_line' id='line_1_26' title="bbox 2221 1161 3748 1233; baseline -0.001 -17"><span class='ocrx_word' id='word_1_186' title='bbox 2221 1164 2439 1226; x_wconf 84' lang='lat' dir='ltr'><strong>strnxit,</strong></span> <span class='ocrx_word' id='word_1_187' title='bbox 2489 1177 2608 1216; x_wconf 92' lang='lat' dir='ltr'><strong>cum</strong></span> <span class='ocrx_word' id='word_1_188' title='bbox 2659 1163 2965 1233; x_wconf 85' lang='lat' dir='ltr'><strong>quibusdam</strong></span> <span class='ocrx_word' id='word_1_189' title='bbox 3023 1163 3138 1217; x_wconf 86' lang='lat' dir='ltr'><strong>aliis</strong></span> <span class='ocrx_word' id='word_1_190' title='bbox 3188 1161 3610 1216; x_wconf 78' lang='lat' dir='ltr'><strong>dominicationis</strong></span> <span class='ocrx_word' id='word_1_191' title='bbox 3652 1171 3748 1214; x_wconf 71' lang='lat' dir='ltr'><strong>sua</strong></span> 
     </span>
    </p>
   </div>
   <div class='ocr_carea' id='block_1_27' title="bbox 2221 1252 3746 1320">
    <p class='ocr_par' dir='ltr' id='par_1_27' title="bbox 2221 1252 3746 1320">
     <span class='ocr_line' id='line_1_27' title="bbox 2221 1252 3746 1320; baseline -0.001 -15"><span class='ocrx_word' id='word_1_192' title='bbox 2221 1253 2376 1305; x_wconf 76' lang='lat' dir='ltr'><strong>rebus</strong></span> <span class='ocrx_word' id='word_1_193' title='bbox 2405 1253 2735 1311; x_wconf 83' lang='lat' dir='ltr'><strong>contradidit.</strong></span> <span class='ocrx_word' id='word_1_194' title='bbox 2767 1269 2883 1306; x_wconf 90' lang='lat' dir='ltr'><strong>cum</strong></span> <span class='ocrx_word' id='word_1_195' title='bbox 2912 1253 3153 1308; x_wconf 88' lang='lat' dir='ltr'><strong>omnibus</strong></span> <span class='ocrx_word' id='word_1_196' title='bbox 3189 1254 3302 1306; x_wconf 82' lang='lat' dir='ltr'><strong>suis</strong></span> <span class='ocrx_word' id='word_1_197' title='bbox 3339 1253 3676 1320; x_wconf 83' lang='lat' dir='ltr'><strong>appenditiis,</strong></span> <span class='ocrx_word' id='word_1_198' title='bbox 3702 1252 3746 1304; x_wconf 83' lang='lat' dir='ltr'><strong>in</strong></span> 
     </span>
    </p>
   </div>
   <div class='ocr_carea' id='block_1_28' title="bbox 2223 1341 3752 1406">
    <p class='ocr_par' dir='ltr' id='par_1_28' title="bbox 2223 1341 3752 1406">
     <span class='ocr_line' id='line_1_28' title="bbox 2223 1341 3752 1406; baseline 0.002 -15"><span class='ocrx_word' id='word_1_199' title='bbox 2223 1355 2324 1406; x_wconf 87' lang='lat' dir='ltr'><strong>qua</strong></span> <span class='ocrx_word' id='word_1_200' title='bbox 2353 1345 2475 1392; x_wconf 88' lang='lat' dir='ltr'><strong>sunt</strong></span> <span class='ocrx_word' id='word_1_201' title='bbox 2506 1341 2789 1394; x_wconf 88' lang='lat' dir='ltr'><strong>molendini</strong></span> <span class='ocrx_word' id='word_1_202' title='bbox 2817 1342 2920 1394; x_wconf 90' lang='lat' dir='ltr'><strong>duo</strong></span> <span class='ocrx_word' id='word_1_203' title='bbox 2951 1343 3048 1394; x_wconf 89' lang='lat' dir='ltr'><strong>sub</strong></span> <span class='ocrx_word' id='word_1_204' title='bbox 3075 1356 3181 1394; x_wconf 89' lang='lat' dir='ltr'><strong>uno</strong></span> <span class='ocrx_word' id='word_1_205' title='bbox 3205 1352 3344 1394; x_wconf 87' lang='lat' dir='ltr'><strong>tecto</strong></span> <span class='ocrx_word' id='word_1_206' title='bbox 3365 1382 3380 1406; x_wconf 92' lang='lat'><strong>,</strong></span> <span class='ocrx_word' id='word_1_207' title='bbox 3410 1355 3526 1394; x_wconf 88' lang='lat' dir='ltr'><strong>cum</strong></span> <span class='ocrx_word' id='word_1_208' title='bbox 3549 1341 3655 1394; x_wconf 90' lang='lat' dir='ltr'><strong>aria</strong></span> <span class='ocrx_word' id='word_1_209' title='bbox 3677 1355 3752 1393; x_wconf 82' lang='lat' dir='ltr'><strong>su-</strong></span> 
     </span>
    </p>
   </div>
   <div class='ocr_carea' id='block_1_29' title="bbox 2223 1424 3751 1496">
    <p class='ocr_par' dir='ltr' id='par_1_29' title="bbox 2223 1424 3751 1496">
     <span class='ocr_line' id='line_1_29' title="bbox 2223 1424 3751 1496; baseline -0.001 -15"><span class='ocrx_word' id='word_1_210' title='bbox 2223 1444 2315 1496; x_wconf 87' lang='lat' dir='ltr'><strong>per</strong></span> <span class='ocrx_word' id='word_1_211' title='bbox 2344 1429 2555 1481; x_wconf 82' lang='lat' dir='ltr'><strong>tiuvium</strong></span> <span class='ocrx_word' id='word_1_212' title='bbox 2578 1429 2792 1495; x_wconf 89' lang='lat' dir='ltr'><strong>Suppia,</strong></span> <span class='ocrx_word' id='word_1_213' title='bbox 2825 1430 2976 1482; x_wconf 90' lang='lat' dir='ltr'><strong>vinea</strong></span> <span class='ocrx_word' id='word_1_214' title='bbox 3004 1430 3056 1482; x_wconf 92' lang='lat' dir='ltr'><strong>in</strong></span> <span class='ocrx_word' id='word_1_215' title='bbox 3088 1429 3307 1483; x_wconf 84' lang='lat' dir='ltr'><strong>Betereo</strong></span> <span class='ocrx_word' id='word_1_216' title='bbox 3333 1424 3455 1481; x_wconf 73' lang='lat' dir='ltr'><strong>com</strong></span> <span class='ocrx_word' id='word_1_217' title='bbox 3477 1429 3751 1490; x_wconf 86' lang='lat' dir='ltr'><strong>vineatore;</strong></span> 
     </span>
    </p>
   </div>
   <div class='ocr_carea' id='block_1_30' title="bbox 2222 1517 3752 1588">
    <p class='ocr_par' dir='ltr' id='par_1_30' title="bbox 2222 1517 3752 1588">
     <span class='ocr_line' id='line_1_30' title="bbox 2222 1517 3752 1588; baseline 0.001 -19"><span class='ocrx_word' id='word_1_218' title='bbox 2222 1529 2273 1569; x_wconf 91' lang='lat' dir='ltr'><strong>et</strong></span> <span class='ocrx_word' id='word_1_219' title='bbox 2305 1518 2442 1585; x_wconf 88' lang='lat' dir='ltr'><strong>quod</strong></span> <span class='ocrx_word' id='word_1_220' title='bbox 2473 1519 2586 1570; x_wconf 60' lang='lat' dir='ltr'><strong>haec</strong></span> <span class='ocrx_word' id='word_1_221' title='bbox 2608 1520 2783 1570; x_wconf 84' lang='lat' dir='ltr'><strong>omnia</strong></span> <span class='ocrx_word' id='word_1_222' title='bbox 2824 1518 3135 1585; x_wconf 83' lang='lat' dir='ltr'><strong>possidenda</strong></span> <span class='ocrx_word' id='word_1_223' title='bbox 3184 1518 3250 1570; x_wconf 91' lang='lat' dir='ltr'><strong>ad</strong></span> <span class='ocrx_word' id='word_1_224' title='bbox 3282 1518 3542 1588; x_wconf 76' lang='lat' dir='ltr'><strong>integrum</strong></span> <span class='ocrx_word' id='word_1_225' title='bbox 3567 1517 3629 1570; x_wconf 87' lang='lat' dir='ltr'><strong>ad</strong></span> <span class='ocrx_word' id='word_1_226' title='bbox 3659 1519 3752 1585; x_wconf 82' lang='lat' dir='ltr'><strong>ipsa</strong></span> 
     </span>
    </p>
   </div>
   <div class='ocr_carea' id='block_1_31' title="bbox 2223 1603 3756 1688">
    <p class='ocr_par' dir='ltr' id='par_1_31' title="bbox 2223 1603 3756 1688">
     <span class='ocr_line' id='line_1_31' title="bbox 2223 1603 3756 1688; baseline -0.003 -28"><span class='ocrx_word' id='word_1_227' title='bbox 2223 1610 2564 1671; x_wconf 85' lang='lat' dir='ltr'><strong>monasteria,</strong></span> <span class='ocrx_word' id='word_1_228' title='bbox 2595 1624 2711 1674; x_wconf 74' lang='lat' dir='ltr'><strong>qua:</strong></span> <span class='ocrx_word' id='word_1_229' title='bbox 2733 1617 2854 1661; x_wconf 91' lang='lat' dir='ltr'><strong>sunt</strong></span> <span class='ocrx_word' id='word_1_230' title='bbox 2882 1611 2933 1688; x_wconf 88' lang='lat' dir='ltr'><strong>in</strong></span> <span class='ocrx_word' id='word_1_231' title='bbox 2970 1609 3170 1663; x_wconf 90' lang='lat' dir='ltr'><strong>honore</strong></span> <span class='ocrx_word' id='word_1_232' title='bbox 3199 1608 3404 1676; x_wconf 82' lang='lat' dir='ltr'><strong>patroni</strong></span> <span class='ocrx_word' id='word_1_233' title='bbox 3436 1603 3598 1659; x_wconf 82' lang='lat' dir='ltr'><strong>nostri</strong></span> <span class='ocrx_word' id='word_1_234' title='bbox 3634 1605 3756 1658; x_wconf 82' lang='lat' dir='ltr'><strong>Petri</strong></span> 
     </span>
    </p>
   </div>
   <div class='ocr_carea' id='block_1_32' title="bbox 2223 1691 3753 1763">
    <p class='ocr_par' dir='ltr' id='par_1_32' title="bbox 2223 1691 3753 1763">
     <span class='ocr_line' id='line_1_32' title="bbox 2223 1691 3753 1763; baseline -0.003 -15"><span class='ocrx_word' id='word_1_235' title='bbox 2223 1695 2378 1748; x_wconf 90' lang='lat' dir='ltr'><strong>simul</strong></span> <span class='ocrx_word' id='word_1_236' title='bbox 2407 1707 2459 1747; x_wconf 84' lang='lat' dir='ltr'><strong>et</strong></span> <span class='ocrx_word' id='word_1_237' title='bbox 2486 1696 2649 1758; x_wconf 83' lang='lat' dir='ltr'><strong>Pauli,</strong></span> <span class='ocrx_word' id='word_1_238' title='bbox 2680 1695 3060 1763; x_wconf 85' lang='lat' dir='ltr'><strong>apostolorum,</strong></span> <span class='ocrx_word' id='word_1_239' title='bbox 3092 1693 3348 1748; x_wconf 78' lang='lat' dir='ltr'><strong>Johannis</strong></span> <span class='ocrx_word' id='word_1_240' title='bbox 3376 1694 3619 1760; x_wconf 61' lang='lat' dir='ltr'><strong>Baptista:</strong></span> <span class='ocrx_word' id='word_1_241' title='bbox 3645 1700 3693 1744; x_wconf 90' lang='lat' dir='ltr'><strong>et</strong></span> <span class='ocrx_word' id='word_1_242' title='bbox 3707 1691 3753 1743; x_wconf 90' lang='lat' dir='ltr'><strong>S.</strong></span> 
     </span>
    </p>
   </div>
   <div class='ocr_carea' id='block_1_33' title="bbox 587 1769 3758 1854">
    <p class='ocr_par' dir='ltr' id='par_1_33' title="bbox 587 1769 3758 1854">
     <span class='ocr_line' id='line_1_33' title="bbox 587 1769 3758 1854; baseline -0.002 -15"><span class='ocrx_word' id='word_1_243' title='bbox 587 1796 818 1839; x_wconf 89' lang='lat' dir='ltr'><strong>nostram</strong></span> <span class='ocrx_word' id='word_1_244' title='bbox 860 1785 1036 1838; x_wconf 83' lang='lat' dir='ltr'><strong>sedem</strong></span> <span class='ocrx_word' id='word_1_245' title='bbox 1082 1789 1281 1853; x_wconf 77' lang='lat' dir='ltr'><strong>regiam</strong></span> <span class='ocrx_word' id='word_1_246' title='bbox 1312 1788 1621 1854; x_wconf 83' lang='lat' dir='ltr'><strong>pertinentia</strong></span> <span class='ocrx_word' id='word_1_247' title='bbox 1646 1828 1662 1853; x_wconf 90' lang='lat'><strong>,</strong></span> <span class='ocrx_word' id='word_1_248' title='bbox 1701 1789 1940 1842; x_wconf 80' lang='lat' dir='ltr'><strong>videlicet</strong></span> <span class='ocrx_word' id='word_1_249' title='bbox 1978 1804 2124 1842; x_wconf 86' lang='lat' dir='ltr'><strong>mon-</strong></span> <span class='ocrx_word' id='word_1_250' title='bbox 2155 1769 2205 1835; x_wconf 72' lang='grc' dir='ltr'><strong>Β</strong></span> <span class='ocrx_word' id='word_1_251' title='bbox 2227 1783 2453 1849; x_wconf 82' lang='lat' dir='ltr'><strong>Martini,</strong></span> <span class='ocrx_word' id='word_1_252' title='bbox 2488 1785 2572 1837; x_wconf 91' lang='lat' dir='ltr'><strong>vel</strong></span> <span class='ocrx_word' id='word_1_253' title='bbox 2598 1793 2892 1837; x_wconf 86' lang='lat' dir='ltr'><strong>ceterorum</strong></span> <span class='ocrx_word' id='word_1_254' title='bbox 2916 1793 3216 1836; x_wconf 88' lang='lat' dir='ltr'><strong>sanctorum</strong></span> <span class='ocrx_word' id='word_1_255' title='bbox 3261 1782 3351 1851; x_wconf 83' lang='lat' dir='ltr'><strong>qui</strong></span> <span class='ocrx_word' id='word_1_256' title='bbox 3393 1780 3583 1836; x_wconf 81' lang='lat' dir='ltr'><strong>ibidem</strong></span> <span class='ocrx_word' id='word_1_257' title='bbox 3621 1795 3758 1834; x_wconf 83' lang='lat' dir='ltr'><strong>vene-</strong></span> 
     </span>
    </p>
   </div>
   <div class='ocr_carea' id='block_1_34' title="bbox 588 1874 2124 1942">
    <p class='ocr_par' dir='ltr' id='par_1_34' title="bbox 588 1874 2124 1942">
     <span class='ocr_line' id='line_1_34' title="bbox 588 1874 2124 1942; baseline 0.002 -15"><span class='ocrx_word' id='word_1_258' title='bbox 588 1884 692 1929; x_wconf 82' lang='lat' dir='ltr'><strong>tem</strong></span> <span class='ocrx_word' id='word_1_259' title='bbox 721 1889 879 1942; x_wconf 85' lang='lat' dir='ltr'><strong>quem</strong></span> <span class='ocrx_word' id='word_1_260' title='bbox 905 1883 1095 1928; x_wconf 85' lang='lat' dir='ltr'><strong>vocant</strong></span> <span class='ocrx_word' id='word_1_261' title='bbox 1129 1876 1294 1928; x_wconf 86' lang='lat' dir='ltr'><strong>sancti</strong></span> <span class='ocrx_word' id='word_1_262' title='bbox 1324 1874 1613 1940; x_wconf 64' lang='lat' dir='ltr'><strong>Vincenti&#39;i,</strong></span> <span class='ocrx_word' id='word_1_263' title='bbox 1644 1893 1760 1929; x_wconf 89' lang='lat' dir='ltr'><strong>cum</strong></span> <span class='ocrx_word' id='word_1_264' title='bbox 1792 1877 1947 1930; x_wconf 84' lang='lat' dir='ltr'><strong>rebus</strong></span> <span class='ocrx_word' id='word_1_265' title='bbox 1973 1878 2124 1930; x_wconf 86' lang='lat' dir='ltr'><strong>indo-</strong></span> 
     </span>
    </p>
   </div>
   <div class='ocr_carea' id='block_1_35' title="bbox 591 1965 2122 2033">
    <p class='ocr_par' dir='ltr' id='par_1_35' title="bbox 591 1965 2122 2033">
     <span class='ocr_line' id='line_1_35' title="bbox 591 1965 2122 2033; baseline -0.001 -13"><span class='ocrx_word' id='word_1_266' title='bbox 591 1967 850 2021; x_wconf 87' lang='lat' dir='ltr'><strong>minicatis</strong></span> <span class='ocrx_word' id='word_1_267' title='bbox 897 1968 946 2019; x_wconf 94' lang='lat' dir='ltr'><strong>in</strong></span> <span class='ocrx_word' id='word_1_268' title='bbox 992 1967 1294 2033; x_wconf 85' lang='lat' dir='ltr'><strong>episcopatu</strong></span> <span class='ocrx_word' id='word_1_269' title='bbox 1320 1965 1649 2020; x_wconf 87' lang='lat' dir='ltr'><strong>Cabiloneusi</strong></span> <span class='ocrx_word' id='word_1_270' title='bbox 1688 1967 2122 2029; x_wconf 85' lang='lat' dir='ltr'><strong>consistentibus,</strong></span> 
     </span>
    </p>
   </div>
   <div class='ocr_carea' id='block_1_36' title="bbox 590 2057 2128 2124">
    <p class='ocr_par' dir='ltr' id='par_1_36' title="bbox 590 2057 2128 2124">
     <span class='ocr_line' id='line_1_36' title="bbox 590 2057 2128 2124; baseline -0.001 -12"><span class='ocrx_word' id='word_1_271' title='bbox 590 2073 709 2112; x_wconf 85' lang='lat' dir='ltr'><strong>eum</strong></span> <span class='ocrx_word' id='word_1_272' title='bbox 741 2057 926 2121; x_wconf 81' lang='lat' dir='ltr'><strong>vineis,</strong></span> <span class='ocrx_word' id='word_1_273' title='bbox 959 2057 1138 2124; x_wconf 85' lang='lat' dir='ltr'><strong>pratis,</strong></span> <span class='ocrx_word' id='word_1_274' title='bbox 1167 2057 1388 2122; x_wconf 86' lang='lat' dir='ltr'><strong>campis,</strong></span> <span class='ocrx_word' id='word_1_275' title='bbox 1419 2058 1598 2124; x_wconf 72' lang='lat' dir='ltr'><strong>sylvis,</strong></span> <span class='ocrx_word' id='word_1_276' title='bbox 1625 2057 1862 2120; x_wconf 81' lang='lat' dir='ltr'><strong>pascuis,</strong></span> <span class='ocrx_word' id='word_1_277' title='bbox 1903 2057 2128 2112; x_wconf 82' lang='lat' dir='ltr'><strong>nemori-</strong></span> 
     </span>
    </p>
   </div>
   <div class='ocr_carea' id='block_1_37' title="bbox 592 2146 2128 2214">
    <p class='ocr_par' dir='ltr' id='par_1_37' title="bbox 592 2146 2128 2214">
     <span class='ocr_line' id='line_1_37' title="bbox 592 2146 2128 2214; baseline -0.003 -13"><span class='ocrx_word' id='word_1_278' title='bbox 592 2149 712 2212; x_wconf 88' lang='lat' dir='ltr'><strong>bus,</strong></span> <span class='ocrx_word' id='word_1_279' title='bbox 730 2147 879 2214; x_wconf 82' lang='lat' dir='ltr'><strong>aquis</strong></span> <span class='ocrx_word' id='word_1_280' title='bbox 894 2160 1210 2212; x_wconf 87' lang='lat' dir='ltr'><strong>aquarumve</strong></span> <span class='ocrx_word' id='word_1_281' title='bbox 1225 2146 1556 2200; x_wconf 87' lang='lat' dir='ltr'><strong>deductibus.</strong></span> <span class='ocrx_word' id='word_1_282' title='bbox 1576 2146 1924 2199; x_wconf 85' lang='lat' dir='ltr'><strong>Concedimus</strong></span> <span class='ocrx_word' id='word_1_283' title='bbox 1948 2147 2128 2211; x_wconf 87' lang='lat' dir='ltr'><strong>etiam,</strong></span> 
     </span>
    </p>
   </div>
   <div class='ocr_carea' id='block_1_38' title="bbox 597 2228 2133 2303">
    <p class='ocr_par' dir='ltr' id='par_1_38' title="bbox 597 2228 2133 2303">
     <span class='ocr_line' id='line_1_38' title="bbox 597 2228 2133 2303; baseline -0.001 -13"><span class='ocrx_word' id='word_1_284' title='bbox 597 2236 650 2290; x_wconf 90' lang='lat' dir='ltr'><strong>in</strong></span> <span class='ocrx_word' id='word_1_285' title='bbox 679 2228 976 2302; x_wconf 72' lang='lat' dir='ltr'><strong>eplsdlipatu</strong></span> <span class='ocrx_word' id='word_1_286' title='bbox 1007 2235 1318 2296; x_wconf 67' lang='lat' dir='ltr'><strong>illatis-censi,</strong></span> <span class='ocrx_word' id='word_1_287' title='bbox 1344 2235 1615 2288; x_wconf 84' lang='lat' dir='ltr'><strong>ecclesiam</strong></span> <span class='ocrx_word' id='word_1_288' title='bbox 1637 2235 1812 2289; x_wconf 86' lang='lat' dir='ltr'><strong>Sancti</strong></span> <span class='ocrx_word' id='word_1_289' title='bbox 1842 2231 2061 2303; x_wconf 83' lang='lat' dir='ltr'><strong>Remigii</strong></span> <span class='ocrx_word' id='word_1_290' title='bbox 2080 2244 2133 2290; x_wconf 89' lang='lat' dir='ltr'><strong>et</strong></span> 
     </span>
    </p>
   </div>
   <div class='ocr_carea' id='block_1_39' title="bbox 592 2323 2134 2394">
    <p class='ocr_par' dir='ltr' id='par_1_39' title="bbox 592 2323 2134 2394">
     <span class='ocr_line' id='line_1_39' title="bbox 592 2323 2134 2394; baseline -0.001 -13"><span class='ocrx_word' id='word_1_291' title='bbox 592 2325 865 2381; x_wconf 85' lang='lat' dir='ltr'><strong>ecclesiam</strong></span> <span class='ocrx_word' id='word_1_292' title='bbox 911 2324 1085 2378; x_wconf 87' lang='lat' dir='ltr'><strong>Sancti</strong></span> <span class='ocrx_word' id='word_1_293' title='bbox 1130 2323 1329 2387; x_wconf 88' lang='lat' dir='ltr'><strong>Pontii,</strong></span> <span class='ocrx_word' id='word_1_294' title='bbox 1371 2341 1486 2378; x_wconf 91' lang='lat' dir='ltr'><strong>cum</strong></span> <span class='ocrx_word' id='word_1_295' title='bbox 1534 2326 1776 2380; x_wconf 87' lang='lat' dir='ltr'><strong>omnibus</strong></span> <span class='ocrx_word' id='word_1_296' title='bbox 1823 2325 2134 2394; x_wconf 87' lang='lat' dir='ltr'><strong>appenditiis</strong></span> 
     </span>
    </p>
   </div>
   <div class='ocr_carea' id='block_1_40' title="bbox 596 2411 2138 2486">
    <p class='ocr_par' dir='ltr' id='par_1_40' title="bbox 596 2411 2138 2486">
     <span class='ocr_line' id='line_1_40' title="bbox 596 2411 2138 2486; baseline 0.001 -19"><span class='ocrx_word' id='word_1_297' title='bbox 596 2428 810 2477; x_wconf 87' lang='lat' dir='ltr'><strong>eorum;</strong></span> <span class='ocrx_word' id='word_1_298' title='bbox 856 2413 906 2466; x_wconf 91' lang='lat' dir='ltr'><strong>in</strong></span> <span class='ocrx_word' id='word_1_299' title='bbox 951 2412 1252 2480; x_wconf 74' lang='lat' dir='ltr'><strong>episropatu</strong></span> <span class='ocrx_word' id='word_1_300' title='bbox 1282 2416 1437 2467; x_wconf 89' lang='lat' dir='ltr'><strong>etiam</strong></span> <span class='ocrx_word' id='word_1_301' title='bbox 1469 2415 1832 2484; x_wconf 80' lang='lat' dir='ltr'><strong>Lugdunensi,</strong></span> <span class='ocrx_word' id='word_1_302' title='bbox 1859 2411 2138 2486; x_wconf 65' lang='lat' dir='ltr'><strong>ecclesiam</strong></span> 
     </span>
    </p>
   </div>
   <div class='ocr_carea' id='block_1_41' title="bbox 595 2498 2137 2572">
    <p class='ocr_par' dir='ltr' id='par_1_41' title="bbox 595 2498 2137 2572">
     <span class='ocr_line' id='line_1_41' title="bbox 595 2498 2137 2572; baseline 0.003 -16"><span class='ocrx_word' id='word_1_303' title='bbox 595 2516 711 2572; x_wconf 76' lang='lat' dir='ltr'><strong>qua:</strong></span> <span class='ocrx_word' id='word_1_304' title='bbox 737 2503 924 2556; x_wconf 89' lang='lat' dir='ltr'><strong>dicitur</strong></span> <span class='ocrx_word' id='word_1_305' title='bbox 952 2503 1016 2556; x_wconf 91' lang='lat' dir='ltr'><strong>ad</strong></span> <span class='ocrx_word' id='word_1_306' title='bbox 1043 2498 1280 2568; x_wconf 22' lang='lat' dir='ltr'><strong>Sanetas‘,</strong></span> <span class='ocrx_word' id='word_1_307' title='bbox 1309 2515 1360 2559; x_wconf 92' lang='lat' dir='ltr'><strong>et</strong></span> <span class='ocrx_word' id='word_1_308' title='bbox 1383 2519 1589 2560; x_wconf 89' lang='lat' dir='ltr'><strong>omnem</strong></span> <span class='ocrx_word' id='word_1_309' title='bbox 1619 2517 1807 2560; x_wconf 75' lang='lat' dir='ltr'><strong>terram</strong></span> <span class='ocrx_word' id='word_1_310' title='bbox 1834 2506 1968 2560; x_wconf 83' lang='lat' dir='ltr'><strong>sicut</strong></span> <span class='ocrx_word' id='word_1_311' title='bbox 1989 2508 2137 2561; x_wconf 88' lang='lat' dir='ltr'><strong>vallis</strong></span> 
     </span>
    </p>
   </div>
   <div class='ocr_carea' id='block_1_42' title="bbox 598 2591 2136 2665">
    <p class='ocr_par' dir='ltr' id='par_1_42' title="bbox 598 2591 2136 2665">
     <span class='ocr_line' id='line_1_42' title="bbox 598 2591 2136 2665; baseline 0.003 -21"><span class='ocrx_word' id='word_1_312' title='bbox 598 2591 768 2659; x_wconf 83' lang='lat' dir='ltr'><strong>Hergo</strong></span> <span class='ocrx_word' id='word_1_313' title='bbox 791 2593 1063 2654; x_wconf 88' lang='lat' dir='ltr'><strong>consistit,</strong></span> <span class='ocrx_word' id='word_1_314' title='bbox 1110 2603 1163 2646; x_wconf 89' lang='lat' dir='ltr'><strong>et</strong></span> <span class='ocrx_word' id='word_1_315' title='bbox 1200 2595 1332 2647; x_wconf 83' lang='lat' dir='ltr'><strong>sicut</strong></span> <span class='ocrx_word' id='word_1_316' title='bbox 1375 2611 1508 2662; x_wconf 86' lang='lat' dir='ltr'><strong>aqua</strong></span> <span class='ocrx_word' id='word_1_317' title='bbox 1543 2612 1656 2664; x_wconf 72' lang='lat' dir='ltr'><strong>quae</strong></span> <span class='ocrx_word' id='word_1_318' title='bbox 1684 2597 1874 2650; x_wconf 87' lang='lat' dir='ltr'><strong>dicitur</strong></span> <span class='ocrx_word' id='word_1_319' title='bbox 1903 2611 1930 2649; x_wconf 90' lang='lat' dir='ltr'><strong>a</strong></span> <span class='ocrx_word' id='word_1_320' title='bbox 1959 2597 2136 2665; x_wconf 83' lang='lat' dir='ltr'><strong>Selgo,</strong></span> 
     </span>
    </p>
   </div>
   <div class='ocr_carea' id='block_1_43' title="bbox 598 2681 2138 2753">
    <p class='ocr_par' dir='ltr' id='par_1_43' title="bbox 598 2681 2138 2753">
     <span class='ocr_line' id='line_1_43' title="bbox 598 2681 2138 2753; baseline 0.007 -25"><span class='ocrx_word' id='word_1_321' title='bbox 598 2693 716 2732; x_wconf 69' lang='lat' dir='ltr'><strong>tum</strong></span> <span class='ocrx_word' id='word_1_322' title='bbox 743 2681 932 2732; x_wconf 89' lang='lat' dir='ltr'><strong>villulis</strong></span> <span class='ocrx_word' id='word_1_323' title='bbox 961 2682 1010 2732; x_wconf 91' lang='lat' dir='ltr'><strong>in</strong></span> <span class='ocrx_word' id='word_1_324' title='bbox 1039 2681 1221 2736; x_wconf 90' lang='lat' dir='ltr'><strong>eadem</strong></span> <span class='ocrx_word' id='word_1_325' title='bbox 1248 2685 1382 2738; x_wconf 89' lang='lat' dir='ltr'><strong>valle</strong></span> <span class='ocrx_word' id='word_1_326' title='bbox 1407 2686 1758 2751; x_wconf 81' lang='lat' dir='ltr'><strong>manentibus,</strong></span> <span class='ocrx_word' id='word_1_327' title='bbox 1787 2695 1842 2740; x_wconf 88' lang='lat' dir='ltr'><strong>et</strong></span> <span class='ocrx_word' id='word_1_328' title='bbox 1867 2686 2138 2753; x_wconf 83' lang='lat' dir='ltr'><strong>mancipiis</strong></span> 
     </span>
    </p>
   </div>
   <div class='ocr_carea' id='block_1_44' title="bbox 599 2769 2141 2841">
    <p class='ocr_par' dir='ltr' id='par_1_44' title="bbox 599 2769 2141 2841">
     <span class='ocr_line' id='line_1_44' title="bbox 599 2769 2141 2841; baseline 0.003 -19"><span class='ocrx_word' id='word_1_329' title='bbox 599 2781 801 2822; x_wconf 73' lang='lat' dir='ltr'><strong>eorum.</strong></span> <span class='ocrx_word' id='word_1_330' title='bbox 836 2769 956 2820; x_wconf 60' lang='lat' dir='ltr'><strong>Haec</strong></span> <span class='ocrx_word' id='word_1_331' title='bbox 983 2771 1141 2823; x_wconf 86' lang='lat' dir='ltr'><strong>etiam</strong></span> <span class='ocrx_word' id='word_1_332' title='bbox 1167 2772 1339 2835; x_wconf 85' lang='lat' dir='ltr'><strong>addo;</strong></span> <span class='ocrx_word' id='word_1_333' title='bbox 1388 2773 1565 2826; x_wconf 88' lang='lat' dir='ltr'><strong>villam</strong></span> <span class='ocrx_word' id='word_1_334' title='bbox 1609 2787 1725 2841; x_wconf 72' lang='lat' dir='ltr'><strong>qum</strong></span> <span class='ocrx_word' id='word_1_335' title='bbox 1761 2775 1950 2827; x_wconf 85' lang='lat' dir='ltr'><strong>dicitur</strong></span> <span class='ocrx_word' id='word_1_336' title='bbox 1993 2774 2141 2827; x_wconf 86' lang='lat' dir='ltr'><strong>Bala-</strong></span> 
     </span>
    </p>
   </div>
   <div class='ocr_carea' id='block_1_45' title="bbox 600 2857 2142 2930">
    <p class='ocr_par' dir='ltr' id='par_1_45' title="bbox 600 2857 2142 2930">
     <span class='ocr_line' id='line_1_45' title="bbox 600 2857 2142 2930; baseline 0.007 -24"><span class='ocrx_word' id='word_1_337' title='bbox 600 2869 753 2919; x_wconf 82' lang='lat' dir='ltr'><strong>sono,</strong></span> <span class='ocrx_word' id='word_1_338' title='bbox 782 2871 898 2907; x_wconf 85' lang='lat' dir='ltr'><strong>cum</strong></span> <span class='ocrx_word' id='word_1_339' title='bbox 927 2857 1146 2910; x_wconf 66' lang='lat' dir='ltr'><strong>etclcsia</strong></span> <span class='ocrx_word' id='word_1_340' title='bbox 1177 2869 1229 2910; x_wconf 90' lang='lat' dir='ltr'><strong>et</strong></span> <span class='ocrx_word' id='word_1_341' title='bbox 1256 2861 1500 2914; x_wconf 85' lang='lat' dir='ltr'><strong>omnibus</strong></span> <span class='ocrx_word' id='word_1_342' title='bbox 1525 2863 1841 2930; x_wconf 87' lang='lat' dir='ltr'><strong>appenditiis</strong></span> <span class='ocrx_word' id='word_1_343' title='bbox 1867 2864 1999 2927; x_wconf 83' lang='lat' dir='ltr'><strong>suis,</strong></span> <span class='ocrx_word' id='word_1_344' title='bbox 2027 2879 2142 2927; x_wconf 74' lang='lat' dir='ltr'><strong>quze</strong></span> 
     </span>
    </p>
   </div>
   <div class='ocr_carea' id='block_1_46' title="bbox 600 2941 2142 3019">
    <p class='ocr_par' dir='ltr' id='par_1_46' title="bbox 600 2941 2142 3019">
     <span class='ocr_line' id='line_1_46' title="bbox 600 2941 2142 3019; baseline 0.009 -27"><span class='ocrx_word' id='word_1_345' title='bbox 600 2941 699 2994; x_wconf 83' lang='lat' dir='ltr'><strong>sita</strong></span> <span class='ocrx_word' id='word_1_346' title='bbox 727 2951 804 2995; x_wconf 83' lang='lat' dir='ltr'><strong>est</strong></span> <span class='ocrx_word' id='word_1_347' title='bbox 828 2941 972 3010; x_wconf 80' lang='lat' dir='ltr'><strong>juxta</strong></span> <span class='ocrx_word' id='word_1_348' title='bbox 996 2944 1290 3010; x_wconf 83' lang='lat' dir='ltr'><strong>Sangonam</strong></span> <span class='ocrx_word' id='word_1_349' title='bbox 1315 2947 1524 3001; x_wconf 83' lang='lat' dir='ltr'><strong>ﬂumen.</strong></span> <span class='ocrx_word' id='word_1_350' title='bbox 1555 2949 1738 3003; x_wconf 86' lang='lat' dir='ltr'><strong>Omnia</strong></span> <span class='ocrx_word' id='word_1_351' title='bbox 1767 2952 2142 3019; x_wconf 69' lang='lat' dir='ltr'><strong>praenominata</strong></span> 
     </span>
    </p>
   </div>
   <div class='ocr_carea' id='block_1_47' title="bbox 605 3029 2214 3118">
    <p class='ocr_par' dir='ltr' id='par_1_47' title="bbox 605 3029 2214 3118">
     <span class='ocr_line' id='line_1_47' title="bbox 605 3029 2214 3118; baseline 0.009 -38"><span class='ocrx_word' id='word_1_352' title='bbox 605 3029 697 3081; x_wconf 88' lang='lat' dir='ltr'><strong>tibi</strong></span> <span class='ocrx_word' id='word_1_353' title='bbox 723 3039 776 3082; x_wconf 92' lang='lat' dir='ltr'><strong>et</strong></span> <span class='ocrx_word' id='word_1_354' title='bbox 804 3029 1044 3083; x_wconf 82' lang='lat' dir='ltr'><strong>fratribus</strong></span> <span class='ocrx_word' id='word_1_355' title='bbox 1090 3033 1139 3085; x_wconf 92' lang='lat' dir='ltr'><strong>in</strong></span> <span class='ocrx_word' id='word_1_356' title='bbox 1188 3035 1331 3087; x_wconf 85' lang='lat' dir='ltr'><strong>dicte</strong></span> <span class='ocrx_word' id='word_1_357' title='bbox 1371 3040 1609 3092; x_wconf 86' lang='lat' dir='ltr'><strong>coenobio</strong></span> <span class='ocrx_word' id='word_1_358' title='bbox 1653 3042 2136 3102; x_wconf 88' lang='lat' dir='ltr'><strong>commorantibus,</strong></span> <span class='ocrx_word' id='word_1_359' title='bbox 2179 3093 2214 3118; x_wconf 51' lang='grc' dir='ltr'><strong>η</strong></span> 
     </span>
    </p>
   </div>
   <div class='ocr_carea' id='block_1_48' title="bbox 611 3115 2214 3199">
    <p class='ocr_par' dir='ltr' id='par_1_48' title="bbox 611 3115 2214 3199">
     <span class='ocr_line' id='line_1_48' title="bbox 611 3115 2214 3199; baseline 0.009 -29"><span class='ocrx_word' id='word_1_360' title='bbox 611 3130 713 3170; x_wconf 86' lang='lat' dir='ltr'><strong>tam</strong></span> <span class='ocrx_word' id='word_1_361' title='bbox 745 3121 1084 3186; x_wconf 72' lang='lat' dir='ltr'><strong>praesentibus</strong></span> <span class='ocrx_word' id='word_1_362' title='bbox 1109 3138 1262 3188; x_wconf 82' lang='lat' dir='ltr'><strong>quant</strong></span> <span class='ocrx_word' id='word_1_363' title='bbox 1295 3125 1476 3180; x_wconf 79' lang='lat' dir='ltr'><strong>tuturis</strong></span> <span class='ocrx_word' id='word_1_364' title='bbox 1503 3168 1516 3190; x_wconf 95' lang='lat'><strong>,</strong></span> <span class='ocrx_word' id='word_1_365' title='bbox 1548 3141 1642 3194; x_wconf 89' lang='lat' dir='ltr'><strong>per</strong></span> <span class='ocrx_word' id='word_1_366' title='bbox 1684 3131 1844 3182; x_wconf 88' lang='lat' dir='ltr'><strong>nostri</strong></span> <span class='ocrx_word' id='word_1_367' title='bbox 1885 3131 2140 3199; x_wconf 80' lang='lat' dir='ltr'><strong>privilegii</strong></span> <span class='ocrx_word' id='word_1_368' title='bbox 2166 3115 2214 3152; x_wconf 58' lang='grc' dir='ltr'>υ</span> 
     </span>
    </p>
   </div>
   <div class='ocr_carea' id='block_1_49' title="bbox 611 3205 2138 3282">
    <p class='ocr_par' dir='ltr' id='par_1_49' title="bbox 611 3205 2138 3282">
     <span class='ocr_line' id='line_1_49' title="bbox 611 3205 2138 3282; baseline 0.01 -24"><span class='ocrx_word' id='word_1_369' title='bbox 611 3205 906 3260; x_wconf 65' lang='lat' dir='ltr'><strong>ﬁrmitatem</strong></span> <span class='ocrx_word' id='word_1_370' title='bbox 940 3210 1231 3276; x_wconf 88' lang='lat' dir='ltr'><strong>tribuimus,</strong></span> <span class='ocrx_word' id='word_1_371' title='bbox 1256 3224 1511 3281; x_wconf 84' lang='lat' dir='ltr'><strong>quatenus</strong></span> <span class='ocrx_word' id='word_1_372' title='bbox 1540 3232 1632 3282; x_wconf 92' lang='lat' dir='ltr'><strong>pro</strong></span> <span class='ocrx_word' id='word_1_373' title='bbox 1661 3219 1829 3272; x_wconf 88' lang='lat' dir='ltr'><strong>salute</strong></span> <span class='ocrx_word' id='word_1_374' title='bbox 1857 3229 2035 3273; x_wconf 85' lang='lat' dir='ltr'><strong>nostra</strong></span> <span class='ocrx_word' id='word_1_375' title='bbox 2061 3220 2138 3273; x_wconf 87' lang='lat' dir='ltr'><strong>vel</strong></span> 
     </span>
    </p>
   </div>
   <div class='ocr_carea' id='block_1_50' title="bbox 619 3296 2148 3377">
    <p class='ocr_par' dir='ltr' id='par_1_50' title="bbox 619 3296 2148 3377">
     <span class='ocr_line' id='line_1_50' title="bbox 619 3296 2148 3377; baseline 0.011 -31"><span class='ocrx_word' id='word_1_376' title='bbox 619 3296 760 3362; x_wconf 85' lang='lat' dir='ltr'><strong>regni</strong></span> <span class='ocrx_word' id='word_1_377' title='bbox 787 3299 949 3349; x_wconf 86' lang='lat' dir='ltr'><strong>nostri</strong></span> <span class='ocrx_word' id='word_1_378' title='bbox 976 3302 1322 3368; x_wconf 85' lang='lat' dir='ltr'><strong>prosperitate</strong></span> <span class='ocrx_word' id='word_1_379' title='bbox 1347 3305 1670 3358; x_wconf 87' lang='lat' dir='ltr'><strong>incessanter</strong></span> <span class='ocrx_word' id='word_1_380' title='bbox 1696 3301 1788 3360; x_wconf 85' lang='lat' dir='ltr'><strong>Dei</strong></span> <span class='ocrx_word' id='word_1_381' title='bbox 1814 3309 2148 3377; x_wconf 86' lang='lat' dir='ltr'><strong>omnipoten-</strong></span> 
     </span>
    </p>
   </div>
   <div class='ocr_carea' id='block_1_51' title="bbox 617 3385 2152 3452">
    <p class='ocr_par' dir='ltr' id='par_1_51' title="bbox 617 3385 2152 3452">
     <span class='ocr_line' id='line_1_51' title="bbox 617 3385 2152 3452; baseline 0.01 -18"><span class='ocrx_word' id='word_1_382' title='bbox 617 3385 684 3437; x_wconf 89' lang='lat' dir='ltr'><strong>tis</strong></span> <span class='ocrx_word' id='word_1_383' title='bbox 724 3385 1047 3445; x_wconf 85' lang='lat' dir='ltr'><strong>clementiam</strong></span> <span class='ocrx_word' id='word_1_384' title='bbox 1090 3393 1336 3442; x_wconf 74' lang='lat' dir='ltr'><strong>exoretis.</strong></span> <span class='ocrx_word' id='word_1_385' title='bbox 1389 3392 1497 3446; x_wconf 84' lang='lat' dir='ltr'><strong>Hoc</strong></span> <span class='ocrx_word' id='word_1_386' title='bbox 1536 3403 1707 3447; x_wconf 87' lang='lat' dir='ltr'><strong>autem</strong></span> <span class='ocrx_word' id='word_1_387' title='bbox 1749 3397 1941 3448; x_wconf 87' lang='lat' dir='ltr'><strong>donum</strong></span> <span class='ocrx_word' id='word_1_388' title='bbox 1993 3399 2152 3452; x_wconf 80' lang='lat' dir='ltr'><strong>irater</strong></span> 
     </span>
    </p>
   </div>
   <div class='ocr_carea' id='block_1_52' title="bbox 623 3465 2154 3554">
    <p class='ocr_par' dir='ltr' id='par_1_52' title="bbox 623 3465 2154 3554">
     <span class='ocr_line' id='line_1_52' title="bbox 623 3465 2154 3554; baseline 0.01 -31"><span class='ocrx_word' id='word_1_389' title='bbox 623 3465 769 3528; x_wconf 79' lang='lat' dir='ltr'><strong>tneus</strong></span> <span class='ocrx_word' id='word_1_390' title='bbox 797 3473 1148 3546; x_wconf 81' lang='lat' dir='ltr'><strong>Theodericus</strong></span> <span class='ocrx_word' id='word_1_391' title='bbox 1174 3520 1187 3541; x_wconf 93' lang='lat'><strong>,</strong></span> <span class='ocrx_word' id='word_1_392' title='bbox 1219 3478 1287 3530; x_wconf 94' lang='lat' dir='ltr'><strong>ob</strong></span> <span class='ocrx_word' id='word_1_393' title='bbox 1316 3493 1544 3547; x_wconf 86' lang='lat' dir='ltr'><strong>amorem</strong></span> <span class='ocrx_word' id='word_1_394' title='bbox 1585 3483 1658 3534; x_wconf 91' lang='lat' dir='ltr'><strong>tui</strong></span> <span class='ocrx_word' id='word_1_395' title='bbox 1681 3523 1695 3546; x_wconf 92' lang='lat'><strong>,</strong></span> <span class='ocrx_word' id='word_1_396' title='bbox 1729 3473 1958 3536; x_wconf 72' lang='lat' dir='ltr'><strong>laudavit</strong></span> <span class='ocrx_word' id='word_1_397' title='bbox 1996 3472 2154 3554; x_wconf 80' lang='lat' dir='ltr'><strong>atque</strong></span> 
     </span>
    </p>
   </div>
   <div class='ocr_carea' id='block_1_53' title="bbox 615 3565 2152 3641">
    <p class='ocr_par' dir='ltr' id='par_1_53' title="bbox 615 3565 2152 3641">
     <span class='ocr_line' id='line_1_53' title="bbox 615 3565 2152 3641; baseline 0.006 -23"><span class='ocrx_word' id='word_1_398' title='bbox 615 3565 890 3618; x_wconf 71' lang='lat' dir='ltr'><strong>conoessit.</strong></span> <span class='ocrx_word' id='word_1_399' title='bbox 924 3567 1104 3617; x_wconf 83' lang='lat' dir='ltr'><strong>Actum</strong></span> <span class='ocrx_word' id='word_1_400' title='bbox 1149 3577 1229 3620; x_wconf 87' lang='lat' dir='ltr'><strong>est</strong></span> <span class='ocrx_word' id='word_1_401' title='bbox 1258 3567 1355 3620; x_wconf 87' lang='lat' dir='ltr'><strong>hoc</strong></span> <span class='ocrx_word' id='word_1_402' title='bbox 1381 3571 1572 3622; x_wconf 90' lang='lat' dir='ltr'><strong>donum</strong></span> <span class='ocrx_word' id='word_1_403' title='bbox 1600 3571 1710 3624; x_wconf 88' lang='lat' dir='ltr'><strong>sive</strong></span> <span class='ocrx_word' id='word_1_404' title='bbox 1749 3573 2070 3641; x_wconf 85' lang='lat' dir='ltr'><strong>privilegium</strong></span> <span class='ocrx_word' id='word_1_405' title='bbox 2103 3575 2152 3627; x_wconf 91' lang='lat' dir='ltr'><strong>in</strong></span> 
     </span>
    </p>
   </div>
   <div class='ocr_carea' id='block_1_54' title="bbox 619 3652 1968 3728">
    <p class='ocr_par' dir='ltr' id='par_1_54' title="bbox 619 3652 1968 3728">
     <span class='ocr_line' id='line_1_54' title="bbox 619 3652 1968 3728; baseline 0.007 -24"><span class='ocrx_word' id='word_1_406' title='bbox 619 3652 832 3705; x_wconf 81' lang='lat' dir='ltr'><strong>civitate</strong></span> <span class='ocrx_word' id='word_1_407' title='bbox 862 3652 1107 3714; x_wconf 77' lang='lat' dir='ltr'><strong>Parisios,</strong></span> <span class='ocrx_word' id='word_1_408' title='bbox 1137 3669 1276 3708; x_wconf 90' lang='lat' dir='ltr'><strong>anno</strong></span> <span class='ocrx_word' id='word_1_409' title='bbox 1304 3658 1483 3724; x_wconf 93' lang='lat' dir='ltr'><strong>quinto</strong></span> <span class='ocrx_word' id='word_1_410' title='bbox 1505 3657 1785 3712; x_wconf 78' lang='lat' dir='ltr'><strong>Childerici</strong></span> <span class='ocrx_word' id='word_1_411' title='bbox 1813 3662 1968 3728; x_wconf 84' lang='lat' dir='ltr'><strong>regis.</strong></span> 
     </span>
    </p>
   </div>
   <div class='ocr_carea' id='block_1_55' title="bbox 1358 3765 1417 3816">
    <p class='ocr_par' dir='ltr' id='par_1_55' title="bbox 1358 3765 1417 3816">
     <span class='ocr_line' id='line_1_55' title="bbox 1358 3765 1417 3816; baseline 0.034 -2"><span class='ocrx_word' id='word_1_412' title='bbox 1358 3765 1417 3816; x_wconf 78' lang='grc' dir='ltr'><strong>ν.</strong></span> 
     </span>
    </p>
   </div>
   <div class='ocr_carea' id='block_1_56' title="bbox 621 3851 2156 3938">
    <p class='ocr_par' dir='ltr' id='par_1_56' title="bbox 621 3851 2156 3938">
     <span class='ocr_line' id='line_1_56' title="bbox 621 3851 2156 3938; baseline 0.007 -35"><span class='ocrx_word' id='word_1_413' title='bbox 621 3851 861 3917; x_wconf 77' lang='lat' dir='ltr'><strong>Diploma</strong></span> <span class='ocrx_word' id='word_1_414' title='bbox 905 3869 1018 3938; x_wconf 40' lang='lat' dir='ltr'><strong>quo.</strong></span> <span class='ocrx_word' id='word_1_415' title='bbox 1049 3851 1357 3938; x_wconf 48' lang='lat' dir='ltr'><strong>quidet-igua</strong></span> <span class='ocrx_word' id='word_1_416' title='bbox 1396 3857 1767 3938; x_wconf 55' lang='lat' dir='ltr'><strong>Germitu&#39;acttm</strong></span> <span class='ocrx_word' id='word_1_417' title='bbox 1810 3876 1852 3938; x_wconf 36' lang='lat' dir='ltr'><strong>la</strong></span> <span class='ocrx_word' id='word_1_418' title='bbox 1887 3860 2156 3938; x_wconf 39' lang='lat' dir='ltr'><strong>.Sigeberto</strong></span> 
     </span>
    </p>
   </div>
   <div class='ocr_carea' id='block_1_57' title="bbox 687 3924 2154 3987">
    <p class='ocr_par' dir='ltr' id='par_1_57' title="bbox 687 3924 2154 3987">
     <span class='ocr_line' id='line_1_57' title="bbox 687 3924 2154 3987; baseline 0.007 -18"><span class='ocrx_word' id='word_1_419' title='bbox 687 3935 801 3987; x_wconf 82' lang='lat' dir='ltr'><strong>rege</strong></span> <span class='ocrx_word' id='word_1_420' title='bbox 829 3924 1134 3973; x_wconf 74' lang='lat' dir='ltr'><strong>monasteriis</strong></span> <span class='ocrx_word' id='word_1_421' title='bbox 1175 3924 1458 3975; x_wconf 73' lang='lat' dir='ltr'><strong>Stabuensi</strong></span> <span class='ocrx_word' id='word_1_422' title='bbox 1491 3937 1534 3978; x_wconf 83' lang='lat' dir='ltr'><strong>et</strong></span> <span class='ocrx_word' id='word_1_423' title='bbox 1561 3924 2002 3980; x_wconf 65' lang='lat' dir='ltr'><strong>Malmundarienii</strong></span> <span class='ocrx_word' id='word_1_424' title='bbox 2033 3947 2154 3981; x_wconf 85' lang='lat' dir='ltr'><strong>con-</strong></span> 
     </span>
    </p>
   </div>
   <div class='ocr_carea' id='block_1_58' title="bbox 627 3991 1478 4060">
    <p class='ocr_par' dir='ltr' id='par_1_58' title="bbox 627 3991 1478 4060">
     <span class='ocr_line' id='line_1_58' title="bbox 627 3991 1478 4060; baseline 0.006 -22"><span class='ocrx_word' id='word_1_425' title='bbox 627 4053 640 4056; x_wconf 35' lang='lat'><strong>-</strong></span> <span class='ocrx_word' id='word_1_426' title='bbox 690 4005 877 4040; x_wconf 76' lang='lat' dir='ltr'><strong>crssmn</strong></span> <span class='ocrx_word' id='word_1_427' title='bbox 902 3991 1074 4042; x_wconf 78' lang='lat' dir='ltr'><strong>asserit</strong></span> <span class='ocrx_word' id='word_1_428' title='bbox 1103 4001 1126 4028; x_wconf 73' lang='grc' dir='ltr'>α</span> <span class='ocrx_word' id='word_1_429' title='bbox 1159 3991 1301 4057; x_wconf 83' lang='lat' dir='ltr'><strong>(anu.</strong></span> <span class='ocrx_word' id='word_1_430' title='bbox 1332 3992 1478 4060; x_wconf 66' lang='lat' dir='ltr'><strong>tibi).</strong></span> 
     </span>
    </p>
   </div>
   <div class='ocr_carea' id='block_1_59' title="bbox 644 4096 2160 4171">
    <p class='ocr_par' dir='ltr' id='par_1_59' title="bbox 644 4096 2160 4171">
     <span class='ocr_line' id='line_1_59' title="bbox 644 4096 2160 4171; baseline 0.003 -21"><span class='ocrx_word' id='word_1_431' title='bbox 644 4145 646 4150; x_wconf 91' lang='lat'><strong>.</strong></span> <span class='ocrx_word' id='word_1_432' title='bbox 698 4098 749 4149; x_wconf 92' lang='lat' dir='ltr'><strong>In</strong></span> <span class='ocrx_word' id='word_1_433' title='bbox 778 4097 863 4150; x_wconf 90' lang='lat' dir='ltr'><strong>Dei</strong></span> <span class='ocrx_word' id='word_1_434' title='bbox 885 4096 1118 4165; x_wconf 71' lang='lat' dir='ltr'><strong>nomine,</strong></span> <span class='ocrx_word' id='word_1_435' title='bbox 1151 4099 1436 4171; x_wconf 67' lang='lat' dir='ltr'><strong>l’lildricus.</strong></span> <span class='ocrx_word' id='word_1_436' title='bbox 1465 4117 1554 4155; x_wconf 91' lang='lat' dir='ltr'><strong>rex</strong></span> <span class='ocrx_word' id='word_1_437' title='bbox 1587 4102 1942 4169; x_wconf 82' lang='lat' dir='ltr'><strong>Francorum,</strong></span> <span class='ocrx_word' id='word_1_438' title='bbox 1969 4110 2047 4158; x_wconf 86' lang='lat' dir='ltr'><strong>vir</strong></span> <span class='ocrx_word' id='word_1_439' title='bbox 2076 4106 2160 4156; x_wconf 92' lang='lat' dir='ltr'><strong>in-</strong></span> 
     </span>
    </p>
   </div>
   <div class='ocr_carea' id='block_1_60' title="bbox 624 4187 2162 4260">
    <p class='ocr_par' dir='ltr' id='par_1_60' title="bbox 624 4187 2162 4260">
     <span class='ocr_line' id='line_1_60' title="bbox 624 4187 2162 4260; baseline 0.006 -21"><span class='ocrx_word' id='word_1_440' title='bbox 624 4189 811 4240; x_wconf 70' lang='lat' dir='ltr'><strong>luster.</strong></span> <span class='ocrx_word' id='word_1_441' title='bbox 846 4187 969 4239; x_wconf 91' lang='lat' dir='ltr'><strong>Illud</strong></span> <span class='ocrx_word' id='word_1_442' title='bbox 1001 4187 1152 4240; x_wconf 88' lang='lat' dir='ltr'><strong>nobis</strong></span> <span class='ocrx_word' id='word_1_443' title='bbox 1193 4190 1258 4242; x_wconf 90' lang='lat' dir='ltr'><strong>ad</strong></span> <span class='ocrx_word' id='word_1_444' title='bbox 1288 4191 1799 4260; x_wconf 64' lang='lat' dir='ltr'><strong>stabilitatemJegni</strong></span> <span class='ocrx_word' id='word_1_445' title='bbox 1829 4195 2021 4259; x_wconf 84' lang='lat' dir='ltr'><strong>nostri,</strong></span> <span class='ocrx_word' id='word_1_446' title='bbox 2057 4197 2162 4248; x_wconf 89' lang='lat' dir='ltr'><strong>Deo</strong></span> 
     </span>
    </p>
   </div>
   <div class='ocr_carea' id='block_1_61' title="bbox 2228 1869 3758 1941">
    <p class='ocr_par' dir='ltr' id='par_1_61' title="bbox 2228 1869 3758 1941">
     <span class='ocr_line' id='line_1_61' title="bbox 2228 1869 3758 1941; baseline -0.002 -15"><span class='ocrx_word' id='word_1_447' title='bbox 2228 1883 2428 1936; x_wconf 88' lang='lat' dir='ltr'><strong>rantur,</strong></span> <span class='ocrx_word' id='word_1_448' title='bbox 2463 1883 2553 1941; x_wconf 87' lang='lat' dir='ltr'><strong>per</strong></span> <span class='ocrx_word' id='word_1_449' title='bbox 2599 1884 2745 1926; x_wconf 86' lang='lat' dir='ltr'><strong>suam</strong></span> <span class='ocrx_word' id='word_1_450' title='bbox 2777 1873 2972 1941; x_wconf 86' lang='lat' dir='ltr'><strong>regiam</strong></span> <span class='ocrx_word' id='word_1_451' title='bbox 3003 1874 3406 1940; x_wconf 59' lang='lat' dir='ltr'><strong>praceptione‘m</strong></span> <span class='ocrx_word' id='word_1_452' title='bbox 3444 1869 3516 1924; x_wconf 87' lang='lat' dir='ltr'><strong>illi</strong></span> <span class='ocrx_word' id='word_1_453' title='bbox 3561 1881 3758 1924; x_wconf 64' lang='lat' dir='ltr'><strong>conca-</strong></span> 
     </span>
    </p>
   </div>
   <div class='ocr_carea' id='block_1_62' title="bbox 2227 1961 3760 2032">
    <p class='ocr_par' dir='ltr' id='par_1_62' title="bbox 2227 1961 3760 2032">
     <span class='ocr_line' id='line_1_62' title="bbox 2227 1961 3760 2032; baseline -0.003 -15"><span class='ocrx_word' id='word_1_454' title='bbox 2227 1965 2316 2017; x_wconf 89' lang='lat' dir='ltr'><strong>sit.</strong></span> <span class='ocrx_word' id='word_1_455' title='bbox 2352 1963 2498 2016; x_wconf 87' lang='lat' dir='ltr'><strong>Unde</strong></span> <span class='ocrx_word' id='word_1_456' title='bbox 2521 1973 2573 2016; x_wconf 93' lang='lat' dir='ltr'><strong>et</strong></span> <span class='ocrx_word' id='word_1_457' title='bbox 2598 1966 2760 2030; x_wconf 89' lang='lat' dir='ltr'><strong>ipsam</strong></span> <span class='ocrx_word' id='word_1_458' title='bbox 2790 1967 2984 2032; x_wconf 85' lang='lat' dir='ltr'><strong>regiam</strong></span> <span class='ocrx_word' id='word_1_459' title='bbox 3010 1964 3428 2031; x_wconf 66' lang='lat' dir='ltr'><strong>praeceptionem</strong></span> <span class='ocrx_word' id='word_1_460' title='bbox 3480 1961 3628 2014; x_wconf 88' lang='lat' dir='ltr'><strong>nobis</strong></span> <span class='ocrx_word' id='word_1_461' title='bbox 3659 1975 3760 2026; x_wconf 83' lang='lat' dir='ltr'><strong>pro-</strong></span> 
     </span>
    </p>
   </div>
   <div class='ocr_carea' id='block_1_63' title="bbox 2231 2052 3760 2122">
    <p class='ocr_par' dir='ltr' id='par_1_63' title="bbox 2231 2052 3760 2122">
     <span class='ocr_line' id='line_1_63' title="bbox 2231 2052 3760 2122; baseline -0.002 -16"><span class='ocrx_word' id='word_1_462' title='bbox 2231 2054 2408 2107; x_wconf 83' lang='lat' dir='ltr'><strong>ferens</strong></span> <span class='ocrx_word' id='word_1_463' title='bbox 2453 2053 2817 2122; x_wconf 80' lang='lat' dir='ltr'><strong>relegendatn,</strong></span> <span class='ocrx_word' id='word_1_464' title='bbox 2867 2063 3212 2113; x_wconf 68' lang='lat' dir='ltr'><strong>eam‘nostra</strong></span> <span class='ocrx_word' id='word_1_465' title='bbox 3264 2052 3425 2120; x_wconf 79' lang='lat' dir='ltr'><strong>regali</strong></span> <span class='ocrx_word' id='word_1_466' title='bbox 3477 2052 3760 2104; x_wconf 82' lang='lat' dir='ltr'><strong>auctoritate</strong></span> 
     </span>
    </p>
   </div>
   <div class='ocr_carea' id='block_1_64' title="bbox 2231 2139 3763 2210">
    <p class='ocr_par' dir='ltr' id='par_1_64' title="bbox 2231 2139 3763 2210">
     <span class='ocr_line' id='line_1_64' title="bbox 2231 2139 3763 2210; baseline -0.002 -14"><span class='ocrx_word' id='word_1_467' title='bbox 2231 2143 2532 2196; x_wconf 79' lang='lat' dir='ltr'><strong>conﬁrmari</strong></span> <span class='ocrx_word' id='word_1_468' title='bbox 2565 2143 2732 2207; x_wconf 87' lang='lat' dir='ltr'><strong>petiit.</strong></span> <span class='ocrx_word' id='word_1_469' title='bbox 2765 2142 2925 2210; x_wconf 87' lang='lat' dir='ltr'><strong>Cujus</strong></span> <span class='ocrx_word' id='word_1_470' title='bbox 2955 2142 3294 2210; x_wconf 82' lang='lat' dir='ltr'><strong>petitionem,</strong></span> <span class='ocrx_word' id='word_1_471' title='bbox 3326 2143 3466 2196; x_wconf 85' lang='lat' dir='ltr'><strong>sicut</strong></span> <span class='ocrx_word' id='word_1_472' title='bbox 3504 2139 3763 2207; x_wconf 82' lang='lat' dir='ltr'><strong>unicuique</strong></span> 
     </span>
    </p>
   </div>
   <div class='ocr_carea' id='block_1_65' title="bbox 2229 2229 3763 2302">
    <p class='ocr_par' dir='ltr' id='par_1_65' title="bbox 2229 2229 3763 2302">
     <span class='ocr_line' id='line_1_65' title="bbox 2229 2229 3763 2302; baseline -0.003 -18"><span class='ocrx_word' id='word_1_473' title='bbox 2229 2233 2365 2298; x_wconf 80' lang='lat' dir='ltr'><strong>justa</strong></span> <span class='ocrx_word' id='word_1_474' title='bbox 2408 2233 2603 2296; x_wconf 77' lang='lat' dir='ltr'><strong>petenti</strong></span> <span class='ocrx_word' id='word_1_475' title='bbox 2652 2232 2935 2286; x_wconf 88' lang='lat' dir='ltr'><strong>secundum</strong></span> <span class='ocrx_word' id='word_1_476' title='bbox 2984 2232 3181 2302; x_wconf 84' lang='lat' dir='ltr'><strong>regiam</strong></span> <span class='ocrx_word' id='word_1_477' title='bbox 3226 2229 3558 2298; x_wconf 65' lang='lat' dir='ltr'><strong>maiestatem</strong></span> <span class='ocrx_word' id='word_1_478' title='bbox 3599 2229 3763 2282; x_wconf 78' lang='lat' dir='ltr'><strong>decer-</strong></span> 
     </span>
    </p>
   </div>
   <div class='ocr_carea' id='block_1_66' title="bbox 2234 2318 3759 2390">
    <p class='ocr_par' dir='ltr' id='par_1_66' title="bbox 2234 2318 3759 2390">
     <span class='ocr_line' id='line_1_66' title="bbox 2234 2318 3759 2390; baseline -0.004 -13"><span class='ocrx_word' id='word_1_479' title='bbox 2234 2333 2416 2377; x_wconf 85' lang='lat' dir='ltr'><strong>nentes</strong></span> <span class='ocrx_word' id='word_1_480' title='bbox 2440 2323 2676 2390; x_wconf 84' lang='lat' dir='ltr'><strong>implere,</strong></span> <span class='ocrx_word' id='word_1_481' title='bbox 2705 2322 2946 2376; x_wconf 86' lang='lat' dir='ltr'><strong>ell&#39;ectum</strong></span> <span class='ocrx_word' id='word_1_482' title='bbox 2973 2321 3258 2374; x_wconf 87' lang='lat' dir='ltr'><strong>voluntatis</strong></span> <span class='ocrx_word' id='word_1_483' title='bbox 3277 2320 3392 2389; x_wconf 81' lang='lat' dir='ltr'><strong>ejus</strong></span> <span class='ocrx_word' id='word_1_484' title='bbox 3418 2333 3512 2373; x_wconf 90' lang='lat' dir='ltr'><strong>nos</strong></span> <span class='ocrx_word' id='word_1_485' title='bbox 3531 2319 3582 2371; x_wconf 92' lang='lat' dir='ltr'><strong>in</strong></span> <span class='ocrx_word' id='word_1_486' title='bbox 3613 2318 3759 2371; x_wconf 80' lang='lat' dir='ltr'><strong>omni-</strong></span> 
     </span>
    </p>
   </div>
   <div class='ocr_carea' id='block_1_67' title="bbox 2221 2409 3763 2484">
    <p class='ocr_par' dir='ltr' id='par_1_67' title="bbox 2221 2409 3763 2484">
     <span class='ocr_line' id='line_1_67' title="bbox 2221 2409 3763 2484; baseline -0.003 -15"><span class='ocrx_word' id='word_1_487' title='bbox 2221 2415 2332 2470; x_wconf 84' lang='lat' dir='ltr'><strong>bus</strong></span> <span class='ocrx_word' id='word_1_488' title='bbox 2373 2417 2670 2484; x_wconf 80' lang='lat' dir='ltr'><strong>cognoscite</strong></span> <span class='ocrx_word' id='word_1_489' title='bbox 2715 2414 3086 2479; x_wconf 54' lang='lat' dir='ltr'><strong>commeasse;</strong></span> <span class='ocrx_word' id='word_1_490' title='bbox 3131 2411 3499 2482; x_wconf 53' lang='lat' dir='ltr'><strong>praecipientes</strong></span> <span class='ocrx_word' id='word_1_491' title='bbox 3530 2418 3587 2465; x_wconf 86' lang='lat' dir='ltr'><strong>et</strong></span> <span class='ocrx_word' id='word_1_492' title='bbox 3624 2409 3763 2465; x_wconf 78' lang='lat' dir='ltr'><strong>stabi-</strong></span> 
     </span>
    </p>
   </div>
   <div class='ocr_carea' id='block_1_68' title="bbox 2237 2501 3766 2573">
    <p class='ocr_par' dir='ltr' id='par_1_68' title="bbox 2237 2501 3766 2573">
     <span class='ocr_line' id='line_1_68' title="bbox 2237 2501 3766 2573; baseline -0.003 -15"><span class='ocrx_word' id='word_1_493' title='bbox 2237 2506 2420 2559; x_wconf 89' lang='lat' dir='ltr'><strong>lientes</strong></span> <span class='ocrx_word' id='word_1_494' title='bbox 2467 2516 2549 2569; x_wconf 92' lang='lat' dir='ltr'><strong>ut,</strong></span> <span class='ocrx_word' id='word_1_495' title='bbox 2598 2505 2732 2558; x_wconf 84' lang='lat' dir='ltr'><strong>sicut</strong></span> <span class='ocrx_word' id='word_1_496' title='bbox 2777 2519 2874 2571; x_wconf 83' lang='lat' dir='ltr'><strong>per</strong></span> <span class='ocrx_word' id='word_1_497' title='bbox 2918 2507 3205 2573; x_wconf 80' lang='lat' dir='ltr'><strong>inspectam</strong></span> <span class='ocrx_word' id='word_1_498' title='bbox 3251 2501 3490 2572; x_wconf 62' lang='grc' dir='ltr'><strong>,ἱΜοιί</strong></span> <span class='ocrx_word' id='word_1_499' title='bbox 3540 2501 3766 2569; x_wconf 77' lang='lat' dir='ltr'><strong>principis</strong></span> 
     </span>
    </p>
   </div>
   <div class='ocr_carea' id='block_1_69' title="bbox 2240 2593 3765 2662">
    <p class='ocr_par' dir='ltr' id='par_1_69' title="bbox 2240 2593 3765 2662">
     <span class='ocr_line' id='line_1_69' title="bbox 2240 2593 3765 2662; baseline -0.004 -16"><span class='ocrx_word' id='word_1_500' title='bbox 2240 2595 2658 2662; x_wconf 70' lang='lat' dir='ltr'><strong>praeceptionem,</strong></span> <span class='ocrx_word' id='word_1_501' title='bbox 2710 2595 2820 2660; x_wconf 87' lang='lat' dir='ltr'><strong>ipsa</strong></span> <span class='ocrx_word' id='word_1_502' title='bbox 2871 2593 2992 2646; x_wconf 89' lang='lat' dir='ltr'><strong>villa</strong></span> <span class='ocrx_word' id='word_1_503' title='bbox 3040 2593 3285 2660; x_wconf 87' lang='lat' dir='ltr'><strong>superius</strong></span> <span class='ocrx_word' id='word_1_504' title='bbox 3333 2593 3765 2656; x_wconf 80' lang='lat' dir='ltr'><strong>nominata,csnt</strong></span> 
     </span>
    </p>
   </div>
   <div class='ocr_carea' id='block_1_70' title="bbox 2241 2677 3764 2750">
    <p class='ocr_par' dir='ltr' id='par_1_70' title="bbox 2241 2677 3764 2750">
     <span class='ocr_line' id='line_1_70' title="bbox 2241 2677 3764 2750; baseline -0.003 -15"><span class='ocrx_word' id='word_1_505' title='bbox 2241 2683 2538 2750; x_wconf 83' lang='lat' dir='ltr'><strong>integritate</strong></span> <span class='ocrx_word' id='word_1_506' title='bbox 2563 2693 2614 2735; x_wconf 91' lang='lat' dir='ltr'><strong>et</strong></span> <span class='ocrx_word' id='word_1_507' title='bbox 2644 2680 2911 2734; x_wconf 88' lang='lat' dir='ltr'><strong>soliditate</strong></span> <span class='ocrx_word' id='word_1_508' title='bbox 2933 2687 3054 2744; x_wconf 78' lang='lat' dir='ltr'><strong>sita,</strong></span> <span class='ocrx_word' id='word_1_509' title='bbox 3087 2695 3202 2734; x_wconf 89' lang='lat' dir='ltr'><strong>cum</strong></span> <span class='ocrx_word' id='word_1_510' title='bbox 3235 2678 3472 2732; x_wconf 85' lang='lat' dir='ltr'><strong>terminis</strong></span> <span class='ocrx_word' id='word_1_511' title='bbox 3499 2677 3563 2731; x_wconf 82' lang='lat' dir='ltr'><strong>ab</strong></span> <span class='ocrx_word' id='word_1_512' title='bbox 3588 2692 3647 2732; x_wconf 82' lang='lat' dir='ltr'><strong>ea</strong></span> <span class='ocrx_word' id='word_1_513' title='bbox 3666 2690 3764 2745; x_wconf 80' lang='lat' dir='ltr'><strong>per-</strong></span> 
     </span>
    </p>
   </div>
   <div class='ocr_carea' id='block_1_71' title="bbox 2246 2766 3766 2838">
    <p class='ocr_par' dir='ltr' id='par_1_71' title="bbox 2246 2766 3766 2838">
     <span class='ocr_line' id='line_1_71' title="bbox 2246 2766 3766 2838; baseline -0.004 -15"><span class='ocrx_word' id='word_1_514' title='bbox 2246 2773 2560 2836; x_wconf 81' lang='lat' dir='ltr'><strong>tinentibus,</strong></span> <span class='ocrx_word' id='word_1_515' title='bbox 2590 2771 2670 2824; x_wconf 81' lang='lat' dir='ltr'><strong>vel</strong></span> <span class='ocrx_word' id='word_1_516' title='bbox 2699 2772 2808 2838; x_wconf 83' lang='lat' dir='ltr'><strong>ipsa</strong></span> <span class='ocrx_word' id='word_1_517' title='bbox 2850 2769 3096 2821; x_wconf 68' lang='lat' dir='ltr'><strong>[asinaria</strong></span> <span class='ocrx_word' id='word_1_518' title='bbox 3117 2808 3132 2832; x_wconf 96' lang='lat'><strong>,</strong></span> <span class='ocrx_word' id='word_1_519' title='bbox 3164 2781 3259 2821; x_wconf 90' lang='lat' dir='ltr'><strong>seu</strong></span> <span class='ocrx_word' id='word_1_520' title='bbox 3287 2767 3440 2819; x_wconf 90' lang='lat' dir='ltr'><strong>vinea</strong></span> <span class='ocrx_word' id='word_1_521' title='bbox 3465 2779 3582 2819; x_wconf 86' lang='lat' dir='ltr'><strong>cum</strong></span> <span class='ocrx_word' id='word_1_522' title='bbox 3609 2766 3766 2817; x_wconf 84' lang='lat' dir='ltr'><strong>vinea-</strong></span> 
     </span>
    </p>
   </div>
   <div class='ocr_carea' id='block_1_72' title="bbox 2247 2853 3766 2933">
    <p class='ocr_par' dir='ltr' id='par_1_72' title="bbox 2247 2853 3766 2933">
     <span class='ocr_line' id='line_1_72' title="bbox 2247 2853 3766 2933; baseline -0.008 -18"><span class='ocrx_word' id='word_1_523' title='bbox 2247 2871 2392 2926; x_wconf 90' lang='lat' dir='ltr'><strong>tore,</strong></span> <span class='ocrx_word' id='word_1_524' title='bbox 2438 2860 2508 2913; x_wconf 86' lang='lat' dir='ltr'><strong>ad</strong></span> <span class='ocrx_word' id='word_1_525' title='bbox 2552 2861 2662 2927; x_wconf 88' lang='lat' dir='ltr'><strong>ipsa</strong></span> <span class='ocrx_word' id='word_1_526' title='bbox 2720 2858 3053 2933; x_wconf 85' lang='lat' dir='ltr'><strong>denominata</strong></span> <span class='ocrx_word' id='word_1_527' title='bbox 3110 2858 3224 2910; x_wconf 84' lang='lat' dir='ltr'><strong>loca</strong></span> <span class='ocrx_word' id='word_1_528' title='bbox 3275 2857 3616 2921; x_wconf 82' lang='lat' dir='ltr'><strong>Sanctorum,</strong></span> <span class='ocrx_word' id='word_1_529' title='bbox 3673 2853 3766 2920; x_wconf 81' lang='lat' dir='ltr'><strong>ipso</strong></span> 
     </span>
    </p>
   </div>
   <div class='ocr_carea' id='block_1_73' title="bbox 2241 2938 3768 3018">
    <p class='ocr_par' dir='ltr' id='par_1_73' title="bbox 2241 2938 3768 3018">
     <span class='ocr_line' id='line_1_73' title="bbox 2241 2938 3768 3018; baseline -0.003 -16"><span class='ocrx_word' id='word_1_530' title='bbox 2241 2951 2492 3018; x_wconf 75' lang='lat' dir='ltr'><strong>jamdiCto</strong></span> <span class='ocrx_word' id='word_1_531' title='bbox 2520 2951 2648 3017; x_wconf 91' lang='lat' dir='ltr'><strong>patri</strong></span> <span class='ocrx_word' id='word_1_532' title='bbox 2679 2949 2961 3005; x_wconf 89' lang='lat' dir='ltr'><strong>venerabili</strong></span> <span class='ocrx_word' id='word_1_533' title='bbox 2991 2938 3134 3002; x_wconf 82' lang='lat' dir='ltr'><strong>visus</strong></span> <span class='ocrx_word' id='word_1_534' title='bbox 3180 2947 3276 3001; x_wconf 81' lang='lat' dir='ltr'><strong>fuit</strong></span> <span class='ocrx_word' id='word_1_535' title='bbox 3317 2948 3455 3000; x_wconf 90' lang='lat' dir='ltr'><strong>idem</strong></span> <span class='ocrx_word' id='word_1_536' title='bbox 3485 2948 3711 3015; x_wconf 85' lang='lat' dir='ltr'><strong>princeps</strong></span> <span class='ocrx_word' id='word_1_537' title='bbox 3726 2955 3768 2997; x_wconf 89' lang='lat' dir='ltr'><strong>et</strong></span> 
     </span>
    </p>
   </div>
   <div class='ocr_carea' id='block_1_74' title="bbox 2246 3034 3766 3104">
    <p class='ocr_par' dir='ltr' id='par_1_74' title="bbox 2246 3034 3766 3104">
     <span class='ocr_line' id='line_1_74' title="bbox 2246 3034 3766 3104; baseline -0.006 -12"><span class='ocrx_word' id='word_1_538' title='bbox 2246 3054 2336 3092; x_wconf 76' lang='lat' dir='ltr'><strong>rex</strong></span> <span class='ocrx_word' id='word_1_539' title='bbox 2381 3037 2706 3092; x_wconf 83' lang='lat' dir='ltr'><strong>concessisse</strong></span> <span class='ocrx_word' id='word_1_540' title='bbox 2751 3043 2974 3104; x_wconf 68' lang='lat' dir='ltr'><strong>quaeque</strong></span> <span class='ocrx_word' id='word_1_541' title='bbox 3019 3036 3194 3102; x_wconf 83' lang='lat' dir='ltr'><strong>omnia</strong></span> <span class='ocrx_word' id='word_1_542' title='bbox 3244 3049 3418 3101; x_wconf 80' lang='lat' dir='ltr'><strong>usque</strong></span> <span class='ocrx_word' id='word_1_543' title='bbox 3466 3034 3520 3088; x_wconf 90' lang='lat' dir='ltr'><strong>in</strong></span> <span class='ocrx_word' id='word_1_544' title='bbox 3563 3046 3766 3100; x_wconf 62' lang='lat' dir='ltr'><strong>presens</strong></span> 
     </span>
    </p>
   </div>
   <div class='ocr_carea' id='block_1_75' title="bbox 2245 3123 3768 3194">
    <p class='ocr_par' dir='ltr' id='par_1_75' title="bbox 2245 3123 3768 3194">
     <span class='ocr_line' id='line_1_75' title="bbox 2245 3123 3768 3194; baseline -0.004 -12"><span class='ocrx_word' id='word_1_545' title='bbox 2245 3127 2490 3182; x_wconf 88' lang='lat' dir='ltr'><strong>monachi</strong></span> <span class='ocrx_word' id='word_1_546' title='bbox 2522 3127 2754 3194; x_wconf 84' lang='lat' dir='ltr'><strong>ipsorum</strong></span> <span class='ocrx_word' id='word_1_547' title='bbox 2796 3128 3032 3180; x_wconf 86' lang='lat' dir='ltr'><strong>loco-rum</strong></span> <span class='ocrx_word' id='word_1_548' title='bbox 3061 3127 3126 3179; x_wconf 88' lang='lat' dir='ltr'><strong>ad</strong></span> <span class='ocrx_word' id='word_1_549' title='bbox 3155 3126 3402 3179; x_wconf 86' lang='lat' dir='ltr'><strong>victnalia</strong></span> <span class='ocrx_word' id='word_1_550' title='bbox 3431 3139 3526 3179; x_wconf 86' lang='lat' dir='ltr'><strong>sua</strong></span> <span class='ocrx_word' id='word_1_551' title='bbox 3555 3123 3768 3177; x_wconf 75' lang='lat' dir='ltr'><strong>videntur</strong></span> 
     </span>
    </p>
   </div>
   <div class='ocr_carea' id='block_1_76' title="bbox 2249 3214 3770 3288">
    <p class='ocr_par' dir='ltr' id='par_1_76' title="bbox 2249 3214 3770 3288">
     <span class='ocr_line' id='line_1_76' title="bbox 2249 3214 3770 3288; baseline -0.003 -16"><span class='ocrx_word' id='word_1_552' title='bbox 2249 3220 2538 3288; x_wconf 79' lang='lat' dir='ltr'><strong>possidere,</strong></span> <span class='ocrx_word' id='word_1_553' title='bbox 2571 3219 2642 3272; x_wconf 87' lang='lat' dir='ltr'><strong>ita</strong></span> <span class='ocrx_word' id='word_1_554' title='bbox 2676 3219 2930 3286; x_wconf 79' lang='lat' dir='ltr'><strong>deinceps</strong></span> <span class='ocrx_word' id='word_1_555' title='bbox 2955 3233 3047 3287; x_wconf 88' lang='lat' dir='ltr'><strong>per</strong></span> <span class='ocrx_word' id='word_1_556' title='bbox 3071 3217 3210 3272; x_wconf 85' lang='lat' dir='ltr'><strong>hanc</strong></span> <span class='ocrx_word' id='word_1_557' title='bbox 3231 3227 3462 3273; x_wconf 84' lang='lat' dir='ltr'><strong>nostram</strong></span> <span class='ocrx_word' id='word_1_558' title='bbox 3493 3214 3770 3285; x_wconf 69' lang='lat' dir='ltr'><strong>praeceptio—</strong></span> 
     </span>
    </p>
   </div>
   <div class='ocr_carea' id='block_1_77' title="bbox 2250 3306 3765 3376">
    <p class='ocr_par' dir='ltr' id='par_1_77' title="bbox 2250 3306 3765 3376">
     <span class='ocr_line' id='line_1_77' title="bbox 2250 3306 3765 3376; baseline -0.003 -14"><span class='ocrx_word' id='word_1_559' title='bbox 2250 3323 2397 3374; x_wconf 79' lang='lat' dir='ltr'><strong>nem,</strong></span> <span class='ocrx_word' id='word_1_560' title='bbox 2422 3318 2526 3364; x_wconf 80' lang='lat' dir='ltr'><strong>tam</strong></span> <span class='ocrx_word' id='word_1_561' title='bbox 2557 3309 2608 3361; x_wconf 89' lang='lat' dir='ltr'><strong>in</strong></span> <span class='ocrx_word' id='word_1_562' title='bbox 2639 3309 2793 3362; x_wconf 90' lang='lat' dir='ltr'><strong>terris</strong></span> <span class='ocrx_word' id='word_1_563' title='bbox 2822 3322 2976 3376; x_wconf 82' lang='lat' dir='ltr'><strong>quam</strong></span> <span class='ocrx_word' id='word_1_564' title='bbox 2998 3308 3228 3371; x_wconf 83' lang='lat' dir='ltr'><strong>ineasis,</strong></span> <span class='ocrx_word' id='word_1_565' title='bbox 3261 3309 3480 3369; x_wconf 83' lang='lat' dir='ltr'><strong>mansis,</strong></span> <span class='ocrx_word' id='word_1_566' title='bbox 3501 3306 3765 3373; x_wconf 80' lang='lat' dir='ltr'><strong>mancipiis.</strong></span> 
     </span>
    </p>
   </div>
   <div class='ocr_carea' id='block_1_78' title="bbox 2255 3398 3767 3467">
    <p class='ocr_par' dir='ltr' id='par_1_78' title="bbox 2255 3398 3767 3467">
     <span class='ocr_line' id='line_1_78' title="bbox 2255 3398 3767 3467; baseline -0.003 -15"><span class='ocrx_word' id='word_1_567' title='bbox 2255 3399 2512 3462; x_wconf 69' lang='lat' dir='ltr'><strong>aediﬁciis,</strong></span> <span class='ocrx_word' id='word_1_568' title='bbox 2541 3414 2658 3452; x_wconf 89' lang='lat' dir='ltr'><strong>cum</strong></span> <span class='ocrx_word' id='word_1_569' title='bbox 2689 3400 2872 3464; x_wconf 89' lang='lat' dir='ltr'><strong>vineis,</strong></span> <span class='ocrx_word' id='word_1_570' title='bbox 2904 3399 3124 3467; x_wconf 81' lang='lat' dir='ltr'><strong>campis,</strong></span> <span class='ocrx_word' id='word_1_571' title='bbox 3156 3401 3338 3467; x_wconf 83' lang='lat' dir='ltr'><strong>pratis,</strong></span> <span class='ocrx_word' id='word_1_572' title='bbox 3372 3398 3535 3464; x_wconf 84' lang='lat' dir='ltr'><strong>silvis,</strong></span> <span class='ocrx_word' id='word_1_573' title='bbox 3567 3399 3704 3451; x_wconf 80' lang='lat' dir='ltr'><strong>cultis</strong></span> <span class='ocrx_word' id='word_1_574' title='bbox 3728 3408 3767 3449; x_wconf 86' lang='lat' dir='ltr'><strong>et</strong></span> 
     </span>
    </p>
   </div>
   <div class='ocr_carea' id='block_1_79' title="bbox 2255 3486 3766 3557">
    <p class='ocr_par' dir='ltr' id='par_1_79' title="bbox 2255 3486 3766 3557">
     <span class='ocr_line' id='line_1_79' title="bbox 2255 3486 3766 3557; baseline -0.003 -16"><span class='ocrx_word' id='word_1_575' title='bbox 2255 3488 2483 3553; x_wconf 91' lang='lat' dir='ltr'><strong>incultis,</strong></span> <span class='ocrx_word' id='word_1_576' title='bbox 2513 3489 2664 3557; x_wconf 89' lang='lat' dir='ltr'><strong>aquis</strong></span> <span class='ocrx_word' id='word_1_577' title='bbox 2689 3502 3011 3556; x_wconf 89' lang='lat' dir='ltr'><strong>aquarumve</strong></span> <span class='ocrx_word' id='word_1_578' title='bbox 3037 3488 3368 3553; x_wconf 87' lang='lat' dir='ltr'><strong>decursibus,</strong></span> <span class='ocrx_word' id='word_1_579' title='bbox 3403 3490 3599 3556; x_wconf 80' lang='lat' dir='ltr'><strong>plenius</strong></span> <span class='ocrx_word' id='word_1_580' title='bbox 3625 3489 3670 3540; x_wconf 91' lang='lat' dir='ltr'><strong>in</strong></span> <span class='ocrx_word' id='word_1_581' title='bbox 3695 3486 3766 3539; x_wconf 83' lang='lat' dir='ltr'><strong>Dei</strong></span> 
     </span>
    </p>
   </div>
   <div class='ocr_carea' id='block_1_80' title="bbox 2261 3577 3770 3646">
    <p class='ocr_par' dir='ltr' id='par_1_80' title="bbox 2261 3577 3770 3646">
     <span class='ocr_line' id='line_1_80' title="bbox 2261 3577 3770 3646; baseline -0.001 -15"><span class='ocrx_word' id='word_1_582' title='bbox 2261 3580 2476 3634; x_wconf 81' lang='lat' dir='ltr'><strong>nomine</strong></span> <span class='ocrx_word' id='word_1_583' title='bbox 2500 3577 2810 3632; x_wconf 80' lang='lat' dir='ltr'><strong>conﬁrmata</strong></span> <span class='ocrx_word' id='word_1_584' title='bbox 2840 3579 3088 3643; x_wconf 79' lang='lat' dir='ltr'><strong>habeant,</strong></span> <span class='ocrx_word' id='word_1_585' title='bbox 3121 3589 3362 3640; x_wconf 85' lang='lat' dir='ltr'><strong>teneant,</strong></span> <span class='ocrx_word' id='word_1_586' title='bbox 3391 3579 3706 3646; x_wconf 83' lang='lat' dir='ltr'><strong>possideant,</strong></span> <span class='ocrx_word' id='word_1_587' title='bbox 3730 3587 3770 3629; x_wconf 77' lang='lat' dir='ltr'><strong>et</strong></span> 
     </span>
    </p>
   </div>
   <div class='ocr_carea' id='block_1_81' title="bbox 2257 3664 3768 3734">
    <p class='ocr_par' dir='ltr' id='par_1_81' title="bbox 2257 3664 3768 3734">
     <span class='ocr_line' id='line_1_81' title="bbox 2257 3664 3768 3734; baseline -0.002 -16"><span class='ocrx_word' id='word_1_588' title='bbox 2257 3666 2396 3720; x_wconf 89' lang='lat' dir='ltr'><strong>idem</strong></span> <span class='ocrx_word' id='word_1_589' title='bbox 2425 3665 2742 3720; x_wconf 86' lang='lat' dir='ltr'><strong>venerabilis</strong></span> <span class='ocrx_word' id='word_1_590' title='bbox 2769 3664 3050 3718; x_wconf 84' lang='lat' dir='ltr'><strong>Rcmaelus</strong></span> <span class='ocrx_word' id='word_1_591' title='bbox 3093 3674 3241 3731; x_wconf 85' lang='lat' dir='ltr'><strong>pater</strong></span> <span class='ocrx_word' id='word_1_592' title='bbox 3281 3676 3480 3731; x_wconf 84' lang='lat' dir='ltr'><strong>noster,</strong></span> <span class='ocrx_word' id='word_1_593' title='bbox 3514 3666 3708 3734; x_wconf 76' lang='lat' dir='ltr'><strong>ejusque</strong></span> <span class='ocrx_word' id='word_1_594' title='bbox 3731 3667 3768 3716; x_wconf 79' lang='lat' dir='ltr'><strong>in</strong></span> 
     </span>
    </p>
   </div>
   <div class='ocr_carea' id='block_1_82' title="bbox 2257 3753 3770 3822">
    <p class='ocr_par' dir='ltr' id='par_1_82' title="bbox 2257 3753 3770 3822">
     <span class='ocr_line' id='line_1_82' title="bbox 2257 3753 3770 3822; baseline -0.002 -15"><span class='ocrx_word' id='word_1_595' title='bbox 2257 3761 2525 3822; x_wconf 86' lang='lat' dir='ltr'><strong>posterum</strong></span> <span class='ocrx_word' id='word_1_596' title='bbox 2556 3766 2903 3820; x_wconf 87' lang='lat' dir='ltr'><strong>successores,</strong></span> <span class='ocrx_word' id='word_1_597' title='bbox 2926 3753 3169 3808; x_wconf 88' lang='lat' dir='ltr'><strong>omnibus</strong></span> <span class='ocrx_word' id='word_1_598' title='bbox 3198 3754 3523 3821; x_wconf 88' lang='lat' dir='ltr'><strong>temporibus</strong></span> <span class='ocrx_word' id='word_1_599' title='bbox 3545 3756 3669 3808; x_wconf 87' lang='lat' dir='ltr'><strong>ultra</strong></span> <span class='ocrx_word' id='word_1_600' title='bbox 3699 3754 3770 3806; x_wconf 87' lang='lat' dir='ltr'><strong>ds-</strong></span> 
     </span>
    </p>
   </div>
   <div class='ocr_carea' id='block_1_83' title="bbox 2257 3842 3769 3910">
    <p class='ocr_par' dir='ltr' id='par_1_83' title="bbox 2257 3842 3769 3910">
     <span class='ocr_line' id='line_1_83' title="bbox 2257 3842 3769 3910; baseline -0.003 -14"><span class='ocrx_word' id='word_1_601' title='bbox 2257 3843 2548 3907; x_wconf 87' lang='lat' dir='ltr'><strong>minentur,</strong></span> <span class='ocrx_word' id='word_1_602' title='bbox 2564 3857 2665 3910; x_wconf 88' lang='lat' dir='ltr'><strong>quo</strong></span> <span class='ocrx_word' id='word_1_603' title='bbox 2680 3842 2895 3896; x_wconf 87' lang='lat' dir='ltr'><strong>liberius</strong></span> <span class='ocrx_word' id='word_1_604' title='bbox 2924 3844 3228 3906; x_wconf 84' lang='lat' dir='ltr'><strong>monachos,</strong></span> <span class='ocrx_word' id='word_1_605' title='bbox 3251 3843 3340 3909; x_wconf 86' lang='lat' dir='ltr'><strong>qui</strong></span> <span class='ocrx_word' id='word_1_606' title='bbox 3364 3845 3557 3896; x_wconf 86' lang='lat' dir='ltr'><strong>ibidem</strong></span> <span class='ocrx_word' id='word_1_607' title='bbox 3571 3843 3769 3897; x_wconf 77' lang='lat' dir='ltr'><strong>videntur</strong></span> 
     </span>
    </p>
   </div>
   <div class='ocr_carea' id='block_1_84' title="bbox 2262 3931 3770 3999">
    <p class='ocr_par' dir='ltr' id='par_1_84' title="bbox 2262 3931 3770 3999">
     <span class='ocr_line' id='line_1_84' title="bbox 2262 3931 3770 3999; baseline 0.001 -17"><span class='ocrx_word' id='word_1_608' title='bbox 2262 3932 2368 3984; x_wconf 82' lang='lat' dir='ltr'><strong>Deo</strong></span> <span class='ocrx_word' id='word_1_609' title='bbox 2380 3931 2663 3993; x_wconf 87' lang='lat' dir='ltr'><strong>deservire,</strong></span> <span class='ocrx_word' id='word_1_610' title='bbox 2681 3932 2760 3984; x_wconf 91' lang='lat' dir='ltr'><strong>vel</strong></span> <span class='ocrx_word' id='word_1_611' title='bbox 2785 3945 3038 3998; x_wconf 87' lang='lat' dir='ltr'><strong>pauperes</strong></span> <span class='ocrx_word' id='word_1_612' title='bbox 3057 3932 3142 3999; x_wconf 90' lang='lat' dir='ltr'><strong>qui</strong></span> <span class='ocrx_word' id='word_1_613' title='bbox 3157 3931 3221 3984; x_wconf 90' lang='lat' dir='ltr'><strong>ad</strong></span> <span class='ocrx_word' id='word_1_614' title='bbox 3247 3933 3356 3998; x_wconf 87' lang='lat' dir='ltr'><strong>ipsa</strong></span> <span class='ocrx_word' id='word_1_615' title='bbox 3381 3933 3494 3985; x_wconf 85' lang='lat' dir='ltr'><strong>loca</strong></span> <span class='ocrx_word' id='word_1_616' title='bbox 3515 3941 3770 3985; x_wconf 72' lang='lat' dir='ltr'><strong>sanctorum</strong></span> 
     </span>
    </p>
   </div>
   <div class='ocr_carea' id='block_1_85' title="bbox 2266 4021 3770 4089">
    <p class='ocr_par' dir='ltr' id='par_1_85' title="bbox 2266 4021 3770 4089">
     <span class='ocr_line' id='line_1_85' title="bbox 2266 4021 3770 4089; baseline 0.001 -18"><span class='ocrx_word' id='word_1_617' title='bbox 2266 4021 2568 4073; x_wconf 75' lang='lat' dir='ltr'><strong>alimoniam</strong></span> <span class='ocrx_word' id='word_1_618' title='bbox 2596 4030 2867 4089; x_wconf 82' lang='lat' dir='ltr'><strong>expetunt,</strong></span> <span class='ocrx_word' id='word_1_619' title='bbox 2895 4022 3081 4075; x_wconf 86' lang='lat' dir='ltr'><strong>melius</strong></span> <span class='ocrx_word' id='word_1_620' title='bbox 3123 4021 3350 4076; x_wconf 82' lang='lat' dir='ltr'><strong>delectet</strong></span> <span class='ocrx_word' id='word_1_621' title='bbox 3379 4038 3474 4088; x_wconf 92' lang='lat' dir='ltr'><strong>pro</strong></span> <span class='ocrx_word' id='word_1_622' title='bbox 3498 4032 3633 4076; x_wconf 83' lang='lat' dir='ltr'><strong>statu</strong></span> <span class='ocrx_word' id='word_1_623' title='bbox 3657 4021 3770 4088; x_wconf 75' lang='lat' dir='ltr'><strong>regni</strong></span> 
     </span>
    </p>
   </div>
   <div class='ocr_carea' id='block_1_86' title="bbox 2264 4108 3771 4181">
    <p class='ocr_par' dir='ltr' id='par_1_86' title="bbox 2264 4108 3771 4181">
     <span class='ocr_line' id='line_1_86' title="bbox 2264 4108 3771 4181; baseline 0.001 -20"><span class='ocrx_word' id='word_1_624' title='bbox 2264 4108 2586 4164; x_wconf 78' lang='lat' dir='ltr'><strong>Francorum</strong></span> <span class='ocrx_word' id='word_1_625' title='bbox 2624 4111 2714 4163; x_wconf 90' lang='lat' dir='ltr'><strong>Dei</strong></span> <span class='ocrx_word' id='word_1_626' title='bbox 2751 4110 3166 4165; x_wconf 87' lang='lat' dir='ltr'><strong>misericordiam</strong></span> <span class='ocrx_word' id='word_1_627' title='bbox 3199 4113 3452 4165; x_wconf 84' lang='lat' dir='ltr'><strong>attentius</strong></span> <span class='ocrx_word' id='word_1_628' title='bbox 3482 4126 3700 4181; x_wconf 83' lang='lat' dir='ltr'><strong>ex_orare.</strong></span> <span class='ocrx_word' id='word_1_629' title='bbox 3724 4111 3771 4162; x_wconf 71' lang='grc' dir='ltr'><strong>ει</strong></span> 
     </span>
    </p>
   </div>
   <div class='ocr_carea' id='block_1_87' title="bbox 2266 4199 3770 4278">
    <p class='ocr_par' dir='ltr' id='par_1_87' title="bbox 2266 4199 3770 4278">
     <span class='ocr_line' id='line_1_87' title="bbox 2266 4199 3770 4278; baseline 0 -26"><span class='ocrx_word' id='word_1_630' title='bbox 2266 4203 2322 4278; x_wconf 84' lang='lat' dir='ltr'><strong>ut</strong></span> <span class='ocrx_word' id='word_1_631' title='bbox 2352 4199 2448 4253; x_wconf 89' lang='lat' dir='ltr'><strong>ista</strong></span> <span class='ocrx_word' id='word_1_632' title='bbox 2478 4202 2668 4269; x_wconf 86' lang='lat' dir='ltr'><strong>regalis</strong></span> <span class='ocrx_word' id='word_1_633' title='bbox 2701 4201 2979 4269; x_wconf 84' lang='lat' dir='ltr'><strong>praeceptio</strong></span> <span class='ocrx_word' id='word_1_634' title='bbox 3006 4201 3290 4268; x_wconf 88' lang='lat' dir='ltr'><strong>pleniorem</strong></span> <span class='ocrx_word' id='word_1_635' title='bbox 3323 4203 3558 4256; x_wconf 85' lang='lat' dir='ltr'><strong>obtineat</strong></span> <span class='ocrx_word' id='word_1_636' title='bbox 3583 4203 3770 4269; x_wconf 72' lang='lat' dir='ltr'><strong>vigorem</strong></span> 
     </span>
    </p>
   </div>
   <div class='ocr_carea' id='block_1_88' title="bbox 623 4383 3772 4467">
    <p class='ocr_par' dir='ltr' id='par_1_88' title="bbox 623 4383 3772 4467">
     <span class='ocr_line' id='line_1_88' title="bbox 623 4383 3772 4467; baseline 0.004 -35"><span class='ocrx_word' id='word_1_637' title='bbox 623 4383 994 4467; x_wconf 64' lang='lat' dir='ltr'><strong>copunittinins</strong></span> <span class='ocrx_word' id='word_1_638' title='bbox 1017 4419 1034 4445; x_wconf 89' lang='lat'><strong>,</strong></span> <span class='ocrx_word' id='word_1_639' title='bbox 1067 4383 1136 4467; x_wconf 68' lang='lat' dir='ltr'><strong>illi</strong></span> <span class='ocrx_word' id='word_1_640' title='bbox 1175 4383 1409 4464; x_wconf 64' lang='lat' dir='ltr'><strong>ecclesia:</strong></span> <span class='ocrx_word' id='word_1_641' title='bbox 1453 4384 1555 4467; x_wconf 73' lang='lat' dir='ltr'><strong>vim</strong></span> <span class='ocrx_word' id='word_1_642' title='bbox 1603 4389 2160 4467; x_wconf 68' lang='lat' dir='ltr'><strong>excommunicationis</strong></span> <span class='ocrx_word' id='word_1_643' title='bbox 2179 4405 2244 4467; x_wconf 63' lang='grc' dir='ltr'><strong>τι)</strong></span> <span class='ocrx_word' id='word_1_644' title='bbox 2267 4396 2369 4448; x_wconf 79' lang='lat' dir='ltr'><strong>hoc</strong></span> <span class='ocrx_word' id='word_1_645' title='bbox 2394 4393 2678 4467; x_wconf 78' lang='lat' dir='ltr'><strong>diplomate</strong></span> <span class='ocrx_word' id='word_1_646' title='bbox 2701 4406 3009 4467; x_wconf 71' lang='lat' dir='ltr'><strong>concessum</strong></span> <span class='ocrx_word' id='word_1_647' title='bbox 3056 4385 3460 4467; x_wconf 62' lang='lat' dir='ltr'><strong>Sta&#39;btilensibus</strong></span> <span class='ocrx_word' id='word_1_648' title='bbox 3483 4391 3772 4467; x_wconf 41' lang='lat' dir='ltr'><strong>sulpitius;</strong></span> 
     </span>
    </p>
   </div>
   <div class='ocr_carea' id='block_1_89' title="bbox 627 4450 2161 4518">
    <p class='ocr_par' dir='ltr' id='par_1_89' title="bbox 627 4450 2161 4518">
     <span class='ocr_line' id='line_1_89' title="bbox 627 4450 2161 4518; baseline 0.005 -14"><span class='ocrx_word' id='word_1_649' title='bbox 627 4450 820 4504; x_wconf 82' lang='lat' dir='ltr'><strong>iulerrc</strong></span> <span class='ocrx_word' id='word_1_650' title='bbox 852 4452 955 4503; x_wconf 87' lang='lat' dir='ltr'><strong>ullo</strong></span> <span class='ocrx_word' id='word_1_651' title='bbox 983 4451 1159 4514; x_wconf 88' lang='lat' dir='ltr'><strong>modo,</strong></span> <span class='ocrx_word' id='word_1_652' title='bbox 1192 4452 1290 4503; x_wconf 86' lang='lat' dir='ltr'><strong>nisi</strong></span> <span class='ocrx_word' id='word_1_653' title='bbox 1323 4455 1606 4518; x_wconf 69' lang='lat' dir='ltr'><strong>apostoiica</strong></span> <span class='ocrx_word' id='word_1_654' title='bbox 1636 4455 2032 4509; x_wconf 81' lang='lat' dir='ltr'><strong>deliberatione.</strong></span> <span class='ocrx_word' id='word_1_655' title='bbox 2062 4459 2161 4512; x_wconf 88' lang='lat' dir='ltr'><strong>Sed</strong></span> 
     </span>
    </p>
   </div>
   <div class='ocr_carea' id='block_1_90' title="bbox 627 4521 2166 4591">
    <p class='ocr_par' dir='ltr' id='par_1_90' title="bbox 627 4521 2166 4591">
     <span class='ocr_line' id='line_1_90' title="bbox 627 4521 2166 4591; baseline 0.006 -21"><span class='ocrx_word' id='word_1_656' title='bbox 627 4528 681 4570; x_wconf 87' lang='lat' dir='ltr'><strong>et</strong></span> <span class='ocrx_word' id='word_1_657' title='bbox 709 4522 752 4571; x_wconf 87' lang='lat' dir='ltr'><strong>si</strong></span> <span class='ocrx_word' id='word_1_658' title='bbox 783 4522 896 4587; x_wconf 84' lang='lat' dir='ltr'><strong>quis</strong></span> <span class='ocrx_word' id='word_1_659' title='bbox 928 4521 1152 4572; x_wconf 85' lang='lat' dir='ltr'><strong>ﬁdelium</strong></span> <span class='ocrx_word' id='word_1_660' title='bbox 1182 4522 1398 4572; x_wconf 82' lang='lat' dir='ltr'><strong>llomam</strong></span> <span class='ocrx_word' id='word_1_661' title='bbox 1431 4523 1505 4574; x_wconf 91' lang='lat' dir='ltr'><strong>ire</strong></span> <span class='ocrx_word' id='word_1_662' title='bbox 1545 4523 1829 4589; x_wconf 84' lang='lat' dir='ltr'><strong>disponens</strong></span> <span class='ocrx_word' id='word_1_663' title='bbox 1853 4564 1867 4587; x_wconf 94' lang='lat'><strong>,</strong></span> <span class='ocrx_word' id='word_1_664' title='bbox 1900 4535 2166 4591; x_wconf 71' lang='lat' dir='ltr'><strong>sumptus~</strong></span> 
     </span>
    </p>
   </div>
   <div class='ocr_carea' id='block_1_91' title="bbox 627 4591 2170 4658">
    <p class='ocr_par' dir='ltr' id='par_1_91' title="bbox 627 4591 2170 4658">
     <span class='ocr_line' id='line_1_91' title="bbox 627 4591 2170 4658; baseline 0.003 -18"><span class='ocrx_word' id='word_1_665' title='bbox 627 4603 729 4658; x_wconf 83' lang='lat' dir='ltr'><strong>que</strong></span> <span class='ocrx_word' id='word_1_666' title='bbox 751 4605 793 4639; x_wconf 86' lang='lat' dir='ltr'><strong>et</strong></span> <span class='ocrx_word' id='word_1_667' title='bbox 826 4591 1100 4652; x_wconf 85' lang='lat' dir='ltr'><strong>deluerint,</strong></span> <span class='ocrx_word' id='word_1_668' title='bbox 1131 4591 1296 4655; x_wconf 77' lang='lat' dir='ltr'><strong>ipsum</strong></span> <span class='ocrx_word' id='word_1_669' title='bbox 1326 4600 1665 4643; x_wconf 72' lang='lat' dir='ltr'><strong>monimntum</strong></span> <span class='ocrx_word' id='word_1_670' title='bbox 1699 4593 1867 4644; x_wconf 83' lang='lat' dir='ltr'><strong>locum</strong></span> <span class='ocrx_word' id='word_1_671' title='bbox 1899 4595 2085 4658; x_wconf 79' lang='lat' dir='ltr'><strong>adeat,</strong></span> <span class='ocrx_word' id='word_1_672' title='bbox 2115 4607 2170 4649; x_wconf 83' lang='lat' dir='ltr'><strong>et</strong></span> 
     </span>
    </p>
   </div>
   <div class='ocr_carea' id='block_1_92' title="bbox 630 4655 2166 4727">
    <p class='ocr_par' dir='ltr' id='par_1_92' title="bbox 630 4655 2166 4727">
     <span class='ocr_line' id='line_1_92' title="bbox 630 4655 2166 4727; baseline 0.004 -21"><span class='ocrx_word' id='word_1_673' title='bbox 630 4655 818 4727; x_wconf 85' lang='lat' dir='ltr'><strong>ibidem</strong></span> <span class='ocrx_word' id='word_1_674' title='bbox 847 4672 939 4727; x_wconf 88' lang='lat' dir='ltr'><strong>pro</strong></span> <span class='ocrx_word' id='word_1_675' title='bbox 976 4673 1126 4727; x_wconf 75' lang='lat' dir='ltr'><strong>posse</strong></span> <span class='ocrx_word' id='word_1_676' title='bbox 1152 4660 1536 4726; x_wconf 76' lang='lat' dir='ltr'><strong>cleemosynnm</strong></span> <span class='ocrx_word' id='word_1_677' title='bbox 1580 4660 1826 4713; x_wconf 78' lang='lat' dir='ltr'><strong>fratribus</strong></span> <span class='ocrx_word' id='word_1_678' title='bbox 1868 4655 2166 4727; x_wconf 39' lang='lat' dir='ltr'><strong>itttpend&#39;at,</strong></span> 
     </span>
    </p>
   </div>
   <div class='ocr_carea' id='block_1_93' title="bbox 630 4725 2170 4794">
    <p class='ocr_par' dir='ltr' id='par_1_93' title="bbox 630 4725 2170 4794">
     <span class='ocr_line' id='line_1_93' title="bbox 630 4725 2170 4794; baseline 0.008 -19"><span class='ocrx_word' id='word_1_679' title='bbox 630 4725 814 4794; x_wconf 83' lang='lat' dir='ltr'><strong>eadem</strong></span> <span class='ocrx_word' id='word_1_680' title='bbox 846 4726 1006 4778; x_wconf 76' lang='lat' dir='ltr'><strong>forma</strong></span> <span class='ocrx_word' id='word_1_681' title='bbox 1038 4726 1452 4779; x_wconf 67' lang='lat' dir='ltr'><strong>benedictionem</strong></span> <span class='ocrx_word' id='word_1_682' title='bbox 1500 4729 1832 4794; x_wconf 84' lang='lat' dir='ltr'><strong>apostolicam</strong></span> <span class='ocrx_word' id='word_1_683' title='bbox 1865 4725 1978 4783; x_wconf 71' lang='lat' dir='ltr'><strong>sine</strong></span> <span class='ocrx_word' id='word_1_684' title='bbox 2014 4725 2170 4787; x_wconf 72' lang='lat' dir='ltr'><strong>dttbzo</strong></span> 
     </span>
    </p>
   </div>
   <div class='ocr_carea' id='block_1_94' title="bbox 635 4793 2173 4866">
    <p class='ocr_par' dir='ltr' id='par_1_94' title="bbox 635 4793 2173 4866">
     <span class='ocr_line' id='line_1_94' title="bbox 635 4793 2173 4866; baseline 0.008 -23"><span class='ocrx_word' id='word_1_685' title='bbox 635 4793 755 4866; x_wconf 81' lang='lat' dir='ltr'><strong>inibi</strong></span> <span class='ocrx_word' id='word_1_686' title='bbox 787 4806 1147 4857; x_wconf 86' lang='lat' dir='ltr'><strong>percepturus,</strong></span> <span class='ocrx_word' id='word_1_687' title='bbox 1180 4796 1328 4848; x_wconf 79' lang='lat' dir='ltr'><strong>sicuti</strong></span> <span class='ocrx_word' id='word_1_688' title='bbox 1359 4796 1400 4846; x_wconf 77' lang='lat' dir='ltr'><strong>si</strong></span> <span class='ocrx_word' id='word_1_689' title='bbox 1433 4793 1610 4850; x_wconf 84' lang='lat' dir='ltr'><strong>limina</strong></span> <span class='ocrx_word' id='word_1_690' title='bbox 1653 4801 2003 4864; x_wconf 84' lang='lat' dir='ltr'><strong>apostolorum</strong></span> <span class='ocrx_word' id='word_1_691' title='bbox 2052 4818 2173 4866; x_wconf 87' lang='lat' dir='ltr'><strong>per-</strong></span> 
     </span>
    </p>
   </div>
   <div class='ocr_carea' id='block_1_95' title="bbox 635 4863 2173 4936">
    <p class='ocr_par' dir='ltr' id='par_1_95' title="bbox 635 4863 2173 4936">
     <span class='ocr_line' id='line_1_95' title="bbox 635 4863 2173 4936; baseline 0.007 -24"><span class='ocrx_word' id='word_1_692' title='bbox 635 4863 885 4936; x_wconf 73' lang='lat' dir='ltr'><strong>venisset.</strong></span> <span class='ocrx_word' id='word_1_693' title='bbox 919 4866 1202 4936; x_wconf 83' lang='lat' dir='ltr'><strong>Statuintus</strong></span> <span class='ocrx_word' id='word_1_694' title='bbox 1234 4866 1297 4916; x_wconf 90' lang='lat' dir='ltr'><strong>de</strong></span> <span class='ocrx_word' id='word_1_695' title='bbox 1315 4878 1532 4936; x_wconf 66' lang='lat' dir='ltr'><strong>ctrtero,</strong></span> <span class='ocrx_word' id='word_1_696' title='bbox 1578 4876 1633 4916; x_wconf 88' lang='lat' dir='ltr'><strong>ut</strong></span> <span class='ocrx_word' id='word_1_697' title='bbox 1681 4863 1822 4918; x_wconf 84' lang='lat' dir='ltr'><strong>nullo</strong></span> <span class='ocrx_word' id='word_1_698' title='bbox 1867 4871 2019 4921; x_wconf 76' lang='lat' dir='ltr'><strong>modo</strong></span> <span class='ocrx_word' id='word_1_699' title='bbox 2053 4863 2173 4936; x_wconf 74' lang='lat' dir='ltr'><strong>quis</strong></span> 
     </span>
    </p>
   </div>
   <div class='ocr_carea' id='block_1_96' title="bbox 637 4928 2174 5002">
    <p class='ocr_par' dir='ltr' id='par_1_96' title="bbox 637 4928 2174 5002">
     <span class='ocr_line' id='line_1_96' title="bbox 637 4928 2174 5002; baseline 0.008 -23"><span class='ocrx_word' id='word_1_700' title='bbox 637 4928 776 5002; x_wconf 83' lang='lat' dir='ltr'><strong>hunc</strong></span> <span class='ocrx_word' id='word_1_701' title='bbox 806 4930 974 4982; x_wconf 90' lang='lat' dir='ltr'><strong>locum</strong></span> <span class='ocrx_word' id='word_1_702' title='bbox 1008 4933 1200 5002; x_wconf 77' lang='lat' dir='ltr'><strong>violare</strong></span> <span class='ocrx_word' id='word_1_703' title='bbox 1227 4934 1434 4994; x_wconf 83' lang='lat' dir='ltr'><strong>audeat,</strong></span> <span class='ocrx_word' id='word_1_704' title='bbox 1460 4928 1553 4988; x_wconf 63' lang='lat' dir='ltr'><strong>ncec</strong></span> <span class='ocrx_word' id='word_1_705' title='bbox 1582 4937 1684 4986; x_wconf 86' lang='lat' dir='ltr'><strong>vim</strong></span> <span class='ocrx_word' id='word_1_706' title='bbox 1711 4937 1936 4999; x_wconf 78' lang='lat' dir='ltr'><strong>interro;</strong></span> <span class='ocrx_word' id='word_1_707' title='bbox 1967 4928 2102 5002; x_wconf 76' lang='lat' dir='ltr'><strong>quod</strong></span> <span class='ocrx_word' id='word_1_708' title='bbox 2129 4941 2174 4992; x_wconf 89' lang='lat' dir='ltr'><strong>si</strong></span> 
     </span>
    </p>
   </div>
   <div class='ocr_carea' id='block_1_97' title="bbox 637 4999 2176 5067">
    <p class='ocr_par' dir='ltr' id='par_1_97' title="bbox 637 4999 2176 5067">
     <span class='ocr_line' id='line_1_97' title="bbox 637 4999 2176 5067; baseline 0.01 -22"><span class='ocrx_word' id='word_1_709' title='bbox 637 4999 751 5067; x_wconf 84' lang='lat' dir='ltr'><strong>quis</strong></span> <span class='ocrx_word' id='word_1_710' title='bbox 783 4999 1062 5052; x_wconf 80' lang='lat' dir='ltr'><strong>temerario</strong></span> <span class='ocrx_word' id='word_1_711' title='bbox 1091 5015 1216 5052; x_wconf 86' lang='lat' dir='ltr'><strong>ausu</strong></span> <span class='ocrx_word' id='word_1_712' title='bbox 1265 5003 1528 5067; x_wconf 55' lang='lat' dir='ltr'><strong>iniri-gerit.</strong></span> <span class='ocrx_word' id='word_1_713' title='bbox 1554 5045 1568 5065; x_wconf 84' lang='lat'><strong>,</strong></span> <span class='ocrx_word' id='word_1_714' title='bbox 1609 5005 1952 5057; x_wconf 74' lang='lat' dir='ltr'><strong>attzttlmmatis</strong></span> <span class='ocrx_word' id='word_1_715' title='bbox 1979 4999 2176 5060; x_wconf 83' lang='lat' dir='ltr'><strong>ultione</strong></span> 
     </span>
    </p>
   </div>
   <div class='ocr_carea' id='block_1_98' title="bbox 637 5065 2176 5138">
    <p class='ocr_par' dir='ltr' id='par_1_98' title="bbox 637 5065 2176 5138">
     <span class='ocr_line' id='line_1_98' title="bbox 637 5065 2176 5138; baseline 0.006 -20"><span class='ocrx_word' id='word_1_716' title='bbox 637 5065 931 5128; x_wconf 84' lang='lat' dir='ltr'><strong>damnetur,</strong></span> <span class='ocrx_word' id='word_1_717' title='bbox 965 5070 1031 5119; x_wconf 86' lang='lat' dir='ltr'><strong>ita</strong></span> <span class='ocrx_word' id='word_1_718' title='bbox 1065 5065 1672 5135; x_wconf 44' lang='lat' dir='ltr'><strong>utdetinentis—inviolata</strong></span> <span class='ocrx_word' id='word_1_719' title='bbox 1721 5075 2015 5138; x_wconf 80' lang='lat' dir='ltr'><strong>illibataque</strong></span> <span class='ocrx_word' id='word_1_720' title='bbox 2066 5077 2176 5128; x_wconf 67' lang='lat' dir='ltr'><strong>haec</strong></span> 
     </span>
    </p>
   </div>
   <div class='ocr_carea' id='block_1_99' title="bbox 639 5138 2034 5201">
    <p class='ocr_par' dir='ltr' id='par_1_99' title="bbox 639 5138 2034 5201">
     <span class='ocr_line' id='line_1_99' title="bbox 639 5138 2034 5201; baseline 0.007 -15"><span class='ocrx_word' id='word_1_721' title='bbox 639 5146 815 5187; x_wconf 85' lang='lat' dir='ltr'><strong>n05tra</strong></span> <span class='ocrx_word' id='word_1_722' title='bbox 847 5138 1119 5201; x_wconf 61' lang='lat' dir='ltr'><strong>praeceptio</strong></span> <span class='ocrx_word' id='word_1_723' title='bbox 1148 5138 1256 5189; x_wconf 89' lang='lat' dir='ltr'><strong>sive</strong></span> <span class='ocrx_word' id='word_1_724' title='bbox 1287 5138 1580 5190; x_wconf 83' lang='lat' dir='ltr'><strong>interdictio</strong></span> <span class='ocrx_word' id='word_1_725' title='bbox 1607 5152 1966 5196; x_wconf 66' lang='lat' dir='ltr'><strong>conservetur.</strong></span> <span class='ocrx_word' id='word_1_726' title='bbox 2016 5163 2034 5195; x_wconf 75' lang='grc' dir='ltr'><strong>ι</strong></span> 
     </span>
    </p>
   </div>
   <div class='ocr_carea' id='block_1_100' title="bbox 717 5204 2176 5266">
    <p class='ocr_par' dir='ltr' id='par_1_100' title="bbox 717 5204 2176 5266">
     <span class='ocr_line' id='line_1_100' title="bbox 717 5204 2176 5266; baseline 0.006 -12"><span class='ocrx_word' id='word_1_727' title='bbox 717 5217 742 5240; x_wconf 72' lang='grc' dir='ltr'><strong>ιι</strong></span> <span class='ocrx_word' id='word_1_728' title='bbox 771 5204 844 5255; x_wconf 81' lang='lat' dir='ltr'><strong>Ex</strong></span> <span class='ocrx_word' id='word_1_729' title='bbox 872 5206 1186 5255; x_wconf 58' lang='lat' dir='ltr'><strong>t&#39;ltartulario</strong></span> <span class='ocrx_word' id='word_1_730' title='bbox 1213 5208 1506 5259; x_wconf 73' lang='lat' dir='ltr'><strong>Stabulensi</strong></span> <span class='ocrx_word' id='word_1_731' title='bbox 1530 5218 1579 5258; x_wconf 77' lang='lat' dir='ltr'><strong>et</strong></span> <span class='ocrx_word' id='word_1_732' title='bbox 1607 5224 1702 5262; x_wconf 87' lang='lat' dir='ltr'><strong>tus.</strong></span> <span class='ocrx_word' id='word_1_733' title='bbox 1727 5209 2176 5266; x_wconf 83' lang='lat' dir='ltr'><strong>Maltnumlariensi</strong></span> 
     </span>
    </p>
   </div>
   <div class='ocr_carea' id='block_1_101' title="bbox 645 5273 2180 5337">
    <p class='ocr_par' dir='ltr' id='par_1_101' title="bbox 645 5273 2180 5337">
     <span class='ocr_line' id='line_1_101' title="bbox 645 5273 2180 5337; baseline 0.008 -15"><span class='ocrx_word' id='word_1_734' title='bbox 645 5273 1030 5336; x_wconf 90' lang='lat' dir='ltr'><strong>depromptum,</strong></span> <span class='ocrx_word' id='word_1_735' title='bbox 1059 5287 1085 5322; x_wconf 85' lang='lat' dir='ltr'><strong>a</strong></span> <span class='ocrx_word' id='word_1_736' title='bbox 1113 5273 1364 5326; x_wconf 85' lang='lat' dir='ltr'><strong>Martenio</strong></span> <span class='ocrx_word' id='word_1_737' title='bbox 1390 5279 1654 5337; x_wconf 60' lang='lat' dir='ltr'><strong>vulgatum</strong></span> <span class='ocrx_word' id='word_1_738' title='bbox 1682 5289 1759 5330; x_wconf 74' lang='lat' dir='ltr'><strong>est</strong></span> <span class='ocrx_word' id='word_1_739' title='bbox 1789 5282 1836 5329; x_wconf 87' lang='lat' dir='ltr'><strong>itt</strong></span> <span class='ocrx_word' id='word_1_740' title='bbox 1860 5280 2180 5334; x_wconf 70' lang='lat' dir='ltr'><strong>(Jolleotione</strong></span> 
     </span>
    </p>
   </div>
   <div class='ocr_carea' id='block_1_102' title="bbox 643 5347 2177 5409">
    <p class='ocr_par' dir='ltr' id='par_1_102' title="bbox 643 5347 2177 5409">
     <span class='ocr_line' id='line_1_102' title="bbox 643 5347 2177 5409; baseline 0.005 -18"><span class='ocrx_word' id='word_1_741' title='bbox 643 5352 1095 5409; x_wconf 81' lang='lat' dir='ltr'><strong>monumentorum</strong></span> <span class='ocrx_word' id='word_1_742' title='bbox 1129 5351 1358 5394; x_wconf 87' lang='lat' dir='ltr'><strong>veterum</strong></span> <span class='ocrx_word' id='word_1_743' title='bbox 1408 5347 1723 5408; x_wconf 71' lang='lat' dir='ltr'><strong>amplissima</strong></span> <span class='ocrx_word' id='word_1_744' title='bbox 1751 5390 1763 5409; x_wconf 79' lang='grc'>,</span> <span class='ocrx_word' id='word_1_745' title='bbox 1801 5357 1835 5394; x_wconf 82' lang='grc' dir='ltr'><strong>ι.</strong></span> <span class='ocrx_word' id='word_1_746' title='bbox 1885 5347 1922 5396; x_wconf 91' lang='lat' dir='ltr'><strong>ll</strong></span> <span class='ocrx_word' id='word_1_747' title='bbox 1949 5389 1961 5407; x_wconf 86' lang='lat'><strong>,</strong></span> <span class='ocrx_word' id='word_1_748' title='bbox 1995 5352 2094 5403; x_wconf 72' lang='grc' dir='ltr'><strong>νοῒ.</strong></span> <span class='ocrx_word' id='word_1_749' title='bbox 2126 5353 2177 5409; x_wconf 68' lang='lat' dir='ltr'><strong>il,</strong></span> 
     </span>
    </p>
   </div>
   <div class='ocr_carea' id='block_1_103' title="bbox 647 5407 2178 5477">
    <p class='ocr_par' dir='ltr' id='par_1_103' title="bbox 647 5407 2178 5477">
     <span class='ocr_line' id='line_1_103' title="bbox 647 5407 2178 5477; baseline 0.005 -20"><span class='ocrx_word' id='word_1_750' title='bbox 647 5419 698 5458; x_wconf 83' lang='lat' dir='ltr'><strong>et</strong></span> <span class='ocrx_word' id='word_1_751' title='bbox 731 5407 846 5458; x_wconf 82' lang='lat' dir='ltr'><strong>inde</strong></span> <span class='ocrx_word' id='word_1_752' title='bbox 879 5409 1309 5477; x_wconf 47' lang='lat' dir='ltr'><strong>trtiollcctoribus</strong></span> <span class='ocrx_word' id='word_1_753' title='bbox 1339 5407 1648 5477; x_wconf 85' lang='lat' dir='ltr'><strong>scriptorum</strong></span> <span class='ocrx_word' id='word_1_754' title='bbox 1697 5407 1864 5464; x_wconf 70' lang='lat' dir='ltr'><strong>rerum</strong></span> <span class='ocrx_word' id='word_1_755' title='bbox 1898 5407 2178 5470; x_wconf 53' lang='lat' dir='ltr'><strong>Ft&#39;ancicaé</strong></span> 
     </span>
    </p>
   </div>
   <div class='ocr_carea' id='block_1_104' title="bbox 644 5475 2183 5544">
    <p class='ocr_par' dir='ltr' id='par_1_104' title="bbox 644 5475 2183 5544">
     <span class='ocr_line' id='line_1_104' title="bbox 644 5475 2183 5544; baseline 0.005 -17"><span class='ocrx_word' id='word_1_756' title='bbox 644 5491 784 5538; x_wconf 83' lang='lat' dir='ltr'><strong>runt,</strong></span> <span class='ocrx_word' id='word_1_757' title='bbox 814 5486 852 5528; x_wconf 89' lang='lat' dir='ltr'><strong>t.</strong></span> <span class='ocrx_word' id='word_1_758' title='bbox 885 5475 970 5538; x_wconf 74' lang='grc' dir='ltr'><strong>ιν,</strong></span> <span class='ocrx_word' id='word_1_759' title='bbox 1001 5494 1112 5544; x_wconf 84' lang='lat' dir='ltr'><strong>pag.</strong></span> <span class='ocrx_word' id='word_1_760' title='bbox 1145 5476 1268 5538; x_wconf 74' lang='lat'><strong>650,</strong></span> <span class='ocrx_word' id='word_1_761' title='bbox 1297 5475 1466 5531; x_wconf 77' lang='lat' dir='ltr'><strong>denuo</strong></span> <span class='ocrx_word' id='word_1_762' title='bbox 1491 5480 1707 5532; x_wconf 85' lang='lat' dir='ltr'><strong>editum.</strong></span> <span class='ocrx_word' id='word_1_763' title='bbox 1738 5482 1950 5534; x_wconf 73' lang='lat' dir='ltr'><strong>Videtur</strong></span> <span class='ocrx_word' id='word_1_764' title='bbox 1983 5489 2076 5538; x_wconf 84' lang='lat' dir='ltr'><strong>hoc</strong></span> <span class='ocrx_word' id='word_1_765' title='bbox 2104 5485 2183 5536; x_wconf 85' lang='lat' dir='ltr'><strong>di-</strong></span> 
     </span>
    </p>
   </div>
   <div class='ocr_carea' id='block_1_105' title="bbox 647 5545 2182 5618">
    <p class='ocr_par' dir='ltr' id='par_1_105' title="bbox 647 5545 2182 5618">
     <span class='ocr_line' id='line_1_105' title="bbox 647 5545 2182 5618; baseline 0.007 -24"><span class='ocrx_word' id='word_1_766' title='bbox 647 5545 818 5610; x_wconf 82' lang='lat' dir='ltr'><strong>ploma</strong></span> <span class='ocrx_word' id='word_1_767' title='bbox 841 5546 981 5618; x_wconf 73' lang='lat' dir='ltr'><strong>male</strong></span> <span class='ocrx_word' id='word_1_768' title='bbox 1003 5548 1669 5618; x_wconf 58' lang='lat' dir='ltr'><strong>concordat&#39;e_cuni__cliat:ta</strong></span> <span class='ocrx_word' id='word_1_769' title='bbox 1697 5547 2002 5613; x_wconf 86' lang='lat' dir='ltr'><strong>Grintoaldt,</strong></span> <span class='ocrx_word' id='word_1_770' title='bbox 2026 5569 2182 5618; x_wconf 88' lang='lat' dir='ltr'><strong>quam</strong></span> 
     </span>
    </p>
   </div>
   <div class='ocr_carea' id='block_1_106' title="bbox 649 5612 2180 5688">
    <p class='ocr_par' dir='ltr' id='par_1_106' title="bbox 649 5612 2180 5688">
     <span class='ocr_line' id='line_1_106' title="bbox 649 5612 2180 5688; baseline 0.007 -22"><span class='ocrx_word' id='word_1_771' title='bbox 649 5625 805 5678; x_wconf 81' lang='lat' dir='ltr'><strong>supra</strong></span> <span class='ocrx_word' id='word_1_772' title='bbox 845 5613 1176 5669; x_wconf 82' lang='lat' dir='ltr'><strong>exhibuimus</strong></span> <span class='ocrx_word' id='word_1_773' title='bbox 1201 5616 1223 5676; x_wconf 76' lang='grc' dir='ltr'><em>ι</em></span> <span class='ocrx_word' id='word_1_774' title='bbox 1242 5612 1353 5672; x_wconf 76' lang='grc' dir='ltr'><strong>σοι.</strong></span> <span class='ocrx_word' id='word_1_775' title='bbox 1380 5613 1522 5684; x_wconf 71' lang='grc'><strong>325)</strong></span> <span class='ocrx_word' id='word_1_776' title='bbox 1549 5635 1563 5670; x_wconf 89' lang='lat'><strong>:</strong></span> <span class='ocrx_word' id='word_1_777' title='bbox 1588 5615 1967 5673; x_wconf 82' lang='lat' dir='ltr'><strong>Gcrminiacum</strong></span> <span class='ocrx_word' id='word_1_778' title='bbox 1992 5612 2142 5676; x_wconf 65' lang='lat' dir='ltr'><strong>enim</strong></span> <span class='ocrx_word' id='word_1_779' title='bbox 2164 5661 2180 5688; x_wconf 91' lang='lat'><strong>,</strong></span> 
     </span>
    </p>
   </div>
   <div class='ocr_carea' id='block_1_107' title="bbox 2275 4457 3770 4529">
    <p class='ocr_par' dir='ltr' id='par_1_107' title="bbox 2275 4457 3770 4529">
     <span class='ocr_line' id='line_1_107' title="bbox 2275 4457 3770 4529; baseline -0.005 -13"><span class='ocrx_word' id='word_1_780' title='bbox 2275 4457 2626 4519; x_wconf 54' lang='lat' dir='ltr'><strong>darien&#39;sibns.</strong></span> <span class='ocrx_word' id='word_1_781' title='bbox 2648 4462 2754 4529; x_wconf 83' lang='lat' dir='ltr'><strong>jam</strong></span> <span class='ocrx_word' id='word_1_782' title='bbox 2771 4463 2967 4516; x_wconf 88' lang='lat' dir='ltr'><strong>eisdem</strong></span> <span class='ocrx_word' id='word_1_783' title='bbox 2984 4472 3318 4516; x_wconf 79' lang='lat' dir='ltr'><strong>concesserat</strong></span> <span class='ocrx_word' id='word_1_784' title='bbox 3339 4463 3516 4514; x_wconf 78' lang='lat' dir='ltr'><strong>charta</strong></span> <span class='ocrx_word' id='word_1_785' title='bbox 3531 4457 3770 4529; x_wconf 76' lang='lat' dir='ltr'><strong>Grintealdi</strong></span> 
     </span>
    </p>
   </div>
   <div class='ocr_carea' id='block_1_108' title="bbox 2276 4527 3770 4599">
    <p class='ocr_par' dir='ltr' id='par_1_108' title="bbox 2276 4527 3770 4599">
     <span class='ocr_line' id='line_1_108' title="bbox 2276 4527 3770 4599; baseline -0.006 -14"><span class='ocrx_word' id='word_1_786' title='bbox 2276 4533 2491 4599; x_wconf 85' lang='lat' dir='ltr'><strong>majoris</strong></span> <span class='ocrx_word' id='word_1_787' title='bbox 2531 4527 2737 4584; x_wconf 87' lang='lat' dir='ltr'><strong>domus.</strong></span> <span class='ocrx_word' id='word_1_788' title='bbox 2769 4531 2872 4584; x_wconf 86' lang='lat' dir='ltr'><strong>Sed</strong></span> <span class='ocrx_word' id='word_1_789' title='bbox 2907 4531 2971 4583; x_wconf 87' lang='lat' dir='ltr'><strong>ad</strong></span> <span class='ocrx_word' id='word_1_790' title='bbox 3010 4531 3397 4583; x_wconf 81' lang='lat' dir='ltr'><strong>conciliandum</strong></span> <span class='ocrx_word' id='word_1_791' title='bbox 3430 4527 3770 4599; x_wconf 58' lang='lat' dir='ltr'><strong>utrumquein.</strong></span> 
     </span>
    </p>
   </div>
   <div class='ocr_carea' id='block_1_109' title="bbox 2274 4595 3772 4670">
    <p class='ocr_par' dir='ltr' id='par_1_109' title="bbox 2274 4595 3772 4670">
     <span class='ocr_line' id='line_1_109' title="bbox 2274 4595 3772 4670; baseline -0.003 -17"><span class='ocrx_word' id='word_1_792' title='bbox 2274 4595 2621 4653; x_wconf 82' lang='lat' dir='ltr'><strong>strumentum</strong></span> <span class='ocrx_word' id='word_1_793' title='bbox 2653 4599 2754 4652; x_wconf 88' lang='lat' dir='ltr'><strong>dici</strong></span> <span class='ocrx_word' id='word_1_794' title='bbox 2787 4608 2956 4664; x_wconf 86' lang='lat' dir='ltr'><strong>potest</strong></span> <span class='ocrx_word' id='word_1_795' title='bbox 2986 4601 3293 4670; x_wconf 80' lang='lat' dir='ltr'><strong>quod,cutn</strong></span> <span class='ocrx_word' id='word_1_796' title='bbox 3322 4595 3650 4652; x_wconf 73' lang='lat' dir='ltr'><strong>Grimoaldus</strong></span> <span class='ocrx_word' id='word_1_797' title='bbox 3671 4595 3772 4670; x_wconf 54' lang='lat' dir='ltr'><strong>Gtt-</strong></span> 
     </span>
    </p>
   </div>
   <div class='ocr_carea' id='block_1_110' title="bbox 2276 4663 3772 4735">
    <p class='ocr_par' dir='ltr' id='par_1_110' title="bbox 2276 4663 3772 4735">
     <span class='ocr_line' id='line_1_110' title="bbox 2276 4663 3772 4735; baseline -0.005 -14"><span class='ocrx_word' id='word_1_798' title='bbox 2276 4670 2555 4722; x_wconf 85' lang='lat' dir='ltr'><strong>Ininiacum</strong></span> <span class='ocrx_word' id='word_1_799' title='bbox 2582 4685 2608 4718; x_wconf 70' lang='lat' dir='ltr'><strong>tt</strong></span> <span class='ocrx_word' id='word_1_800' title='bbox 2639 4663 2912 4733; x_wconf 78' lang='lat' dir='ltr'><strong>Sigeberto</strong></span> <span class='ocrx_word' id='word_1_801' title='bbox 2953 4663 3074 4735; x_wconf 71' lang='lat' dir='ltr'><strong>rege</strong></span> <span class='ocrx_word' id='word_1_802' title='bbox 3118 4668 3432 4720; x_wconf 76' lang='lat' dir='ltr'><strong>obtinuisset</strong></span> <span class='ocrx_word' id='word_1_803' title='bbox 3471 4676 3525 4720; x_wconf 82' lang='lat' dir='ltr'><strong>et</strong></span> <span class='ocrx_word' id='word_1_804' title='bbox 3553 4663 3772 4719; x_wconf 67' lang='lat' dir='ltr'><strong>milia</strong></span> 
     </span>
    </p>
   </div>
   <div class='ocr_carea' id='block_1_111' title="bbox 2274 4737 3774 4804">
    <p class='ocr_par' dir='ltr' id='par_1_111' title="bbox 2274 4737 3774 4804">
     <span class='ocr_line' id='line_1_111' title="bbox 2274 4737 3774 4804; baseline -0.003 -14"><span class='ocrx_word' id='word_1_805' title='bbox 2274 4738 2656 4796; x_wconf 79' lang='lat' dir='ltr'><strong>concessisset,</strong></span> <span class='ocrx_word' id='word_1_806' title='bbox 2704 4737 2942 4789; x_wconf 88' lang='lat' dir='ltr'><strong>monachi</strong></span> <span class='ocrx_word' id='word_1_807' title='bbox 2991 4737 3300 4801; x_wconf 84' lang='lat' dir='ltr'><strong>peculiarem</strong></span> <span class='ocrx_word' id='word_1_808' title='bbox 3329 4751 3356 4786; x_wconf 87' lang='lat' dir='ltr'><strong>a</strong></span> <span class='ocrx_word' id='word_1_809' title='bbox 3383 4738 3650 4804; x_wconf 75' lang='lat' dir='ltr'><strong>Sigeherto</strong></span> <span class='ocrx_word' id='word_1_810' title='bbox 3681 4745 3774 4786; x_wconf 80' lang='lat' dir='ltr'><strong>esa-</strong></span> 
     </span>
    </p>
   </div>
   <div class='ocr_carea' id='block_1_112' title="bbox 2275 4804 3696 4874">
    <p class='ocr_par' dir='ltr' id='par_1_112' title="bbox 2275 4804 3696 4874">
     <span class='ocr_line' id='line_1_112' title="bbox 2275 4804 3696 4874; baseline -0.001 -16"><span class='ocrx_word' id='word_1_811' title='bbox 2275 4809 2586 4868; x_wconf 83' lang='lat' dir='ltr'><strong>cessionetn,</strong></span> <span class='ocrx_word' id='word_1_812' title='bbox 2613 4805 2675 4856; x_wconf 89' lang='lat' dir='ltr'><strong>ad</strong></span> <span class='ocrx_word' id='word_1_813' title='bbox 2709 4804 2958 4872; x_wconf 84' lang='lat' dir='ltr'><strong>majorem</strong></span> <span class='ocrx_word' id='word_1_814' title='bbox 2987 4806 3321 4856; x_wconf 86' lang='lat' dir='ltr'><strong>securitatem</strong></span> <span class='ocrx_word' id='word_1_815' title='bbox 3349 4807 3696 4874; x_wconf 70' lang='lat' dir='ltr'><strong>impetrarunt-</strong></span> 
     </span>
    </p>
   </div>
   <div class='ocr_carea' id='block_1_113' title="bbox 2348 4873 3772 4938">
    <p class='ocr_par' dir='ltr' id='par_1_113' title="bbox 2348 4873 3772 4938">
     <span class='ocr_line' id='line_1_113' title="bbox 2348 4873 3772 4938; baseline -0.001 -12"><span class='ocrx_word' id='word_1_816' title='bbox 2348 4877 2375 4913; x_wconf 75' lang='grc' dir='ltr'><strong>ι)</strong></span> <span class='ocrx_word' id='word_1_817' title='bbox 2410 4875 2683 4926; x_wconf 81' lang='lat' dir='ltr'><strong>lletnaclns</strong></span> <span class='ocrx_word' id='word_1_818' title='bbox 2717 4877 2813 4924; x_wconf 79' lang='lat' dir='ltr'><strong>l‘toc</strong></span> <span class='ocrx_word' id='word_1_819' title='bbox 2844 4875 2956 4924; x_wconf 85' lang='lat' dir='ltr'><strong>loco</strong></span> <span class='ocrx_word' id='word_1_820' title='bbox 2994 4873 3282 4938; x_wconf 82' lang='lat' dir='ltr'><strong>appellatur</strong></span> <span class='ocrx_word' id='word_1_821' title='bbox 3321 4873 3434 4925; x_wconf 86' lang='lat' dir='ltr'><strong>solo</strong></span> <span class='ocrx_word' id='word_1_822' title='bbox 3478 4875 3669 4926; x_wconf 71' lang='lat' dir='ltr'><strong>abbati!</strong></span> <span class='ocrx_word' id='word_1_823' title='bbox 3703 4881 3772 4938; x_wconf 64' lang='lat' dir='ltr'><strong>mf</strong></span> 
     </span>
    </p>
   </div>
   <div class='ocr_carea' id='block_1_114' title="bbox 2281 4936 3776 5008">
    <p class='ocr_par' dir='ltr' id='par_1_114' title="bbox 2281 4936 3776 5008">
     <span class='ocr_line' id='line_1_114' title="bbox 2281 4936 3776 5008; baseline -0.001 -13"><span class='ocrx_word' id='word_1_824' title='bbox 2281 4947 2440 5004; x_wconf 86' lang='lat' dir='ltr'><strong>utine,</strong></span> <span class='ocrx_word' id='word_1_825' title='bbox 2473 4947 2558 5005; x_wconf 79' lang='lat' dir='ltr'><strong>qui</strong></span> <span class='ocrx_word' id='word_1_826' title='bbox 2591 4953 2810 5006; x_wconf 88' lang='lat' dir='ltr'><strong>utroque</strong></span> <span class='ocrx_word' id='word_1_827' title='bbox 2834 4936 3144 5008; x_wconf 27' lang='lat' dir='ltr'><strong>episcopi‘et</strong></span> <span class='ocrx_word' id='word_1_828' title='bbox 3169 4943 3373 4994; x_wconf 76' lang='lat' dir='ltr'><strong>abbatis</strong></span> <span class='ocrx_word' id='word_1_829' title='bbox 3419 4944 3570 4994; x_wconf 87' lang='lat' dir='ltr'><strong>titulo</strong></span> 
     </span>
    </p>
   </div>
   <div class='ocr_carea' id='block_1_115' title="bbox 2283 5005 3776 5076">
    <p class='ocr_par' dir='ltr' id='par_1_115' title="bbox 2283 5005 3776 5076">
     <span class='ocr_line' id='line_1_115' title="bbox 2283 5005 3776 5076; baseline 0.001 -13"><span class='ocrx_word' id='word_1_830' title='bbox 2283 5025 2364 5063; x_wconf 90' lang='lat' dir='ltr'><strong>tur</strong></span> <span class='ocrx_word' id='word_1_831' title='bbox 2396 5013 2441 5062; x_wconf 90' lang='lat' dir='ltr'><strong>in</strong></span> <span class='ocrx_word' id='word_1_832' title='bbox 2473 5005 2732 5075; x_wconf 80' lang='lat' dir='ltr'><strong>Sigeberti</strong></span> <span class='ocrx_word' id='word_1_833' title='bbox 2757 5005 3035 5075; x_wconf 82' lang='lat' dir='ltr'><strong>diplomate</strong></span> <span class='ocrx_word' id='word_1_834' title='bbox 3061 5026 3212 5076; x_wconf 80' lang='lat' dir='ltr'><strong>supra</strong></span> <span class='ocrx_word' id='word_1_835' title='bbox 3241 5013 3408 5071; x_wconf 86' lang='lat' dir='ltr'><strong>edito.</strong></span> <span class='ocrx_word' id='word_1_836' title='bbox 3439 5011 3543 5064; x_wconf 76' lang='lat' dir='ltr'><strong>eoi.</strong></span> <span class='ocrx_word' id='word_1_837' title='bbox 3565 5005 3776 5072; x_wconf 62' lang='lat' dir='ltr'><strong>535.th</strong></span> 
     </span>
    </p>
   </div>
   <div class='ocr_carea' id='block_1_116' title="bbox 2282 5075 3775 5144">
    <p class='ocr_par' dir='ltr' id='par_1_116' title="bbox 2282 5075 3775 5144">
     <span class='ocr_line' id='line_1_116' title="bbox 2282 5075 3775 5144; baseline 0.001 -13"><span class='ocrx_word' id='word_1_838' title='bbox 2282 5096 2421 5131; x_wconf 88' lang='lat' dir='ltr'><strong>anno</strong></span> <span class='ocrx_word' id='word_1_839' title='bbox 2463 5082 2586 5132; x_wconf 70' lang='lat' dir='ltr'><strong>65L</strong></span> <span class='ocrx_word' id='word_1_840' title='bbox 2637 5079 2952 5144; x_wconf 68' lang='lat' dir='ltr'><strong>Episcomlis</strong></span> <span class='ocrx_word' id='word_1_841' title='bbox 2999 5075 3174 5130; x_wconf 86' lang='lat' dir='ltr'><strong>oneris</strong></span> <span class='ocrx_word' id='word_1_842' title='bbox 3215 5079 3490 5144; x_wconf 83' lang='lat' dir='ltr'><strong>impatiens</strong></span> <span class='ocrx_word' id='word_1_843' title='bbox 3533 5075 3775 5134; x_wconf 64' lang='grc' dir='ltr'>ιιωάιι.</span> 
     </span>
    </p>
   </div>
   <div class='ocr_carea' id='block_1_117' title="bbox 2283 5148 3780 5215">
    <p class='ocr_par' dir='ltr' id='par_1_117' title="bbox 2283 5148 3780 5215">
     <span class='ocr_line' id='line_1_117' title="bbox 2283 5148 3780 5215; baseline 0.001 -16"><span class='ocrx_word' id='word_1_844' title='bbox 2283 5150 2524 5201; x_wconf 85' lang='lat' dir='ltr'><strong>abdicato</strong></span> <span class='ocrx_word' id='word_1_845' title='bbox 2554 5148 2878 5211; x_wconf 82' lang='lat' dir='ltr'><strong>Tungrorum</strong></span> <span class='ocrx_word' id='word_1_846' title='bbox 2921 5148 3255 5212; x_wconf 79' lang='lat' dir='ltr'><strong>episcopatu,</strong></span> <span class='ocrx_word' id='word_1_847' title='bbox 3303 5148 3369 5200; x_wconf 84' lang='lat' dir='ltr'><strong>ad</strong></span> <span class='ocrx_word' id='word_1_848' title='bbox 3417 5163 3569 5215; x_wconf 84' lang='lat' dir='ltr'><strong>quem</strong></span> 
     </span>
    </p>
   </div>
   <div class='ocr_carea' id='block_1_118' title="bbox 2285 5207 3774 5280">
    <p class='ocr_par' dir='ltr' id='par_1_118' title="bbox 2285 5207 3774 5280">
     <span class='ocr_line' id='line_1_118' title="bbox 2285 5207 3774 5280; baseline 0.001 -13"><span class='ocrx_word' id='word_1_849' title='bbox 2285 5219 2480 5280; x_wconf 75' lang='lat' dir='ltr'><strong>fuerat,</strong></span> <span class='ocrx_word' id='word_1_850' title='bbox 2511 5207 2725 5268; x_wconf 69' lang='lat' dir='ltr'><strong>secessit</strong></span> <span class='ocrx_word' id='word_1_851' title='bbox 2766 5216 2817 5266; x_wconf 90' lang='lat' dir='ltr'><strong>in</strong></span> <span class='ocrx_word' id='word_1_852' title='bbox 2861 5207 3230 5267; x_wconf 78' lang='lat' dir='ltr'><strong>monasterium</strong></span> <span class='ocrx_word' id='word_1_853' title='bbox 3262 5207 3774 5277; x_wconf 51' lang='lat' dir='ltr'><strong>Stabul&#39;ensegllllill-</strong></span> 
     </span>
    </p>
   </div>
   <div class='ocr_carea' id='block_1_119' title="bbox 2287 5281 3778 5354">
    <p class='ocr_par' dir='ltr' id='par_1_119' title="bbox 2287 5281 3778 5354">
     <span class='ocr_line' id='line_1_119' title="bbox 2287 5281 3778 5354; baseline 0 -19"><span class='ocrx_word' id='word_1_854' title='bbox 2287 5286 2474 5354; x_wconf 78' lang='lat' dir='ltr'><strong>Annal.</strong></span> <span class='ocrx_word' id='word_1_855' title='bbox 2507 5295 2544 5335; x_wconf 89' lang='lat' dir='ltr'><strong>t.</strong></span> <span class='ocrx_word' id='word_1_856' title='bbox 2577 5285 2590 5335; x_wconf 94' lang='grc' dir='ltr'><strong>Ι</strong></span> <span class='ocrx_word' id='word_1_857' title='bbox 2618 5324 2630 5344; x_wconf 87' lang='grc'><em>,</em></span> <span class='ocrx_word' id='word_1_858' title='bbox 2665 5299 2778 5347; x_wconf 76' lang='lat' dir='ltr'><strong>pag.</strong></span> <span class='ocrx_word' id='word_1_859' title='bbox 2808 5283 2940 5346; x_wconf 67' lang='grc' dir='ltr'><strong>ΜΠ,</strong></span> <span class='ocrx_word' id='word_1_860' title='bbox 2968 5283 3106 5334; x_wconf 78' lang='lat' dir='ltr'><strong>circa</strong></span> <span class='ocrx_word' id='word_1_861' title='bbox 3133 5299 3324 5336; x_wconf 85' lang='lat' dir='ltr'><strong>annum</strong></span> <span class='ocrx_word' id='word_1_862' title='bbox 3353 5284 3481 5336; x_wconf 69' lang='grc'>662.</span> 
     </span>
    </p>
   </div>
   <div class='ocr_carea' id='block_1_120' title="bbox 2288 5350 3778 5420">
    <p class='ocr_par' dir='ltr' id='par_1_120' title="bbox 2288 5350 3778 5420">
     <span class='ocr_line' id='line_1_120' title="bbox 2288 5350 3778 5420; baseline 0.001 -16"><span class='ocrx_word' id='word_1_863' title='bbox 2288 5353 2464 5418; x_wconf 86' lang='lat' dir='ltr'><strong>igitur,</strong></span> <span class='ocrx_word' id='word_1_864' title='bbox 2509 5363 2622 5418; x_wconf 85' lang='lat' dir='ltr'><strong>post</strong></span> <span class='ocrx_word' id='word_1_865' title='bbox 2665 5355 2800 5420; x_wconf 82' lang='lat' dir='ltr'><strong>hunc</strong></span> <span class='ocrx_word' id='word_1_866' title='bbox 2844 5364 3106 5420; x_wconf 85' lang='lat' dir='ltr'><strong>secessum</strong></span> <span class='ocrx_word' id='word_1_867' title='bbox 3130 5392 3142 5409; x_wconf 87' lang='lat'><strong>.</strong></span> <span class='ocrx_word' id='word_1_868' title='bbox 3175 5355 3372 5420; x_wconf 84' lang='lat' dir='ltr'><strong>absque</strong></span> <span class='ocrx_word' id='word_1_869' title='bbox 3407 5352 3572 5420; x_wconf 78' lang='lat' dir='ltr'><strong>titulo</strong></span> <span class='ocrx_word' id='word_1_870' title='bbox 3597 5350 3778 5420; x_wconf 56' lang='grc' dir='ltr'><em>Μ</em></span> 
     </span>
    </p>
   </div>
   <div class='ocr_carea' id='block_1_121' title="bbox 2287 5418 3776 5491">
    <p class='ocr_par' dir='ltr' id='par_1_121' title="bbox 2287 5418 3776 5491">
     <span class='ocr_line' id='line_1_121' title="bbox 2287 5418 3776 5491; baseline 0.003 -22"><span class='ocrx_word' id='word_1_871' title='bbox 2287 5438 2408 5491; x_wconf 74' lang='lat' dir='ltr'><strong>eum</strong></span> <span class='ocrx_word' id='word_1_872' title='bbox 2438 5419 2714 5491; x_wconf 84' lang='lat' dir='ltr'><strong>aliquando</strong></span> <span class='ocrx_word' id='word_1_873' title='bbox 2739 5419 2987 5491; x_wconf 66' lang='lat' dir='ltr'><strong>appellari</strong></span> <span class='ocrx_word' id='word_1_874' title='bbox 3019 5421 3252 5485; x_wconf 76' lang='lat' dir='ltr'><strong>potuisse</strong></span> <span class='ocrx_word' id='word_1_875' title='bbox 3267 5418 3455 5491; x_wconf 33' lang='lat' dir='ltr'><strong>{unde</strong></span> 
     </span>
    </p>
   </div>
   <div class='ocr_carea' id='block_1_122' title="bbox 2287 5481 3778 5556">
    <p class='ocr_par' dir='ltr' id='par_1_122' title="bbox 2287 5481 3778 5556">
     <span class='ocr_line' id='line_1_122' title="bbox 2287 5481 3778 5556; baseline -0.004 -16"><span class='ocrx_word' id='word_1_876' title='bbox 2287 5489 2410 5550; x_wconf 69' lang='lat'><strong>662,</strong></span> <span class='ocrx_word' id='word_1_877' title='bbox 2436 5481 2542 5541; x_wconf 65' lang='lat' dir='ltr'><strong>nec&#39;</strong></span> <span class='ocrx_word' id='word_1_878' title='bbox 2557 5481 2884 5541; x_wconf 78' lang='lat' dir='ltr'><strong>incommode</strong></span> <span class='ocrx_word' id='word_1_879' title='bbox 2901 5481 3040 5556; x_wconf 76' lang='lat' dir='ltr'><strong>circa</strong></span> <span class='ocrx_word' id='word_1_880' title='bbox 3061 5503 3254 5542; x_wconf 85' lang='lat' dir='ltr'><strong>annum</strong></span> <span class='ocrx_word' id='word_1_881' title='bbox 3269 5481 3402 5556; x_wconf 57' lang='grc' dir='ltr'><strong>ΒΜ,</strong></span> <span class='ocrx_word' id='word_1_882' title='bbox 3421 5481 3778 5548; x_wconf 66' lang='lat' dir='ltr'><strong>emissi-ualli</strong></span> 
     </span>
    </p>
   </div>
   <div class='ocr_carea' id='block_1_123' title="bbox 2289 5555 3176 5626">
    <p class='ocr_par' dir='ltr' id='par_1_123' title="bbox 2289 5555 3176 5626">
     <span class='ocr_line' id='line_1_123' title="bbox 2289 5555 3176 5626; baseline -0.001 -14"><span class='ocrx_word' id='word_1_883' title='bbox 2289 5568 2463 5625; x_wconf 84' lang='lat' dir='ltr'><strong>potest</strong></span> <span class='ocrx_word' id='word_1_884' title='bbox 2485 5557 2711 5623; x_wconf 87' lang='lat' dir='ltr'><strong>diploma</strong></span> <span class='ocrx_word' id='word_1_885' title='bbox 2739 5557 2804 5611; x_wconf 90' lang='lat' dir='ltr'><strong>de</strong></span> <span class='ocrx_word' id='word_1_886' title='bbox 2827 5571 2931 5626; x_wconf 89' lang='lat' dir='ltr'><strong>quo</strong></span> <span class='ocrx_word' id='word_1_887' title='bbox 2955 5555 3176 5624; x_wconf 85' lang='lat' dir='ltr'><strong>agimus.</strong></span> 
     </span>
    </p>
   </div>
  </div>
