3840 6242
578 408 708 462 1395

1557 393 1792 449 FRANC.
1833 393 1988 445 REG.
2026 392 2085 443 IV
2128 387 2353 441 PRIMzE
2395 386 2667 438 S'I‘IIIPIS.

3610 375 3723 428 19μῦ6

576 532 733 587 usque
761 515 845 569 ubi
873 514 1256 583 Stagnebaehus
1274 511 1575 577 consurgit;
1601 508 1787 565 deinde
1815 523 1903 576 per
1938 507 2103 573 ipsqu
2129 507 2178 563 Α
2204 502 2253 555 ei
2280 500 2523 569 quicipiid
2552 500 2619 552 de
2647 502 2811 565 ipsam
2833 496 3014 548 Villam
3038 494 3268 561 partibus
3299 492 3414 545 fisci
3440 492 3601 545 nostri
3626 508 3725 557 Spe-

577 593 985 676 Stagnebachum
1043 619 1203 670 usque
1258 603 1310 655 in
1375 601 1716 664 Amblavam;
1770 598 2106 676 deinde‘per

581 697 879 761 Amidam
922 708 1104 749 versus
1150 705 1367 758 aquam,
1420 704 1509 758 per
1552 687 1690 740 illam
1743 659 2003 740 foresteni
2043 686 2106 735 de

578 785 877 844 .Vulfeberto
920 799 1083 852 usque
1124 780 1447 844 Raroliacco,
1497 778 1582 831 ubi
1634 777 1747 844 ipse
1797 773 2106 841 consurgit;

576 875 763 928 deinde
806 871 1061 925 Diddiloni
1092 870 1232 923 rivus
1256 868 1521 933 consurgit
1547 885 1561 928 ;
1591 864 1783 917 deinde
1803 878 1906 930 .per
1937 864 2107 928 ipsum

577 964 741 1016 rivum
792 974 953 1027 usque
1000 960 1049 1018 in
1097 939 1342 1018 Restant,
1395 963 1448 1008 et
1492 954 1557 1005 de
1609 953 1763 1004 Resta
1809 968 1897 1017 per
1945 952 2109 1016 ipsam

578 1054 822 1104 l‘orestetu
849 1062 967 1115 quae
994 1056 1195 1115 separat
1227 1043 1447 1097 Helmini
1479 1042 1778 1094 Rovoritum
1806 1051 1857 1092 et
1878 1040 2112 1093 Audaste

578 1144 790 1201 villare;
836 1155 925 1207 per
973 1139 1113 1191 illam
1163 1137 1386 1190 mediam
1418 1136 1660 1187 l'orestem
1689 1148 1848 1201 usque
1876 1124 2112 1185 locanda

580 1231 736 1284 Fauia
770 1247 783 1282 :
814 1231 878 1283 de
913 1229 1145 1283 Jocunda
1190 1226 1347 1278 Fania
1394 1239 1485 1292 per
1528 1223 1667 1275 illam
1702 1221 1956 1275 'Alseuam
1999 1233 2116 1286 qua:

574 1306 865 1388 propinqua
888 1328 971 1373 est
992 1322 1307 1370 monasterio
1330 1333 1344 1378 ;
1371 1314 1560 1367 deinde
1581 1327 1671 1379 per
1697 1312 1834 1363 illam
1863 1310 2111 1364 Alsenam

583 1425 747 1477 usque
776 1410 860 1463 ubi
892 1410 941 1462 in
972 1409 1188 1462 Glanem
1219 1388 1537 1473 ingreditur;
1584 1401 1769 1455 deinde
1812 1410 2114 1451 transversa

584 1499 781 1565 Glane,
832 1512 993 1565 usque
1042 1499 1104 1549 ad
1160 1495 1343 1550 Albam
1390 1496 1680 1553 Iontanam;
1732 1491 1797 1543 de
1828 1490 1935 1556 ipsa
1990 1488 2116 1539 Alba

497 1604 500 1607 '
586 1590 818 1651 fontana,
862 1588 913 1638 in
944 1586 1268 1649 Amblavam,
1293 1586 1503 1635 Summa
1536 1582 1745 1649 Siggino
1776 1579 1990 1639 Aviaco,
2026 1578 2115 1628 ubi

585 1678 881 1733 Garelaicus
904 1690 1124 1728 venuam
1146 1675 1344 1727 habuit.
1362 1673 1486 1725 lude
1508 1687 1597 1738 per
1618 1672 1779 1735 ipsam
1809 1670 2117 1721 Atublavam

588 1769 670 1821 ubi
723 1767 981 1820 Dulnosus
1009 1766 1058 1819 in
1088 1765 1201 1832 ipsa
1239 1763 1523 1829 ingreditur
1552 1778 1564 1811 :
1596 1761 1781 1813 deinde
1808 1777 1897 1825 per
1932 1761 2122 1810 Dulno-

2209 594 2438 654 rabatur,
2494 592 2592 644 hoc
2636 588 2783 641 vobis
2810 586 3085 639 inrecisutn
3139 592 3381 649 putamus
3418 581 3560 649 juxta
3609 584 3726 635 illam

2206 681 2520 735 anteriorem
2550 688 2783 732 nostram
2816 677 3238 744 prteceptionem,
3267 687 3424 741 quam
3457 673 3596 725 vobis
3622 688 3729 741 apo-

2207 775 2419 828 stolicus
2457 773 2535 824 vir
2572 771 2794 823 domnus
2838 770 3080 820 Berarins
3127 765 3395 834 quondam
3422 763 3730 827 deportavit;

2210 861 2344 914 unde
2383 870 2434 911 et
2480 860 2591 925 ipse
2619 856 2846 923 pontifex
2876 854 3194 921 Aiglibertus
3233 852 3300 905 de
3347 851 3592 917 prtedicta
3616 867 3732 917 pne-

2210 950 2450 1015 ceptione
2489 948 2654 1000 recise
2692 943 3036 1009 exemplaria
3080 942 3231 993 nobis
3260 940 3612 1005 praesentavit:
3654 941 3731 991 sed

2214 1052 2305 1105 pro
2326 1034 2583 1089 ﬁrmitatis
2609 1035 2835 1087 studium
2868 1033 3015 1098 petiit
3043 1032 3188 1083 nobis
3217 1039 3269 1081 ut
3298 1045 3392 1096 pro
3418 1040 3586 1082 nosam
3618 1043 3732 1095 pra?—

2212 1124 2448 1189 ceptione
2479 1126 2577 1176 hoc
2604 1123 2791 1174 iterum
2821 1135 2936 1172 eam
2968 1120 3231 1172 relirmare
3251 1118 3589 1170 deberemus:
3614 1118 3733 1180 quod

2214 1214 2261 1266 ei
2284 1214 2455 1265 taliter
2477 1211 2779 1279 praestitisse
2801 1210 2882 1262 vel
2904 1210 3239 1262 conﬁrmasse
3257 1208 3573 1275 cognoscite.
3615 1206 3737 1257 1³η-

2215 1304 2466 1369 cipientes
2498 1302 2651 1368 igitur
2681 1303 2748 1352 ita
2779 1309 2832 1350 ut
2860 1314 3027 1366 neque
3051 1299 3117 1350 ad
3139 1311 3251 1358 vos,
3280 1310 3448 1362 neque
3478 1297 3537 1345 ad
3577 1294 3735 1359 junio-

2217 1392 2359 1444 ribus
2385 1405 2477 1443 seu
2506 1389 2895 1442 successoribus
2922 1388 3130 1448 vestris,
3183 1385 3250 1438 de
3312 1385 3420 1450 ipsa
3450 1398 3601 1436 causa
3624 1384 3734 1434 nihil

2216 1482 2447 1546 exigere,
2475 1495 2568 1532 nec
2589 1481 2855 1543 requirere
2885 1490 2985 1527 non
3018 1475 3365 1542 praesumatis,
3398 1476 3495 1525 nisi
3534 1477 3652 1526 dum
3688 1476 3739 1525 ad

2218 1568 2383 1634 ipsam
2434 1566 2699 1619 basilicam
2750 1572 3040 1617 memorata
3098 1564 3218 1616 villa
3272 1564 3608 1630 cognovimus
3642 1579 3741 1615 esse

2219 1644 2491 1718 concessa,
2516 1656 2579 1706 ad
2599 1662 2890 1720 nuncupata
2921 1654 3135 1706 basilica
3162 1652 3396 1719 proﬁciat
3440 1654 3489 1704 in
3515 1668 3744 1720 augmen-

2222 1745 2305 1806 tis,
2335 1753 2389 1796 et
2411 1758 2501 1795 vos
2532 1743 2596 1794 de
2628 1741 2871 1808 praesenti
2904 1741 3251 1807 praeceptione
3280 1756 3375 1807 pro
3410 1743 3742 1793 adducendam

586 1873 699 1910 sum
730 1872 893 1923 usque
930 1857 992 1916 ,in
1040 1818 1264 1915 Fabias;
1293 1818 1483 1904 deinde
1508 1868 1596 1916 per
1622 1818 1840 1902 mediam
1872 1849 2117 1902 Iorestetu

2234 1842 2339 1898 post
2360 1846 2452 1884 vos
2472 1833 2745 1897 reciperat,
2772 1843 2823 1882 et
2844 1830 3275 1898 quandocumque
3302 1824 3743 1884 inferendanostra

587 1948 652 2001 de
684 1948 821 2014 ipsas
852 1944 1039 1997 Fanias
1062 1958 1224 2010 usque
1249 1944 1381 1995 viam
1408 1942 1855 2003 Transverisram;
1884 1941 2003 1991 inde
2034 1953 2122 2004 per

585 2039 752 2104 ipsam
781 2035 917 2087 viam
941 2049 1103 2101 usque
1135 2032 1519 2097 SiccooCampo.
1556 2031 1752 2084 Iit-hoc
1774 2038 1945 2081 totum
1976 2037 2029 2079 et
2058 2027 2120 2079 ad

586 2128 865 2195 integrum,
896 2140 1011 2178 cum
1059 2125 1148 2177 Dei
1189 2122 1353 2191 gratia
1399 2130 1453 2175 et
1505 2130 1678 2173 nostra
1727 2128 1938 2171 teneant
1967 2128 2122 2183 atque

591 2215 913 2282 possideant,
943 2228 1059 2266 cuin
1091 2212 1377 2265 emunitate
1403 2210 1661 2269 uomenis,
1695 2218 1743 2260 et
1773 2208 1821 2258 in
1849 2206 1963 2272 ejus
1992 2216 2122 2256 tem-

590 2304 827 2369 poribus,
881 2310 934 2353 ut
981 2301 1174 2365 absque
1217 2299 1373 2350 ullius
1402 2296 1790 2363 impugnatione
1822 2294 2125 2344 l'orestario-

589 2409 727 2456 rum,
774 2392 855 2445 vel
884 2391 1162 2457 cujuslibet
1213 2402 1445 2455 personae
1481 2389 1631 2439 liceat
1667 2387 1830 2459 ipsam
1877 2383 2124 2435 familiam

593 2481 687 2534 Dei
729 2481 907 2547 quieto
955 2480 1138 2531 ordine
1185 2477 1435 2537 residere,
1483 2483 1538 2527 et
1577 2489 1670 2541 pro
1701 2475 1800 2525 vita
1842 2482 2016 2523 nostra
2048 2470 2128 2522 vel

590 2568 874 2621 stabilitate
920 2568 1063 2633 regni
1104 2566 1481 2627 Fraucliorutu,
1508 2563 1593 2615 die
1621 2573 1883 2627 noctuque
1909 2559 2130 2612 Domino

591 2656 851 2709 famulari.
878 2654 956 2727 [Et
999 2662 1057 2709 ut
1088 2655 1199 2705 haec
1227 2653 1503 2718 praeceptio
1534 2661 1708 2705 nostra
1734 2651 1785 2702 in
1813 2648 2133 2701 membranis

592 2747 920 2813 conscripta,
971 2744 1117 2797 ﬁrma
1162 2752 1215 2797 et
1257 2741 1567 2796 inviolabilis
1607 2749 1921 2809 perseveret,
1975 2751 2131 2790 manu

595 2850 772 2893 nostra
824 2840 1003 2891 subter
1048 2852 1163 2891 eam
1211 2836 1539 2889 decrevimus
1582 2833 1866 2885 affirmare.
1916 2832 2130 2898 Signum

596 2927 774 2981 domui
796 2917 1095 2991 Cliilder'ici,
1123 2926 1257 2994 regis
1281 2923 1511 2993 gloriosi.
1542 2922 1759 2991 Signum
1783 2916 2135 2972 limnechildis

600 3017 821 3084 reginae,
861 3017 1073 3083 Signum
1103 3014 1367 3067 Blicbildis
1396 3014 1605 3080 reginas.
1635 3013 1844 3077 Signum
1875 3005 2134 3060 Gunduini

2223 1924 2567 1990 praesentatis,
2602 1923 2713 1988 ipsa
2741 1924 2873 1987 apud
2925 1934 3017 1971 vos
3047 1922 3355 1973 exliibwtis.
3414 1921 3475 1974 Et
3522 1932 3577 1973 ut
3613 1924 3745 1974 citius

2221 2012 2465 2074 credatis,
2500 2026 2681 2063 manus
2711 2021 2900 2062 nostra:
2931 2011 3397 2076 subsct‘iptionibns
3424 2015 3623 2063 subter
3646 2027 3745 2063 eam

2223 2102 2547 2155 decrevimus
2574 2102 2868 2152 adﬁrmare.
2931 2100 3038 2167 Ego
3062 2098 3356 2151 llildericus
3374 2113 3462 2151 rex
3486 2100 3746 2167 subscripsi

2224 2192 2319 2243 sub
2343 2189 2426 2242 die
2468 2189 2514 2255 vj
2546 2188 2753 2241 kalend.
2784 2186 3129 2252 Septembris,
3160 2202 3296 2239 anno
3320 2188 3382 2254 ,xi
3410 2189 3553 2256 regni
3582 2192 3745 2241 nostri.

2228 2280 2280 2331 In
2309 2277 2502 2330 Christi
2545 2262 2755 2329 nomine
2786 2277 3036 2339 Athmon,
3071 2270 3329 2343 peccator
3363 2278 3651 2344 episc0pus,
3675 2293 3747 2329 aur

2230 2370 2421 2422 tentico
2449 2366 2553 2418 vidi
2583 2366 2846 2432 exemplar
2868 2374 2920 2418 et
2948 2366 3254 2431 subscripsi.
3296 2372 3573 2419 Aestercus
3605 2370 3652 2418 iii
3676 2369 3748 2419 Dri

2233 2472 2421 2513 nomen
2444 2455 2606 2508 abbas
2624 2456 2884 2509 autentico
2909 2439 3011 2506 vidi
3029 2456 3298 2520 exemplar
3318 2467 3371 2506 et
3386 2456 3525 2507 subs.
3555 2456 3749 2507 Hadoal-

2230 2546 2325 2600 dus
2351 2547 2402 2599 in
2435 2545 2627 2599 Christi
2650 2559 2839 2597 nomen
2881 2544 3151 2610 presbyter
3173 2544 3439 2596 autentico
3463 2544 3564 2596 vidi
3600 2562 3751 2596 excin-

2234 2639 2344 2703 plar
2390 2646 2443 2690 et
2497 2637 2639 2690 subs.
2696 2636 2923 2687 Doniuus
2959 2634 3288 2698 Haricindus,
3341 2636 3548 2685 humilis
3591 2636 3751 2695 abbas,

2237 2726 2337 2779 vidi
2366 2726 2635 2791 exemplar
2656 2735 2709 2777 et
2729 2725 2874 2776 subs.
2924 2729 3129 2787 Augrus
3157 2724 3424 2776 autentico
3466 2724 3564 2774 vidi
3590 2739 3753 2777 exeni-

2237 2817 2346 2883 plar
2367 2826 2420 2867 et
2440 2815 2587 2869 subs.
2641 2816 2860 2867 Ebertus
2883 2816 3144 2866 autentico
3162 2815 3263 2867 vidi
3289 2817 3554 2882 exemplar
3580 2824 3631 2868 et
3647 2820 3732 2867 sub

2238 2905 2442 2973 scripsi.
2502 2904 2806 2958 Ursinianus
2827 2906 3090 2957 autentico
3136 2903 3237 2956 vidi
3266 2910 3534 2971 exemplar
3580 2917 3629 2957 et
3654 2912 3755 2957 sub.

2237 2998 2438 3064 scripsi.
2496 2996 2738 3060 Ilaldrus,
2765 2998 2815 3049 in
2846 2997 2934 3049 Dei
2963 2997 3172 3049 n0ntine
3202 2996 3385 3063 presb)
3400 3009 3496 3059 ter,
3522 3007 3757 3058 autenticci

602 3106 764 3157 ducis.
790 3104 914 3157 Data
939 3103 1078 3172 quod
1105 3103 1231 3157 fecit
1257 3116 1435 3155 mense
1458 3099 1774 3167 Septembri,
1797 3100 1881 3151 die
1899 3099 1971 3164 η,
1995 3111 2135 3149 anno
2166 3119 2211 3181 Ο
2242 3087 2344 3181 Vidi
2367 3088 2633 3153 exemplar
2652 3097 2703 3138 et
2722 3087 2863 3181 subs:
2896 3086 3174 3139 Gisolenus
3193 3096 3454 3138 autent:co
3485 3088 3581 3142 vidi
3604 3102 3759 3139 excin-

604 3198 688 3265 viij
719 3197 921 3265 imperii
955 3196 1003 3248 ⁸.

1314 3282 1437 3335 VIII.

602 3375 835 3445 Diploma
877 3394 976 3445 quo
1020 3375 1328 3430 Childericas
1378 3372 1637 3445 con/irruat
1675 3369 2142 3445 donunt_r_edt't_rttt_m

670 3438 916 3510 ﬁscaliun't
951 3449 1003 3496 in
1032 3447 1149 3496 vilia
1174 3445 1236 3495 de
1266 3444 1490 3503 Arduno,
1521 3438 1875 3493 Cenomanensi
1906 3439 2142 3489 Ecclesia:

675 3516 912 3568 collatum
935 3517 959 3553 δ
993 3516 1134 3581 (αηη.
1164 3513 1309 3578 671).
2017 3535 2022 3541 -

684 3613 805 3668 ζὶυω
832 3618 884 3662 et
913 3606 1031 3657 villa
1063 3610 1393 3668 nuncupante
1421 3600 1653 3661 Ardnno,
1683 3598 1734 3649 in
1765 3611 1894 3665 pago
1918 3596 2145 3659 Pictavo,

609 3707 678 3757 ab
704 3696 1121 3755 antecessoribus
1161 3706 1339 3757 regum
1364 3699 1635 3757 parentum
1664 3698 1958 3741 nostrorqu
1988 3699 2152 3753 quon-

607 3792 727 3843 dam
761 3799 1028 3853 procerum
1052 3779 1415 3849 praeceptionis
1439 3779 1773 3845 cognovimus
1797 3776 1857 3827 ad
1887 3776 2149 3827 basilicam

530 3864 531 3867 η
615 3857 891 3945 peculiaris
936 3870 1139 3938 patroni
1183 3869 1345 3919 noetri
1392 3866 1566 3916 domui
1622 3864 1851 3918 Gervasii
1893 3864 1943 3915 in
1972 3864 2150 3914 urbem

608 3958 1184 4026 Cenomaiinicam,iubi
1204 3957 1283 4009 vir
1303 3957 1616 4022 apostolicus
1641 3964 1784 4020 pater
1805 3961 1979 4004 noster
2005 3952 2154 4003 dom-

615 4069 715 4109 nus
746 4052 1060 4121 Aiglibertus
1086 4049 1360 4115 episcopus
1382 4059 1498 4097 esse
1514 4045 1847 4110 dignoscitur,
1877 4054 1928 4095 et
1950 4058 2043 4093 nos
2072 4055 2154 4093 re-

613 4144 833 4197 colimus
854 4139 1161 4192 cmunitates
1182 4137 1247 4188 de
1268 4136 1431 4201 ipsam
1455 4134 1626 4186 villam
1653 4134 1714 4185 ad
1731 4135 1897 4200 ipsqu
1918 4148 2153 4191 sanctum

615 4234 787 4285 locum
828 4228 923 4282 visi
974 4228 1161 4279 fuimus
1189 4225 1528 4286 concessisse,
1582 4234 1850 4289 propterea
1878 4238 2157 4293 cognoscat

617 4321 921 4392 magnitudo
949 4334 1039 4374 seu
1071 4318 1264 4371 utilitas
1293 4326 1487 4381 vestra,
1540 4315 1654 4381 quia
1682 4331 1778 4368 nos
1805 4319 2157 4369 concessimus

2248 3176 2356 3242 plar
2376 3186 2426 3228 et
2456 3177 2600 3235 subs.
2655 3168 2964 3239 ,Gomaldus
2991 3175 3151 3226 abbas
3180 3178 3441 3239 autentico
3468 3176 3567 3226 vidi
3606 3189 3761 3227 exem-

2246 3265 2357 3332 plar
2382 3276 2436 3317 et
2461 3264 2606 3317 subs.
2666 3264 2958 3316 Letraunus
3002 3250 3266 3315 autentico
3312 3265 3418 3315 vidi
3449 3264 3699 3330 exemplar
3718 3272 3762 3314 et

2245 3357 2390 3409 subs.
2451 3355 2508 3407 In
2545 3352 2739 3407 Christi
2778 3368 2969 3405 nomen
2998 3353 3325 3421 Gigobardus
3356 3366 3595 3420 peccator
3622 3354 3761 3406 abbas

2248 3446 2511 3499 autentico
2562 3443 2668 3503 vidi
2706 3446 2981 3510 exemplar
3031 3454 3083 3497 et
3123 3446 3443 3511 subscripsi.
3490 3445 3760 3511 Siggolenus

2251 3538 2512 3590 autentico
2561 3537 2665 3588 vidi
2721 3539 2992 3602 exemplar
3046 3544 3098 3587 et
3145 3536 3363 3603 signavi.
3431 3510 3583 3588 δ’δοω
3611 3551 3759 3589 exem-

2254 3626 2535 3692 plariasub
2561 3624 2644 3677 die
2664 3634 2813 3677 sexto
2837 3624 3041 3676 decimo
3067 3622 3275 3676 kalend.
3298 3624 3619 3685 Novembris,
3648 3638 3759 3675 anno

2253 3716 2302 3781 xj
2335 3716 2476 3781 regni
2500 3716 2674 3768 domui
2698 3712 2943 3768 Hilderici
2961 3715 3097 3780 regis
3117 3714 3353 3781 gloriosi,
3374 3713 3758 3768 Cenomanueasi

2252 3807 2478 3857 civitate.

2892 3919 2905 3926 ο
2980 3894 3068 3947 IX.

2256 3986 2489 4053 Diploma
2513 4001 2608 4053 quo
2634 3986 2940 4037 Childericus
2966 3988 3323 4036 immunitatem
3349 3986 3589 4052 integram
3618 4002 3758 4037 corus.

2482 4057 2555 4105 dit
2580 4055 2817 4106 Dervensi
2838 4056 3141 4107 monasterio
3170 4065 3188 4090 ε
3222 4055 3364 4122 (αηη.
3400 4054 3543 4122 673).

2324 4143 2588 4195 Celsitudo
2619 4144 2804 4210 regalis
2848 4134 3139 4196 cieiu'entia:
3178 4136 3532 4211 religiosorum
3565 4145 3758 4195 virorum

2256 4233 2588 4301 petitionibus
2614 4248 2819 4299 semper
2848 4235 3001 4286 debet
3025 4249 3274 4297 annuere,
3325 4236 3544 4286 maxime
3567 4234 3760 4299 gerenti-

2261 4325 2353 4377 bus
2395 4327 2621 4377 studium
2661 4339 2797 4377 curm
2842 4325 3233 4387 ecolesiasticaz,
3284 4326 3525 4391 quatinus
3562 4325 3757 4375 divinum

685 4470 710 4496 ι
738 4456 896 4529 Regni
924 4451 1269 4529 Childericill
1302 4451 1451 4501 initio
1469 4459 1678 4529 sumpto
1720 4450 1787 4500 ab
1833 4464 1970 4502 anno
2013 4449 2131 4515 600,

2242 4467 2280 4511 t.
2310 4458 2397 4521 IV,
2450 4474 2565 4525 pag.
2595 4458 2682 4521 3'5,
2715 4461 2957 4520 expensis
2988 4460 3256 4529 Sansseyi,
3308 4461 3360 4512 in
3406 4461 3612 4529 Martyr.
3645 4460 3754 4511 Gali.

616 4519 835 4577 octavus
880 4524 1031 4585 hujus
1077 4522 1215 4581 regni
1266 4534 1429 4569 annos
1477 4519 1685 4583 iucmpit
1726 4532 1968 4571 currente
1994 4536 2131 4573 anno

616 4594 806 4645 Christi
852 4589 973 4641 6b7.
1017 4588 1199 4640 Subdit
1236 4586 1472 4637 Cnintius
1511 4602 1694 4637 nomen
1742 4586 1837 4635 loci
1868 4604 1876 4635 :
1909 4587 2132 4653 Trajecto

620 4662 845 4727 feliciter,
873 4669 924 4710 et
947 4659 1021 4708 sic
1050 4656 1422 4727 IIetiscIiet_iitts,
1440 4656 1579 4727 quod
1607 4656 1842 4717 congruit
1868 4673 1881 4713 ς
1912 4656 2131 4721 'i‘mjccu

620 4722 756 4780 enim
804 4728 1101 4792 plerumque
1147 4725 1333 4774 mansit
1358 4722 1698 4792 Childericns,
1742 4733 1793 4771 ut
1824 4736 1962 4774 reete
1992 4736 2136 4777 notat

620 4790 868 4857 Cointius,
902 4794 1085 4846 Annal.
1114 4803 1235 4841 lout.
1269 4792 1346 4850 III,
1376 4808 1426 4855 p.
1450 4790 1569 4842 593.
1604 4790 1726 4841 Ηίηο
1756 4792 1913 4856 liquet
1946 4794 2136 4843 lletlias

621 4868 755 4917 clunt
786 4867 912 4914 ultra
942 4876 1130 4912 annum
1170 4859 1273 4911 664
1315 4861 1466 4908 vitam
1517 4860 1838 4923 produxisse,
1872 4862 1949 4909 cui
1979 4877 2135 4927 armo,

621 4948 683 4983 ex
730 4930 1043 4995 conjectura,
1089 4938 1303 4979 mortem
1334 4927 1560 4977 Itenmcli
1588 4928 1936 4989 assignaverat
1965 4929 2141 4981 Mabil-

624 5000 807 5065 Ionius,
830 4994 997 5065 (Acta
1045 4999 1349 5047 Sancuoruin
1374 4996 1599 5065 “ordinis
1628 4994 1820 5065 Saneti
1875 4997 2137 5051 Benedicti

628 5076 751 5117 ιυιη,
792 5063 869 5126 ll,‘
895 5080 1007 5130 pag.
1052 5066 1195 5126 475),
1227 5065 1311 5129 qui
1354 5063 1578 5127 diploma
1609 5063 1673 5114 de
1703 5078 1803 5128 quo
1834 5067 2001 5130 agitur
2033 5082 2133 5118 non

627 5134 845 5193 viderat,
877 5145 930 5185 ut
958 5133 1237 5187 Marteuins
1258 5139 1489 5181 testatur.

696 5202 719 5239 δ
757 5202 933 5261 Nulli'.‘
980 5202 1103 5261 ,aml
1128 5202 1349 5249 sciamus
1369 5201 1639 5263 reperitur,
1664 5202 1757 5251 nisi
1782 5203 1914 5266 apud
1952 5204 2140 5256 Mahil-

626 5272 816 5322 Ionium
863 5273 913 5322 in
939 5266 1067 5319 amis
1094 5284 1447 5332 episcoporum
1486 5267 1972 5334 Genouiauensium,
2007 5275 2142 5323 Aua-

627 5343 775 5397 lecta,
809 5352 921 5405 pag.
943 5336 1135 5395 280,et
1154 5350 1215 5386 ex
1242 5337 1551 5405 lilahillonio,
1580 5337 1711 5401 apud
1731 5338 1943 5389 Collect.
1965 5341 2142 5405 script.

626 5403 1205 5465 rerumFraticic.irtttti,
1260 5414 1297 5455 ι.
1332 5403 1417 5461 ιν,
1468 5420 1579 5468 pag.
1631 5406 1751 5455 (ibi.
1798 5403 2145 5460 Curitttientitii

630 5476 951 5528 instrumenti
984 5475 1251 5527 falsitatem
1283 5476 1498 5538 produnt
1525 5490 1534 5520 :
1566 5475 1615 5524 I"
1643 5476 1775 5537 quod
1805 5477 2112 5541 Aiglihertus
2131 5517 2144 5533 .

628 5549 711 5611 qui
739 5558 857 5598 tunc
892 5544 1296 5598 Cenomanensis
1345 5541 1619 5606 cpiscopus
1655 5540 1887 5611 dicitur,
1918 5558 2015 5594 noli
2049 5548 2145 5597 nisi

632 5610 749 5678 post
776 5623 970 5681 septem
1008 5628 1168 5665 annos
1188 5628 1214 5662 a
1242 5612 1510 5663 Childerici
1542 5616 1707 5681 nini-te
1736 5610 2148 5665 Cenomani-uses

634 5682 819 5735 infulas
840 5679 1051 5746 adipisci
1080 5686 1260 5748 potuit,
1295 5689 1440 5746 prout
1490 5679 1619 5741 apud
1649 5680 1926 5730 (Lointiuni.
1957 5683 2146 5748 Annal.

2053 5736 2080 5801 (

2239 4528 2509 4599 Πῇυοιοιξ.
2533 4568 2546 4589 ,
2584 4529 2950 4599 Bondnnuetti,
2986 4528 3121 4580 Hist.
3153 4532 3313 4591 episc.
3348 4528 3629 4581 Cenoinm.
3660 4544 3752 4593 pag-

2233 4595 2353 4655 540.
2381 4608 2430 4647 et
2450 4595 2777 4653 (lorvaiSerii,
2805 4595 2932 4646 Vim:
2961 4601 3123 4665 episc.
3147 4598 3388 4659 Centum,
3412 4612 3526 4665 pag,
3558 4599 3669 4659 540,
3692 4612 3754 4646 ra-

2238 4665 2485 4725 tionibus,
2514 4664 2932 4723 detttonstratur;
2965 4663 3027 4713 2ο
3063 4663 3475 4727 Subscriptionis
3506 4669 3653 4728 regiae
3673 4670 3754 4713 tor-

2238 4734 2392 4783 ntula:
2452 4731 2557 4799 Ego
2592 4732 2900 4794 llildericus,
2947 4736 3124 4796 prima:
3158 4733 3334 4797 stirpis
3363 4736 3582 4798 regibus,
3636 4732 3755 4800 juxta

2236 4801 2518 4863 Cointium,
2574 4802 2853 4866 incognita.
2935 4802 3154 4854 timeris
3193 4804 3631 4865 supersedemus;
3682 4815 3756 4852 nec

2241 4872 2427 4919 mirum
2448 4883 2575 4921 sane
2601 4870 2859 4919 videbitur
2885 4869 3021 4934 quod
3053 4870 3103 4920 iu
3128 4873 3288 4934 spurii
3318 4873 3638 4922 instrumenti
3660 4870 3756 4920 sub-

2240 4938 2451 4997 sidium,
2479 4938 2702 4991 alterum
2735 4939 2783 4986 in
2822 4939 3007 4987 eadem
3050 4936 3258 4989 ofﬁcina
3287 4937 3588 4991 fabricatum
3630 4936 3760 4989 fuerit

2240 5007 2471 5069 ejusdem
2500 5005 2674 5061 [ιι-ῆιιςη
2696 5006 3122 5057 instrumentum.

2312 5084 2331 5108 ο
2368 5074 2572 5124 Editqu
2599 5092 2622 5119 -|
2645 5072 2945 5133 Caniusato,
2971 5072 3475 5138 Autiqnit.’l‘rlcass.
3500 5075 3585 5126 fol.
3607 5074 3756 5130 79.V'.

2243 5156 2305 5193 ex
2328 5142 2590 5192 chartario
2611 5142 2875 5202 Dervcusi,
2906 5155 3148 5192 recusum
3174 5156 3201 5191 a
3232 5141 3458 5204 Cointio,
3488 5147 3618 5195 Anu.
3641 5140 3757 5199 LIII.

2247 5224 2360 5275 pag.
2394 5210 2516 5267 ϋῦϋ,
2541 5214 2607 5259 ab
2631 5208 2927 5260 auctoribus
2944 5208 3098 5260 Novae
3114 5206 3295 5262 Galliae
3308 5210 3629 5275 Christiana,
3656 5220 3690 5261 t.
3708 5206 3757 5264 Χ.

2202 5298 2205 5301 ί
2245 5281 2397 5329 instr.
2422 5281 2523 5329 eol.
2562 5276 2679 5337 147,
2737 5285 2837 5344 eta
2867 5276 3241 5329 Collertoribas
3272 5283 3578 5344 scriptorum
3617 5290 3759 5329 rerum

2248 5347 2637 5403 Fraucicaruui,
2670 5356 2703 5393 t.
2732 5343 2819 5407 IV,
2848 5358 2967 5411 pag.
2999 5345 3120 5396 (iiii.
3170 5343 3406 5398 Cointius
3432 5350 3531 5400 hoc
3564 5346 3758 5413 dipiotltl

2250 5418 2421 5465 tribuit
2455 5430 2589 5464 anno
2616 5414 2710 5481 liii
2746 5430 2758 5473 ;
2814 5413 3166 5481 .Vlaliillonins,
3222 5419 3357 5465 Ann.
3391 5425 3429 5467 t.
3463 5414 3500 5477 I,
3525 5412 3638 5481 pag.
3660 5412 3759 5469 503.

2250 5499 2383 5533 anno
2414 5482 2543 5533 U72:
2594 5480 2852 5531 infelicius
2897 5477 3218 5534 Collectores
3278 5477 3761 5548 scriptornmurcrll

2252 5550 2616 5601 Francicarutn
2650 5548 2934 5609 .niuoliﬁS;
2969 5550 3393 5604 AuctoresNovte
3408 5550 3761 5605 Galliam

2252 5634 2387 5669 anno
2414 5616 2532 5676 6'15,
2570 5617 2753 5681 quibus
2788 5619 2999 5669 omnino
3021 5617 3361 5684 snﬁ'ragautur
3386 5638 3397 5670 ;
3427 5622 3508 5672 hic
3534 5618 3763 5682 coitum.
