3828 6358
91 487 182 543 ιεεη

772 475 1180 530 ῡιριοΜΑτΑ.
1220 501 1289 515 —
1323 470 1704 527 CHILDEBICI
1747 471 1784 524 ll
1825 473 2178 529 PRECEPT.
2225 475 2494 529 l'lCClJilS.

3023 483 3043 506 ⁸
3084 476 3215 532 19.98

84 588 621 650 cultumexltibentihus
666 587 888 653 benigno
931 587 1118 639 ail‘ectu
1164 585 1476 646 subveniat,
1525 591 1579 635 et
1603 583 1650 641 Δ
1680 587 1980 639 mansiones
2007 587 2324 650 iaciendum.
2357 604 2449 642 nec
2478 592 2754 644 rotatlcum
2779 591 2905 643 infra
2929 591 3108 655 urbes,
3139 595 3221 648 vel

89 701 203 750 ttpelll
227 697 322 733 suae
353 680 657 733 devotionis
686 677 880 748 [tiliam
915 677 1088 742 Dem,
1120 675 1460 746 delensionis]
1490 677 1586 728 im-

83 775 240 842 pendal,
265 777 319 822 ut
371 783 556 822 eorum
610 769 780 821 oratio
823 767 960 834 apud
1015 767 1219 819 Domini
1256 767 1584 819 clementiam

85 866 461 922 uobis'succurat,
495 868 548 912 et
565 873 659 926 pro
689 872 816 923 pace
843 865 897 911 et
921 856 1202 910 stabilitate
1239 855 1386 923 regni
1410 853 1582 907 nostri

77 956 227 1022 iugiter
246 951 569 1003 interveniat.
644 950 970 1015 Quapropter
1008 947 1072 998 ad
1106 946 1340 998 notitiam
1367 955 1584 998 cuncto-

82 1059 164 1095 rum
187 1039 438 1105 pervenire
477 1039 740 1104 iubemus,
793 1037 1041 1102 quoniam
1071 1035 1201 1088 adiit
1246 1035 1580 1088 serenitatem

79 1142 260 1184 nostrain
283 1129 610 1181 venerandus
639 1142 701 1181 ac
741 1128 1023 1194 religiosus
1052 1125 1220 1178 abbas
1253 1125 1575 1188 Bercharius,

81 1221 330 1287 supplicans
372 1227 426 1269 ut
475 1217 893 1270 concederemus
923 1203 996 1268 ἐἰ
1036 1216 1299 1282 quendam
1330 1215 1501 1268 locum
1531 1217 1582 1267 in

77 1310 232 1362 foreste
259 1308 443 1373 Dervo,
474 1316 527 1359 et
554 1309 604 1359 in
631 1306 733 1358 line
775 1305 1150 1368 Wasciacinse,
1184 1308 1233 1358 in
1263 1321 1367 1372 quo
1392 1306 1491 1358 sibi
1521 1306 1582 1358 li-

74 1409 186 1451 ceret
203 1409 490 1449 construere
505 1396 903 1459 monasterium,
925 1407 975 1448 et
1002 1406 1057 1447 ut
1079 1395 1324 1448 daremus
1340 1405 1582 1462 sumplus

76 1500 115 1538 et
140 1488 324 1552 praedia,
365 1501 601 1553 per-qua
628 1484 687 1538 ea
717 1500 838 1554 quas
875 1495 1236 1551 competerent
1263 1487 1582 1540 monasterio

69 1583 130 1628 vel
160 1581 268 1630 locis
291 1580 541 1632 cellarum
590 1579 904 1643 compleret,
945 1590 996 1632 et
1027 1578 1400 1630 monachorum
1439 1593 1581 1632 con-

69 1670 372 1737 gregationem
403 1670 594 1722 ibidem
619 1677 840 1738 aptaret.
871 1669 1073 1723 Placuit
1104 1670 1258 1737 igitur
1278 1671 1583 1726 reverentiae

67 1770 226 1811 nostra
251 1761 434 1812 summi
467 1760 562 1812 viri
612 1761 946 1827 supplicatio,
979 1770 1034 1814 et
1063 1777 1179 1828 quas
1229 1765 1585 1826 postulaverat

67 1851 375 1905 concessimus
399 1853 493 1905 illi.
549 1853 646 1917 Qui
689 1855 1058 1906 monasterium
1090 1866 1394 1908 construens
1419 1871 1576 1924 supra

66 1945 245 1996 niuium
286 1945 494 2012 Vigore,
530 1945 581 1996 in
607 1946 804 1998 honore
837 1946 1106 2000 beatorum
1162 1947 1298 2000 Petri
1338 1957 1392 2002 et
1432 1947 1575 2001 Pauli

61 2037 125 2086 vel
145 2046 432 2088 cancrorum
458 2040 792 2102 Sanctorum,
823 2039 969 2104 petiit
993 2037 1319 2092 altitudinem
1346 2049 1576 2092 nostram

59 2137 116 2185 ut,
147 2141 228 2192 pro
273 2126 344 2179 rei
375 2125 530 2177 totius
587 2126 847 2190 lirmitate,
890 2108 1145 2194 integram
1196 2130 1578 2182 immunitatem

60 2217 175 2265 circa
204 2215 365 2282 ipsum
387 2216 762 2267 monasterium
793 2220 1244 2269 contraderemus.
1293 2216 1395 2269 Nos
1421 2217 1580 2284 igitur

60 2306 228 2359 ea-lesti
256 2305 496 2358 beneﬁcio
542 2307 787 2373 promoti,
840 2318 1099 2358 consensu
1128 2307 1490 2382 episc0porum
1527 2317 1582 2360 et

56 2398 333 2464 optimatum
365 2407 686 2462 nostrorum,
727 2397 969 2464 precibus
995 2396 1121 2448 tanti
1146 2397 1246 2448 viri
1273 2411 1449 2450 aurem
1495 2412 1581 2450 ac-

55 2488 440 2550 commodantes,
483 2489 730 2554 jubetnus
759 2497 816 2540 ut
841 2487 909 2539 de
952 2488 1096 2540 omni
1142 2486 1391 2541 facultate
1421 2488 1582 2560 ipsius

51 2579 348 2638 monasterii,
376 2587 478 2628 tam
501 2577 637 2641 quod
659 2591 759 2644 ego
787 2577 897 2642 ipse
920 2575 1109 2629 ibidem
1137 2577 1394 2646 delegavi,
1427 2559 1579 2645 quam

51 2671 192 2718 etiam
221 2670 349 2733 quod
383 2684 409 2719 a
442 2667 657 2734 reliquis
677 2665 975 2720 citristianis
1005 2667 1300 2720 hominibus
1347 2670 1584 2722 noscitur

45 2772 150 2810 esse
169 2759 533 2820 condonatum,
584 2757 826 2824 quodque
875 2757 940 2809 ad
992 2771 1220 2824 praesens
1273 2757 1322 2809 in
1371 2759 1584 2825 quibus-

49 2849 159 2899 llilifl
184 2849 644 2912 Iocis,territoriis,
689 2859 740 2900 et
782 2862 847 2900 ex
891 2847 1335 2914 ejnsltzereditate
1363 2849 1443 2901 vel
1472 2857 1583 2901 stu-

40 2938 139 2999 dio,
171 2947 270 2989 tam
291 2914 426 2989 ultra
450 2937 696 3004 Ligerim,
727 2937 778 2988 in
803 2936 956 2989 Herla
979 2939 1177 2989 scilicet
1206 2951 1258 2990 et
1280 2938 1582 2989 Sarturiaco

43 3025 390 3093 {timebam
408 3023 700 3094 Saturiaco]
728 3023 1221 3090 velDomnoironte,
1253 3040 1369 3079 cum
1385 3041 1580 3093 appen-

38 3119 175 3169 diciis
197 3119 320 3178 suis.
366 3127 466 3170 et!I
497 3115 672 3169 Diseio
700 3129 819 3168 cum
868 3115 1191 3191 appendiciis
1246 3119 1376 3183 suis,
1427 3131 1580 3183 quam

1688 675 1736 726 in
1766 678 2008 730 tnercztis
2059 681 2494 745 extorquendum,
2542 694 2636 732 nec
2681 679 2809 732 ullas
2860 689 3086 746 paratas,
3135 691 3221 734 aut

1687 766 1946 832 quaslibet
1967 765 2322 821 redibutiones
2342 779 2587 823 exactare
2610 779 2972 836 presumatur,
3031 770 3123 824 sed
3165 770 3216 824 in

1686 859 1825 908 omni
1858 855 2102 909 facultate
2131 857 2290 923 ipsius
2335 860 2670 922 monasterii,"
2704 870 2758 910 ut
2795 859 3067 925 prrfatum
3117 869 3220 925 est,

1687 946 1735 996 in
1767 946 2007 997 omnibus
2033 945 2158 1000 locis
2186 958 2237 998 et
2263 946 2557 1011 territoriis,
2610 949 2699 1000 ubi
2728 948 2920 1015 aliquid
2956 948 3221 1014 possidere

1683 1039 1946 1102 videntur,
1969 1039 2163 1105 absque
2191 1040 2464 1092 interdictu
2487 1039 2738 1108 iudicum,
2770 1040 2982 1093 remotis
3004 1049 3057 1093 et
3085 1053 3222 1093 rese-

1682 1128 1812 1181 catis
1828 1128 2072 1180 omnibus
2093 1127 2427 1196 petitionibus
2450 1128 2515 1181 de
2538 1128 2766 1196 partibus
2789 1129 2921 1190 ﬁsci,
2951 1144 3114 1198 usque
3135 1143 3223 1181 su-

1684 1232 1776 1286 per
1804 1219 1970 1284 ripam
2020 1215 2215 1270 ﬂuviali
2249 1217 2556 1284 Maguentis,
2605 1219 2968 1286 progrediente
2995 1220 3044 1270 in
3089 1219 3224 1272 dire-

1681 1319 1820 1361 ctum
1852 1310 2075 1360 termino
2105 1308 2167 1359 ad
2199 1309 2367 1358 locum
2399 1307 2482 1374 qui
2513 1306 2670 1360 Vallis
2724 1307 2978 1376 profunda
3011 1322 3223 1362 nuncu-

1682 1409 1853 1465 patur;
1882 1397 1980 1450 sub
1999 1397 2298 1450 emunitatis
2322 1399 2528 1448 nomine
2548 1396 2878 1458 inconcusse,
2907 1406 3007 1448 tam
3031 1397 3223 1450 nostris

1679 1491 1832 1554 quam
1860 1486 2044 1540 futuris
2091 1486 2429 1554 temporibus,
2474 1487 2676 1538 valeant
2703 1486 2958 1538 dominari
2988 1485 3068 1538 vel
3100 1500 3222 1552 pos—

1681 1562 1884 1627 sidere:
1916 1589 2021 1639 quo
2050 1574 2138 1626 liat
2167 1583 2222 1626 ut
2248 1584 2298 1625 et
2327 1588 2419 1626 nos
2444 1573 2508 1625 de
2535 1573 2770 1642 prastito
2822 1571 3021 1643 [Chart.
3048 1571 3222 1624 .Derv.

1681 1678 1777 1733 pro
1804 1661 2058 1731 prarSlllO]
2087 1663 2341 1716 beneﬁcio
2394 1662 2456 1714 ad
2507 1661 2799 1716 mercedem
2851 1661 3126 1729 pertineat,
3173 1669 3225 1714 et

1682 1754 1821 1821 ipsos
1852 1768 2032 1806 servos
2063 1753 2150 1806 Dei
2174 1753 2224 1806 in
2253 1753 2363 1820 ipso
2389 1755 2706 1806 monasterio
2748 1752 3095 1805 consistentes
3117 1765 3224 1804 me-

1684 1845 1782 1898 lius
1813 1845 2034 1898 delectet
2052 1858 2142 1911 pro
2170 1845 2445 1897 stabilitate
2468 1843 2608 1911 regni
2641 1843 2799 1895 nostri
2830 1842 3090 1894 adtentius
3121 1841 3223 1893 Do-
3315 1853 3322 1856 ·

1681 1935 1803 1987 mini
1834 1932 2246 1987 misericordiam
2269 1933 2560 2000 deprecari.
2617 1933 2683 1986 Et
2728 1941 2783 1984 ut
2829 1935 2939 1984 tunc
2967 1933 3224 1984 emunitas

1682 2023 1875 2075 tirmior
1901 2022 2173 2085 habeatur,
2195 2031 2248 2074 et
2279 2037 2370 2087 per
2395 2034 2625 2089 tempora
2652 2029 3010 2085 ccaservetur,
3042 2033 3226 2072 manus

1683 2125 1877 2169 nostrae
1898 2129 1958 2168 ac
1989 2115 2216 2168 fidelium
2245 2121 2536 2165 nostrorum
2561 2122 2664 2165 tam
2685 2113 3048 2179 episcoporum
3069 2125 3225 2177 quam

1681 2207 1988 2272 optimatum
2021 2202 2488 2269 subscriptiOnibus
2516 2203 2692 2254 subter
2735 2216 2849 2264 eam
2896 2199 3226 2253 decrevimus

1680 2295 2030 2349 corroborari.
2063 2294 2282 2362 Signum
2315 2293 2339 2329 δ
2375 2293 2518 2344 lteoli
2543 2290 2794 2359 episcopi,
2830 2291 2884 2344 S.
2920 2289 3222 2355 Leodegarii

1681 2385 1933 2453 episcopi,
1963 2385 2018 2438 S.
2038 2383 2261 2436 Altelani
2289 2381 2489 2452 [Chart.
2514 2381 2686 2447 Derv.,
2721 2378 2944 2450 Atelani]
2969 2379 3224 2447 episcopi,

1683 2479 1739 2533 S.
1783 2474 2020 2528 V'ulfaudi
2068 2471 2546 2540 majoris-domus,
2597 2473 2654 2527 S.
2689 2474 2956 2526 Atnalrici.
3022 2473 3145 2524 Data
3178 2471 3227 2522 iv

1683 2582 1848 2620 nonas
1873 2566 2015 2629 Julii,
2049 2579 2134 2618 an.
2161 2564 2213 2632 iij
2239 2565 2381 2631 regni
2409 2566 2522 2631 ejus
2551 2563 2828 2617 Cbildcrici
2857 2562 3012 2628 regis.
3044 2563 3227 2614 Actum

1682 2657 2004 2724 Compendio
2031 2656 2242 2722 palatio,

2422 2765 2490 2818 Χ.

1686 2882 1925 2949 Diploma
1953 2896 2049 2948 quo
2099 2878 2411 2949 Childeriqus
2442 2877 2659 2949 homines
2697 2877 2759 2949 de
2789 2874 3228 2949 Monesensislguim

1752 2945 1798 3002 et
1828 2945 2104 3001 Onm'haim
2128 2950 2280 2998 donat
2314 2946 2544 3008 Valetlio,
2569 2948 2730 2996 abbati
2753 2945 3227 2996 monasterioliCon-

1751 3022 1918 3087 ﬂentis
1949 3020 2022 3086 (id
2065 3017 2501 3087 est_,iutonauerio
2533 3015 2705 3066 Sancti
2734 3013 2960 3080 Gregorii
2986 3014 3037 3063 in
3071 3018 3226 3063 Also-

1755 3085 1843 3156 tia)
1873 3099 1892 3124 ο
1924 3093 2068 3156 (ann.
2101 3085 2246 3151 075).

38 3211 183 3259 o-tiam
211 3210 338 3260 citra
364 3208 586 3275 Ligerim
617 3208 885 3273 possidere
914 3208 1178 3272 videntur,
1201 3223 1293 3259 seu
1318 3211 1457 3276 quod
1487 3209 1579 3262 ibi-
1609 3228 1654 3291 ρ
1752 3205 2096 3266 Childcricus,
2133 3217 2218 3254 rex
2260 3199 2640 3291 Franchorum,
2680 3197 2755 3249 vir
2795 3196 3021 3291 inluSter
3048 3236 3063 3260 ,
3099 3196 3225 3291 Cha-

38 3301 142 3346 :iem
166 3298 336 3348 adhuc
369 3299 572 3348 inanlca
604 3297 651 3346 in
687 3295 776 3347 Dei
801 3296 1011 3347 nomine
1033 3311 1060 3347 a
1082 3296 1380 3350 Christianis
1409 3297 1578 3351 homi-

35 3387 176 3438 nibus
192 3386 337 3454 juste
362 3395 414 3439 et
434 3386 810 3440 rationabiliter
838 3387 988 3439 fuerit
1019 3387 1248 3440 additum
1273 3388 1351 3440 vel
1383 3388 1578 3440 condo—

34 3487 226 3541 natum,
259 3491 358 3542 pro
382 3470 557 3545 quiete
589 3477 750 3543 ipsius
791 3478 936 3544 regni
970 3480 1157 3542 nostri,
1191 3478 1438 3545 integram
1472 3493 1579 3530 em-

31 3565 332 3617 manitatem
368 3580 461 3623 pro
483 3563 768 3616 reverentia
813 3564 974 3630 ipsius
1007 3567 1168 3617 sancti
1219 3566 1582 3620 lociconcedi~

31 3672 161 3719 mus,
190 3667 244 3707 ut
271 3657 448 3708 nullus
470 3655 626 3722 judex
659 3655 895 3722 publicus
923 3657 1155 3724 quolibet
1181 3658 1573 3726 modojudicia-

30 3762 96 3794 ru
127 3747 402 3798 accinctus
427 3754 702 3812 potestate,
751 3745 800 3796 in
831 3753 1004 3798 curtes
1051 3746 1214 3811 ipsius
1258 3749 1579 3814 monasterii,

29 3837 342 3902 ubicumque
373 3835 437 3885 ad
465 3849 695 3901 praesens
732 3849 912 3894 eorum
946 3847 1154 3898 maneat
1193 3838 1454 3902 possessio
1499 3840 1579 3892 vel

24 3925 336 3986 dominatio,
367 3933 457 3976 aut
485 3925 622 3991 quod
650 3927 875 3987 lnantea,
912 3933 967 3976 ut
994 3923 1245 3989 diximus,
1306 3924 1462 3979 fuerit
1491 3930 1580 3981 ad-

25 4016 82 4064 di:
97 4032 180 4066 um
212 4017 295 4068 vel
317 4017 691 4079 condonatum,
719 4030 815 4069 nec
836 4015 898 4068 ad
920 4032 1103 4070 causas
1121 4019 1455 4081 audiendum,
1472 4035 1583 4076 .uec

24 4105 368 4172 tidcjussores
415 4106 725 4170 tollendum,
785 4122 879 4160 nec
933 4107 1079 4161 freda
1106 4109 1438 4176 exigendum,
1487 4126 1584 4165 nec

24 4242 525 4312 mrdemooasterio
545 4241 596 4293 in
621 4240 931 4307 Burgundize
959 4258 1120 4309 regno
1138 4245 1261 4307 sito,
1285 4260 1343 4297 ac
1366 4246 1582 4312 proinde

27 4315 130 4364 ιιι·ιί
165 4312 322 4380 regni
353 4310 637 4380 Chililerici
667 4313 996 4376 computandi
1021 4323 1140 4363 sunt
1162 4315 1226 4363 ab
1249 4310 1434 4380 adepto
1461 4316 1584 4366 Bur-

24 4378 297 4434 zunilireet
313 4378 578 4432 Neustrim
602 4394 778 4446 regno,
806 4382 854 4432 id
877 4393 976 4442 est,
1000 4397 1026 4430 a
1048 4393 1215 4435 morte
1227 4378 1474 4434 Clilotarii
1495 4384 1578 4448 ill,

24 4455 98 4514 pii
133 4452 271 4503 obiit
319 4464 468 4500 anno
495 4448 620 4510 67d,
677 4462 856 4500 ineuse
901 4458 952 4499 ut
980 4450 1182 4502 videtur
1205 4451 1406 4503 Julioin
1443 4452 1581 4502 Loll-

24 4538 158 4581 ςιιρει.
218 4519 428 4588 Annal,
465 4517 649 4588 Franc.
681 4528 717 4568 t.
749 4517 833 4577 lll,
880 4519 1060 4584 ειτι-ἰνι.
1101 4534 1204 4571 rer.
1248 4519 1430 4573 Fianc.
1465 4535 1579 4588 pag.

24 4574 134 4644 δυο,
212 4588 366 4656 Ergo
400 4585 522 4656 Julii
553 4586 636 4636 die
663 4574 844 4656 quarta
873 4574 998 4638 anni
1024 4587 1349 4642 673annum
1381 4591 1414 4641 ὅ
1442 4574 1582 4656 ιὶιεῗιὶ
1616 4574 1665 4630 1)

24 4653 321 4711 ιξιιῡιάοι-ἱοῖ
365 4657 421 4706 in
487 4653 780 4715 Burgundia
829 4658 1059 4723 nondum
1114 4659 1374 4723 expletum
1426 4653 1587 4711 fuisse

24 4727 208 4796 :onjici
239 4733 450 4793 potest.
533 4724 824 4796 ljlditionem
855 4721 1117 4778 Catnusati
1147 4721 1433 4796 sequimur,
1493 4727 1584 4777 ad-

29 4793 133 4850 titis
163 4799 311 4849 inter
341 4807 514 4845 uncus
544 4793 850 4862 lectionibus
878 4808 1004 4861 quas
1026 4810 1087 4846 ex
1114 4795 1429 4847 chartulario
1464 4796 1589 4847 Der-

24 4867 180 4926 rensi,
199 4864 350 4918 Bibl.
368 4877 482 4927 rt-g.
501 4863 669 4914 clarus
689 4862 764 4912 vir
777 4864 838 4913 de
859 4862 1170 4935 Brequigoy,
1189 4881 1245 4918 se
1256 4865 1584 4929 excripsissi-,

24 4937 229 4989 ruerit.

78 5017 103 5042 ο
141 5005 279 5057 Vac.
339 5010 402 5053 el
439 4999 624 5063 Diseia,
655 5013 781 5066 etc.,
809 5003 994 5056 desunt
1039 5003 1174 5069 apud
1227 5001 1489 5058 Camusat.
1539 5014 1588 5058 et

25 5074 182 5126 Αὲιιι.

81 5145 106 5180 δ
133 5143 380 5196 Nomina
400 5139 767 5205 episcoporum
791 5150 842 5193 et
867 5139 1078 5205 majoris
1107 5140 1292 5191 domus
1309 5139 1440 5190 bene
1465 5155 1589 5192 con-

24 5223 256 5274 veniunt,
281 5211 332 5264 si
369 5210 522 5262 lleolt
553 5223 740 5262 nomen
762 5209 1010 5276 excipias,
1033 5210 1121 5274 qui
1147 5209 1373 5261 nondum
1404 5209 1589 5260 inl‘ulas

24 5285 322 5334 {Hiienses
357 5285 639 5331 assecutus
668 5277 853 5330 fuerat.
886 5275 892 5276 ί
920 5275 1158 5330 Cointius
1189 5294 1280 5342 pro
1311 5277 1471 5328 lleolo
1503 5279 1591 5328 Ni-

24 5352 241 5402 rardnnl
279 5347 532 5412 repOnit,
571 5348 651 5400 cui
679 5347 929 5399 successit
955 5347 1168 5399 lleolus.
1249 5347 1439 5398 Cointii
1468 5361 1591 5397 con-

27 5431 278 5472 ectat-am
305 5426 498 5469 tuetur
520 5420 740 5484 scriptor
772 5416 898 5468 Viue
917 5413 1082 5467 sancti
1109 5415 1397 5478 Bercharii,
1430 5416 1591 5475 Adio,

24 5493 150 5558 .pud
185 5487 440 5547 ﬂabill,
472 5484 558 5536 ubi
585 5500 759 5558 supra,
793 5488 878 5558 qui
907 5492 1123 5558 testatur
1144 5485 1371 5558 diploma
1400 5485 1466 5558 de
1493 5501 1594 5558 quo

23 5553 220 5622 ιῄιωω
243 5561 603 5621 impetratum
633 5555 790 5606 fuisse
814 5553 1102 5606 faventibus
1121 5554 1378 5619 episcopis
1398 5554 1596 5605 Leodo-

24 5627 182 5690 ratio,
217 5627 477 5678 Alcinoo
507 5632 556 5673 et
587 5625 824 5675 Nivardo.
887 5623 1019 5676 Nihil
1062 5634 1234 5675 autem
1266 5629 1439 5674 obstat
1465 5638 1595 5687 quo-

24 5691 190 5750 ἐνίους
209 5697 517 5759 maiusque
538 5703 587 5745 et
615 5693 820 5745 Nivardi
841 5704 893 5746 et
930 5692 1076 5746 ΒαοΙὶ
1099 5695 1304 5743 nomina
1328 5693 1463 5743 inter
1486 5696 1598 5743 sub-

24 5766 353 5830 .criptitmes
395 5761 554 5825 hujus
597 5765 892 5828 diplotnatis
923 5763 1117 5814 inserta
1149 5761 1369 5822 fuerint;
1421 5761 1597 5812 Nivar-

24 5843 104 5890 tus
132 5837 365 5889 scilicet
400 5845 523 5883 cum
551 5832 752 5883 adesset
798 5830 1138 5888 conﬁciendae
1178 5832 1390 5889 chartae.
1451 5832 1595 5881 testis

1685 3296 1838 3349 diclto
1860 3296 2010 3356 duce,
2046 3292 2340 3344 Ruudcberto
2371 3289 2619 3360 [Laguil.,
2657 3289 2921 3342 Bonifacio
2951 3290 3100 3351 duce,
3135 3289 3230 3341 Ro-

1680 3387 1915 3447 diberto;
1949 3385 2136 3448 Script.
2163 3382 2280 3433 hist.
2305 3378 2400 3433 Fr.
2419 3420 2435 3445 ,
2464 3378 2724 3439 Chaduce,
2750 3377 3086 3448 Rodeberto],
3137 3393 3228 3430 co-

1681 3479 1828 3531 mite.
1867 3477 1992 3528 lllud
2035 3473 2184 3526 nobis
2230 3472 2294 3524 ad
2336 3470 2612 3548 stabilitate
2659 3474 2800 3540 regni
2853 3472 3014 3524 nostri
3046 3473 3226 3539 procul

1681 3569 1836 3622 dubio
1863 3567 2124 3621 credimus
2140 3555 2420 3631 pertinere,
2448 3564 2492 3616 si
2525 3562 2854 3631 petitionibus
2875 3561 3224 3623 sacerdotum,

1685 3663 1734 3712 in
1776 3674 1880 3727 quo
1919 3656 2112 3710 nostris
2159 3653 2352 3708 fuerint
2375 3654 2589 3707 auribus
2635 3653 2849 3717 prolate,
2882 3653 3223 3721 perducemus

1682 3747 1867 3819 [Sript.
1903 3747 2036 3797 (list.
2071 3743 2284 3810 Frena,
2317 3744 2534 3810 prolata:
2558 3754 2866 3806 annnentes,
2922 3759 3010 3795 eas
3041 3744 3226 3804 perdu-

1682 3835 1879 3906 camus]
1910 3835 1974 3887 ad
2014 3834 2274 3887 (ilicetum.
2337 3833 2458 3886 Ideo
2501 3844 2778 3900 cognoscat
2809 3835 3108 3899 magnitudo
3137 3848 3227 3887 seu

1683 3929 1877 3981 utilitas
1905 3936 2075 3979 vestra
2105 3927 2223 3992 quia
2255 3938 2348 3976 nos
2371 3924 2608 3976 homines
2633 3924 2766 3986 illos,
2795 3924 2878 3991 qtti
2903 3935 3226 3977 conmanunt

1682 4023 1928 4093 [Lamiin
1980 4005 2331 4089 commanenl]
2384 4019 2435 4069 in
2476 4016 2937 4069 Monesensishaim
2975 4013 3228 4088 [Laguil.,

1685 4109 2111 4168 Menseumhaim,
2144 4109 2332 4174 Scripl.
2366 4107 2485 4160 Ret.
2515 4102 2727 4168 Franc.,
2764 4105 3226 4175 Monfenseshaitn]

1684 4242 2006 4309 subscripsit.
2042 4241 2163 4292 Post
2185 4240 2388 4293 Nivardi
2407 4250 2653 4310 mortem,
2670 4253 2937 4295 successor
2955 4246 3066 4310 ejus
3092 4244 3225 4299 Reo-

1686 4318 1763 4366 lus
1802 4326 1988 4364 nomen
2011 4311 2230 4371 addidit,
2282 4309 2688 4362 conﬁrmationis
2735 4327 2908 4365 causa.
2965 4309 3226 4368 Cliartarii

1687 4397 1808 4434 vero
1842 4383 2246 4440 consarcinator,
2292 4394 2408 4430 cum
2459 4380 2602 4430 Reoli
2649 4395 2836 4434 nomen
2877 4384 3225 4448 subscriptum

1685 4452 2136 4511 animadverteret,
2165 4462 2349 4499 nomen
2383 4448 2584 4499 Nivardi
2617 4451 3014 4518 espungendutn
3039 4468 3227 4519 perpe-

1687 4537 1796 4572 ram
1826 4521 2106 4577 arbitratus
2137 4529 2233 4569 est.

1761 4599 1783 4626 ε
1816 4589 2060 4641 Chartam
2119 4589 2250 4638 hanc
2304 4588 2452 4656 primi
2508 4590 2842 4656 vulgaverant
2901 4591 3226 4656 Belltomme,

1694 4660 1826 4712 Hist.
1859 4658 2078 4708 Median.
2113 4665 2334 4708 monast.
2364 4673 2477 4722 pag.
2508 4659 2598 4720 l3,
2642 4657 2838 4725 Lunig,
2887 4660 3066 4724 Spicil.
3092 4665 3224 4716 eccl.

1690 4731 1884 4782 contin‘.
1921 4727 1960 4788 Ι,
1993 4741 2108 4790 pag.
2139 4725 2288 4784 1096,
2322 4737 2374 4776 et
2405 4727 2654 4792 Laguille,
2703 4729 2830 4780 Hist.
2866 4730 3029 4782 Alsat.
3070 4730 3226 4782 instr.

1693 4812 1807 4863 pag.
1842 4796 1893 4855 5,
1927 4796 2014 4847 sed
2040 4804 2302 4858 corrupte,
2352 4796 2556 4846 etiamsi
2587 4812 2646 4847 ex
2676 4798 2909 4862 originali
2943 4801 2991 4850 in
3020 4802 3229 4851 arcltivo

1691 4867 1890 4932 imperii
1917 4873 2121 4915 servato
2147 4863 2503 4929 depromptam
2535 4878 2786 4919 asserant.
2821 4867 3227 4920 Eamdemdein-

1693 4951 1834 5001 ceps,
1864 4948 1929 4984 ex
1965 4933 2241 4985 Mabillonii
2272 4933 2496 4993 schedia,
2544 4937 2676 5002 typis
2704 4937 3076 4988 mandaverunt
3113 4937 3231 4989 Col-

1691 5006 1912 5056 lectores
1937 5002 2252 5073 scriptorum
2285 5015 2454 5073 rerum
2489 5003 2724 5057 Francic.
2759 5015 2795 5055 ι.
2829 5005 2912 5068 IV,
2965 5020 3080 5073 pag.
3105 5006 3230 5059 65:2.

1695 5075 1836 5126 Illam
1867 5073 2146 5124 novissime
2173 5071 2540 5138 Scltmpllinus,
2590 5075 2752 5131 Alsat.
2775 5074 2900 5140 dipl.
2937 5071 3052 5140 pag;
3083 5073 3138 5137 6,
3170 5090 3236 5127 ex

1693 5143 1914 5195 abbatis:
1952 5139 2282 5206 Gregorianzn
2330 5145 2655 5208 autographo
2701 5143 2896 5207 recudi,
2953 5139 3058 5195 inio
3087 5153 3234 5194 anto-

1692 5214 1943 5278 grapbum
1973 5211 2140 5276 ipsum
2195 5212 2580 5278 eliaracteribus
2602 5215 2690 5264 aeri
2739 5212 3128 5264 accuratissime
3156 5212 3231 5263 in-

1693 5277 1814 5334 cisis
1848 5277 2209 5345 repraesentari
2236 5281 2456 5340 curavit,
2492 5290 2636 5332 tanto
2661 5281 2843 5346 majori
2874 5282 3066 5341 studio,
3095 5280 3233 5343 quod

1697 5351 1793 5400 hoc
1826 5350 2229 5400 instrumentum
2273 5350 2622 5400 authenticum
2679 5352 2907 5402 omnium
2939 5364 3054 5415 quae
3087 5347 3235 5400 Alsa-

1697 5419 1764 5470 tia
1814 5417 2041 5482 possidet
2079 5415 2489 5480 attliqttissiumm
2519 5421 2605 5483 sit,
2639 5421 2879 5485 ideoque,
2923 5419 3021 5469 loc.
3058 5417 3148 5469 cit.
3179 5426 3235 5470 et

1697 5489 1858 5538 Alsat.
1894 5489 2048 5538 illust.
2077 5495 2199 5536 tom.
2237 5485 2272 5545 I,
2300 5498 2418 5551 pag.
2454 5485 2555 5538 754
2569 5497 2620 5538 et
2645 5488 2766 5549 785,
2793 5487 2926 5538 notis
2955 5487 3232 5538 illustravit

1696 5557 1758 5606 ad
1791 5572 1917 5621 quas
1973 5555 2351 5608 remandatnus.
2411 5553 2511 5604 Viri
2569 5557 2903 5608 eruditissimi
2958 5557 3230 5610 lectionem

1696 5641 1979 5690 sequimur,
2005 5623 2304 5675 lectionibus
2321 5623 2434 5673 aliis
2449 5628 2662 5688 alicujus
2687 5627 2950 5685 momenti,
2967 5640 3079 5684 qum
3097 5628 3230 5688 apud

1698 5695 1926 5762 Laguille
1967 5706 2017 5747 et
2045 5692 2360 5743 (iollectores
2395 5703 2701 5758 scriptorum
2755 5711 2923 5746 rerum
2958 5693 3227 5745 Francica.

1697 5781 1808 5817 τη...
1842 5767 2185 5829 reperiuntur,
2212 5762 2343 5811 inter
2376 5777 2532 5813 unco;
2567 5765 2770 5814 notatis.
