3828 6372
519 493 541 544 Ι
556 490 660 545 5Οό

1565 487 1804 543 FRANC.
1846 487 2004 542 REG.
2044 486 2108 542 iV
2144 485 2377 541 PRIMAE
2416 486 2692 542 STIRPIS.

3578 490 3682 544 tan

517 604 733 656 balneas
774 600 872 672 [Μ.
901 600 990 663 Β..
1028 602 1136 665 ipsa
1177 600 1386 668 halneal
1421 600 1746 668 pertinente,
1787 615 1907 667 quae
1936 599 2078 652 venit
2106 605 2152 660 Α
2180 606 2379 650 sanctae
2435 598 2527 650 Dei
2575 598 2847 665 genitricis
2894 564 2961 653 ab
3008 589 3201 653 lrﬁiina
3249 598 3353 653 lilia
3388 611 3549 654 nostra
3584 618 3685 657 eon-

516 694 616 765 [Μ.
648 692 738 756 Β..
771 696 969 761 veniet]
995 691 1062 745 de
1089 691 1295 745 duobus
1324 690 1423 764 [Η.
1454 691 1543 757 Β.,
1577 690 1853 761 ambobus]
1900 690 2080 744 lateri-

520 783 616 834 bus
659 794 823 846 usque
868 780 916 831 in
962 777 1181 834 ﬂuvium
1218 779 1394 845 Murga
1426 777 1525 851 [ΙΙ.
1559 778 1649 846 B.,
1678 780 1899 846 Merga),
1933 789 1988 832 et
2013 779 2080 833 de

522 883 622 921 una
657 869 827 921 l'ronte
842 870 907 921 ad
941 881 1146 939 partem
1186 870 1564 924 occidentalem
1590 879 1729 923 rasta
1756 886 1854 921 una
1874 910 1890 935 ,
1933 881 1987 922 et
2017 871 2080 923 de

520 960 619 1012 alia
646 960 816 1015 fronte
834 962 899 1011 ad
934 960 1473 1028 parientorientaletn
1502 962 1677 1015 leucas
1703 959 1803 1032 [Μ.
1831 960 1917 1025 B.,
1950 962 2082 1015 letti-

523 1046 655 1119 nias]
682 1064 795 1112 sex,
846 1065 978 1117 quas
1025 1050 1126 1122 [Μ.
1174 1049 1266 1114 B.,
1305 1050 1467 1122 quod]
1516 1050 1756 1105 homines
1798 1052 1897 1105 loci
1930 1052 2081 1106 istius

521 1138 620 1208 [Μ.
652 1137 739 1206 B.,
772 1140 914 1195 illius
958 1141 1081 1211 siti]
1125 1143 1305 1196 dicunt
1340 1153 1507 1197 rastas
1550 1152 1659 1198 tres
1687 1158 1805 1197 esse
1854 1142 1958 1216 [tl].
1992 1144 2080 1212 B.,

520 1233 656 1282 deest
706 1229 885 1299 esse].
948 1231 1233 1297 Propterea
1296 1233 1395 1287 hoc
1452 1244 1771 1302 praeceptum
1827 1238 2084 1289 cessionis

524 1319 635 1372 fieri
664 1321 943 1386 jussitnus,
974 1333 1027 1374 ut
1072 1321 1171 1394 [Μ.
1205 1321 1270 1376 Β.
1305 1324 1430 1376 add.
1465 1323 1550 1395 ab]
1584 1326 1678 1377 hac
1706 1327 1792 1378 die
1824 1340 2085 1377 memora-

524 1418 606 1462 tus
628 1410 910 1465 Ratl'tedus
932 1414 1115 1478 abbas,
1150 1404 1439 1480 velpatres
1465 1416 1578 1487 [M.
1610 1416 1699 1479 Β..
1736 1414 1892 1487 pars]
1924 1418 2086 1484 ipsius

524 1503 828 1555 monasterii
866 1503 1381 1571 Weissenburgensis
1402 1503 1501 1574 [Μ.
1531 1504 1616 1566 Β.,
1638 1504 2082 1576 Weissemhurgj,

521 1596 711 1660 suique
760 1610 1129 1659 successores,
1194 1598 1275 1649 vel
1326 1596 1571 1651 monachi
1615 1596 1806 1649 ibidem
1851 1612 2087 1651 commo-

521 1696 699 1739 rantes
731 1684 830 1756 [Μ.
867 1684 955 1749 Β.,
990 1686 1410 1763 commauentes]
1431 1730 1442 1751 ,
1474 1689 1539 1741 de
1571 1688 1944 1755 suprascriptis
1976 1690 2088 1743 bal-

518 1776 634 1828 neis
686 1792 816 1843 quas
844 1779 1025 1830 dicunt
1051 1794 1214 1846 aquas
1239 1780 1437 1834 calidas
1467 1779 1565 1851 [Μ.
1594 1779 1681 1838 Β..
1710 1796 1861 1846 aqua!
1878 1781 2087 1851 calidae]

520 1864 601 1917 vel
632 1867 841 1919 marcha
875 1866 939 1926 ad
972 1868 1111 1929 ipsas
1144 1868 1357 1920 balneas
1388 1867 1488 1937 [Μ.
1516 1866 1604 1933 B.,
1634 1872 1799 1933 ipsam
1824 1868 2086 1940 halneam]

2179 695 2401 749 structo,
2445 698 2500 739 et
2544 689 3026 742 sanctimonialium
3054 690 3439 743 coadunatione
3459 692 3685 757 decorata,

2180 792 2244 830 ex
2278 776 2436 829 rebus
2481 778 2819 843 proprietatis
2861 790 3051 831 nostra
3101 783 3150 832 in
3196 795 3330 848 pago
3364 781 3624 846 Murleuse,
3650 786 3691 836 in

2182 866 2349 919 Marca
2376 868 2631 931 Burense,
2660 868 2755 919 has
2778 869 2932 921 villas
2961 870 3222 929 Marhem,
3256 869 3510 934 Coi-nilne,
3541 874 3691 926 Balde-

2182 957 2371 1023 bruno,
2402 958 2812 1022 llildenesheim,
2845 960 3159 1023 Walebeim,
3192 963 3374 1031 Speia,
3402 962 3692 1032 Brunnecbe,

2181 1062 2300 1101 cum
2334 1052 2488 1103 terris
2516 1050 2671 1104 cultis
2697 1060 2751 1102 et
2782 1052 3008 1113 incultis,
3033 1053 3221 1111 vineis.
3261 1057 3578 1120 molendinis,
3602 1072 3691 1121 pra-

2186 1140 2270 1203 tis,
2326 1143 2557 1208 pascuis,
2609 1142 2777 1205 silvis,
2828 1144 2973 1209 aquis
3018 1159 3381 1213 aquarumque
3405 1150 3693 1211 decursibus,

2186 1230 2285 1281 viis
2322 1240 2377 1283 et
2422 1231 2615 1295 inviis,
2656 1233 2882 1285 exitibus
2908 1241 2963 1285 et
3006 1235 3356 1300 regressihus,
3386 1248 3438 1288 et
3485 1240 3693 1304 quidquid

2190 1320 2487 1385 habuimus,
2517 1323 2677 1391 legali
2707 1324 2986 1377 autoritate
3016 1325 3435 1378 contradidimus
3466 1346 3478 1380 :
3508 1344 3561 1380 ea
3586 1332 3697 1379 scili-

2186 1423 2269 1464 cet
2300 1411 2605 1465 conditione
2646 1425 2697 1464 ut
2737 1429 2992 1480 pauperes
3022 1414 3217 1469 Christi
3248 1416 3363 1468 inde
3404 1418 3457 1469 in
3485 1414 3697 1482 reliquum

2190 1501 2495 1567 temporalia
2528 1502 2756 1553 subsidia
2791 1502 3076 1566 habiturae,
3120 1513 3332 1555 aeternae
3365 1505 3484 1556 vitae
3510 1506 3697 1555 subsidi:

2189 1575 2340 1645 nobis
2367 1594 2838 1659 supplicationibus
2868 1596 2979 1647 suis
3024 1597 3160 1658 apud
3196 1597 3357 1650 Deum
3385 1601 3578 1665 possint
3597 1615 3698 1663 prie-

2190 1697 2400 1749 parare.
2442 1682 2702 1735 Prunerea
2732 1683 2971 1737 ﬁdelibus
3000 1687 3198 1740 nostris
3220 1726 3235 1750 ,
3268 1696 3369 1740 tam
3402 1690 3699 1755 praesentibus

2190 1788 2346 1841 quam
2380 1775 2588 1837 tuturis,
2619 1785 2797 1828 notum
2830 1776 2941 1829 lieri
2974 1778 3237 1842 volumus,
3268 1779 3487 1846 qualiter
3511 1779 3702 1831 dilectis-

2190 1864 2318 1915 sima
2364 1864 2465 1915 lilia
2516 1874 2694 1917 nostra
2727 1866 2915 1918 lrmiua
2948 1868 3200 1920 allodium
3230 1884 3403 1933 suum,
3445 1868 3573 1934 quod
3602 1867 3703 1920 Lati.

522 1957 817 2022 pertinente
842 1996 857 2018 ,
914 1958 1106 2010 faciant
1156 1958 1292 2025 quod
1344 1957 1446 2026 [Μ.
1478 1955 1545 2008 Β.
1576 1956 1699 2010 add.
1731 1956 1851 2026 ipsi]
1885 1958 2081 2011 malue-
2111 1945 2160 2004 Β
2186 1952 2407 2006 dunensi
2439 1954 2743 2020 episc0patu
2778 1956 2828 2009 in
2864 1958 2943 2009 his
2977 1957 3106 2009 locis
3136 1959 3368 2020 Ludusa,
3398 1956 3701 2020 Aneia,Bal-

519 2046 649 2113 rint,
684 2048 780 2099 hoc
809 2056 911 2109 est,
944 2045 1169 2098 habendi
1194 2085 1210 2109 ,
1246 2047 1487 2108 tenendi,
1519 2048 1733 2118 suisque
1761 2051 2088 2101 successori-

518 2137 618 2191 bus
672 2137 997 2207 relinquendi
1058 2138 1406 2191 lirmissimatu
1466 2139 1691 2193 habeant
1750 2139 1800 2191 in
1840 2138 2086 2191 omnibus

520 2237 858 2297 potestatem.
904 2229 984 2292 Et,
1022 2238 1077 2281 ut
1106 2229 1217 2282 haec
1264 2243 1496 2295 praesens
1542 2230 1833 2283 auctoritas
1882 2230 2084 2310 tlrniior

520 2318 620 2390 [Μ.
655 2317 744 2382 Β.;
777 2317 1024 2388 ﬁrmiter]
1048 2318 1144 2383 sit,
1178 2334 1332 2372 manu
1359 2328 1535 2373 nostra
1569 2320 1648 2374 vel
1674 2320 1874 2374 annulo
1903 2330 2087 2373 nostro

521 2410 703 2463 subter
736 2424 850 2462 eam
900 2410 1233 2463 decrevimus
1277 2411 1533 2462 robor-ari.
1595 2409 1725 2462 Data
1770 2411 1869 2463 sub
1912 2412 2010 2481 die
2033 2411 2083 2479 χ]

520 2499 740 2567 Augusti
780 2509 829 2563 ι,
877 2512 1015 2551 anno
1060 2499 1292 2552 secundo
1336 2502 1483 2569 regni
1530 2501 1720 2555 nostri.
1780 2500 1836 2553 In
1888 2502 2086 2554 Christi

524 2591 740 2645 nomine
767 2588 1096 2655 Dagobertus
1128 2606 1240 2644 rex.

528 2860 765 2930 Diploma
793 2856 1069 2931 Dagoberti
1097 2863 1158 2913 de
1188 2862 1488 2931 fundatione
1520 2860 1810 2913 monasterii
1840 2858 2091 2912 Horrem-

1069 2932 1137 2981 sis
1165 2933 1188 2966 δ
1212 2934 1359 2997 (ann.
1387 2933 1443 2985 67
1458 2928 1535 2997 5).

590 3037 649 3093 In
672 3038 888 3093 nomine
913 3053 1108 3093 sanetae
1124 3050 1175 3093 et
1195 3041 1475 3093 individua:
1499 3040 1794 3095 'l'rinitatis.
1820 3040 2087 3107 Dagober-

522 3139 627 3195 tus,
658 3131 835 3184 divina
870 3132 1263 3198 prteordinaute
1296 3132 1646 3197 providentia,
1682 3147 1794 3184 rex.
1828 3130 1882 3184 Si
1913 3130 2085 3183 eccle-

520 3222 748 3274 siasticis
782 3222 1012 3288 negociis
1043 3230 1095 3273 et
1121 3235 1395 3272 servorum
1428 3222 1826 3297 etaocillaruin
1858 3221 1951 3272 Dei
1981 3220 2086 3273 uti-

522 3313 763 3366 litatibus
808 3329 1032 3383 quaeque
1083 3315 1381 3367 necessaria
1432 3314 1858 3379 providerimus,
1915 3323 1968 3366 et
2022 3314 2087 3366 de

526 3405 722 3481 nostris
751 3404 909 3456 rcbus
932 3404 1149 3472 aliquod
1182 3406 1491 3458 heuelicium
1543 3404 1787 3457 conferre
1825 3403 2088 3456 studueri-

525 3513 681 3563 mus,
726 3498 777 3552 id
816 3500 969 3552 nobis
1018 3500 1080 3549 ad
1134 3500 1439 3568 temporalis
1481 3499 1645 3551 nostri
1676 3498 1823 3567 regni
1868 3505 2085 3561 statum,

525 3598 580 3643 et
609 3591 793 3643 a'terni
821 3592 1224 3654 promerendum
1264 3590 1535 3663 pravmium
1577 3590 1947 3642 incunctanter
1971 3604 2088 3642 ere-

527 3678 701 3731 dimus
730 3677 1087 3744 profuturum.
1128 3680 1429 3745 Comperiat
1452 3692 1579 3744 ergo
1608 3679 1843 3729 omnium
1888 3687 2084 3729 sancta:
2130 3668 2134 3672 λ

527 3768 618 3821 Dei
652 3768 906 3821 Ecclesiae
949 3768 1179 3822 ﬁdelium
1222 3770 1559 3839 praesentium
1604 3779 1658 3822 et
1688 3769 1978 3821 futurorum
2010 3770 2089 3821 in-

528 3861 750 3922 dustria,
782 3860 900 3924 quia
932 3867 1114 3928 rogatu
1148 3859 1353 3915 dilectae
1390 3859 1634 3929 conjugis
1666 3868 1859 3913 nostrae
1890 3861 2089 3925 reginae

528 3948 850 4014 Nanthildis,
885 3950 1206 4003 monasterio
1229 3950 1279 4002 in
1311 3948 1593 4004 Trevcrica
1624 3951 1780 4012 valle,
1808 3950 1861 4003 in
1889 3951 2090 4004 honore

604 4095 629 4122 ι
672 4086 807 4136 Ante
838 4081 949 4134 Kal.
979 4081 1219 4150 Augusti,
1252 4096 1392 4133 anno
1421 4082 1549 4143 674,
1573 4081 1901 4147 Dagobertus
1932 4081 1971 4133 11
2002 4096 2091 4134 so-

529 4154 659 4207 lium
683 4152 1011 4214 conscendit,
1040 4152 1186 4217 juxta
1231 4151 1641 4217 Longuerua-um
1669 4190 1684 4211 ,
1731 4153 1866 4201 Anu.
1897 4151 2084 4204 Franc.

532 4225 595 4274 ad
620 4222 813 4274 calcem
850 4232 887 4275 ι.
922 4220 982 4272 111
1013 4221 1147 4271 (ῖυΙΙ.
1176 4221 1353 4287 script.
1383 4234 1555 4271 rerum
1590 4220 1796 4278 Franc.,
1818 4234 1935 4287 pag.
1962 4220 2087 4275 691,

536 4295 671 4358 Ergo
713 4307 851 4344 anno
893 4289 1015 4352 675,
1062 4289 1149 4343 die
1206 4289 1256 4359 xj
1305 4290 1500 4342 mensis
1542 4291 1755 4357 AuguSIi
1781 4329 1797 4353 ,
1829 4306 2022 4342 annum
2060 4293 2083 4343 1

533 4364 676 4429 regni
708 4364 785 4412 sui
811 4364 1015 4427 agebat.

604 4434 629 4471 b
673 4430 826 4495 Saepe.
860 4432 998 4498 typis
1032 4430 1335 4481 mandatum
1365 4470 1375 4487 ,
1428 4427 1628 4482 scilicet
1667 4428 2087 4498 aBollandistis,

534 4513 569 4554 t.
598 4501 661 4563 Il,
697 4500 861 4565 April.
884 4497 1015 4568 pag.
1045 4499 1112 4559 6;
1142 4514 1169 4549 a
1192 4498 1417 4560 Cointio,
1456 4498 1607 4568 AnnL
1628 4509 1664 4549 t.
1690 4497 1778 4559 ΙΙΙ,
1811 4514 1925 4564 pag.
1951 4498 2088 4562 795;

533 4570 785 4631 Maseuio,
828 4566 982 4621 Aunf
1016 4569 1222 4630 Trevir,
1269 4578 1307 4620 t.
1343 4568 1377 4629 I,
1416 4582 1532 4635 pag.
1580 4566 1718 4629 350;
1766 4567 2086 4633 Houteimio,

2190 2044 2404 2109 hengeis‘
2427 2086 2443 2108 ,
2475 2045 2805 2114 Wartengeis
2828 2086 2841 2108 ,
2897 2062 3016 2100 cum
3055 2048 3302 2101 omnibus
3328 2046 3631 2116 appendiciis
3650 2050 3701 2099 ad

2190 2137 2375 2188 eadem
2409 2137 2523 2189 loca
2552 2137 2691 2203 juste
2717 2148 2769 2190 et
2792 2138 3032 2205 legaliter
3059 2140 3461 2205 pertinentibus,
3490 2152 3519 2189 a
3542 2152 3703 2206 sponso

2188 2242 2286 2279 suo
2318 2226 2619 2281 Ilermanno
2649 2229 2850 2281 scilicet
2888 2231 3081 2283 comite
3121 2232 3173 2282 in
3201 2230 3373 2282 dotem
3404 2229 3549 2297 legali
3580 2228 3707 2279 tradi-

2190 2318 2334 2369 tione
2364 2322 2623 2385 suscepit,
2656 2333 2750 2383 pro
2780 2321 3015 2372 remedio
3044 2320 3394 2385 enimtesuze,
3428 2329 3478 2370 et
3511 2314 3708 2385 praedicti

2188 2411 2367 2477 sponsi
2399 2412 2499 2471 sui,
2533 2412 2596 2460 ad
2628 2410 2763 2463 idem
2804 2410 3181 2463 monasterium
3212 2409 3350 2475 quod
3374 2420 3582 2468 vocatur
3602 2406 3707 2461 Hor-

2190 2515 2341 2554 reum
2371 2539 2385 2562 ,
2433 2516 2550 2551 cuin
2597 2502 2644 2551 xl
2683 2501 2878 2553 mansis
2920 2501 2971 2552 iu
3003 2502 3111 2568 ipsa
3144 2501 3427 2557 Treverica
3455 2507 3579 2559 valle
3604 2509 3708 2565 sitis.

2189 2601 2239 2643 el
2292 2602 2443 2642 extra
2478 2590 2659 2643 urbem
2687 2630 2701 2654 ,
2733 2590 2850 2644 istis
2881 2592 3016 2645 villis
3042 2633 3055 2653 ,
3085 2594 3321 2659 Ornava,
3351 2597 3709 2658 Munllenfeltlt,

2190 2679 2425 2732 Willarci
2453 2680 2840 2744 ,.Roulzuurt,
2893 2681 3305 2748 Wintersdorﬂ',
3360 2686 3597 2753 Ilubera,
3643 2703 3709 2753 per

2192 2778 2430 2821 nostram
2485 2785 2694 2821 manum
2734 2785 2852 2821 cum
2891 2773 3032 2822 omni
3072 2775 3371 2839 integritate
3415 2780 3711 2837 contradialit,

2191 2874 2251 2911 ea
2277 2858 2477 2911 scilicet
2517 2859 2721 2911 ratione
2762 2868 2821 2911 ut
2861 2862 3293 2917 sanctirnoniales
3325 2866 3449 2919 inihi
3488 2869 3587 2920 Deo
3610 2884 3707 2921 SID-

2190 2960 2394 3017 ctzeque
2439 2950 2680 3017 genitrici
2720 2950 2835 3018 ejus
2882 2954 3265 3018 perpetualiter
3316 2956 3628 3019 famulantes,
3674 2964 3711 3010 in

2190 3039 2374 3093 iisdem
2423 3040 2572 3093 bonis
2620 3041 2813 3093 nullius
2863 3053 3138 3109 personae,
3184 3060 3389 3111 magnae
3429 3049 3507 3098 vel
3548 3064 3707 3111 parre,

2192 3133 2501 3186 violentiam
2544 3134 2830 3200 patiantur,
2877 3134 2969 3187 sed
3018 3136 3215 3186 victum
3256 3147 3309 3188 et
3354 3140 3587 3190 vestitum
3617 3142 3711 3191 iuile

2190 3237 2397 3288 semper
2431 3226 2632 3290 alisque
2652 3225 2812 3274 .outni
2844 3224 3206 3288 inquietudine
3230 3241 3618 3296 consequantur.
3660 3231 3707 3280 Et

2193 3324 2249 3365 ut
2272 3313 2382 3367 haec
2418 3327 2649 3379 praisens
2690 3313 2928 3376 traditio,
2961 3323 3066 3367 tam
3097 3330 3190 3369 sua
3217 3334 3370 3383 quam
3399 3332 3594 3383 nostra,
3620 3331 3706 3371 sta~

2191 3404 2432 3457 hiliorem
2465 3405 2514 3456 in
2554 3405 2644 3458 Dei
2687 3406 2899 3457 nomine
2930 3421 3141 3473 semper
3166 3414 3331 3477 possit
3361 3412 3547 3467 habere
3574 3412 3705 3464 ﬁrmi-

2192 3504 2379 3558 tatem,
2418 3504 2736 3561 prteceptum
2772 3496 2871 3546 hoc
2902 3496 3022 3549 inde
3059 3502 3417 3565 cumscriptqu
3446 3516 3587 3551 manu
3612 3516 3704 3566 pro.

2192 3587 2305 3650 pria
2336 3584 2882 3647 subterlirmavimus,
2912 3594 2967 3638 et
2995 3587 3155 3656 sigilli
3200 3591 3363 3642 nostri
3410 3591 3707 3657 iuipresione

2192 3672 2427 3738 insigniri
2455 3675 2731 3737 jussitnus.
2778 3676 2962 3726 Actum
2996 3693 3135 3728 anno
3173 3692 3343 3731 ocuv
3373 3680 3699 3731 incarnatione

2190 3764 2495 3829 dominica»,
2530 3764 2815 3817 indictione
2837 3764 2890 3829 ι,
2924 3781 2992 3818 vu
3016 3765 3133 3820 Kal.
3160 3767 3484 3835 Sepietnbl’.,
3507 3784 3625 3821 anno
3646 3784 3705 3819 re-

2190 3854 2277 3924 gni
2308 3854 2588 3922 Dagoberti
2634 3855 2688 3922 ij.
2742 3855 2973 3909 Treviris
3008 3858 3059 3911 in
3092 3861 3307 3912 nomine
3348 3859 3543 3913 Domini
3578 3858 3703 3911 {eiici-

2192 3957 2288 4001 ter.
2322 3947 2511 4000 Amen.

2193 4097 2325 4136 uxor
2374 4080 2657 4146 Dagoberti
2688 4079 2747 4145 l,
2771 4092 2821 4133 et
2860 4080 3054 4133 dicitur
3085 4081 3135 4133 in
3161 4083 3451 4147 diplomate
3489 4080 3701 4133 materii-

2193 4156 2347 4205 iuinte
2374 4193 2386 4213 ,
2442 4167 2559 4214 qua:
2606 4150 2697 4200 fuit
2740 4150 2844 4202 lilia
2893 4151 3169 4217 Dagoberti
3222 4154 3283 4203 11.
3317 4152 3547 4205 (Zointius
3582 4162 3699 4205 notas

2195 4221 2594 4283 cliroinilogicas
2635 4223 2700 4269 ab
2752 4222 3115 4272 incarnatione
3162 4222 3416 4287 repetitas
3454 4234 3695 4286 expungtt;

2192 4305 2242 4347 et
2269 4305 2460 4343 nomen
2494 4289 2773 4350 Mathil-lis,
2809 4304 2985 4343 uxorzs
3021 4294 3300 4357 llagoberti
3328 4294 3394 4354 ll,
3424 4293 3610 4357 reponit
3630 4302 3700 4353 pro

2192 4362 2407 4415 nomine
2446 4359 2763 4422 Nanthildts,
2803 4364 2988 4411 uxoris
3016 4360 3296 4428 Dagubertt
3346 4364 3385 4414 I.
3429 4364 3514 4413 llis
3540 4364 3699 4424 po-itis,

2192 4435 2321 4483 satis
2352 4432 2573 4492 operose
2627 4428 3108 4499 astruitglrmiuani,
3159 4446 3301 4481 anno
3328 4432 3362 4481 εὶ
3394 4436 3534 4499 regni
3569 4432 3698 4493 llago-

2195 4500 2325 4554 berti
2374 4499 2411 4551 ll
2456 4514 2650 4551 annum
2696 4497 2865 4549 artatis
2900 4498 3163 4550 decimum
3206 4497 3696 4565 quartuni‘agentem,

2195 4572 2391 4622 amisso
2422 4569 2557 4629 inter
2584 4568 2724 4631 ipsas
2757 4568 2964 4631 nuptias
2994 4582 3210 4634 sponso,
3240 4573 3491 4629 velatam.
3517 4570 3697 4635 potuisse

534 4641 666 4691 Hist.
718 4639 918 4690 Trevir.
972 4639 1098 4701 dipl.
1148 4647 1185 4689 t.
1212 4706 1215 4707 ν
1240 4636 1277 4697 1,
1326 4630 1446 4707 pag.
1478 4630 1576 4701 86;
1611 4635 1966 4707 Henschenio,
2014 4630 2088 4691 De
2116 4630 2167 4689 1)
2198 4640 2574 4692 monasterium
2600 4630 2895 4707 llorrceuse
2922 4630 3076 4689 donis
3114 4638 3311 4698 ditare,
3343 4656 3459 4707 qn.c
3491 4630 3697 4707 Dagoliero

534 4711 701 4761 tribus
736 4708 930 4775 llagob.
975 4722 1088 4773 pag.
1126 4706 1260 4766 108-;
1312 4706 1577 4769 Caltneto,
1613 4706 1742 4759 Hist.
1780 4707 1935 4761 Loth.
1974 4716 2009 4758 t.
2042 4709 2085 4774 Ι,

537 4779 686 4843 proh.
722 4792 835 4844 pag.
870 4777 1002 4841 242;
1042 4778 1363 4838 llerlliolclo,
1405 4777 1538 4829 llist.
1567 4776 1921 4841 Luxemhurg.
1956 4788 2082 4829 tom.

534 4849 623 4909 Ill,
659 4862 774 4916 pag.
810 4848 896 4910 7i,
922 4858 1023 4901 etc.
1071 4848 1142 4899 De
1170 4848 1285 4914 ejus
1336 4847 1555 4899 veritate
1584 4860 1768 4910 magna
1805 4848 1938 4916 apud
1967 4862 2089 4900 eru-

532 4914 671 4969 ditos
722 4920 1010 4970 contentio.
1056 4917 1334 4979 Valesms,
1371 4919 1491 4967 lter.
1542 4917 1730 4968 Franc.
1778 4923 1814 4967 t.
1846 4914 1931 4981 Ill,
1965 4932 2084 4984 pag.

540 4989 660 5049 154,
717 4985 1132 5039 commentitium
1184 5000 1304 5038 esse
1346 4984 1577 5052 judical;
1629 4984 1885 5037 Maseuius
1935 4987 2090 5051 hujus

536 5057 891 5108 sinceritatem
926 5058 1047 5107 totis
1074 5056 1271 5107 viribus
1305 5064 1501 5117 tuetur,
1542 5068 1593 5107 et
1627 5055 1901 5122 Dagoberti
1946 5057 2090 5122 sigil-

539 5127 664 5185 lum,
698 5140 800 5189 quo
832 5126 1079 5177 vallatum
1110 5125 1226 5184 fuit.
1260 5127 1350 5177 acri
1383 5124 1604 5176 incisum
1637 5124 1866 5177 exhibet.
1923 5125 2091 5176 liens-

541 5194 759 5255 rhenius
794 5209 885 5259 pro
912 5209 973 5243 eo
997 5195 1296 5259 aliquandiu
1339 5195 1544 5247 fortiter
1576 5204 1926 5261 pugnaverat,
1959 5205 2013 5247 et
2039 5197 2088 5246 in

542 5264 736 5313 sodalis
778 5264 1064 5315 subsidium
1107 5264 1346 5317 adfuerat
1393 5264 1813 5329 Papebrocliius;
1868 5267 1957 5315 sed
2009 5266 2092 5316 hic

540 5332 790 5397 quidquid
820 5333 869 5382 iti
901 5334 1255 5387 delensionetn
1282 5332 1581 5400 diplomatis
1605 5335 1886 5397 scripserat
1911 5344 2088 5401 postea

542 5401 893 5463 retractavit,
924 5419 983 5451 ac
1022 5405 1255 5465 spuriutn
1320 5405 1722 5456 instrumentum
1778 5406 1951 5456 fassus
1988 5414 2087 5457 est.

542 5471 780 5523 Coiiitius
826 5480 1126 5533 eorrttpttim
1164 5474 1372 5539 quidem
1439 5470 1712 5533 agnoscit,
1758 5472 1848 5524 sed
1901 5487 2091 5540 magno

546 5549 755 5604 sumptu
780 5542 1112 5592 emendatum
1146 5559 1237 5607 pro
1270 5541 1500 5601 legitimo
1533 5540 1829 5593 habendum
1860 5544 2088 5594 arbitra-

549 5621 651 5659 tur.
705 5608 839 5660 Falsi
874 5610 1059 5661 indicia
1088 5622 1229 5662 certa
1258 5623 1375 5663 sunt
1405 5629 1415 5661 :
1449 5622 1583 5662 noue
1608 5610 1995 5677 chronologicze
2026 5611 2093 5664 ab

549 5679 910 5731 lncarnatione
967 5681 1172 5744 petitae;
1225 5698 1391 5733 annus
1435 5682 1627 5732 Christi
1677 5682 1801 5745 Mli,
1848 5686 1933 5745 qui
1972 5696 2091 5734 cum

548 5764 683 5797 anno
715 5746 746 5812 ij
775 5750 1209 5818 regni‘Dagoberti
1243 5766 1512 5818 perperam
1544 5751 1801 5817 illigatur,
1847 5753 1957 5803 sive
1994 5760 2091 5803 ιδεμ

549 5817 839 5888 gubertol,
872 5820 981 5872 sive
1010 5817 1250 5875 secundo
1283 5822 1436 5887 hujus
1474 5821 1697 5871 nominis
1726 5821 1830 5886 regi
1863 5822 2093 5888 diploma

556 5886 883 5941 tribuendum
915 5900 1227 5953 censeatur;
1262 5886 1450 5943 nomen
1477 5888 1803 5953 Nanthildis,
1854 5886 1968 5957 qua:
1997 5891 2095 5944 fuit

2195 4719 2277 4761 tus
2306 4718 2456 4776 pater
2503 4706 2619 4776 ejus
2663 4721 2759 4756 suo
2802 4706 3088 4771 diplomate
3115 4709 3400 4761 continuat
3440 4710 3533 4761 hoc
3554 4710 3693 4761 eodem

2190 4793 2355 4842 anno,
2402 4781 2487 4843 qtti
2521 4818 2535 4840 ,
2572 4778 2807 4842 Augusto
2837 4791 3049 4836 mense,
3082 4780 3441 4830 concurrebat
3468 4794 3575 4830 cum
3596 4786 3696 4827 anno

2189 4849 2385 4901 Christi
2428 4848 2552 4901 675.
2607 4846 2682 4897 Ex
2736 4846 2832 4898 hac
2878 4846 3065 4897 Goantii
3111 4850 3561 4914 argumentatione
3594 4846 3693 4896 hunc

2191 4932 2386 4969 annum
2422 4916 2741 4983 prmﬁgimns
2763 4916 3033 4981 diplomati
3065 4917 3203 4982 quod
3234 4918 3595 4981 expendimus.
3619 4914 3694 4966 litt:

2192 4989 2312 5039 ideo
2382 4986 2508 5038 illtid
2562 4984 2808 5051 legitimis
2879 4986 3246 5037 instrumentis
3292 4984 3695 5038 annumemdttm

2192 5056 2594 5123 pronuntiamus
2615 5093 2628 5114 ,
2661 5070 2779 5105 cum
2814 5055 2864 5105 in
2900 5058 3013 5121 ipso
3038 5068 3091 5105 et
3123 5069 3258 5105 nota:
3285 5058 3697 5124 clironoltgiccet

2193 5141 2539 5192 personarum
2574 5124 2783 5176 nomina
2823 5136 3071 5188 corrupta
3101 5137 3484 5191 agnoscantur.
3541 5125 3697 5178 Editur

2192 5210 2311 5247 nem
2358 5196 2573 5247 Maseuii
2611 5194 2907 5257 sequimur,
2941 5193 3028 5259 qui
3064 5195 3299 5260 diploma
3330 5195 3633 5261 deprompsit
3652 5207 3695 5240 et

2192 5266 2407 5317 archivo
2441 5262 2745 5316 llorreensi.
2789 5264 2842 5314 lu
2883 5265 3175 5330 exemplari
3211 5264 3359 5330 quod
3396 5260 3697 5317 I’lenschraia

2191 5336 2257 5386 ab
2301 5335 2515 5401 Egidm
2561 5332 2782 5385 Gelenio
2827 5347 3127 5401 acceperat,
3181 5344 3303 5399 post
3350 5340 3543 5387 mensis
3564 5342 3695 5385 nullm

2196 5398 2498 5469 lugebatur:
2531 5401 2632 5453 Per
2666 5418 2847 5453 manus
2878 5398 3191 5453 Grimoardi
3213 5405 3695 5470 majoris-dumtt-

2193 5476 2309 5539 θέω,
2338 5488 2455 5540 quae
2486 5486 2647 5539 regno
2688 5471 3046 5550 Dago-liertinll
3078 5472 3297 5550 minitare
3323 5476 3697 5550 comminans:

2197 5547 2413 5608 proinde
2442 5556 2743 5606 expungere
2762 5540 2912 5607 jubet
2954 5540 3215 5594 Cointius.
3252 5544 3597 5605 llnbillouils,
3622 5544 3695 5594 Ln-

2198 5615 2301 5666 nal.
2329 5623 2365 5664 t.
2396 5616 2432 5673 l,
2466 5626 2580 5677 pag.
2610 5610 2733 5669 554,
2767 5618 3173 5664 iii~trttntettIUiu
3205 5622 3281 5667 tot
3306 5614 3512 5667 mendis
3536 5620 3698 5677 scatens

2195 5692 2375 5735 censet
2401 5682 2465 5732 atl
2496 5681 2544 5731 id
2568 5690 2767 5730 tantum
2799 5682 2977 5731 VitiCte
2996 5721 3010 5745 ,
3061 5691 3112 5733 ttl
3152 5683 3273 5735 inde
3297 5684 3611 5736 ἱηηθιιιςηιί
3632 5694 3700 5730 ιιι-

2200 5753 2351 5816 tiqua-
2388 5751 2702 5803 Horreeusis
2725 5751 3033 5803 monasterii
3064 5752 3458 5815 possessiones.
3498 5752 3699 5818 Sedth

2196 5821 2324 5872 certi
2348 5830 2594 5874 constare
2622 5828 2790 5885 potest
2821 5824 2885 5869 de
2907 5821 3143 5890 antiquis
3177 5823 3593 5885 possessionibus
3608 5832 3694 5888 qu
3718 5852 3721 5861 ·

2198 5892 2327 5943 adeo
2348 5890 2524 5944 dubiae
2549 5890 2666 5942 lidei
2702 5894 3053 5943 instrumento
3080 5890 3228 5944 lnlt:e
3258 5896 3421 5947 sunt?

2956 6364 3024 6370 νὴ
3088 6364 3116 6368 ἢ
3200 6364 3244 6370 ἡ.
3312 6364 3346 6368 κ-
3414 6363 3568 6372 ——_—
