3840 6242
453 403 582 460 «δη

1445 399 1685 453 FIlANC.
1729 399 1881 453 ΒΕΘ.
1932 397 1993 451 ιν
2037 397 2265 452 PRIMIE
2301 397 2580 453 STIRPIS.

3494 401 3625 458 15η

450 515 800 579 denominati,
848 515 998 566 annis
1049 477 1266 581 singulis
1312 513 1665 580 unusquisque
1706 528 1900 580 eorum
1937 514 1987 566 in
2015 511 2065 570 Δ
2093 526 2217 563 nere
2243 513 2403 577 jussi,
2436 520 2525 565 aut
2560 511 2766 565 iuantea
2809 511 3015 565 Christo
3053 512 3273 581 praistde
3321 509 3503 567 addere
3537 529 3627 580 po-

453 575 797 641 lntninaribtts
836 599 990 636 unam
1029 575 1214 636 libram
1257 598 1392 636 certe
1436 575 1500 634 ad
1543 575 1838 648 supradicta
1881 575 1990 637 loca

2095 590 2272 642 tnero,
2301 583 2421 634 volo
2447 590 2502 634 ut
2531 581 2626 633 hac
2658 596 2718 634 ex
2749 591 2924 633 nostra
2956 579 3307 633 muniﬁcentia
3338 581 3386 632 iu
3417 584 3497 633 Dei
3531 579 3620 635 no-

451 663 746 708 sanctorum
792 654 842 704 in
893 654 1001 716 ipsa
1047 653 1168 703 villa
1214 651 1504 718 Epternaco
1545 647 1874 717 constructa,
1925 653 1989 705 ad
2035 647 2072 692 -³
2095 653 2231 701 mine
2261 651 2491 714 proliciat
2527 651 2899 716 pcrpctnaliter
2936 650 2987 703 in
3027 651 3337 715 augtuentis.
3385 649 3626 706 Similiter

453 724 772 778 nativitatem
817 723 1017 774 Domini
1058 722 1276 773 reddere
1316 730 1367 772 et
1401 720 1684 772 dissolvere
1731 724 1990 774 studeant.

453 792 703 846 Similiter
738 793 877 842 dono
911 791 973 841 ad
1009 790 1114 856 jam
1145 790 1279 841 dicta
1312 791 1423 841 loca
1454 801 1782 851 sanctorum,
1826 791 1993 841 vinea:

451 874 477 903 ι
501 861 807 930 pedeturam
827 873 978 930 unam
1002 863 1050 911 in
1074 869 1250 911 monte
1284 861 1593 930 Viennensi,
1625 875 1740 909 cum
1762 861 1993 930 ivinitore

449 926 658 984 nomine
688 926 966 980 Alithfrido
985 970 998 991 ,
1028 942 1145 980 cum
1177 930 1314 980 otnni
1346 928 1591 994 peculiari
1621 943 1734 979 suo.
1761 929 1855 980 l~ta
1881 943 1994 980 om-

447 1002 564 1062 nia,
594 1008 650 1050 tit
671 998 909 1063 Superius
939 997 1202 1060 intimavi,
1233 998 1295 1048 ad
1332 1009 1614 1049 memorata
1649 999 1758 1048 loca
1787 1008 1995 1048 sancto-

447 1085 594 1126 rum.
636 1082 662 1117 a
702 1068 784 1118 alie
821 1069 1060 1130 prmsenti
1103 1081 1192 1131 per
1221 1077 1529 1131 praesentem
1570 1067 1804 1132 paginam
1835 1077 1995 1118 testa-

449 1135 611 1191 menti
653 1136 811 1187 nostri
857 1135 1107 1186 tradimus
1152 1146 1305 1201 atque
1355 1135 1762 1186 transfundimus
1812 1149 1997 1199 perpe-

447 1208 654 1260 tualiter
691 1207 739 1256 in
781 1204 870 1256 Dei
902 1209 1110 1256 nomine
1147 1205 1539 1269 possidendum.
1581 1204 1702 1255 llaec
1739 1213 1859 1255 sunt
1897 1219 1993 1268 qua

451 1277 571 1328 huic
599 1283 910 1326 testamento
939 1289 1058 1324 meo
1082 1283 1362 1325 annectere
1386 1273 1521 1324 volui
1552 1292 1561 1324 :
1589 1275 1630 1323 si
1659 1288 1776 1340 qnze
1806 1272 1992 1333 litnrte,

451 1347 534 1408 vel
564 1354 885 1394 caraxaturae
909 1342 1215 1404 adjeCtionis
1242 1341 1392 1393 facta:
1423 1351 1570 1402 sunt,
1598 1357 1695 1408 ego
1724 1342 1818 1393 l‘cci
1853 1343 1996 1392 lieri-

445 1405 547 1480 'que
573 1413 702 1481 jussi
723 1452 735 1472 ,
765 1413 886 1463 dum
913 1412 1036 1462 mihi
1061 1426 1175 1462 mea
1199 1412 1387 1475 saapius
1411 1405 1712 1462 recensefur
1733 1410 1991 1461 Voluntas.

446 1486 572 1534 Nam
613 1481 657 1534 si
699 1483 815 1546 quis
853 1489 1036 1532 contra
1078 1481 1176 1531 hoc
1217 1494 1388 1530 meum
1427 1489 1787 1531 testamentum
1820 1481 1996 1531 venire

449 1551 725 1604 lentaverit
769 1560 854 1601 ant
902 1550 1096 1614 aliquid
1140 1550 1432 1613 irrumpere
1475 1549 1728 1609 voluerit,
1774 1548 1840 1599 sit
1869 1554 1996 1599 ana;

450 1623 622 1671 thema
669 1618 970 1671 maranatha
1016 1617 1357 1670 indissolubili
1406 1617 1611 1669 vinculo
1655 1620 1702 1670 in
1742 1627 1993 1668 aeternum

446 1689 755 1749 damnatus,
794 1698 845 1739 et
882 1690 951 1737 sit
990 1688 1129 1754 lepra
1173 1701 1452 1752 percussus
1496 1688 1724 1738 Naaman
1765 1687 1911 1753 Syri;
1944 1698 1996 1737 et

449 1759 660 1822 insuper
688 1757 877 1810 inferat
903 1757 1027 1809 lisco
1052 1757 1161 1807 auri
1187 1757 1370 1806 libram
1402 1771 1578 1816 unam,
1603 1756 1799 1820 argenti
1825 1757 1995 1824 pondo

444 1827 581 1899 duo,
609 1836 660 1878 et
691 1826 1030 1878 nihilominus
1060 1839 1289 1890 praesens
1317 1831 1681 1876 testamentum
1709 1828 1854 1874 tirma
1885 1833 1991 1875 sta-
2027 1843 2072 1899 Β

447 1896 647 1947 bilitale
673 1903 992 1960 permaneat.

519 1964 705 2015 Actum
737 1963 982 2028 Trebcri,
1030 1961 1114 2013 die
1150 1972 1202 2013 et
1259 1976 1420 2024 regno
1461 1963 1840 2028 suprascripta.
1889 1960 1998 2024 Ego

448 2033 677 2099 Huncio,
712 2033 760 2083 in
789 2022 980 2083 Christi
1022 2033 1232 2084 nomine
1265 2022 1567 2098 presbyter,
1603 2022 1819 2094 rogante
1844 2041 1896 2080 et
1917 2022 2000 2096 jn-

450 2102 603 2154 bente
630 2101 838 2152 domina
876 2115 990 2153 mea
1034 2101 1223 2152 Irmina
1262 2101 1556 2164 abbati~sa,
1591 2099 1688 2152 hoc
1720 2109 1997 2151 testamen-

447 2180 557 2223 tum
593 2170 907 2234 perscripsi,
939 2179 994 2222 et
1029 2170 1137 2234 ipsa
1184 2171 1395 2228 subter,
1436 2183 1591 2220 manu
1627 2169 1862 2232 propria,
1900 2184 1996 2219 una

446 2256 566 2291 cunt
599 2241 847 2299 testibus,
881 2239 1126 2290 lirmavit.
1158 2239 1266 2304 Ego
1294 2237 1482 2289 lrmina
1507 2240 1605 2289 hoc
1634 2250 1996 2289 testamentum

447 2325 622 2361 meum
679 2310 862 2374 relegi.
922 2308 1138 2358 Itasinus
1189 2308 1485 2374 episcopus.
1545 2309 1651 2373 ligo
1682 2307 1998 2358 Leodwinus

446 2379 744 2444 episcopus.
786 2379 894 2441 Ego
933 2376 1302 2428 Theodiridus.
1347 2375 1732 2428 Gundebertus.
1784 2375 2002 2428 Bertwi-

449 2461 567 2497 nus.
600 2449 932 2500 Adelbertus.
965 2445 1335 2499 Trasibrictus.
1367 2444 1691 2497 Garibertus.
1735 2444 2001 2497 Gazober-

449 2525 550 2568 tus.
585 2516 936 2569 Audobertus.
977 2514 1315 2567 Waltharius.

449 2698 637 2751 Charta
662 2715 762 2766 qua
791 2690 1019 2758 Irmina,
1052 2626 1298 2748 abballilslsa
1328 2695 1692 2767 [Horreenst's]
1754 2693 2002 2767 Epterna-

517 2771 650 2820 censi
676 2765 987 2818 'ntonasterio
1028 2767 1248 2818 concedit
1279 2765 1452 2817 villam
1492 2765 1744 2827 Montem,
1787 2766 1837 2813 in
1873 2779 2002 2828 pago

517 2836 857 2974 ἔζέςὶαεεηεὶ,
886 2846 931 2888 et
960 2838 1087 2887 dona
1119 2837 1260 2900 prius
1289 2839 1473 2888 collata
1503 2834 1766 2900 conﬁrmat
1797 2832 1823 2870 δ
1853 2835 1999 2898 (ann.

519 2995 741 3047 Domino
768 3005 949 3046 sancto
973 3004 1025 3046 et
1053 2996 1101 3045 iu
1132 2995 1342 3048 Christo
1368 2995 1497 3060 patri
1527 2991 1865 3046 Willihrordo
1895 2992 2002 3057 cpi-

414 3103 416 3105 »
449 3079 608 3131 seopo
636 3063 827 3115 lrmina
853 3064 1114 3115 abbatissa
1145 3064 1406 3115 donatrix.
1439 3063 1694 3130 Quidquid
1728 3065 2000 3128 unusquis-

449 3151 549 3198 que
582 3135 737 3183 homo
766 3136 831 3185 de
871 3136 1022 3184 rebus
1063 3133 1171 3183 snis
1200 3135 1420 3200 propriis
1456 3133 1518 3184 ad
1554 3133 1663 3184 loca
1701 3142 1999 3182 sanctorum

450 3213 538 3253 aut
567 3217 839 3253 servorum
868 3202 956 3253 Dei
984 3211 1270 3268 spontanea
1299 3207 1565 3254 voluntate
1586 3202 1776 3268 aliquid
1802 3203 1998 3251 condo-

452 3273 681 3337 naverit,
715 3273 812 3322 hoc
840 3273 937 3324 sibi
969 3273 1136 3322 credit
1174 3272 1432 3324 mercedis
1467 3274 1738 3337 prmmium
1773 3271 2003 3335 recipere

452 3343 500 3392 in
540 3343 730 3394 luttuo.
771 3341 965 3392 Idcirco
1001 3343 1138 3391 dono
1174 3343 1236 3392 ad
1279 3342 1649 3393 monaSteritnn
1686 3350 1918 3391 vostrum
1951 3341 2002 3392 in

452 3412 573 3462 villa
615 3412 906 3475 Epternaco
935 3419 1235 3462 Constructa
1286 3426 1442 3476 super
1482 3409 1641 3462 ﬂuvio
1671 3409 1800 3462 Sura
1822 3451 1835 3470 ,
1865 3410 2003 3475 quod

451 3495 548 3546 ego
576 3495 603 3531 a
638 3497 771 3530 novo
816 3481 879 3530 de
925 3477 1085 3532 fundo
1127 3481 1333 3545 pr0prio
1370 3480 1650 3541 aediﬁcavi,
1691 3481 1771 3531 vel
1809 3479 1875 3530 ad
1919 3478 2006 3530 illa

455 3551 565 3602 loca
603 3549 702 3602 SS.
743 3549 881 3601 l'ctri
922 3559 974 3601 et
1013 3549 1155 3601 Pauli
1204 3549 1558 3613 apostolorum
1606 3559 2006 3613 ceterorumque

453 3630 751 3671 sanctorum
792 3627 1121 3682 constructa,
1163 3619 1516 3683 donatumque
1559 3632 1674 3669 esse
1714 3620 1829 3666 Volo
1865 3632 1892 3666 a
1923 3615 2007 3667 die

452 3689 730 3756 praesenti,
789 3687 886 3738 hoc
938 3697 1045 3750 est,
1104 3699 1561 3753 quanttnnCunque
1616 3687 1666 3737 in
1717 3686 2004 3738 ministeria

457 3760 686 3822 ipsorum
715 3767 1015 3809 sanctorum
1055 3759 1346 3809 condonavi
1370 3797 1382 3817 ,
1419 3761 1496 3807 vel
1540 3758 1589 3807 in
1620 3756 1850 3821 qualibet
1878 3764 2023 3819 praet

452 3827 582 3879 sidia
607 3827 756 3889 dedi,
789 3838 891 3878 tun
917 3843 1076 3889 auro,
1103 3841 1258 3893 quam
1290 3837 1507 3893 argento
1526 3866 1540 3886 ,
1569 3826 1818 3891 gemmis,
1854 3824 2011 3876 vcsti-

457 3899 646 3948 mentis
685 3897 953 3957 altarium,
987 3897 1146 3958 velis,
1174 3897 1422 3958 cortinis,
1467 3895 1706 3947 utensilia
1746 3906 1848 3944 tam
1875 3905 2013 3943 :rrea

457 3981 611 4031 quam
646 3969 811 4018 l'errca
854 3982 945 4017 seu
991 3977 1036 4015 et
1077 3967 1210 4027 ligna
1250 3981 1424 4027 operis
1464 3974 1922 4028 quantumcunque
1961 3965 2009 4012 itt

457 4034 570 4099 ipsa
601 4034 712 4086 loca
744 4046 1080 4098 sanctorum,
1111 4033 1191 4086 vel
1216 4032 1265 4084 in
1300 4034 1550 4100 praedicto
1577 4041 1892 4084 monasterio
1920 4046 2011 4097 po-

529 4171 554 4198 ει
584 4161 777 4216 Locum
813 4163 947 4214 hunc
986 4162 1270 4214 climinavit
1313 4163 1589 4214 Browcrus
1629 4171 1685 4212 ut
1716 4162 1896 4214 vocem
1928 4177 2012 4228 pe-

461 4231 690 4283 deturam
736 4245 1089 4299 expungeret,
1137 4248 1252 4298 qua:
1300 4248 1486 4295 purum
1540 4232 1666 4282 Latii
1711 4246 2009 4284 sermonem

464 4301 677 4352 tit-.uitne
708 4304 872 4362 sapit;
905 4304 1222 4363 pedetiiram,
1253 4315 1343 4352 seu
1377 4301 1544 4366 potius
1580 4300 1903 4365 pedaturam,
1935 4303 2011 4351 iti-

463 4382 618 4434 terprt
641 4370 777 4420 tatur
800 4373 1084 4424 Martenius
1108 4385 1284 4423 aream
1309 4384 1454 4423 certo
1475 4370 1661 4436 pedum
1685 4370 2013 4423 dimensione

459 4439 912 4505 comprehensam.

2093 719 2230 769 dono
2271 722 2418 771 vobis
2463 735 2490 770 a
2532 720 2616 770 die
2659 718 2896 784 praesenti
2940 721 3002 769 ad
3049 719 3217 786 ipsum
3264 721 3625 775 monasterium

2097 795 2325 839 vestrum
2375 789 2762 856 Epteruacense
2810 788 2987 840 villam
3032 790 3182 850 cujus
3224 787 3521 840 voeabulmu
3550 799 3629 843 est

2095 856 2313 920 Montis,
2342 854 2492 908 sitam
2524 859 2572 909 iu
2608 854 2737 924 pago
2763 857 3093 922 Tulpiaceusi
3113 897 3126 917 ,
3155 871 3313 923 quam
3344 858 3407 908 de
3440 859 3626 910 dulcis-

2094 927 2224 976 sima
2246 927 2557 977 consobrina
2582 940 2694 976 mea
2722 926 3102 988 Ertninitrude,
3127 925 3228 977 lilia
3261 924 3458 976 Paulini
3477 967 3489 988 ,
3512 927 3628 976 dato

2096 997 2260 1059 pretio
2280 995 2574 1054 comparavi
2594 1036 2610 1059 ,
2644 996 2741 1045 hoc
2762 1007 2871 1053 est,
2905 1003 3010 1045 tam
3038 995 3308 1052 domibus,
3339 1009 3488 1059 quam
3510 994 3629 1046 aedi-

2099 1064 2257 1123 liciis,
2280 1077 2508 1125 mansrs,
2533 1064 2698 1125 casis,
2727 1065 3026 1123 mancipiis,
3050 1065 3279 1128 campis,
3307 1065 3489 1129 sylvis,
3519 1079 3630 1128 pra-

2097 1132 2192 1194 tis,
2225 1135 2460 1195 pascuis,
2493 1131 2828 1199 adjacentiis,
2860 1133 3007 1196 aquis
3027 1146 3384 1197 aquai-tutique
3411 1134 3630 1185 decttrsi-

2099 1200 2222 1260 bus,
2255 1202 2426 1251 omnia
2449 1216 2511 1252 t-x
2539 1203 2780 1252 omnibus
2821 1203 2882 1251 ad
2925 1202 3177 1262 integrum
3197 1218 3228 1263 ,'
3257 1201 3335 1252 vel
3367 1212 3632 1266 quantum-

2096 1281 2299 1334 Cttnqtte
2325 1272 2373 1319 in
2408 1279 2690 1320 memorata
2723 1270 2841 1321 villa
2883 1271 3070 1321 Montis
3091 1310 3105 1329 ,
3137 1283 3373 1337 tempore
3401 1269 3634 1334 praesenti

2099 1339 2365 1399 possidere
2395 1338 2604 1400 videor,
2635 1353 2726 1389 seu
2757 1349 2809 1390 et
2837 1339 3022 1403 peculii
3049 1340 3348 1402 promiscuo
3374 1349 3635 1404 utrasque

2095 1410 2300 1472 generis
2337 1409 2600 1459 nationum
2643 1408 2822 1468 vobis,
2869 1407 2948 1458 vel
2989 1409 3051 1458 ad
3094 1422 3233 1468 s-t-pe
3270 1411 3427 1457 latum
3461 1423 3632 1458 mona-

2097 1478 2310 1526 sterium
2351 1487 2579 1527 vestrum
2616 1473 3035 1540 Eplernacense,
3078 1491 3104 1526 a
3149 1477 3233 1527 die
3280 1477 3551 1538 przesenti,
3586 1484 3637 1527 ut

2096 1545 2334 1608 superius
2368 1544 2505 1606 dixi,
2545 1544 2607 1593 dt-
2647 1552 2899 1605 poti-state
2940 1560 3053 1594 mea
3098 1547 3146 1596 in
3185 1546 3300 1610 jure
3329 1553 3382 1596 et
3419 1546 3637 1595 domina-

2099 1611 2240 1663 tione
2285 1624 2454 1664 vestra
2499 1613 2762 1679 vestrique
2809 1616 3146 1677 monasterii,
3193 1628 3284 1678 per
3337 1625 3634 1678 pra3so‘nletn

2099 1683 2340 1744 paginam
2372 1683 2665 1733 donationis
2700 1697 2829 1733 mea:
2859 1698 3011 1732 manu
3053 1698 3165 1734 mea
3199 1683 3454 1732 lirmatam
3499 1686 3638 1734 trado

2096 1761 2252 1814 atque
2297 1751 2605 1803 transfundo
2635 1749 3006 1818 perpetualiter
3037 1753 3086 1802 in
3123 1752 3210 1802 Dei
3243 1752 3450 1801 mminc
3478 1751 3640 1814 possi-

2099 1819 2363 1882 dendum;
2390 1836 2451 1872 ea
2482 1823 2716 1879 ratione,
2749 1829 2804 1871 ut
2832 1820 3074 1885 quicquid
3115 1835 3177 1870 ex
3229 1820 3358 1885 hoc,
3407 1830 3503 1869 tam
3552 1832 3640 1870 vos

2101 1905 2254 1952 quant
2286 1889 2471 1940 fratres
2497 1890 2658 1952 ipsius
2683 1891 2978 1939 monasterii
3001 1889 3218 1953 elegatis
3236 1927 3251 1949 ,
3279 1887 3527 1947 faciendi,
3554 1887 3639 1939 ha.

2101 1958 2254 2008 bendi
2280 1997 2292 2016 ,
2325 1957 2562 2018 tenendi,
2592 1957 2942 2008 commutandi
2975 1957 3189 2008 liberam
3215 1966 3269 2007 et
3298 1955 3641 2008 ﬁrmissimam

2102 2027 2150 2075 in
2196 2027 2435 2078 omnibus
2484 2027 2719 2077 habeatis
2768 2035 3107 2092 potestatem,
3147 2035 3201 2076 et
3231 2026 3420 2077 nullius
3446 2040 3506 2077 ex
3549 2026 3641 2076 hoc

2100 2094 2325 2146 calumoi
2346 2114 2410 2146 sui
2440 2094 2632 2146 habere
2661 2095 3063 2160 pertimescatis.
3095 2093 3223 2145 Nam
3255 2096 3298 2144 si
3324 2096 3436 2160 quis
3463 2105 3641 2144 contra

2103 2165 2234 2216 hanc
2262 2176 2458 2216 carlatn
2488 2165 2787 2215 donationis
2806 2205 2820 2228 ,
2849 2180 3001 2230 quain
3029 2179 3127 2231 ego
3154 2173 3436 2228 spontanea
3465 2165 3642 2212 volun-

2101 2241 2205 2284 tate
2257 2235 2365 2284 lieri
2419 2235 2672 2294 decrevi,
2725 2244 2929 2284 tentare
2975 2233 3282 2292 conaverit,
3339 2232 3643 2295 imprimitul

2099 2301 2228 2352 iram
2265 2302 2352 2352 Dei
2383 2302 2753 2367 omnipotentis
2785 2302 3046 2364 incurrat,
3077 2312 3128 2351 et
3166 2302 3353 2352 iul'erat
3384 2302 3504 2350 lisco
3534 2301 3642 2352 auri

2099 2370 2259 2421 libras
2292 2381 2431 2431 tres,
2461 2379 2660 2437 argenti
2693 2371 2864 2434 pondo
2906 2368 3020 2434 viij,
3067 2382 3120 2421 et
3165 2371 3264 2420 hoc
3299 2370 3430 2432 quod
3463 2370 3645 2433 repetit

2102 2440 2399 2491 nullatenus
2430 2441 2598 2492 valeat
2634 2440 2952 2491 evindicare.
3001 2437 3156 2490 Facta
3198 2450 3276 2489 est
3319 2441 3424 2489 lucc
3452 2439 3642 2488 cartula

2102 2509 2397 2561 donationis
2433 2510 2530 2562 sub
2568 2508 2654 2561 die
2693 2507 2800 2561 kal.
2834 2509 3022 2574 julias,
3057 2523 3196 2559 anno
3227 2523 3255 2559 v
3294 2507 3437 2574 regni
3473 2507 3644 2558 dutnni

2105 2582 2267 2630 nostri
2300 2578 2621 2632 ()ltildvberli
2650 2580 2807 2642 regis.

2171 2646 2282 2713 Ego
2314 2649 2531 2708 llunciu,
2580 2649 2627 2696 iu
2685 2647 2771 2697 Dei
2832 2644 3040 2696 nomine
3091 2645 3383 2711 presbyter,
3441 2656 3645 2712 rogante

2101 2724 2151 2768 et
2170 2718 2384 2784 jubente
2417 2717 2604 2766 Irmina
2626 2714 2904 2776 abbatissa,
2941 2713 3074 2766 banc
3089 2715 3342 2765 cartalam
3357 2715 3646 2765 donationis

2104 2786 2408 2851 perscripsi,
2452 2793 2505 2835 et
2549 2786 2655 2848 ipsa
2688 2786 2887 2845 subter,
2939 2799 3093 2834 manu
3127 2785 3357 2847 propria,
3388 2799 3485 2834 una
3530 2799 3641 2834 cum

2106 2856 2342 2914 testibus,
2393 2855 2634 2905 lirtnavit.
2690 2853 2796 2918 Ego
2844 2854 3028 2904 lrmina
3064 2853 3162 2904 hoc
3209 2860 3571 2904 testamentum
3617 2866 3645 2902 a

2104 2939 2187 2975 me
2219 2929 2406 2974 laetum
2463 2925 2639 2988 relegi.
2689 2925 2906 2973 llasinus
2951 2922 3247 2986 episcOptts.
3305 2922 3646 2973 Leodowintts

2103 2993 2398 3059 episcopus.
2461 2991 2774 3043 Waltharius
2824 2993 3093 3042 diaconus.
3149 2992 3430 3040 ltertuinns
3478 2994 3643 3040 diaco-

2106 3078 2224 3113 nus.
2270 3062 2589 3112 Tarobt-rlus
2637 3062 2905 3112 diaconus.
2965 3059 3299 3110 Etlibericttts
3357 3063 3640 3126 presbyter.

2109 3131 2457 3182 Garbenctus.
2488 3129 2903 3181 Transherictus.
2948 3129 3097 3179 IlOsa.
3137 3127 3478 3180 .\odehertus.

2833 3238 2915 3290 IV.

2103 3330 2286 3384 Charta
2340 3347 2440 3398 qua
2502 3327 2695 3381 lrmina
2756 3329 3085 3382 Willibrordo
3145 3333 3380 3395 cpi-copo
3436 3333 3647 3384 concedit

2343 3400 2579 3467 quidquid
2608 3400 2824 3466 possidet
2864 3402 2914 3450 in
2935 3402 3056 3450 villa
3086 3399 3379 3452 Stancltet'ut

2209 3488 2368 3556 (Vide
2416 3488 2721 3553 Palrologia:
2751 3496 2877 3541 tom.
2921 3469 3222 3553 LXXXIX,‘
3253 3492 3355 3542 col.
3405 3488 3547 3552 537.)

2849 3623 2908 3674 v.
3211 3669 3246 3687 χ

2111 3716 2476 3769 Tcstammtum
2518 3715 2688 3768 Ade/ar
2716 3711 2837 3782 ﬁlia:
2881 3711 3147 3781 Dugoberti
3195 3715 3324 3780 regis
3355 3728 3442 3772 pro
3483 3727 3648 3762 morta—

2178 3790 2330 3840 εἰει-ἑο
2380 3787 2671 3837 monialium
2731 3801 2779 3835 tn
2844 3783 3094 3835 Pulatiolo
3159 3783 3222 3832 ob
3292 3786 3400 3847 ipsa
3448 3782 3647 3847 [tardato

2180 3860 2326 3918 (ann.
2369 3856 2490 3916 690,
2524 3855 2546 3905 1
2576 3856 2787 3920 April.).

2421 3947 2508 4004 (Ex
2534 3945 2808 4004 Houthcim,
2835 3944 3037 3990 Hisloria
3065 3941 3409 4001 'I‘revireusis.)

2248 4027 2406 4080 Adela
2436 4028 2483 4079 in
2512 4027 2719 4078 Christo
2747 4026 2966 4076 Domino
2993 4033 3198 4077 sacrata
3227 4025 3510 4080 abbatissa,
3551 4021 3641 4074 Da-

2108 4163 2743 4228 n.11),netpn-le.nere,
2799 4158 2972 4228 abilla
3016 4173 3116 4209 non
3162 4157 3372 4210 dill‘crrc
3414 4159 3643 4214 Adulatn.

2110 4248 2225 4300 qua:
2264 4227 2573 4285 Antla'nense
2605 4227 3181 4300 camobiutninvisisse
3218 4229 3410 4300 dicitur
3454 4230 3502 4278 iu
3549 4229 3646 4300 Vita

2110 4298 2304 4354 sancta!
2349 4301 2622 4351 Gertrudis
2663 4298 2813 4365 (Cap.
2878 4299 2962 4363 Η)
3009 4299 3096 4348 ubi
3151 4315 3168 4344 ι
3209 4298 3348 4347 (ilius
3395 4299 3645 4361 parvulus,

2110 4386 2263 4439 quem
2297 4373 2513 4421 tnnltttln
2542 4367 2760 4418 delicate
2783 4366 3068 4439 diligebat,
3103 4383 3121 4414 ι
3155 4368 3202 4414 in
3225 4366 3389 4439 Δῐιιιιιρξ
3417 4368 3645 4416 snluner-

2112 4435 2222 4502 sus,
2251 4452 2321 4499 et,
2356 4441 2491 4490 lecto
2521 4447 2714 4487 Sancta!
2757 4435 3028 4486 tiertrudis
3058 4436 3348 4497 appositus,
3381 4439 3647 4486 resuscita-

533 4510 553 4544 ι»
581 4501 731 4559 llanc
753 4510 888 4561 eruit
911 4509 1195 4561 Martenius
1225 4525 1285 4559 cx
1320 4510 1581 4560 chartario
1615 4510 2010 4575 Fplcrnaceusi,
2037 4501 2090 4561 D
2116 4501 2420 4563 tusiertur.
2456 4509 2522 4556 I'Za
2553 4509 2712 4569 enim,
2745 4519 2859 4571 quae
2883 4503 2949 4554 ibi
2979 4507 3043 4556 de
3068 4506 3233 4555 Adula
3267 4506 3362 4575 hac
3390 4506 3645 4568 dicunt.:r,

459 4579 692 4642 ampltss.
727 4578 946 4632 Collect.
981 4592 1015 4630 l.
1055 4579 1102 4647 Ι,
1131 4581 1232 4631 col.
1274 4582 1359 4638 ltl;
1397 4583 1596 4629 recudit
1626 4579 2006 4641 |lont|:eiinius,

462 4646 588 4699 llist.
622 4648 824 4700 Trevir.
857 4650 982 4714 tlipl.
1027 4660 1060 4703 l.
1088 4646 1143 4710 l,
1191 4666 1308 4716 pag.
1351 4648 1449 4712 93,
1482 4664 1549 4700 ex
1603 4650 1870 4700 Martenio.
1921 4651 2007 4700 Er-

460 4718 773 4780 mintrudis,
802 4734 954 4783 quam
982 4719 1168 4770 lrmina
1194 4722 1562 4772 Cotisobrinatn
1592 4733 1736 4768 suam
1761 4718 2010 4784 appellat,

462 4786 715 4839 Martenio
745 4791 926 4842 eadem
969 4789 1173 4840 videtur
1203 4805 1318 4854 qute
1349 4789 1710 4840 Ermentrudis‘
1730 4827 1742 4846 ,
1778 4798 2010 4839 matrona

461 4857 698 4916 illustris,
733 4858 880 4925 cujus
910 4867 1279 4910 testamentum
1313 4859 1540 4924 vulgavit
1564 4856 1911 4920 Mabillonius,
1945 4857 2009 4909 ad

461 4929 654 4976 calcem
687 4927 929 4990 Liturgia:
960 4928 1146 4979 liallic.
1191 4927 1320 4978 Villa
1351 4929 1570 4984 montis,
1601 4929 1667 4978 de
1695 4941 1792 4991 qua
1822 4931 2012 4992 agitur,

463 4995 526 5044 ad
557 4997 746 5045 ostium
780 4996 1034 5056 Mosella),
1077 5008 1130 5047 ut
1174 5000 1245 5048 ait
1277 4994 1669 5057 Honthcimius,
1705 4997 1785 5046 ubi
1819 5010 1974 5062 supra
1996 5036 2009 5058 ,

465 5078 585 5133 pag.
611 5063 708 5116 537
731 5104 743 5125 ,
781 5065 828 5113 in
857 5063 1184 5128 Tulpiaccusi
1229 5081 1357 5133 pago
1380 5078 1474 5115 sita
1510 5065 1631 5125 fuit;
1661 5069 1744 5131 qui
1775 5082 1933 5130 pagus
1964 5071 2012 5117 in

469 5132 923 5198 Agrippinensium
977 5137 1161 5186 linibus
1210 5132 1556 5202 quaerendus,
1603 5136 1724 5185 oqu
1773 5135 2014 5200 atuplitu-

464 5203 586 5253 diue
636 5203 887 5254 immensa
929 5203 1183 5266 dill‘usus,
1229 5206 1318 5254 sed
1374 5214 1546 5268 postea
1589 5205 1721 5255 bona
1761 5208 1838 5255 sui
1873 5214 2015 5268 parte

466 5281 756 5323 truncatus.
806 5273 1085 5340 Utriusque
1123 5275 1328 5339 generis
1366 5275 1627 5324 nationem
1673 5274 1908 5337 intelligit
1940 5275 2012 5324 Ir-

469 5345 605 5392 mina
649 5342 898 5395 Gallicam
941 5352 994 5394 et
1036 5345 1389 5394 'l‘eutoniratn.
1426 5341 1495 5392 De
1530 5343 1732 5394 duobus
1761 5344 2015 5408 episcopis

469 5410 867 5465 Trevirensihus
900 5412 1087 5464 llasino
1112 5423 1162 5466 et
1187 5413 1505 5465 Leodowmo
1532 5413 1649 5462 huic
1675 5416 1788 5461 cbai
1807 5423 1866 5462 tte
1895 5415 2017 5464 sub-

468 5480 817 5598 scribentibus
847 5481 1072 5533 diximus
1103 5497 1278 5550 ευριπ,
1311 5483 1444 5535 inter
1477 5491 1653 5533 annot.
1687 5483 1746 5533 ad
1779 5481 2013 5534 chartam

493 5564 693 5598 unum.

493 5564 693 5601 [ιιιιηέιξ.

543 5620 763 5690 ξΑιιεια
807 5620 1073 5689 Dugoberli
1119 5625 1248 5690 regis
1292 5626 1544 5688 quondam
1572 5623 1699 5689 ﬁlia.
1734 5621 2014 5689 Dagohcrti

470 5686 672 5741 scilicet
703 5691 759 5741 ll.
797 5686 906 5744 Alia
938 5708 1051 5745 eam
1103 5686 1257 5744 etiam
1305 5686 1580 5744 Addulaut
1614 5705 1664 5745 et
1709 5686 2013 5745 Adelantem

471 5767 674 5810 vocant.
716 5760 946 5814 Credidit
997 5761 1225 5817 Ecltbart
1279 5762 1424 5832 (Rer.
1476 5761 1711 5815 Fraucic.
1782 5765 1866 5814 lib.
1921 5777 2011 5828 xv,

2114 4588 2408 4647 congruunt
2459 4576 2508 4626 iit
2558 4576 2847 4647 Alingobcrll
2895 4575 3258 4647 rcgis__liliam.
3316 4574 3495 4625 Verba
3535 4576 3647 4624 Vite

2115 4643 2305 4700 saneta:
2347 4645 2620 4698 Gertrudts
2655 4657 2762 4695 tunc
2790 4652 2913 4694 sunt
2942 4661 2953 4692 :
2993 4661 3010 4690 ι
3047 4643 3155 4694 Non
3189 4653 3300 4703 post
3339 4647 3523 4693 mullos
3545 4647 3646 4693 dies

2115 4724 2254 4784 (eum
2294 4718 2462 4782 Begga
2495 4723 2691 4766 sancta:
2716 4712 2987 4784 Gertrudis
3019 4727 3167 4784 soror
3193 4710 3507 4784 Andanense
3535 4725 3643 4784 rte:
3680 4721 3688 4740 ι

2115 4779 2326 4841 nobiqu
2368 4779 2466 4838 sub
2515 4784 2669 4833 linem
2699 4781 2901 4844 septimi
2951 4783 3130 4832 smcnli
3182 4780 3548 4844 ettslrurtisset)
3589 4779 3645 4832 ad

2116 4859 2247 4909 idem
2282 4857 2654 4907 monasterium
2685 4843 2922 4920 quietiam
2977 4852 3216 4916 religiosa
3253 4843 3643 4920 letniitajveoit,

2114 4941 2176 4978 ex
2201 4927 2357 4978 nobili
2391 4939 2584 4990 genere
2609 4918 2745 4982 orta,
2773 4921 2854 4972 cui
2888 4934 3075 4972 nomen
3103 4931 3215 4971 erat
3244 4918 3430 4980 Adula,
3459 4918 3509 4970 in
3535 4933 3645 4990 out-

2117 4997 2265 5047 nibus
2293 4988 2609 5046 lere—ancilla
2639 4991 2852 5053 Christi,
2887 4991 2938 5042 in
2963 4990 3138 5041 habitu
3169 5001 3334 5054 casta,
3367 4993 3416 5040 in
3447 4988 3646 5040 humili-

2117 5077 2220 5118 tate
2245 5067 2504 5132 religiosa,
2549 5064 2600 5114 in
2625 5063 2878 5114 charitale
2910 5075 3010 5112 non
3053 5058 3193 5132 (icta,
3226 5057 3276 5109 iu
3307 5057 3643 5132 eleetnosyuis

2115 5137 2322 5187 senibus
2343 5125 2432 5186 "ac
2480 5132 2795 5200 pauperibus
2827 5132 2986 5200 larga,
3038 5130 3218 5200 egenis
3252 5136 3324 5200 et
3374 5125 3646 5200 peregrinis

2118 5204 2400 5268 hospitalis.
2438 5224 2453 5252 ι
2482 5196 2704 5253 ’νεαιριιη-
2731 5203 2886 5252 etiam
2921 5196 3215 5251 Mahillonio
3243 5197 3454 5262 (Annal.
3486 5196 3642 5268 Bene-

2117 5267 2257 5333 dict.,
2293 5286 2411 5324 tom.
2444 5271 2524 5332 ΙΙ,
2552 5274 2640 5326 lib.
2685 5283 2790 5328 ιιι,
2824 5285 2876 5319 n.
2918 5267 2974 5335 5)
2997 5283 3055 5318 ea
3084 5282 3201 5319 esse
3233 5269 3469 5319 Adolana
3499 5267 3642 5316 abba-

2119 5349 2262 5404 tissa,
2288 5342 2368 5393 cui
2402 5343 2451 5391 in
2479 5340 2630 5405 epist.
2666 5339 2917 5392 Bonifacii
2946 5339 3005 5389 5t
3047 5336 3247 5398 Elleda,
3277 5337 3457 5389 itidem
3493 5336 3643 5405 abba-

2118 5402 2264 5474 tissa,
2300 5402 2566 5476 Anglicani
2609 5411 2878 5473 cujusdatn
2927 5407 3175 5471 cmuohii,
3230 5408 3386 5456 aliam
3431 5402 3644 5457 abbatis-

2116 5499 2248 5541 sam,
2290 5484 2444 5533 etiam
2495 5483 2850 5543 Anglicanam,
2886 5479 3102 5530 Romam
3150 5485 3473 5540 pergentem,
3503 5487 3640 5526 coin-

2116 5553 2345 5612 mendat,
2381 5552 2474 5603 hac
2512 5556 2821 5603 salutatione
2869 5549 3140 5620 praatnissa
3163 5564 3194 5620 :_
3222 5562 3238 5594 t
3273 5543 3644 5620 Datninte'sau-

2115 5632 2215 5675 cla:
2264 5632 2417 5684 atque
2482 5637 2508 5673 a
2572 5623 2676 5672 lico
2732 5614 3017 5670 honorabili
3068 5614 3316 5667 Adolaua:
3357 5614 3641 5684 abbatissa.

2120 5693 2305 5754 Ell‘eld,
2334 5683 2700 5744 ceclesiastica
2743 5687 2953 5740 latnilite
2986 5687 3172 5740 tantula
3199 5683 3536 5750 sempiternae
3564 5693 3642 5732 so-

2115 5764 2321 5828 Spttatis
2350 5763 2570 5814 salutem
2604 5767 2654 5815 iu
2698 5759 2938 5812 Domino.
2972 5773 2994 5807 ι
