3840 6242
490 316 621 373 1319

1529 322 1774 376 ΙείιΑΝο.
1814 321 1970 377 REG.
2012 321 2074 374 IV
2117 316 2347 374 PRIME
2384 315 2687 397 STIRPIS”

3531 314 3651 374 1690

1382 463 2758 675 ἷὲἐῐῦἇιὶἱὶᾞ

1756 740 2165 796 FRANCORUM
2204 742 2403 799 REGIS

654 902 1496 1055 EGCLESIAS’I‘IGIE
1604 906 1742 1054 ΕΤ
1846 905 2482 1061 MllNllSTIllll
2589 913 3474 1070 PRMGEPTWNES.

545 1346 811 1412 Diploma,
838 1345 945 1408 ’quo
994 1344 1324 1398 Theudoricus
1360 1347 1511 1398 donat
1548 1347 1814 1409 Coudedo,
1862 1346 2026 1399 abbati

558 1412 960 1475 Fumone/(ensi,
1022 1415 1239 1467 insulam
1294 1414 1632 1480 Bclcinacam,
1678 1417 1731 1467 in
1784 1416 2027 1483 Sequamv

556 1484 692 1536 alueo
715 1486 857 1553 (ann.
881 1485 1025 1550 675).

560 1595 613 1647 In
660 1595 868 1647 nomine
925 1593 1174 1646 Altissimi
1221 1591 1472 1657 Domini,
1528 1592 1877 1647 Theodoricus
1936 1609 2026 1646 rex

491 1684 828 1737 Francorum.
877 1681 1146 1748 Quicquid
1188 1692 1396 1749 promer
1441 1683 1678 1734 timorem
1720 1680 1920 1734 Domini
1976 1692 2029 1733 et

490 1787 722 1827 amorem
776 1772 962 1839 ipsius,
990 1771 1054 1825 ad
1085 1781 1417 1838 augmentum
1465 1771 1626 1822 divini
1656 1765 1823 1823 cultus
1865 1772 2028 1823 servis

490 1862 684 1916 Christi
711 1876 776 1915 ex
823 1860 1177 1912 habundancia
1208 1860 1347 1926 regia
1375 1860 1638 1925 largimur,
1668 1859 2027 1912 retributorem

488 1950 676 2013 Deum,
701 1963 797 2017 pro
824 1949 971 2016 cujus
991 1949 1279 2002 reverentia
1308 1952 1407 2001 hoc
1431 1950 1653 2015 agimus,
1683 1948 1874 2000 habere
1898 1962 2028 1998 con-

488 2041 718 2095 ﬁdimus.
773 2041 928 2109 Igitur
976 2050 1221 2109 agnoscat
1274 2038 1524 2092 industria
1579 2039 1803 2092 ﬁdelium
1840 2040 2029 2092 Christi

497 2143 715 2196 presens
740 2131 933 2195 pariter
979 2139 1031 2181 et
1072 2127 1263 2193 futura,
1290 2140 1383 2181 nos
1407 2128 1649 2181 divinitus
1694 2129 2027 2195 aHImOIIIIOS,

489 2220 554 2272 ad
578 2220 799 2282 insulam
822 2218 873 2272 in
902 2219 1057 2272 ﬁuvio
1096 2219 1295 2273 Secane
1323 2220 1473 2271 sitam
1504 2220 1896 2281 descendentes,
1919 2222 2031 2271 viro

490 2308 582 2360 Dei
630 2308 826 2362 domno
870 2306 1119 2361 Coodedo
1160 2307 1280 2360 illuc
1303 2308 1367 2360 ab
1395 2322 1456 2360 eo
1476 2307 1732 2360 destinato
1762 2308 1923 2374 ipsam
1956 2308 2035 2358 in-
2087 2314 2091 2317 ‘

486 2398 677 2460 sulam,
707 2410 861 2463 quam
904 2397 1186 2463 antiquitus
1212 2395 1400 2449 Lutum
1428 2397 1628 2449 censuit
1655 2436 1669 2457 ,
1729 2412 1865 2451 nunc
1907 2411 2032 2449 vero

491 2486 518 2523 ι)
550 2484 868 2538 Belcinacam
931 2495 1295 2551 nuncupatam,
1342 2499 1458 2537 cum
1488 2485 1725 2536 omnibus
1772 2484 1927 2538 rebus
1970 2487 2034 2537 ad

495 2573 659 2641 ipsam
692 2576 1091 2640 pertinentibus,
1124 2584 1178 2626 et
1218 2583 1327 2626 toto
1359 2575 1549 2627 alluvio
1592 2589 1693 2640 quo
1720 2590 1833 2628 eam
1864 2577 2041 2629 volue—
2072 2575 2117 2632 Β

494 2666 562 2716 rit
588 2664 764 2731 divina
810 2663 974 2730 pietas
1019 2666 1365 2732 augmentari,
1394 2666 1716 2718 concessisse
1755 2674 1809 2717 et
1845 2667 2038 2716 condo-

493 2770 667 2808 nasse.
700 2755 810 2819 Que
839 2770 955 2807 cum
978 2756 1046 2805 sit
1072 2754 1197 2806 ﬁsco
1228 2755 1487 2806 Arelauno
1516 2756 1703 2817 vicina,
1737 2756 1787 2807 in
1816 2755 1894 2807 sui
1919 2756 2034 2807 lon-

491 2837 841 2912 gitudine’per
883 2844 977 2895 tria
1027 2843 1182 2893 millia
1223 2857 1278 2895 se
1324 2844 1638 2905 extendens,
1691 2851 1739 2895 et
1780 2844 1831 2894 in
1877 2844 2037 2896 latum

497 2932 636 2984 mille
686 2931 978 2997 quingentis
1029 2931 1264 2997 passibus
1317 2932 1647 2995 terminatur,
1684 2945 1833 2999 agros
1863 2940 2035 2984 tamen

494 3021 767 3086 contiguos
810 3028 862 3072 et
913 3029 1054 3084 prata
1098 3034 1125 3067 ιι
1171 3028 1316 3086 parte
1359 3020 1607 3072 Orientali
1646 3033 1697 3073 et
1751 3021 1937 3086 saltus,
1974 3023 2039 3073 ab

500 3108 802 3174 Aquilonari
836 3121 959 3161 vero
987 3121 1147 3172 usque
1173 3110 1235 3160 ad
1268 3110 1393 3159 lines
1421 3108 1774 3161 Glaconissem
1798 3109 2039 3163 similiter

498 3197 872 3253 concessimus.
901 3208 955 3248 ut
991 3208 1092 3246 tam
1124 3197 1296 3258 ipsum
1333 3210 1487 3262 quam
1516 3210 1637 3249 suos
1664 3197 1945 3249 monachos
1973 3198 2040 3250 de

498 3287 813 3339 mooasterio
843 3286 1149 3347 Fontinella,
1185 3299 1275 3349 pro
1297 3286 1443 3339 nobis
1474 3296 1527 3338 et
1561 3287 1709 3353 prole
1738 3296 1935 3349 nostra,
1981 3302 2042 3340 ac

505 3387 632 3439 pace
685 3381 735 3424 et
778 3372 1056 3425 stabilitate
1099 3374 1261 3438 regni,
1317 3388 1378 3425 ac
1415 3374 1704 3425 animarum
1746 3387 2040 3426 nostrarum

501 3459 755 3523 remedio,
784 3460 1092 3512 sacriﬁcium
1120 3462 1493 3527 redemptionis
1523 3474 1698 3515 nostre
1725 3462 1915 3515 offerre
1942 3459 2042 3514 Do-

500 3553 671 3613 mino,
722 3560 775 3604 ct
817 3553 1041 3603 divinam
1104 3551 1511 3605 misericordiam
1575 3554 1765 3621 iugiter
1824 3541 2041 3608 exorare

509 3645 752 3697 delectet.
794 3646 891 3698 Per
921 3647 1057 3699 hunc
1097 3661 1219 3713 ergo
1246 3656 1545 3713 preceptqu
1574 3646 1845 3712 specialius
1864 3648 2046 3699 decer-

506 3737 676 3791 nimus
716 3750 873 3807 atque
901 3740 1138 3805 iubemus
1167 3748 1224 3790 ut
1251 3744 1382 3804 ipse,
1437 3737 1573 3790 sicut
1601 3738 1793 3790 dictum
1818 3750 1915 3804 est,
1948 3740 2044 3791 hoc

496 3826 693 3887 habeat
735 3828 989 3882 indultum
1016 3839 1171 3896 atque
1208 3838 1536 3893 cOncessum,
1567 3828 1637 3881 ita
1668 3839 1725 3882 ut
1749 3840 1799 3882 et
1831 3831 1901 3883 illi
1928 3845 2044 3884 suc-

2057 1239 2108 1298 Α
2134 1253 2369 1296 cessares
2416 1243 2494 1296 sui
2555 1243 2793 1299 monachi
2850 1245 2948 1298 hoc
2989 1245 3211 1300 habeant
3239 1258 3473 1314 teneant,
3511 1261 3652 1320 atque

2130 1330 2395 1397 perpetuis
2424 1335 2744 1400 temporibus
2772 1336 3087 1400 possideant,
3106 1337 3186 1388 vel
3213 1338 3450 1403 quicquid
3479 1339 3653 1395 exinde

2131 1418 2302 1472 facere
2332 1423 2855 1485 voluerint,liberam
2874 1431 2927 1477 et
2958 1426 3312 1479 lirmiSsimam
3338 1428 3386 1479 in
3407 1442 3522 1481 omn
3544 1431 3652 1495 bus,

2116 1511 2338 1590 'Christo
2377 1513 2623 1579 allSpIt'e,
2679 1513 2904 1566 habeant
2958 1524 3286 1583 potestatem.
3331 1518 3425 1577 Et,
3470 1531 3521 1572 ut
3568 1523 3653 1572 hec

2128 1601 2412 1656 auctoritas
2461 1603 2539 1655 vel
2562 1604 2774 1658 donatio
2807 1614 3001 1667 nostra,
3034 1623 3190 1675 quam
3218 1609 3390 1660 divina
3413 1610 3652 1661 illumina-

2133 1692 2292 1753 tione,
2343 1693 2488 1759 plena
2546 1702 2597 1746 et
2647 1694 2846 1763 integra
2878 1697 3042 1764 gratia
3069 1696 3445 1760 COllCL‘ssIllttlS,
3475 1698 3653 1749 firmior

2131 1781 2384 1833 habeatur
2408 1800 2418 1832 ι
2440 1791 2459 1833 t
2479 1785 2739 1850 perpetuis
2766 1790 3085 1852 temporibus
3112 1788 3409 1841 inconvulsa
3442 1799 3651 1855 maneat,

2131 1882 2315 1919 manus
2344 1878 2518 1921 nostre
2566 1871 2968 1936 subscriptione,
3020 1884 3073 1926 et
3099 1876 3239 1927 anuli
3268 1877 3427 1928 nostri
3457 1879 3647 1947 imples-

2131 1961 2274 2011 sione
2302 1960 2559 2026 adsignari
2578 1962 2847 2025 iussimus.

2201 2047 2555 2100 Theodoricus
2580 2063 2667 2101 rex
2690 2051 3019 2118 suhsnipsit.
3044 2062 3065 2090 ο
3089 2054 3239 2107 Αιιιιο
3266 2055 3291 2107 1
3323 2055 3509 2119 datum,
3531 2056 3655 2123 quod

2134 2134 2254 2189 fecit
2301 2151 2465 2191 mens.
2516 2138 2755 2191 Octobris
2799 2141 2913 2192 dies
2957 2155 3079 2207 XXI,
3128 2140 3381 2210 feliciter,
3437 2146 3649 2199 Arlauno

2136 2226 2342 2289 palatio.

2134 2403 2160 2441 ἀ
2189 2402 2427 2468 Diploma
2466 2421 2559 2470 qm;
2602 2406 2937 2460 Theudoricus
2978 2412 3110 2461 dona
3151 2411 3342 2460 collata
3384 2418 3658 2465 monasterio

2205 2476 2488 2551 ﬁngulensi
2517 2476 2805 2543 confirmat,
2848 2488 2895 2528 et
2923 2481 2967 2529 ei
2999 2479 3260 2546 priuilegia
3285 2484 3503 2532 concedit
3531 2488 3656 2551 (altu.

2210 2542 2353 2610 sit).

2216 2654 2594 2718 Theodericus,
2630 2673 2718 2710 rex
2754 2658 3091 2712 Francorum.
3124 2661 3178 2714 Si
3209 2662 3536 2727 petitionibus
3556 2679 3657 2716 ser-

2142 2757 2323 2797 vorum
2352 2747 2432 2797 vel
2460 2748 2763 2801 ancillarum
2796 2752 2913 2812 Dei,
2954 2766 3047 2815 per
3071 2753 3210 2817 quod
3244 2768 3421 2805 eorum
3453 2754 3656 2816 quietem

2143 2849 2203 2887 ac
2225 2833 2471 2901 juvamen
2503 2838 2750 2902 pertinet,
2789 2838 3006 2892 libenter
3036 2840 3368 2905 obaudiinns,
3394 2851 3447 2895 ut
3472 2842 3659 2896 effectui

2143 2923 2193 2975 in
2225 2924 2312 2976 Dei
2356 2925 2564 2978 nomine
2592 2925 2982 2992 maluipamus,
3027 2930 3225 2996 regiam
3255 2933 3658 2984 con~uetudioem

2142 3016 2474 3077 exercemus,
2518 3026 2571 3069 et
2609 3016 2760 3069 nobis
2798 3018 2862 3068 ad
2904 3022 3203 3071 mercedem
3238 3022 3496 3085 pertinere
3520 3021 3662 3073 conli-

2141 3105 2335 3157 dinius.
2386 3103 2609 3172 Ideoque
2637 3106 2953 3158 venerabilis
2982 3109 3059 3158 vir
3086 3108 3362 3161 Siviardus
3382 3149 3399 3171 ,
3446 3110 3563 3164 abba
3605 3108 3663 3161 de

2144 3194 2461 3244 monasterio
2486 3194 2723 3259 Auisola,
2754 3194 2892 3260 quod
2922 3206 3002 3248 est
3032 3196 3082 3246 in
3114 3209 3247 3262 pago
3274 3196 3659 3261 Cenomannico,

2144 3285 2227 3336 ubi
2273 3284 2327 3337 S.
2361 3285 2665 3349 Carilepbus
2708 3299 2930 3352 corpore
2970 3290 3284 3355 requiescit,
3329 3291 3407 3342 vel
3446 3292 3526 3345 ubi
3562 3293 3663 3359 ipse

2143 3376 2274 3427 abba
2293 3416 2307 3438 ,
2341 3390 2443 3427 una
2470 3389 2587 3427 cum
2617 3388 2797 3428 sancta
2827 3378 3231 3444 congregatione
3259 3380 3430 3448 degit,
3462 3383 3658 3449 supplex

2142 3464 2436 3516 clementia
2473 3464 2618 3531 regni
2650 3468 2812 3517 nostri
2842 3469 3090 3534 expetiit,
3142 3479 3197 3521 ut
3240 3485 3360 3523 eum
3405 3474 3467 3525 ad
3508 3473 3657 3540 ipsum

2146 3556 2541 3616 monasterium,
2561 3568 2661 3606 una
2692 3570 2809 3607 cum
2841 3554 3082 3609 fratribus
3109 3559 3188 3611 vel
3219 3560 3521 3616 hominibus
3544 3565 3655 3627 suis,

2144 3643 2404 3708 gasiudis,
2434 3643 2644 3706 amicis,
2677 3646 2961 3711 susceptis,
2996 3646 3077 3697 vel
3121 3648 3207 3714 qui
3255 3664 3349 3714 per
3376 3652 3532 3716 ipsum
3561 3666 3657 3704 uio-

2148 3732 2431 3784 nasterium
2463 3746 2674 3796 sperare
2702 3732 2964 3794 videntur,
2998 3735 3080 3786 vel
3112 3737 3253 3789 unde
3283 3738 3503 3805 legitimo
3529 3738 3659 3792 rede-

2148 3824 2234 3875 bet
2262 3824 2429 3885 mitio,
2464 3823 2547 3874 vel
2577 3836 2821 3875 sermone
2852 3824 3091 3879 tuitionis
3121 3836 3337 3890 nostrae,
3368 3829 3447 3880 vel
3470 3830 3659 3880 mundo-

574 3995 599 4026 ι
628 3982 834 4036 Editum
886 3982 937 4035 in
973 3982 1298 4037 Collectione
1336 3984 1647 4044 scriptorum
1676 3997 1846 4035 rerum
1880 3985 2044 4047 Fran-
2072 3985 2116 4044 C
2151 3994 2321 4035 trusus
2354 3980 2538 4039 fuerat,
2572 3980 2622 4029 in
2649 3979 2833 4029 solium
2866 3980 3111 4043 prosiliit.

504 4053 750 4112 clearum,
783 4061 820 4103 t.
850 4051 940 4113 IV,
971 4062 1083 4117 pag.
1121 4050 1242 4113 652,
1273 4066 1335 4103 ex
1387 4053 1596 4104 schedis
1626 4052 1926 4115 Mabillonii,
1957 4052 2043 4115 qui

510 4121 634 4174 illud
691 4123 1039 4187 exscripserat
1090 4135 1154 4171 ex
1203 4120 1386 4172 litteris
1416 4119 1632 4186 Philippi
1668 4119 1883 4184 Valesii,
1912 4122 2047 4173 datis

506 4203 642 4243 anno
688 4186 843 4251 1329,
876 4186 1082 4254 'qnibus
1132 4199 1429 4240 renovatum
1459 4199 1511 4241 et
1537 4190 1900 4240 confirmatum
1932 4191 2044 4254 fuit,

507 4272 623 4310 cum
656 4256 760 4322 jam
790 4265 931 4308 esset
951 4265 1203 4321 vetustate
1228 4258 1479 4308 attritum.
1506 4257 1665 4308 Periit
1692 4258 1918 4321 diploma
1954 4273 2046 4308 an-

514 4324 822 4391 tugraphum
849 4335 868 4387 ;‘
892 4323 1014 4376 illud
1038 4323 1331 4376 recudimus
1355 4340 1418 4377 ex
1448 4325 1746 4389 apographo
1774 4329 2049 4377 accuratis-

509 4393 643 4446 simo
668 4393 966 4445 earumdem
1020 4393 1302 4444 litterarum
1346 4394 1396 4444 in
1429 4393 1811 4444 Fontanellensi
1838 4394 2049 4446 archivo

511 4462 877 4526 repositarum,
910 4461 1044 4525 quod
1078 4463 1128 4511 in
1157 4462 1576 4528 cbartopbylacio
1608 4470 1784 4511 nostro
1814 4476 2049 4513 asserva-

510 4544 643 4581 mus.
686 4529 867 4581 Paucis
896 4528 962 4579 ab
982 4530 1123 4580 edito
1153 4528 1340 4583 differt.
1374 4529 1589 4581 Litteras
1625 4542 1797 4582 autem
1830 4531 2051 4595 Philippi

510 4614 603 4650 suo
631 4597 811 4649 ordine
837 4597 1175 4664 vulgabimus.
1219 4597 1466 4659 Prtecepti
1514 4597 1823 4648 Theudorici
1856 4614 2051 4648 memo—

514 4666 588 4716 ria
639 4675 717 4717 est
763 4666 813 4717 in
851 4664 961 4715 Vita
1001 4666 1167 4718 sancti
1204 4665 1455 4728 Condedi,
1494 4665 1627 4731 apud
1671 4666 1888 4729 Mabill.,
1924 4669 2050 4717 Acta

515 4733 610 4785 SS.
640 4734 754 4785 ord.
796 4735 851 4785 S.
887 4734 1101 4794 Bened,
1130 4743 1167 4785 t.
1196 4732 1267 4801 Il,
1300 4750 1415 4801 pag.
1462 4734 1584 4788 8:8.
1618 4734 1798 4796 Aliqua
1827 4736 2052 4800 suspicio

513 4803 698 4860 oritur,
726 4809 833 4852 tum
859 4818 919 4853 ex
954 4801 1169 4851 formula
1201 4800 1408 4861 initiali,
1438 4804 1532 4851 sub
1561 4803 1766 4867 regibus
1798 4804 2053 4854 lllcrovin-

516 4871 645 4933 gicis
672 4870 901 4931 insolita,
945 4873 1135 4921 inserta
1169 4869 1296 4921 forte
1325 4871 1599 4921 recentiori
1632 4886 1813 4928 manu;
1855 4880 1958 4921 tum
1991 4887 2051 4922 ex

516 4937 695 4988 annuli
740 4940 1022 4997 mentione,
1059 4953 1191 5002 quin,
1236 4945 1367 4989 tcSte
1408 4939 1723 4996 Mabillonio,
1759 4954 1876 4990 raro
1907 4955 2056 5000 repe—

518 5007 648 5057 ritur
680 5006 727 5055 iu
750 5006 1060 5075 indubitatis
1090 5006 1271 5057 horum
1310 5021 1487 5071 regum
1517 5008 1907 5075 diplomatibus.
1943 5008 2052 5058 για.

518 5075 581 5124 de
612 5074 682 5121 Ite
712 5074 862 5136 dipl.,
892 5088 1006 5138 cap.
1042 5077 1125 5125 Ill.

586 5142 613 5179 ι)
644 5142 905 5192 Beloinaca
933 5144 1095 5193 insula
1130 5140 1341 5206 iacebat
1382 5142 1431 5193 in
1473 5144 1720 5208 Sequana!
1751 5144 1917 5203 alveo,
1955 5160 2055 5195 non

522 5210 695 5273 procul
749 5210 813 5259 ab
862 5212 988 5260 urbe
1025 5224 1179 5274 quam
1218 5222 1529 5263 vocaverunt
1567 5212 2055 5274 Calidumbecmun,

518 5265 646 5361 Nov.
680 5277 815 5361 Gali.
840 5265 1058 5361 causa;
1080 5290 1115 5329 ι.
1150 5275 1577 5361 ξμιίξοΙᾼΞΙΔ-ει
1604 5265 2055 5361 ωλιειηιρτιαειιξ
2088 5304 2137 5361 D

520 5346 672 5397 undis
715 5345 931 5406 obruta,
989 5360 1123 5395 anno
1166 5346 1291 5398 toti
1337 5348 1444 5399 visa
1488 5346 1583 5398 fuit
1619 5350 1924 5412 emersisse,
1966 5350 2057 5399 sed

522 5414 673 5479 paulo
705 5423 818 5475 post
841 5414 1052 5464 omnino
1071 5417 1293 5465 evanuit.

596 5492 615 5518 ο
642 5487 845 5535 Annum
872 5482 1087 5545 primum
1111 5484 1250 5545 regni
1272 5482 1580 5535 Theodorici
1607 5481 1667 5533 Ill
1691 5496 2056 5547 computamus

525 5549 591 5599 ab
618 5564 751 5601 anno
778 5547 971 5601 Christi
1003 5549 1123 5612 075,
1176 5565 1301 5613 quo,
1347 5550 1522 5602 audita
1553 5550 1834 5602 Childerici
1874 5554 2051 5604 fratris

528 5629 715 5683 morte,
743 5632 806 5670 ex
837 5620 1153 5672 monasterio
1182 5618 1361 5671 Sancti
1407 5619 1660 5687 Dionysii,
1702 5619 1755 5673 in
1785 5622 1921 5686 quod
1968 5636 2051 5674 re-

2217 4051 2240 4088 d
2269 4050 2440 4100 l'ldiilit
2464 4047 2764 4106 Martenius,
2791 4048 3114 4113 Amplissim.
3141 4050 3351 4105 collect.
3376 4062 3412 4104 t.
3435 4050 3475 4113 I,
3502 4054 3595 4107 col.
3611 4053 3659 4116 7,

2147 4135 2211 4173 ex
2268 4116 2531 4171 chartario
2577 4117 2869 4167 Anisolensi
2912 4117 3317 4186 depromptum;
3370 4122 3660 4175 reCuderunt

2147 4189 2464 4239 Colleclores
2491 4188 2813 4254 scriptorum
2858 4199 3031 4237 rerum
3064 4186 3428 4241 Francicsrum
3454 4232 3467 4254 ,
3523 4200 3556 4241 ι.
3585 4189 3656 4252 ιν,

2152 4274 2198 4317 p.
2234 4254 2354 4313 65's,
2387 4270 2452 4305 ex
2489 4253 2758 4306 Marte-tio.
2792 4254 3038 4316 Quanam
3070 4256 3260 4308 fuerint
3292 4269 3428 4309 noun
3454 4262 3654 4309 chrono-

2151 4325 2328 4388 logicte
2354 4321 2806 4394 tliliB_(lbIlII3f:lI2l€
2835 4331 2957 4394 sunt
2987 4323 3284 4389 conjectura
3315 4328 3516 4394 assequi
3539 4327 3655 4379 difﬂ-

2149 4394 2422 4461 cillininni.
2479 4390 2527 4461 Id
2562 4406 2653 4461 pro
2682 4400 2827 4461 certo
2859 4391 3038 4461 habeii
3070 4406 3238 4458 potest
3265 4436 3281 4460 ,
3334 4390 3656 4461 hnc—diploma

2153 4477 2252 4513 non
2293 4475 2321 4529 a
2350 4458 2677 4529 'l‘heodorico
2708 4458 2794 4520 ιν,
2846 4473 2936 4529 seu
2983 4458 3187 4513 Calensi
3213 4502 3229 4523 ,
3268 4458 3337 4514 ἰιι
3377 4458 3655 4529 quibusdam

2151 4528 2524 4600 ριὲςηῇιννηε.
2551 4528 2681 4600 Ιμίεε.
2711 4532 2867 4580 litter.
2900 4527 3087 4600 Franc.
3119 4538 3156 4580 t.
3186 4531 3271 4593 III,
3307 4526 3419 4600 pag:
3443 4532 3475 4585 6
3509 4534 3553 4592 ι,
3581 4526 3657 4585 εθᾶ

2151 4613 2177 4646 τι
2206 4596 2529 4649 Theudorici)
2573 4594 2727 4662 huius
2773 4597 2999 4647 nominis
3042 4600 3197 4650 tertio
3226 4594 3473 4653 emissum
3503 4604 3655 4654 luisse.

2153 4666 2418 4717 Siviardus
2443 4664 2581 4713 enim
2602 4702 2617 4723 ,
2648 4668 2745 4715 hoc
2773 4679 2893 4730 rege
2925 4678 3204 4729 regnante,
3240 4670 3531 4721 Anisolensi
3560 4682 3655 4720 ιυοο

2155 4735 2380 4784 naszcrio
2427 4731 2665 4791 pra-fuit;
2718 4747 2814 4784 nec
2856 4746 3088 4797 tempora
3120 4734 3433 4789 Theudorici
3477 4734 3534 4787 IV
3560 4734 3668 4786 uti;

2152 4818 2287 4865 gtssc
2316 4802 2415 4872 dici
2451 4808 2623 4872 potest
2648 4840 2682 4872 ,ν
2710 4815 2827 4852 cum
2873 4804 3189 4872 successerit
3232 4806 3504 4871 Sigiranuo
3545 4804 3655 4872 patri

2152 4886 2266 4931 suo,
2302 4870 2385 4932 qui
2432 4869 2534 4939 sub
2577 4868 2872 4939 Ilailmndo,
2902 4868 3581 4939 Cenotnanensivepiscupo',
3617 4879 3660 4922 et

2155 4942 2248 4989 sub
2281 4952 2399 5001 rege
2431 4935 2721 4995 Dagoberto
2752 4937 2803 4998 Ι,
2852 4941 2987 4990 idem
3030 4935 3406 4993 monasterium
3453 4935 3656 4994 reserat.

2154 5008 2267 5069 Quo
2297 5017 2465 5075 autem
2494 5003 2805 5058 'l'heodorici
2832 5007 2894 5058 IlI
2921 5022 3057 5058 anno
3084 5012 3261 5061 italum
3291 5010 3442 5063 fuerit
3463 5009 3661 5075 diploma

2154 5077 2217 5126 de
2249 5090 2350 5139 quo
2380 5074 2578 5138 agimus
2605 5077 2763 5125 certis
2792 5076 2997 5127 indiciis
3025 5077 3134 5128 erui
3166 5078 3348 5143 ημψιὶι
3373 5094 3388 5140 ;
3437 5072 3523 5130 sed
3547 5072 3658 5128 nihil

2156 5147 2329 5193 obstat
2358 5144 2632 5201 quominus
2671 5144 2798 5195 illud
2847 5144 2909 5193 ad
2955 5160 3147 5195 annum
3179 5143 3376 5197 Christi
3405 5144 3519 5210 675,
3560 5157 3659 5199 cun

2160 5212 2430 5267 Marlenio,
2462 5209 2539 5257 vel
2570 5212 2632 5259 ad
2664 5226 2852 5262 annum
2882 5210 2986 5266 674
3014 5227 3130 5265 cum
3157 5214 3532 5268 Colloctoribtts
3550 5213 3658 5266 κεί·

2164 5292 2363 5343 piorum
2408 5290 2581 5325 rerum
2629 5276 3034 5342 Francicarnm,
3084 5282 3361 5335 referatur.
3417 5284 3659 5336 Sanctia

2162 5347 2293 5399 ultra
2320 5359 2509 5396 annum
2536 5344 2627 5396 681
2660 5348 2826 5398 locum
2854 5353 2899 5400 ei
2929 5352 3197 5414 assignare
3223 5352 3299 5404 fas
3329 5359 3427 5413 est,
3449 5366 3556 5403 cum
3579 5350 3662 5400 hoc

2159 5431 2313 5478 anno,
2336 5426 2387 5463 ut
2408 5425 2612 5483 constat
2629 5428 2691 5467 ex
2719 5417 2933 5483 legenda
2956 5418 3119 5468 sancti
3136 5418 3361 5471 Siviardi
3393 5418 3518 5482 apud
3542 5416 3659 5471 Illi.

2158 5488 2283 5554 Acta
2309 5483 2405 5554 SS.
2430 5480 2554 5554 Drd.
2582 5488 2637 5536 δ.
2658 5480 2875 5546 lienem,
2895 5500 3019 5537 saec.
3039 5500 3115 5548 ιιι,
3138 5500 3257 5554 pag.
3281 5484 3405 5551 459,
3425 5480 3661 5539 Siviardus

2156 5552 2363 5625 obierit,
2396 5552 2444 5602 id
2465 5562 2544 5625 est
2566 5566 2771 5625 octavo,
2795 5552 3298 5625 regni‘Thcodochi,
3315 5570 3466 5625 quem
3479 5553 3660 5608 tertium

2157 5620 2309 5685 hujus
2338 5623 2561 5677 nominis
2587 5623 2748 5677 fuisse
2772 5623 3085 5678 monuimus.
