3796 6344
114 392 225 448 1⁸521

560 380 971 439 DlPLOMATA.
1013 412 1080 421 —
1119 374 1530 437 TllEODORICl
1573 376 1624 433 lll

1728 373 1959 432 ceses.
1995 343 2086 432 ἐτ
2128 372 2419 430 ιιοΝΑδτ.
2466 371 2825 430 ΡΒΑΞΟΕΡΤ.

3144 372 3280 428 I323

112 502 255 557 burdo
274 486 444 554 nostro
464 496 707 564 recipere
727 494 1065 557 deberemus,
1088 501 1142 545 et
1160 490 1393 558 subipso
1418 486 1624 543 inlustri
1654 492 1703 545 Α
1728 494 1783 538 et
1819 484 2108 553 adimplere
2136 484 2409 537 deberem.
2460 483 2687 537 Econtra
2726 496 2856 538 vero
2900 487 3169 539 asserebat
3202 484 3284 537 vir

108 596 205 643 viro
251 600 428 642 causas
479 585 643 652 ipsius
700 582 1003 636 monasterii
1054 582 1134 633 vel
1185 579 1392 642 abbatis
1436 578 1625 630 debeat

110 683 276 735 habere
300 687 557 746 receptas.
588 678 682 731 Cui
714 690 818 729 non
849 673 1073 743 gratanti
1100 674 1279 727 animo
1305 668 1623 743 [assensum]

110 770 380 836 praestitisse
419 767 747 838 cognoscite.
794 766 1127 833 Quapropter
1169 778 1263 831 per
1304 772 1623 829 praeceptum

107 872 307 925 praesens
333 858 663 911 decrevimus
685 868 748 908 ac
772 854 1018 922 iubemus
1044 863 1101 905 ut
1127 866 1294 921 neque
1314 866 1429 914 vos,
1454 864 1624 919 neque

102 948 308 1016 iuniores
348 948 549 1008 vestri,
602 958 773 1013 neque
818 956 1191 1005 successores,
1244 940 1322 995 vel
1371 942 1515 994 missi
1557 941 1623 994 de

107 1039 273 1103 palatio
296 1044 470 1089 nostro
488 1034 867 1095 discurrentes,
892 1032 975 1084 vel
999 1030 1263 1099 quislibet,
1288 1029 1403 1097 ipso
1427 1030 1621 1081 domno

104 1126 317 1181 Siviardo
340 1124 529 1178 abbate
556 1124 635 1177 vel
666 1122 910 1176 homines
939 1120 1103 1189 ipsius
1133 1120 1461 1182 monasterii,
1492 1118 1623 1170 ami-

103 1218 185 1277 cis.
209 1215 448 1283 gasindis,
480 1214 761 1280 susceptis,
790 1212 872 1266 vel
901 1212 989 1279 qui
1036 1226 1127 1276 per
1157 1212 1326 1276 ipsum
1359 1218 1624 1261 monaste-

104 1308 221 1358 rium
256 1318 463 1370 sperare
509 1302 775 1365 videntur,
806 1300 1163 1353 condemnare
1190 1297 1270 1351 vel
1304 1297 1618 1361 inquietare,

103 1397 173 1449 vel
212 1394 501 1448 iuterendas
544 1407 754 1447 sumere
777 1430 793 1454 ,
838 1404 938 1443 nec
966 1389 1030 1442 de
1059 1402 1145 1441 res
1177 1401 1359 1441 eorum
1407 1388 1457 1438 in
1505 1386 1622 1454 lege

100 1500 258 1539 eorum
286 1486 517 1538 minuere
554 1488 1021 1549 nonpmsumant
1045 1519 1061 1543 ,
1104 1486 1163 1530 ut
1209 1476 1363 1530 liceat
1404 1477 1481 1527 eis
1521 1476 1620 1528 sub

102 1591 316 1629 sermone
344 1576 580 1629 tuitionis
612 1584 829 1636 nostra},
856 1572 939 1625 vel
968 1570 1065 1624 sub
1089 1568 1396 1623 emunitatis
1425 1574 1620 1621 nostra:

100 1665 282 1734 quietos
307 1663 480 1717 vivere
510 1676 571 1715 ac
598 1662 854 1715 residere.
910 1659 972 1712 Et
1002 1659 1047 1712 si
1079 1657 1283 1725 aliquas
1312 1669 1498 1708 causas
1528 1653 1617 1707 ad-

100 1768 285 1807 versum
313 1753 479 1819 ipsum
512 1748 909 1809 monasterium,
940 1758 1027 1799 aut
1052 1745 1201 1800 mitia
1228 1743 1391 1809 ipsius
1415 1745 1619 1798 abbatis

1730 577 2051 646 apostolicus
2068 575 2095 611 ι’
2114 577 2457 645 Aiglibertus,
2476 573 2883 629 Cenomannica
2902 574 3046 627 urbis
3069 571 3280 641 episco-

1732 680 1849 732 pus,
1877 666 2018 733 quod
2046 664 2353 733 praedictum
2388 662 2765 717 monasterium
2793 674 2901 715 sua:
2931 660 3077 715 sedis
3105 659 3280 716 eccle-

1729 757 1823 810 siae
1855 771 1975 811 esse
2004 757 2259 821 deberet,
2311 764 2368 809 et
2416 756 2593 823 Lappa
2643 754 2753 809 Deo
2802 760 3046 814 sacrata,
3098 750 3281 806 relicta

1731 847 1976 900 videlicet
2017 846 2232 915 Egigni,
2284 845 2411 899 illud
2453 844 2646 898 ibidem
2682 842 2891 911 legibus
2934 839 3279 895 tradidisset:

1732 938 2126 1006 ostendensque
2157 936 2310 990 nobis
2346 943 2639 989 strumenta
2667 942 2933 988 cartarum
2952 970 2968 995 ,
2997 943 3115 998 qua:
3145 943 3281 996 prae-

1728 1028 1866 1083 dicta
1909 1028 2087 1096 L0ppa
2132 1028 2198 1080 de
2241 1027 2497 1095 iamdicto
2530 1027 2850 1079 monasterio
2875 1020 3281 1077 Ceuomannicas

1729 1118 1911 1170 matris
1939 1116 2177 1170 ecclesiae
2209 1115 2587 1183 perpetualiter
2613 1112 2901 1168 tenendum
2944 1119 3000 1165 et
3027 1110 3277 1165 ecclesia-
3366 1129 3371 1133 ·

1729 1209 1860 1262 stiee
1885 1207 2264 1262 dominandum
2296 1221 2357 1261 ac
2386 1206 2764 1273 possidendum
2793 1204 3000 1259 fecerit.
3050 1204 3179 1269 Quae
3221 1212 3276 1254 et

1728 1310 1850 1352 ante
1876 1312 1972 1351 nos
2011 1298 2203 1351 relecta
2245 1304 2298 1350 et
2334 1296 2621 1362 approbata
2646 1334 2663 1359 ,
2710 1309 2737 1347 a
2770 1302 3061 1348 memorato
3091 1291 3274 1359 Aghil-

1730 1388 1881 1443 berto
1902 1399 1956 1443 et
1972 1404 2001 1441 a
2019 1389 2129 1441 suis
2146 1387 2397 1440 ministris
2417 1393 2539 1439 sunt
2561 1384 2758 1453 legibus
2772 1382 3095 1445 evindicata;
3117 1381 3276 1433 etiam

1729 1483 1828 1533 hoc
1856 1480 1922 1532 ab
1947 1493 2013 1533 eo
2042 1486 2095 1533 et
2121 1492 2149 1531 a
2177 1478 2286 1531 suis
2332 1476 2584 1529 ministris
2621 1474 2822 1542 legibus
2850 1471 3194 1540 adprobatum
3224 1471 3277 1523 in

1727 1577 2016 1637 conSpectu
2040 1576 2222 1621 nostro
2245 1574 2299 1621 et
2322 1580 2594 1633 procerum
2618 1577 2679 1617 ac
2702 1562 2931 1617 ﬁdelium
2954 1569 3275 1621 nostrorum,

1726 1659 1863 1727 quod
1889 1658 2196 1726 iamdictum
2234 1656 2609 1710 monasterium
2658 1657 2710 1709 in
2752 1653 2843 1722 ius
2884 1662 2936 1709 et
2965 1658 3277 1720 potestatem

1727 1762 1837 1801 sure
1860 1748 2001 1802 sedis
2021 1747 2259 1801 ecclesia:
2283 1747 2628 1814 prementibus
2647 1754 2700 1799 et
2719 1743 2908 1798 futuris
2928 1742 3275 1811 temporibus,

250 1806 435 1893 iuerint
461 1846 553 1890 aut
577 1806 925 1899 surrexerint,
959 1848 1089 1902 quas
1128 1848 1155 1885 a
1185 1806 1334 1887 vobis
1362 1842 1449 1885 aut
1480 1848 1508 1886 ιι
1531 1834 1620 1899 iu—
1655 1806 1701 1866 Β
1723 1836 1865 1901 iuste
1890 1849 1952 1888 ac
1980 1834 2182 1903 legibus
2209 1806 2398 1888 debeat
2421 1844 2751 1901 permanere.
2782 1832 2947 1897 Quam
2971 1806 3275 1885 ob-causam

100 1929 312 1981 uioribus
340 1926 531 1980 vestris
558 1926 759 1992 absque
788 1914 967 1977 eorum
1001 1921 1182 1990 iniquo
1211 1921 1488 1989 dispendio
1517 1930 1624 1975 ter-

100 2018 298 2069 minatas
325 2031 425 2069 non
455 2014 668 2078 iuerint,
701 2026 859 2066 manu
887 2026 1193 2068 eorum.....
1227 2020 1402 2065 vestra
1433 2025 1626 2080 quous-

97 2124 186 2171 que
209 2106 613 2172 in'pra'sentiam
644 2112 878 2156 nostram
910 2103 1230 2156 omnimodis
1268 2112 1531 2163 servetur,
1573 2110 1627 2156 et

98 2197 267 2249 ibidem
293 2194 542 2248 ﬁnitivam
570 2191 885 2247 sententiam
926 2206 1021 2260 per
1050 2190 1222 2260 legem
1269 2201 1324 2245 et
1363 2191 1622 2258 iustitiam

95 2286 298 2341 debeant
321 2287 579 2352 accipere,
603 2294 655 2338 et
684 2283 963 2351 unicuique
990 2281 1057 2355 de
1084 2282 1342 2350 reputatis
1362 2282 1623 2335 conditio-

98 2375 233 2426 nibus
275 2373 540 2441 iusticiam
592 2372 853 2436 reddant,
904 2382 956 2424 et
1002 2370 1068 2423 ab
1113 2372 1217 2423 alio
1262 2369 1417 2423 simili
1468 2368 1627 2424 modo

1725 1923 1876 1990 petiit
1917 1924 2253 1978 clementiam
2284 1934 2518 1977 nostram
2557 1931 2877 1976 memoratus
2906 1920 3139 1989 pontifex
3160 1960 3174 1984 ,
3218 1929 3277 1973 ut

1723 2012 1864 2079 quod
1910 2022 2015 2066 tam
2056 2013 2350 2066 manifestis
2393 2012 2599 2066 indiciis
2626 2010 2947 2077 declaratur,
2986 2020 3163 2066 nostra
3192 2024 3278 2065 as-

1724 2101 1991 2167 sentione,
2025 2102 2187 2156 immo
2216 2101 2531 2156 auctoritate
2559 2103 2853 2156 roboretur.
2884 2102 3045 2171 Cuius
3070 2103 3302 2171 petitio-1

1727 2192 1880 2246 nibus
1905 2207 2003 2261 pro
2029 2207 2208 2247 amore
2240 2192 2331 2246 Dei
2375 2202 2430 2247 et
2475 2193 2712 2260 ejusdem
2752 2194 2918 2248 sancti
2963 2194 3062 2247 loci
3092 2210 3275 2249 aurem

1724 2281 2183 2334 accommodamus
2203 2320 2220 2345 ,
2262 2290 2316 2335 et
2357 2280 2493 2335 hanc
2526 2282 2929 2350 pracepti0rtem
2958 2282 3037 2337 eis
3062 2284 3277 2353 suisque

1727 2383 1821 2435 per
1850 2379 2085 2436 tempora
2132 2369 2532 2424 successoribus
2572 2370 2681 2438 iam
2726 2370 2879 2425 dicta
2916 2382 3115 2426 sanctae
3150 2385 3280 2426 con-

93 2462 343 2516 veritatem
371 2462 681 2529 percipiant.
718 2461 801 2524 Et,
825 2470 882 2512 ut
904 2459 1192 2513 auctoritas
1214 2466 1393 2512 nostra
1424 2459 1636 2543 ﬁrmior.
1722 2459 2047 2525 gregationis
2078 2457 2190 2512 ﬁeri
2221 2472 2283 2512 ac
2311 2459 2424 2513 dari
2450 2458 2736 2529 iussimus,
2778 2470 2835 2517 ut
2862 2462 3063 2517 ﬁrmius
3090 2462 3275 2519 futuris

96 2550 343 2612 habeatur,
393 2565 487 2616 per
530 2557 763 2614 tempora
809 2548 970 2601 etiam
1020 2546 1213 2600 melius
1256 2558 1623 2610 conservetur,

96 2654 235 2690 manu
264 2649 436 2692 nostra
474 2638 946 2704 subtersignaculis
975 2636 1309 2692 decrevimus
1348 2637 1621 2691 roborare.

95 2726 288 2791 Signum
318 2726 653 2780 Theoderici.
707 2725 1067 2782 Datum.......
1105 2724 1233 2781 fecit
1274 2739 1445 2781 mens.
1499 2726 1621 2781 Jun.

92 2818 195 2869 dies
222 2815 292 2885 si,
320 2832 457 2870 anno
487 2817 632 2886 regni
662 2818 995 2872 nostri.......

96 3070 366 3141 “Diploma
410 3076 901 3147 quog'l‘heodoricus
948 3077 1221 3147 Tit/lincunt
1265 3080 1625 3134 monasterium

262 3149 479 3199 ecclesiis
507 3145 871 3199 Cenomaneusi
900 3145 1077 3201 asserit
1104 3150 1250 3216 (rum.
1280 3150 1428 3218 675).
1636 3174 1647 3190 σ

154 3251 522 3318 Theodericus,
556 3270 646 3307 rex
677 3255 1020 3317 Francorum,
1062 3258 1141 3310 vir
1170 3258 1395 3312 illuster.
1444 3260 1499 3314 ln
1530 3262 1629 3315 hoc

93 3354 284 3407 semper
312 3343 505 3411 regalis
530 3345 788 3398 celsitudo
815 3346 972 3399 debet
1002 3347 1337 3415 prospicere,
1372 3357 1429 3401 ut
1456 3350 1625 3417 quod-

93 3443 277 3497 cunque
320 3441 503 3484 contra
552 3431 645 3484 Dei
693 3433 962 3486 decretum
1012 3435 1094 3487 vel
1146 3435 1383 3488 instituta
1418 3436 1626 3490 Patrum

95 3521 178 3571 luit
202 3531 368 3574 actum
398 3524 581 3575 debeat
612 3536 730 3575 esse
760 3531 1136 3595 restauratum.
1190 3525 1415 3593 Ideoque
1444 3527 1507 3578 ad
1538 3542 1629 3578 au-

95 3622 169 3659 rcs
192 3610 480 3662 clementia:
510 3619 703 3663 nostrae
733 3609 830 3663 fuit
860 3611 1180 3677 patefactum
1206 3652 1222 3676 ,
1271 3629 1337 3667 eo
1366 3615 1502 3681 quod
1535 3615 1627 3669 Ul-

94 3696 247 3750 taldus
292 3706 345 3750 et
396 3698 699 3767 lngnbertus
728 3698 1013 3766 optimates
1042 3702 1206 3752 nostri
1237 3701 1470 3765 illustri,
1520 3706 1629 3757 Deo

90 3798 273 3839 sacrata
295 3789 465 3840 Aidila
494 3790 780 3851 abbatissa,
804 3804 897 3843 seu
920 3800 971 3843 et
996 3792 1263 3857 genetrice
1291 3805 1383 3844 sua
1415 3792 1626 3861 lugane,

89 3894 193 3940 qum.
214 3879 263 3930 iu
292 3880 613 3932 monasterio
636 3880 950 3945 puellarum,
975 3882 1111 3949 quod
1137 3882 1188 3933 in
1213 3885 1412 3935 honore
1435 3893 1630 3935 sanctae

92 3966 249 4018 Marhe
274 3968 354 4020 vel
384 3982 676 4021 ceterorum
704 3968 1039 4034 domnnrum,
1064 3973 1115 4023 in
1145 3972 1260 4023 loco
1285 3982 1628 4037 nuucupante

90 4054 308 4108 'l‘ul’ﬁaco
334 4066 693 4109 constructum
719 4096 736 4121 ,
787 4071 889 4109 una
919 4073 1038 4110 cum
1072 4060 1221 4111 turba
1256 4060 1479 4126 plurima
1518 4074 1630 4112 mo-

91 4142 360 4194 nacharum
412 4145 511 4195 sub
554 4154 735 4196 sancta
780 4147 957 4211 regula
1002 4160 1318 4202 conversare
1361 4150 1625 4210 videntur,

89 4230 161 4282 τρι
199 4230 309 4297 ipsa
337 4233 749 4300 congregatione
794 4236 897 4285 tale
938 4242 1312 4287 tcStamentum
1341 4234 1516 4290 facere
1542 4250 1631 4289 co-

87 4326 291 4382 t-gisset,
315 4328 373 4372 ut
396 4319 764 4388 quodcumque
789 4322 1021 4388 praedicti
1048 4324 1141 4376 viri
1164 4325 1228 4377 ad
1254 4326 1393 4394 ipsas
1413 4329 1629 4383 ancillas

1725 2546 2089 2612 temporibus,
2142 2548 2288 2600 omni
2334 2548 2539 2603 scilicet
2584 2560 2785 2604 remota
2830 2552 3123 2618 quastione
3168 2559 3275 2607 tam

1726 2635 2097 2701 prmdictnrum
2126 2636 2357 2690 virorum
2385 2652 2545 2705 quam
2589 2646 2644 2691 et
2684 2637 2968 2706 cuiuslibet
2996 2655 3236 2709 persona
3260 2680 3279 2705 .

1726 2730 2017 2774 memorata
2062 2720 2453 2777 Cenornauuica
2502 2734 2671 2779 mater
2716 2726 2936 2780 ecclesia
2963 2767 2979 2792 ,
3035 2743 3153 2797 qua:
3195 2741 3281 2785 est

1724 2825 2029 2869 constructa
2059 2824 2111 2870 et
2138 2815 2377 2871 dedicata
2421 2816 2471 2869 in
2511 2816 2710 2871 honore
2738 2826 2932 2871 sanum
2960 2818 3138 2874 Mariae
3161 2862 3178 2887 ,
3223 2830 3281 2875 et

1664 2894 1668 2897 ’
1726 2914 1905 2969 postea
1938 2903 2250 2971 inmaiorata
2292 2904 2344 2958 in
2386 2914 2691 2960 sanctorum
2723 2919 3012 2977 martyrum
3039 2909 3281 2965 Gervasii

1726 3000 1781 3045 et
1807 2992 2053 3055 Protasii,
2082 2993 2303 3060 ejusque
2335 2994 2610 3059 pontiﬁces
2638 3002 2796 3063 atque
2827 3007 3084 3063 rectores,
3113 3012 3281 3067 smpe-

1731 3083 1923 3138 dictum
1957 3085 2336 3139 monasterium
2356 3120 2372 3149 ,
2400 3100 2517 3139 cum
2546 3085 2793 3142 omnibus
2822 3090 2885 3142 ad
2914 3103 2975 3145 se
3002 3091 3281 3159 pertinen-

1671 3160 1695 3186 ³
1730 3172 1868 3227 tibus
1890 3174 1971 3227 vel
1993 3174 2394 3242 aspicientibus,
2416 3184 2596 3231 tenere
2619 3185 2674 3231 et
2695 3176 3050 3235 ecclesiastica
3069 3181 3282 3237 valeant

1730 3277 1822 3328 per
1852 3274 2090 3333 tempora
2134 3264 2454 3331 possidendo
2493 3265 2809 3332 gubernare.
2862 3269 2952 3322 Sic
2989 3268 3113 3323 dum
3159 3286 3277 3336 nos,

1728 3366 1827 3403 una
1852 3366 1973 3405 cum
1998 3366 2260 3405 consensu
2290 3352 2593 3420 pontiﬁcum
2622 3356 2703 3408 vel
2734 3356 3042 3422 optimatum
3072 3367 3278 3414 nostro-

1728 3455 1884 3505 rum,
1932 3440 2071 3508 quod
2119 3440 2231 3494 haec
2272 3455 2429 3495 causa
2476 3442 2556 3495 vel
2607 3443 2715 3511 ipsa
2761 3453 2906 3499 carta
2953 3455 3136 3502 contra
3187 3447 3276 3503 Dei

1727 3529 1995 3582 decretum
2028 3530 2108 3582 vel
2155 3530 2393 3582 instituta
2439 3529 2652 3583 Patrum
2685 3543 2774 3585 aut
2804 3548 3039 3588 normam
3084 3540 3278 3603 regulus

1730 3620 1897 3672 fuerat
1922 3629 2095 3671 actum
2114 3661 2129 3684 ,
2172 3621 2296 3673 dum
2326 3621 2422 3675 sub
2448 3622 2649 3676 ditione
2678 3631 2733 3676 et
2759 3624 3013 3692 regimine
3045 3626 3279 3691 prtedicli
3348 3674 3352 3680 λ

1730 3708 2030 3775 pnutilicis,
2085 3712 2167 3762 cui
2218 3710 2526 3776 iamdictum
2577 3714 2954 3767 monasterium
3006 3716 3087 3783 (ut
3136 3731 3277 3784 pra:-

1727 3796 1985 3862 scriptum
2019 3801 2121 3863 est)
2152 3808 2207 3849 et
2234 3814 2342 3850 suae
2370 3800 2511 3851 sedis
2537 3799 2776 3854 ecclesiae
2802 3802 3001 3869 legibus
3030 3804 3277 3869 pertinet,

1727 3885 1862 3951 quod
1902 3894 1955 3937 et
1981 3899 2011 3937 a
2043 3886 2191 3938 nobis
2222 3886 2549 3941 enucleatum
2585 3897 2669 3941 est
2698 3890 3135 3957 perscrutandqu
3161 3932 3178 3957 ,
3225 3906 3282 3947 et

1734 3977 1965 4044 praeﬁxa:
2018 3980 2293 4032 monachus
2335 3983 2512 4046 quiete
2559 3979 2609 4031 iu
2665 3978 2780 4047 ipso
2831 3982 3151 4036 monasterio
3196 3985 3281 4037 vel

1731 4070 1976 4136 prmdicta
2000 4070 2431 4137 congregatione,
2449 4070 2545 4124 sub
2568 4080 2825 4137 potestate
2847 4081 2899 4123 et
2917 4071 3278 4126 dominatione

1728 4156 1982 4210 antedicti
2015 4159 2312 4223 pontiﬁcis,
2359 4160 2550 4224 degere
2588 4157 2832 4211 debeant.
2884 4158 3111 4227 Ideoque
3141 4175 3277 4230 prte-

1728 4246 1863 4299 settli
1906 4246 2263 4313 praaceptioue
2306 4243 2640 4299 decernimus
2686 4256 2741 4300 et
2783 4250 3002 4303 omnino
3038 4249 3283 4317 iubemus

1730 4346 1824 4400 ut,
1870 4335 1913 4387 si
1962 4336 2069 4387 ullo
2118 4349 2347 4400 unquam
2397 4344 2632 4402 tempore
2674 4335 2786 4404 ipsa
2830 4346 2973 4392 carta
3016 4348 3107 4393 aut
3146 4340 3281 4395 alius

89 4405 173 4497 Dei
200 4406 369 4497 facere
398 4409 749 4472 ordiuabant,
793 4410 933 4462 aliud
978 4413 1273 4468 nullatenus
1302 4418 1623 4482 pontiﬁcium
1653 4440 1705 4497 ι)
1729 4426 2128 4492 qualiscumque
2176 4432 2503 4477 strumentus
2546 4426 2611 4479 de
2657 4427 2872 4481 nomine
2911 4430 3281 4494 praedictorum

88 4496 298 4548 faciendi
332 4498 587 4550 haberent
611 4539 625 4561 ,
673 4500 774 4551 nisi
823 4502 1202 4566 praesentaliter
1231 4504 1287 4555 in
1313 4517 1618 4570 perpetuum

86 4591 131 4629 ct
157 4582 294 4634 omni
328 4592 570 4651 tempore
593 4585 885 4651 iussionem
912 4586 979 4641 de
1005 4589 1237 4655 qualibet
1262 4605 1417 4645 causa
1450 4592 1625 4649 facere

150 4720 175 4787 ξ
203 4708 397 4787 Ex‘stat
446 4711 498 4762 in
545 4712 685 4764 Actis
716 4714 1080 4787 episcoporum
1111 4719 1585 4776 Cenomanensium
1608 4766 1621 4787 ,

88 4777 213 4828 tlab.
262 4780 507 4831 Analect.
560 4796 675 4845 pag.
722 4777 856 4845 2'77;
901 4777 1155 4838 recusqu
1209 4791 1257 4839 iu
1304 4777 1627 4846 Collectinne

86 4846 393 4925 scriptorum
441 4847 1080 4925 reruut_l?rancicart_tin,
1131 4864 1168 4906 t.
1210 4855 1299 4918 IV,
1352 4873 1463 4925 pag.
1498 4860 1623 4913 655.

86 4916 229 4989 Auno
258 4919 422 4967 tertio
449 4916 597 4989 regni
624 4915 936 4971 Theudorici
965 4918 1065 4989 Ill,
1104 4915 1293 4976 mense
1317 4915 1588 4979 Deccmbri
1610 4968 1624 4989 ,

88 4982 307 5055 nondum
336 4982 580 5055 expletus
617 4995 934 5055 erataunus
962 4987 1152 5041 Christi
1180 4991 1281 5045 675
1306 5008 1320 5055 ;
1366 4995 1503 5046 umle
1530 4982 1629 5048 sub

88 5049 179 5121 hoc
206 5064 345 5121 anno
375 5049 697 5105 ccllocmuus
726 5054 951 5118 diplnuia
984 5060 1120 5121 quod
1149 5060 1231 5111 hic
1258 5049 1591 5117 etihiburuus.

116 5179 126 5189 .
149 5114 540 5195 {Aiglibertunt
569 5114 816 5195 Ecclesia:
837 5114 1203 5178 Cettomanica:
1230 5129 1497 5193 praefuisse
1520 5114 1627 5195 iatn

88 5182 309 5260 vidimus
329 5186 363 5217 ⁸*
382 5200 539 5260 supra
559 5227 572 5249 ,
616 5190 665 5240 in
706 5189 1055 5260 instrumento
1083 5195 1201 5260 dato
1231 5182 1369 5249 anno
1400 5213 1449 5249 ιι
1480 5182 1629 5251 (ΙῘιὶΙξ

86 5254 238 5303 dvrici
268 5250 345 5314 ιι,
390 5250 584 5317 idest,
620 5272 757 5308 anno
781 5256 906 5311 Chr.
936 5261 1061 5320 671,
1091 5250 1181 5313 scd
1213 5267 1626 5319 commentitium

87 5332 201 5401 esse
228 5323 545 5401 menititus
565 5326 968 5401 instrumentum
1016 5330 1137 5401 hoc,
1163 5345 1281 5383 cum
1312 5333 1630 5401 Aiglibertus

89 5398 187 5455 uol
216 5390 317 5440 nisi
346 5399 469 5455 post
498 5391 672 5455 plures
698 5393 887 5446 abhinc
914 5410 1077 5448 annos
1104 5390 1525 5455 Cenomanénses
1555 5406 1632 5455 iu-

89 5454 219 5535 tutas
240 5454 560 5535 obtinuerit.
591 5460 637 5511 ls
661 5459 1077 5535 cttittt__stt_ccessit
1105 5466 1335 5519 Berardo
1364 5454 1629 5535 cpiscOpu.

91 5524 139 5573 Id
168 5530 347 5575 autem
391 5537 588 5592 pugnat
628 5544 745 5580 cum
786 5529 1070 5595 diplomate
1098 5537 1236 5599 quod
1264 5524 1630 5604 expendimus,

149 5676 165 5691 '
191 5674 263 5722 Ad
291 5674 553 5722 Cltildcrici
582 5678 619 5724 ll
644 5682 917 5741 diplomata,
946 5695 991 5732 ιι.
1022 5683 1149 5733 Ylll.

368 5756 640 5817 Pareas.
692 5762 1065 5823 LXXXVII.

1723 4514 1952 4565 virorqu
1983 4523 2166 4567 contra
2201 4514 2508 4581 praedictum
2549 4514 2877 4583 pontiﬁcem,
2915 4518 2998 4572 vel
3029 4520 3146 4587 eius
3183 4522 3277 4573 ab-

1725 4602 1948 4669 batissa,
1991 4604 2202 4657 nomine
2233 4604 2483 4669 Adilane,
2524 4605 2605 4659 vel
2634 4607 2900 4673 genetrice
2932 4621 3025 4661 sua
3055 4606 3281 4676 lngane,

1724 4734 1847 4785 dato
1877 4734 2029 4796 huius
2060 4735 2205 4802 regni
2234 4752 2371 4788 anno
2401 4751 2474 4797 ιιι,
2508 4737 2606 4788 sub
2638 4736 2908 4802 Aigliberti
2940 4738 3272 4804 pontiﬁcatu.

1730 4804 1883 4855 Forte
1910 4804 2025 4869 quis
2051 4807 2296 4873 couiiciet
2323 4806 2373 4855 in
2402 4805 2500 4857 hoc
2541 4813 2720 4857 nostro
2748 4806 3034 4874 diplomate
3070 4824 3268 4864 annum

1731 4886 1819 4922 xm
1851 4886 1944 4938 pro
1972 4886 2109 4923 anno
2132 4888 2183 4924 Ill
2212 4875 2603 4937 reponendum;
2635 4881 2690 4926 et
2716 4874 2870 4938 huius
2894 4876 3279 4931 emendationis

1729 4954 1858 5009 npe,
1907 4940 2035 4991 satis
2065 4941 2225 5003 plana.
2248 4938 2432 5009 fierent
2460 4943 2671 5009 omnia;
2719 4941 2946 5009 diploma
2978 4947 3118 4997 enim
3151 4955 3272 4996 tunc

1730 5008 2018 5072 illigaretur
2046 5022 2161 5057 cum
2193 5024 2329 5056 anno
2359 5007 2482 5060 Chr.
2514 5006 2637 5072 685,
2670 5018 2725 5071 et
2750 5006 2893 5076 iuxta
2924 5011 3271 5072 Bondonneti,

1732 5076 1834 5127 Vit.
1862 5075 2024 5144 episc.
2042 5076 2327 5127 Cenoman.
2356 5091 2471 5144 pag.
2492 5077 2617 5140 254,
2640 5093 2703 5132 ac
2722 5075 2931 5139 Coiutii,
2961 5082 3095 5130 Ann.
3122 5088 3159 5131 t.
3185 5080 3277 5143 IV,

1731 5158 1849 5210 pag.
1879 5142 1970 5205 39,
2018 5142 2447 5207 c0ntputatioues
2487 5161 2743 5197 annorum
2786 5146 3066 5211 pracsulum
3092 5148 3275 5201 Ceno-

1732 5212 2099 5273 rnaneusium,
2153 5213 2324 5263 obitus
2375 5214 2584 5265 ﬁerardi
2634 5227 2698 5265 ac
2746 5216 2887 5265 initia
2941 5215 3272 5275 pontiﬁcatus

1731 5279 1997 5345 Aigliberti
2038 5278 2309 5331 referenda
2350 5290 2472 5331 sunt
2504 5282 2642 5331 circa
2684 5296 2875 5334 annum
2915 5282 3108 5335 Christi
3148 5284 3272 5337 68L

1732 5349 1836 5400 Sed
1863 5360 2003 5399 mera
2030 5348 2329 5414 conjectura
2355 5349 2488 5400 hinc
2512 5348 2933 5404 emendationem
2965 5358 3166 5413 tuetur;
3196 5360 3271 5414 et,

1732 5430 1847 5467 cum
1890 5416 2237 5468 iustrtttttettto
2276 5418 2467 5467 nullam
2520 5418 2672 5467 tidem
2710 5420 2953 5472 conciliet
2990 5419 3272 5470 auctoritas

1733 5492 1965 5535 acturum
1991 5487 2350 5549 episcoporum
2373 5484 2842 5539 Cenomanensium
2865 5484 3057 5551 spuriis
3081 5485 3278 5538 instru-

1736 5553 1927 5627 mentis
1956 5554 2291 5630 refertur-tun,
2320 5568 2347 5630 a
2378 5550 2489 5603 falsi
2519 5555 2822 5630 suspicione
2847 5550 3025 5630 nequit
3047 5556 3271 5630 gratuita

1735 5620 2113 5692 coniectatione
2136 5621 2376 5692 liberari;
2404 5622 2676 5691 ergorillud
2700 5620 3098 5675 adulterstiouis
3120 5622 3272 5692 signo

1738 5697 1914 5741 notare
1941 5690 2087 5739 nubis
2114 5691 2283 5741 liceat.
