3840 6242
531 322 666 376 1525

532 525 661 576 libet
711 518 1120 586 impedimento,
1172 513 1252 564 vel
1307 507 1723 576 supradictorum
1786 503 2056 561 virorum,

531 615 734 682 quietas
762 611 812 661 in
844 610 953 674 ipso
981 603 1300 658 tnuoasn-rio
1326 637 1339 659 ,
1387 600 1485 650 si‘to
1519 598 1568 648 in
1606 609 1735 663 pago
1766 594 2058 682 Cenoman-

533 678 670 765 tiico,
700 696 931 750 Tufﬁaco
961 703 1280 749 constructo,
1314 680 1825 755 debeantresidere)
1850 680 1929 731 vel
1964 678 2061 731 sub

532 798 705 841 sancta
737 786 913 853 regula
944 784 1133 835 ibidem
1166 791 1477 832 conversarc
1502 818 1515 839 ,
1565 784 1618 828 et
1664 787 1757 839 pro
1799 779 1933 823 statu
1969 770 2062 821 Ec-

532 876 702 930 clesia:
729 884 777 929 et
808 873 971 926 salute
1002 870 1206 937 patriae,
1238 883 1328 920 seu
1361 882 1452 929 pro
1480 864 1763 917 stabilitate
1789 860 1933 927 regni
1967 873 2059 912 no-

530 971 622 1020 stri
653 965 949 1033 perenniter
974 962 1164 1015 ibidem
1193 962 1417 1037 debeant
1472 972 1710 1010 exorare.
1764 955 1827 1007 Et
1864 964 1915 1005 ιιι
1949 953 2059 1004 ltrcc

531 1054 811 1109 auctoritas
840 1053 1036 1104 ﬁrmior
1066 1051 1336 1110 habemur,
1373 1052 1421 1099 ιιι
1451 1048 1690 1099 omnibus
1708 1053 1769 1096 .ct
1796 1044 1861 1095 ab
1891 1042 2062 1109 omni-

532 1147 629 1198 bus
677 1152 1055 1203 conservetur,
1117 1154 1295 1191 manus
1373 1145 1562 1189 nostrae
1632 1132 2062 1199 suscriptionibus

532 1234 712 1285 subter
730 1245 843 1284 eam
873 1228 1193 1281 decrevimus
1220 1227 1484 1277 roborare.
1528 1222 1578 1274 ln
1604 1221 1800 1274 Clll’lsli
1829 1223 2060 1279 nomine,

532 1319 887 1372 Theodericus
916 1305 1006 1368 res
1034 1312 1342 1379 subscripsi.
1388 1311 1646 1364 Guntinus
1671 1312 1845 1373 jussus
1877 1308 2067 1361 obtulit

535 1417 587 1461 et
621 1404 946 1472 subscripsit.
1000 1404 1186 1455 Datum
1219 1400 1354 1467 quod
1396 1400 1517 1452 fecit
1554 1401 1746 1451 mensis
1779 1398 2068 1450 December

535 1495 645 1547 dies
676 1496 753 1561 vj,
784 1508 920 1545 anno
950 1491 1002 1558 iij
1034 1492 1178 1556 regni
1208 1488 1409 1553 nostri,
1449 1488 1770 1552 Compendio
1799 1488 1847 1539 in
1878 1486 2069 1555 palatio

538 1593 736 1646 nostro,
765 1580 815 1632 in
847 1579 934 1633 Dei
966 1578 1177 1631 nomine
1200 1576 1441 1649 leliciter.
1480 1574 1665 1627 Amen.

1262 1683 1346 1737 IV.

540 1808 560 1833 °
580 1798 817 1864 Diploma
837 1813 934 1866 quo
953 1792 1291 1866 Theudoricus
1314 1795 1670 1846 monasterium
1689 1804 1874 1866 sancite
1894 1792 2075 1848 Maria:

602 1862 741 1933 infra
771 1862 971 1919 Sartunt
1010 1866 1217 1929 ﬂuvium
1247 1862 1605 1915 Cenomaneusi
1643 1863 1859 1915 ecclesiis
1901 1866 2075 1916 asserit

605 1937 755 2003 (ann.
784 1935 931 2001 676).

607 2021 963 2074 Theodericus
994 2034 1083 2072 rex
1114 2018 1428 2071 Francorum
1450 2059 1463 2080 ,
1496 2016 1575 2069 vir
1607 2018 1826 2071 illuster.
1865 2017 1918 2069 Si
1949 2018 2077 2084 peti-

540 2110 767 2163 tionibus
796 2108 1127 2161 sacerdotum
1158 2107 1295 2172 quod
1325 2108 1389 2159 ad
1420 2123 1599 2160 eorum
1632 2109 2071 2175 opportunitatem

542 2203 764 2264 pertinet
808 2196 1034 2250 libenter
1074 2204 1383 2264 pratstamus
1429 2210 1699 2248 assensum
1727 2238 1741 2258 ,
1795 2197 1990 2264 regiam
2022 2197 2074 2249 in

544 2290 640 2340 ltoc
668 2301 971 2339 exercemus
997 2286 1456 2355 cunsuetudinem,
1490 2296 1542 2338 et
1572 2286 1668 2338 hoc
1698 2288 1847 2338 nobis
1875 2288 1937 2338 ad
1970 2288 2077 2338 lau-

542 2378 657 2427 dem
691 2375 771 2425 vel
804 2374 863 2422 ad
898 2374 1117 2425 salutem
1168 2382 1413 2424 :cternam
1468 2385 1521 2425 et
1564 2374 1898 2427 Stabilitatem
1932 2380 2074 2439 regni

544 2464 705 2514 nostri
751 2464 798 2513 ιιι
842 2460 934 2515 Dei
982 2464 1191 2513 nomine
1236 2463 1500 2527 pertinere
1529 2463 1859 2517 conﬁdimus.
1914 2463 2077 2531 Igitur

542 2552 857 2617 apostolicus
901 2554 996 2613 vir,
1044 2554 1265 2603 dutnntts
1296 2552 1636 2617 Aiglibcrtus,
1668 2555 2073 2609 Ceuomannica:

543 2640 684 2693 urbis
713 2642 1023 2707 episcopus,
1071 2642 1229 2692 missa
1268 2643 1550 2707 petiti0ne,
1594 2644 1886 2695 clementia:
1929 2645 2073 2709 regni

544 2730 704 2782 nostri
730 2730 949 2782 credidit
975 2732 1355 2796 Suggerendum
1382 2738 1438 2781 ut
1458 2732 1902 2799 constitutionem,
1924 2746 2075 2797 quant

547 2829 757 2883 propter
783 2835 1010 2870 amorem
1057 2819 1147 2871 Dei
1188 2830 1241 2871 et
1277 2821 1661 2887 elcemosynam
1695 2831 1922 2875 nostram
1953 2838 2078 2874 con-

546 2910 814 2967 stituerat,
861 2922 951 2973 per
981 2921 1293 2960 consensum
1324 2910 1841 2975 comprovincialium
1875 2910 2079 2976 episco-

550 3010 754 3061 porum,
783 2996 891 3047 sive
920 2997 1350 3048 Consacerdotum
1381 3010 1440 3048 ac
1468 2999 1837 3050 canonicurutn
1864 3012 2075 3049 suorum

550 3082 600 3135 in
635 3085 952 3136 monasterio
993 3094 1188 3135 sancta:
1220 3085 1307 3135 Dei
1339 3085 1638 3151 genitricis,
1679 3086 1814 3152 quod
1845 3098 1926 3139 est
1956 3101 2079 3139 con-

549 3182 799 3227 structum
848 3176 982 3226 intra
1030 3172 1241 3225 ﬂuvium
1292 3176 1455 3227 Sarttc
1493 3182 1546 3227 ct
1581 3190 1783 3227 tnurnm
1832 3176 2079 3237 civitatis,

554 3274 656 3314 tam
690 3274 835 3315 extra
872 3277 1073 3314 murum
1104 3278 1256 3327 quam
1286 3272 1338 3316 et
1368 3263 1497 3314 infra
1530 3264 1691 3329 ipsius
1720 3265 1945 3318 civitatis
1977 3281 2081 3318 mu-

552 3355 801 3406 nitionent
832 3354 967 3418 quod
998 3352 1059 3403 ad
1094 3362 1309 3405 matrem
1341 3351 1576 3405 ecclesiae
1604 3364 1798 3406 sanctte
1832 3355 2004 3407 Maria:
2032 3365 2085 3408 et

552 3445 714 3496 sancti
746 3442 975 3495 Gervasii
1007 3451 1058 3494 et
1088 3439 1332 3503 Prutasii,
1357 3444 1438 3494 cui
1470 3457 1692 3507 praeesse
1720 3444 1940 3504 videtur,
1963 3444 2083 3517 jure

554 3533 907 3585 ecclesiastico
947 3532 1206 3598 pertinet,
1251 3540 1303 3583 et
1347 3546 1435 3595 per
1463 3530 1757 3597 scriptionis
1790 3532 2081 3607 ﬁrmitatem

558 3624 1005 3688 prazdccessorum
1050 3636 1259 3674 suorum
1308 3622 1629 3688 temporibus
1675 3623 1773 3674 sub
1800 3638 1957 3675 censu
1993 3624 2072 3675 lir-

559 3711 712 3762 miter
737 3722 787 3761 et
814 3711 1042 3773 legalitcr
1062 3710 1351 3775 delegatum
1380 3724 1495 3762 esse
1520 3712 1879 3777 cognoscitur;
1910 3722 2085 3776 postu-

558 3798 681 3850 lavit
711 3807 763 3848 ttt
795 3796 1052 3848 lirmitatis
1080 3810 1235 3849 causa
1259 3837 1276 3861 ,
1324 3806 1497 3847 nostra
1540 3798 1699 3862 regali
1750 3798 2085 3849 conﬁrmetur

557 3896 800 3938 censura.
849 3885 1006 3949 Cujus
1045 3882 1281 3949 petitioni
1322 3898 1418 3935 nos
1459 3896 1728 3935 assensum
1761 3883 2046 3949 prtebentes
2070 3923 2084 3945 ,

562 3982 614 4025 et
643 3971 880 4023 eamdem
920 3985 1066 4021 suam
1109 3972 1525 4022 constitutionem
1568 3981 1740 4023 nostra
1785 3973 2087 4025 auctoritate

559 4061 947 4120 conﬁrmantes,
984 4059 1080 4112 hoc
1112 4070 1422 4126 pratceptum
1463 4060 1570 4111 ﬁeri
1611 4060 1885 4125 jussimus,
1917 4068 1970 4113 et
1998 4076 2088 4125 per

564 4153 697 4204 hanc
741 4150 1062 4202 auctoritatis
1110 4158 1300 4200 nostra:
1344 4149 1730 4215 inscriptionem
1762 4150 2088 4214 prmcipimus

565 4256 642 4307 ut,
674 4245 809 4296 sicut
838 4258 863 4293 a
896 4240 1143 4306 praedicto
1172 4240 1449 4291 venerabili
1480 4240 1761 4305 apostolico
1792 4244 1901 4293 viro
1938 4241 2090 4305 Aigli-

564 4333 734 4395 berto,
757 4329 1315 4404 Cenornannicgurbis
1338 4328 1600 4394 episcopo,
1624 4339 1701 4382 est
1732 4329 2078 4381 constitutum.

2194 4315 2290 4365 sibi
2317 4313 2599 4373 contrario,
2629 4309 2776 4362 nobis
2806 4308 3028 4363 inﬁdelis
3054 4310 3309 4377 apparuit,
3342 4319 3395 4362 et
3419 4323 3475 4361 se
3505 4311 3706 4363 Austra-

566 4421 647 4473 vel
687 4421 819 4471 sicut
867 4418 915 4470 in
960 4416 1073 4485 ejus
1100 4418 1395 4469 continetur
1424 4416 1641 4480 scripto,
1693 4428 1801 4483 tam
1840 4418 2083 4484 deinceps

640 4560 663 4586 ι
695 4548 874 4598 Exstat
918 4546 965 4596 in
1007 4545 1145 4596 Actis
1186 4538 1542 4609 episcoporum
1582 4544 2083 4609 Cenomannttsium,

570 4615 754 4667 lliabill.
786 4614 1044 4671 Analect.,
1093 4627 1206 4677 pag.
1237 4612 1368 4673 279;
1423 4627 1658 4663 recusuni
1693 4615 1740 4663 itt
1770 4614 2084 4667 Collectinne

571 4686 881 4747 scriptorum
923 4696 1092 4731 rerum
1128 4680 1514 4741 Francicarutn,
1552 4690 1675 4729 tom.
1708 4681 1787 4741 ιν,
1822 4699 1932 4747 pag.
1961 4686 2082 4733 hirti.

574 4751 731 4801 Periit
764 4748 1126 4799 Childebertns
1157 4748 1192 4797 ll
1226 4763 1358 4797 anno
1390 4748 1509 4802 675,
1561 4750 1769 4799 ineunte
1794 4750 2083 4811 Septembri

580 4831 776 4875 mense,
802 4816 882 4865 cui
912 4817 1158 4867 successit
1190 4815 1341 4865 frater
1367 4815 1478 4879 ejus
1500 4816 1851 4867 Theudoricus
1878 4819 1958 4878 Ill,
1987 4835 2085 4868 ttott

578 4885 777 4944 quidem
799 4884 971 4933 statim
994 4884 1057 4931 ab
1077 4882 1217 4933 obitu
1239 4882 1431 4941 fratris,
1457 4883 1710 4944 Longner.
1739 4889 1873 4936 Ann.
1904 4885 2084 4937 lt‘rauc.

577 4960 700 5000 tom.
732 4948 815 5009 Ill,
846 4949 1056 5000 Collect.
1094 4948 1212 4999 hist.
1248 4949 1431 5003 Franc.
1470 4966 1583 5015 pag.
1616 4951 1704 5001 ιλιι
1731 4968 1743 5010 ς
1794 4952 1886 5002 scd
1919 4952 2087 5003 Theo-

576 5017 735 5084 dorici
761 5030 922 5066 annos
950 5030 975 5063 τι
998 5017 1079 5065 die
1100 5016 1565 5084 ubiIusCliilderici
1593 5030 1911 5084 cotuputatos
1938 5023 2092 5071 fuisse

578 5098 638 5133 ev
694 5082 984 5133 Mabilloniu
1039 5085 1217 5145 probat
1265 5083 1665 5151 Longucrtncns.
1716 5082 1865 5147 ilirgu
1915 5104 2093 5140 mense

581 5151 762 5200 Martio
804 5152 936 5198 tertii
987 5152 1103 5199 anni
1145 5151 1451 5201 Theudorici
1493 5154 1598 5213 jam
1646 5160 1885 5206 currebat
1928 5172 2093 5207 annus

580 5216 768 5267 Christi
799 5214 919 5267 676.
971 5216 1296 5267 Butundanda
1329 5218 1459 5270 foret
1505 5221 1613 5270 hinc
1655 5235 1773 5271 nota
1814 5226 2093 5274 chronolo-

580 5286 713 5356 gica,
744 5290 799 5332 ut
826 5282 1088 5356 conciliari
1109 5294 1293 5356 posset
1320 5301 1434 5356 cum
1469 5288 1764 5356 pontiﬁcatu
1798 5292 2090 5356 Aigliberti,

583 5350 727 5418 cujus
754 5350 1015 5418 etordinm
1044 5350 1137 5399 sub
1167 5366 1298 5400 anno
1328 5354 1428 5404 680
1453 5354 1672 5404 collocat
1703 5350 2090 5418 llondtinnt-tus,

588 5416 877 5479 Vit.cpisc.
904 5416 1213 5477 ι’]ιξιιοιιιειιι.⁸
1246 5433 1359 5483 pag.
1394 5424 1493 5473 33l
1522 5431 1574 5473 et
1601 5420 1734 5483 356;
1769 5426 1863 5475 nisi
1894 5416 2095 5477 dicatur

586 5484 855 5557 legendum
900 5485 949 5557 in
991 5485 1268 5557 diplomate
1296 5502 1430 5557 anno
1460 5504 1545 5539 xm
1586 5505 1677 5554 pro
1703 5505 1837 5541 anno
1868 5506 1919 5542 ιιι
1945 5532 1958 5553 ,
2006 5494 2095 5544 sed

589 5552 878 5614 cuttjectura
908 5552 1013 5633 haec
1040 5555 1341 5605 auctoritate
1371 5552 1693 5619 destituitur;
1725 5570 1773 5611 ct
1801 5574 1916 5612 cum
1946 5552 2096 5613 levis-

1572 304 1810 359 l‘llAXC.
1854 298 2007 354 RBG.
2040 297 2102 349 IV
2146 293 2376 349 ΡΙὶΙΜᾸὲ
2414 293 2686 349 8ΤΙΒΡ15.

530 436 613 489 vel
653 434 761 500 ipsa
804 424 1134 495 congregatio
1160 422 1299 476 omni
1331 429 1567 482 ωηιῃοιιθ
1588 454 1603 479 ,
1654 416 1850 479 absque
1880 409 2050 477 cujus-
2078 409 2125 460 Α
2155 406 2345 500 nostris
2370 406 2637 500 etﬂtuturis
2662 405 2979 500 temporibus
3001 405 3098 500 sub
3120 408 3240 500 jure
3265 415 3316 458 et
3339 407 3650 500 dominatione

2104 1734 2151 1794 Β
2176 1749 2389 1801 casione
2414 1792 2426 1812 ,
2478 1757 2567 1800 aut
2612 1748 2841 1813 qualiter
2868 1750 3154 1802 calliditate
3191 1753 3270 1803 vel
3322 1755 3457 1804 malo
3499 1753 3676 1821 ingenia

3546 300 3651 356 ﬂii

2162 492 2388 563 przcl‘ata:
2417 494 2817 547 Cenomannicaa
2847 495 3069 547 senioris
3102 496 3245 548 urbis
3276 496 3525 561 ecclesiae,
3550 513 3651 552 san-

2160 587 2545 639 ctimonialibus
2576 586 2699 637 inibi
2729 585 3039 653 degentibus
3068 597 3119 639 et
3150 587 3457 653 pauperibus
3482 603 3533 641 ac
3557 606 3653 659 per-

2162 675 2355 741 egrinis
2384 674 2721 741 stipendiarie
2750 678 3061 740 disponente
3086 686 3242 743 atque
3264 676 3521 731 ordinante
3545 693 3653 745 pra-

2164 765 2277 814 lattc
2304 764 2445 816 urbis
2468 764 2731 829 episcopo,
2756 777 2817 815 ac
2837 764 3202 817 decessoribus
3224 766 3333 817 suis
3355 775 3402 817 et
3424 767 3655 823 abbatissa:

2163 869 2316 921 quam
2349 855 2457 921 ipse
2483 854 2593 906 sive
2623 868 2956 923 successores
2982 857 3059 907 sui
3089 855 3139 907 in
3164 856 3349 909 eodem
3379 861 3657 911 monasterio

2163 941 2583 1007 constituerunt,
2636 946 2732 997 sub
2778 945 2955 1012 regula
3003 946 3232 999 existant
3284 960 3347 999 ac
3396 948 3661 1014 regulariter

2166 1035 2368 1095 vivant,
2408 1044 2461 1086 et
2490 1034 2638 1097 plena
2668 1034 2746 1086 eis
2774 1034 2951 1101 regula
2984 1046 3346 1091 conservetur.
3402 1036 3460 1088 Et
3500 1052 3575 1089 res
3610 1039 3659 1089 ad

2168 1124 2471 1189 praedictum
2513 1122 2895 1175 monasterium
2939 1124 3262 1187 pertinentes
3301 1138 3578 1186 monemus,
3621 1136 3665 1175 ut

2169 1227 2335 1278 neque
2367 1226 2461 1264 nos
2481 1251 2495 1275 ,
2545 1226 2715 1278 neque
2750 1226 3083 1267 successores
3111 1216 3273 1265 nostri
3296 1225 3321 1275 ,ι
3353 1223 3440 1265 aut
3473 1215 3667 1280 qualibet

2168 1304 2562 1371 expectantibus
2593 1305 2671 1357 vel
2702 1305 3036 1357 exactoribus
3069 1306 3267 1369 praelati
3307 1308 3444 1371 regni
3473 1306 3665 1368 auferre.

2170 1402 2257 1445 aut
2286 1393 2515 1445 alienare
2541 1407 2568 1444 a
2594 1391 2712 1459 jure
2746 1402 2799 1444 et
2832 1392 3185 1449 dominatione
3210 1393 3319 1460 jam
3349 1396 3493 1447 dicta:
3519 1398 3669 1449 matris

2169 1482 2573 1535 Cenomannica:
2602 1483 2745 1533 urbis
2774 1480 3030 1544 ecclesiae,
3056 1493 3144 1534 aut
3170 1492 3380 1549 projrter
3402 1485 3672 1538 benevolen-

2173 1573 2295 1625 tiam
2328 1574 2404 1623 vel
2437 1572 2836 1626 leviorationem
2864 1588 2959 1625 seu
2987 1574 3188 1625 servitii
3225 1572 3420 1639 pra-fati
3450 1576 3606 1627 dutnni
3631 1588 3673 1629 ct

2173 1662 2439 1727 apostolici
2471 1662 2561 1712 viri
2594 1660 2861 1727 Aigliberti
2888 1662 3122 1728 episcopi
3152 1664 3323 1729 aliqua
3352 1666 3577 1718 succedat
3602 1682 3674 1719 oc-

2175 1839 2519 1898 macltinetur,
2544 1848 2597 1888 ut
2621 1852 2649 1888 a
2673 1836 2797 1904 jugo
2823 1837 3049 1905 prarfata:
3071 1842 3311 1892 ecclesia!
3333 1856 3395 1893 ex
3418 1842 3507 1894 hac
3527 1856 3675 1896 nostra

2176 1925 2540 1978 benevolentia
2599 1927 2768 1990 ipsum
2823 1929 3247 1981 monasteriolum
3310 1928 3563 1982 auferatur
3611 1936 3677 1984 vel

2175 2015 2450 2076 alienetur,
2475 2016 2583 2067 sive
2612 2014 2787 2081 aliquo
2813 2017 2970 2069 modo
2995 2016 3367 2069 subtrahatur:
3395 2020 3482 2071 sed
3514 2022 3557 2071 iu
3581 2020 3679 2087 jure

2175 2116 2228 2161 et
2260 2116 2515 2174 potestate
2544 2122 2681 2171 smpe
2712 2108 2863 2158 dicta:
2894 2109 3075 2175 matris
3106 2108 3341 2161 ecclesia:
3380 2119 3465 2161 aut
3505 2112 3681 2175 pontdt-

2174 2213 2290 2251 cum
2324 2199 2452 2250 inibi
2484 2200 2592 2251 Deo
2625 2196 2923 2262 degentium
2973 2200 3320 2264 priest-ritibus
3347 2208 3495 2265 atque
3521 2200 3681 2251 Ιιιιιιΐίς

2176 2297 2475 2351 permaneat
2504 2286 2845 2352 temporibus,
2873 2302 3040 2353 neque
3064 2288 3240 2353 aliquo
3269 2288 3421 2342 modo
3441 2292 3681 2356 quicquam

2174 2371 2382 2423 auferre
2407 2373 2483 2421 vel
2509 2382 2779 2437 prtetertre
2803 2382 3111 2438 przrsutnat:
3142 2376 3231 2426 sed
3262 2376 3458 2440 praalati
3481 2379 3683 2443 episcopi

2176 2461 2629 2524 constitutionem,
2673 2466 2807 2513 sicut
2834 2464 2899 2514 ab
2936 2464 3027 2516 illo
3056 2466 3392 2516 constitutum
3425 2475 3474 2517 et
3502 2484 3525 2515 ει
3557 2468 3686 2517 nobis

2175 2549 2535 2601 conﬁrmatum
2565 2563 2665 2611 est,
2694 2566 2783 2615 per
2805 2552 3048 2603 diuturna
3082 2563 3315 2617 tempora
3349 2555 3688 2606 inviolabiliter

2177 2638 2227 2688 in
2271 2649 2602 2704 augmentum
2652 2652 2844 2692 sancte
2892 2642 2977 2694 Dei
3028 2642 3277 2694 Ecclesiae
3320 2652 3371 2693 ct
3414 2645 3691 2695 incunvulse

2177 2741 2357 2776 omnes
2403 2742 2551 2794 reges
2598 2738 2644 2780 et
2696 2731 2958 2795 principes
2987 2732 3065 2783 vel
3109 2740 3383 2783 exactores
3412 2732 3545 2799 regni
3590 2747 3692 2796 per-

2177 2814 2383 2875 sistere,
2412 2827 2501 2867 ant
2530 2833 2836 2882 permanere
2864 2821 2973 2871 sive
3002 2823 3284 2885 perdurare
3314 2823 3449 2873 omni
3482 2836 3693 2888 tempore

2178 2917 2501 2970 permaneat.
2559 2905 2641 2963 Et,
2673 2917 2728 2955 ut
2758 2908 2865 2956 lucc
2900 2910 3180 2973 pratceptiu
3208 2909 3409 2961 ﬁrmior
3441 2912 3691 2969 habeatur,

2180 2995 2259 3047 vel
2291 3008 2381 3060 per
2401 2995 2641 3045 diutuma
2671 3007 2904 3060 tempora
2938 3012 2962 3044 a
2993 2998 3141 3048 nobis
3166 2998 3244 3049 vel
3273 3014 3300 3048 a
3326 3001 3696 3052 successoribus

2187 3097 2375 3135 nosms
2407 3086 2455 3133 in
2486 3083 2671 3133 melius
2705 3094 3064 3147 conservetur,
3097 3088 3289 3137 noetris
3318 3086 3695 3145 subscriptioni-

2182 3172 2276 3223 bus
2306 3172 2632 3223 decrevimus
2662 3174 2931 3225 roborare.
2982 3173 3034 3224 Ιιι
3065 3173 3259 3226 Christi
3292 3178 3519 3238 nomine,
3542 3178 3698 3229 Tueu—

2183 3262 2387 3313 dericus
2411 3276 2502 3312 rex
2528 3262 2831 3323 subscripsi.
2865 3260 3195 3315 Audolredus
3219 3261 3395 3329 jussus
3417 3265 3693 3329 subscripsi.

2185 3352 2369 3403 Datum
2400 3352 2537 3417 quod
2572 3352 2688 3401 lccit
2721 3352 2933 3403 Martius
2962 3351 3074 3404 dies
3102 3366 3151 3416 v,
3193 3370 3333 3406 anno
3376 3359 3514 3423 regni
3552 3358 3699 3408 nostri

2182 3440 2257 3505 iij,
2286 3440 2589 3507 Compendii
2621 3441 2825 3505 palatio,
2860 3441 2908 3493 iit
2939 3440 3029 3494 Dei
3057 3444 3270 3497 nomine
3300 3443 3533 3497 feliciter.

2934 3551 2994 3604 ν.

2183 3642 2210 3680 δ
2257 3643 2488 3708 Diploma
2531 3657 2628 3707 quo
2687 3640 3021 3692 Theudoricus
3083 3643 3213 3693 bona
3275 3643 3494 3693 Adalriri
3548 3645 3701 3703 duris,

2251 3714 2370 3777 fisco
2424 3713 2558 3775 regio
2616 3712 2933 3773 adjudicatu,
2996 3709 3219 3761 concedit
3278 3714 3567 3763 monasterio
3623 3712 3701 3763 Be-

2250 3779 2412 3831 auensi
2461 3782 2601 3847 (anu.
2652 3778 2795 3845 ΟΠ).

2250 3865 2434 3918 Merito
2469 3864 2715 3919 beneﬁcia
2763 3880 2877 3931 quae
2909 3866 3172 3932 possident
3206 3866 3446 3919 amittere
3469 3868 3705 3928 videntur,

2182 3959 2269 4023 qui
2302 3967 2401 4007 non
2439 3956 2605 4006 solum
2638 3948 2963 4020 laigitortbus
2989 3954 3216 4020 ipsorum
3246 3956 3606 4009 beneﬁciorum
3633 3958 3705 4008 itt-

2184 4045 2313 4110 grati
2360 4043 2603 4105 existunt,
2646 4056 2819 4093 verum
2863 4043 3016 4093 etiam
3048 4042 3279 4095 inﬁdeles
3326 4046 3403 4096 eis
3436 4057 3549 4096 esse
3581 4059 3707 4094 corno

2187 4126 2489 4198 probantur.
2519 4132 2595 4185 Ad
2628 4131 2922 4198 bujustnodi
2951 4134 3105 4199 igitur
3131 4134 3427 4200 exemplum
3456 4144 3706 4201 postquam
3746 4200 3755 4205 D

2186 4222 2425 4275 omnibus
2455 4222 2761 4287 patefactum
2790 4232 2869 4273 est
2898 4222 3120 4285 qualiter
3147 4222 3423 4275 Adalricus
3450 4222 3578 4284 dux,
3614 4221 3709 4275 Deo

3687 3017 3696 3050 ι

3688 3358 3699 3408 i

3688 3684 3701 3703 .

3692 3906 3705 3928 θ

3687 4150 3755 4205 n.

3687 4239 3709 4274 Ι)

3687 4416 3709 4451 S

3687 4613 3711 4652 ιι

3687 4733 3751 4797 ι..

3698 4841 3713 4867 Ι

3687 4882 3759 4956 μ,

3687 4976 3713 5057 .;

3687 5152 3715 5192 ε

3687 5310 3757 5395 .;.

3687 5424 3743 5491 ῐοη

3687 5493 3718 5531 Ὁ

2194 4408 2283 4457 siis
2317 4402 2651 4465 consociavit,
2686 4411 2739 4453 ut
2776 4400 3050 4453 adversum
3090 4412 3184 4451 nos
3223 4410 3276 4453 et
3310 4411 3515 4453 nostros
3550 4401 3709 4455 ﬁdeles

2188 4537 2317 4589 siina
2350 4537 2475 4588 tides
2503 4535 2681 4589 deberi
2710 4532 2947 4585 videatur
2976 4530 3119 4582 Actis
3155 4530 3526 4595 episcoporum
3553 4533 3706 4584 Ceno-

2193 4606 2513 4656 tnancnsinttt
2563 4606 2694 4654 inter
2722 4602 2969 4653 Analecta
3009 4598 3291 4650 Mobillunii
3335 4600 3588 4667 vulgatis,
3625 4600 3711 4653 hoc

2190 4674 2411 4735 diploma
2441 4673 2659 4723 sinceris
2689 4685 2787 4720 non
2818 4681 3242 4735 annumeremus.
3556 4732 3567 4735 _
3652 4672 3668 4698 ι

2260 4741 2285 4777 ιι
2324 4740 2501 4792 Exstat
2535 4742 2582 4791 in
2621 4738 2876 4789 Chronico
2901 4736 3161 4794 besuensi,
3182 4734 3416 4787 Dacherii
3440 4732 3608 4802 Spicil.
3630 4733 3711 4797 t.l,
3742 4774 3751 4781 .

2192 4824 2305 4874 pag.
2339 4809 2429 4861 501
2466 4827 2478 4870 ;
2507 4823 2739 4861 ιτα-ευευιιι
2770 4822 2798 4857 a
2844 4806 3066 4874 (Σιιὶιιιίιιἓ
3095 4805 3229 4855 Λιιιι.
3263 4815 3301 4874 ι.
3333 4805 3416 4862 lll,
3448 4819 3563 4874 pag.
3587 4803 3713 4874 775,

2192 4872 2509 4941 Bcl'tltulcltt,
2536 4878 2665 4927 llist.
2695 4873 2938 4925 Luxemli.
2966 4880 3004 4922 t.
3033 4872 3091 4932 ll,
3117 4887 3230 4939 pag.
3253 4872 3340 4929 ‘20,
3368 4884 3419 4941 et
3444 4873 3493 4923 in
3519 4883 3533 4918 t
3556 4873 3713 4941 ollect.
3752 4888 3759 4893 ·

2190 4937 2505 5013 Scriptorum
2536 4957 2705 5013 rerum
2742 4937 3126 5013 Fri‘ncicarunt,
3163 4937 3290 5013 tum.
3330 4940 3421 5013 ιν.
3466 4937 3712 5013 pag.6_?t7.
3744 4968 3757 4985 ι

2195 5006 2343 5064 llic-4
2369 5012 2685 5077 Septembris
2726 5009 2845 5059 an'ui
2892 5007 3115 5077 {regni
3162 5008 3475 5077 'llteodorici
3527 5006 3595 5077 Illi
3617 5006 3713 5074 jam

2190 5083 2424 5145 εχριιιιιιε
2444 5076 2560 5131 erat
2588 5094 2755 5129 annus
2780 5078 2902 5128 Chr.
2926 5076 3047 5133 67o,
3076 5077 3117 5124 si
3150 5076 3418 5145 eanrdium
3461 5076 3607 5145 regni
3628 5077 3714 5126 lto-

2188 5144 2269 5215 jus
2303 5151 2368 5199 ab
2409 5150 2616 5199 ineunte
2661 5161 2836 5200 mense
2881 5144 3171 5215 Scptcttthri
3217 5154 3537 5215 repetamus.

2194 5209 2311 5270 ante
2350 5219 2499 5282 hujus
2534 5216 2726 5266 mensis
2753 5217 2886 5263 dicm
2921 5214 2982 5262 12
3008 5209 3210 5282 occisos
3254 5210 3745 5282 fni_t_Childc_ri_tos,;

2192 5302 2219 5337 a
2247 5285 2393 5349 cujus
2416 5272 2585 5335 inorte
2609 5284 2969 5349 computantur
2994 5278 3113 5349 anni
3146 5280 3287 5342 regni
3311 5278 3618 5349 Theodorici
3638 5276 3716 5329 Ill.
3742 5272 3755 5325 ἒ

2198 5344 2325 5406 Vide
2366 5350 2699 5416 Longueruaei
2742 5347 2966 5416 Annales
3013 5345 3348 5416 Francorum.
3380 5344 3716 5416 Suﬂngaotor
3742 5382 3757 5393 ι

2194 5424 2442 5481 Cuintius,
2477 5413 2563 5469 ilbi
2592 5430 2765 5483 supra,
2804 5425 2856 5467 et
2884 5413 3227 5473 Mabillonius,
3247 5415 3443 5483 annal.
3475 5424 3513 5465 I.
3540 5415 3583 5483 7|.
3611 5424 3715 5480 pag.

2197 5490 2316 5550 537,
2344 5480 2437 5547 oui
2461 5480 2685 5541 diploma
2718 5485 2781 5537 de
2808 5498 2910 5551 quo
2946 5483 3143 5548 agimus
3179 5480 3440 5535 collocant
3473 5482 3569 5537 sub
3596 5488 3743 5535 amt

2198 5560 2316 5610 677.
