3796 6366
125 493 255 548 1345

609 482 1015 549 ῡιιιιυωΑτΑ.
1055 521 1124 532 -
1162 491 1577 548 TllEODORlCl
1620 490 1648 543 ι]

1746 489 2000 547 ECCLES.
2044 494 2127 547 ET
2167 494 2458 548 MONAST.
2501 495 2857 551 PllA'ZCEI’T.

3176 498 3310 552 15'26

110 605 302 656 scelera
339 618 456 665 sua,
491 603 535 655 si
564 602 807 656 dominus
838 602 977 657 Deus
1002 602 1349 671 permisisset,
1387 601 1655 656 cxercuis-
1685 604 1732 659 Α
1761 599 2066 667 doherctbo,
2098 605 2359 671 quondam
2407 605 2459 659 in
2488 607 2795 663 concantbio
2821 607 2887 661 de
2930 610 3174 675 homcne,
3207 629 3301 665 nu-

112 702 201 755 sct,
232 708 351 755 nos,
388 700 599 760 propter
624 692 795 759 ipsum
825 691 1048 755 facinus,
1090 706 1275 746 omnes
1311 705 1397 746 res
1424 704 1547 746 suas
1588 690 1657 744 ad

112 792 336 835 nostrum
375 782 555 834 iiscum
578 779 832 849 iussimus
862 780 1119 835 revocari.
1151 781 1442 849 Cognoscat
1482 780 1658 847 itaque

112 872 341 924 utilitatis
410 882 594 923 vestra:
648 870 951 940 magnitudo
1007 872 1148 939 quod
1203 886 1289 926 res
1358 871 1655 925 nominatas

113 960 451 1023 liscafeliuis,
498 974 597 1013 una
639 974 758 1012 cum
803 957 1119 1027 appenditiis
1161 960 1273 1013 suis
1317 970 1371 1013 et
1411 959 1657 1027 adjacen-

111 1052 211 1113 tiis,
237 1058 290 1103 et
327 1063 446 1103 cum
492 1048 727 1101 colonica
766 1048 1042 1111 Trevario,
1090 1057 1144 1103 et
1188 1048 1429 1117 quicquid
1473 1063 1655 1115 supra-

106 1143 265 1196 dictus
303 1140 575 1194 Adalricus
601 1140 669 1193 de
712 1138 947 1206 quolibet
982 1139 1218 1195 adtracto
1256 1141 1447 1195 ibidem
1492 1141 1655 1194 tenuit

107 1230 174 1280 vel
201 1228 452 1295 possedit.
473 1228 522 1281 ei
552 1228 870 1282 monasterio
897 1226 1038 1297 quod
1065 1228 1357 1297 appellatur
1386 1227 1659 1282 FonsoBe-

106 1332 222 1379 sua.
253 1317 394 1385 quod
432 1328 511 1370 est
550 1317 601 1370 in
648 1318 848 1370 honore
890 1316 1058 1371 sancti
1105 1316 1245 1371 Petri
1284 1327 1337 1371 et
1379 1315 1547 1380 Pauli,
1594 1330 1657 1369 ac

104 1416 387 1467 ceterorum
427 1415 727 1458 sanctorum
770 1412 1156 1467 constructum,
1207 1403 1294 1457 ubi
1338 1403 1655 1457 venerabilis

105 1498 172 1547 vir
198 1492 538 1548 Waldalenus
568 1508 794 1562 praeesse
822 1493 1168 1560 dignoscitur,
1194 1493 1347 1562 plena
1369 1502 1424 1546 et
1452 1494 1656 1560 integra

103 1587 254 1654 gratia
301 1594 466 1640 totum
508 1601 603 1640 nos
647 1588 993 1642 concessisse.
1034 1584 1367 1652 Quapropter
1416 1598 1506 1650 per
1554 1583 1656 1636 hoc

105 1686 333 1738 nostrum
390 1686 711 1744 praeceptum
780 1676 1113 1730 decernimus
1165 1674 1547 1737 ordinandum,
1600 1682 1655 1726 et

104 1769 149 1817 in
194 1774 498 1833 perpetuum
544 1767 784 1817 volumus
824 1778 941 1819 esse
984 1776 1317 1825 mansurum,
1361 1770 1418 1814 ut
1463 1774 1657 1815 memo-

102 1867 235 1909 ratus
270 1858 437 1908 abbas
474 1854 816 1908 Waldalenus
863 1854 1114 1922 pradicto
1159 1854 1478 1906 monasterio
1510 1852 1649 1906 Fon-

1756 703 1907 743 mene
1950 691 2135 759 Eligio,
2174 704 2423 749 nuscetur
2467 697 2737 767 recipisse,
2786 699 2869 753 vel
2913 700 2980 753 de
3025 711 3311 769 conparato

1756 777 1947 833 ibidem
2006 781 2202 847 habuit,
2256 786 2566 842 venerabele
2608 789 2718 842 viro
2774 787 3042 844 Cbainonc
3083 790 3308 847 diacono

1754 868 1894 934 plina
1958 877 2013 923 et
2063 871 2263 940 integra
2324 877 2500 941 gracia
2559 878 2655 931 visi
2705 879 2913 932 luemus
2957 883 3303 936 concessisse.

1755 953 2083 1031 Quapropter
2122 972 2216 1025 per
2262 962 2397 1015 hunc
2447 974 2783 1031 prarceptum,
2811 968 3089 1033 specialius
3116 969 3307 1023 decer-

1757 1057 1941 1100 nemus
1995 1046 2376 1115 ordenandum,
2417 1052 2556 1119 quod
2608 1054 2659 1105 in
2705 1064 3009 1122 perpetuum
3067 1057 3306 1111 volemus

1753 1146 1873 1187 esse
1914 1150 2235 1202 mansurum,
2288 1150 2342 1193 ut
2381 1143 2674 1196 antedictus
2716 1145 2935 1210 Cbaino,
2983 1148 3177 1213 absque
3212 1161 3304 1200 ve-

1755 1232 1863 1276 stra
1923 1234 2014 1277 aut
2066 1228 2345 1293 cujuslibet
2392 1233 2818 1297 contrariaetate,
2867 1248 2931 1287 ex
2994 1244 3175 1288 nostra
3225 1236 3303 1287 iii-

1752 1309 2023 1379 dulgencia
2052 1312 2194 1380 ipsus
2221 1318 2501 1371 mansellus
2526 1320 2574 1371 in
2601 1322 2951 1388 suprascripta
2995 1322 3131 1385 loca,
3173 1324 3311 1377 sicut

1760 1400 2001 1463 superius
2039 1412 2119 1454 est
2152 1400 2439 1468 insertum,
2470 1404 2717 1473 quicquid
2762 1407 2875 1472 ipsa
2918 1408 3075 1462 Decta
3095 1411 3161 1464 de
3186 1426 3310 1465 con-

1754 1492 1923 1545 camio
1958 1491 2036 1546 vel
2066 1493 2131 1547 dc
2155 1494 2496 1560 conparatho,
2528 1506 2618 1549 aut
2654 1497 2719 1550 de
2764 1498 2994 1564 qualibet
3034 1510 3308 1555 contracto

1754 1590 2002 1633 nuscetur
2027 1581 2275 1637 habuisse
2305 1586 2387 1637 vel
2433 1585 2782 1651 possedissae,
2826 1588 2924 1643 hoc
2946 1589 3010 1642 ad
3045 1589 3304 1659 integrum

1753 1680 1870 1719 cum
1916 1670 2231 1735 quibuslibet
2276 1672 2545 1728 beneficiis
2598 1675 2772 1729 habiat
2800 1691 3104 1733 concessum
3140 1680 3310 1749 adque

1753 1755 2028 1821 indultum,
2056 1760 2138 1812 vel
2168 1761 2219 1813 in
2246 1775 2339 1816 sua
2365 1762 2740 1819 domenacione
2763 1769 2861 1820 hoc
2888 1768 3048 1823 libere
3076 1771 3311 1838 recipere

1755 1845 1819 1898 ad
1853 1846 2253 1913 possedendum;
2284 1860 2337 1903 et
2364 1853 2606 1919 quicquid
2633 1854 2820 1910 exinde
2856 1856 3028 1911 facere
3062 1858 3307 1921 voluerit.

100 1945 368 1998 “5.3%,”,
413 1959 495 1997 res
536 1945 834 2009 jamdiu”,
863 1914 971 1997 ξω,
1000 1958 1119 1998 cum
1161 1942 1417 2004 adiﬁciis,
1445 1943 1647 1995 manci-
1679 1914 1727 1973 Β
1753 1933 1973 1987 liberam
2000 1935 2052 1987 in
2082 1937 2338 1991 omnebus
2363 1952 2479 1990 cum
2512 1938 2601 1993 Dei
2638 1950 2691 1993 et
2727 1952 2902 1995 nostra
2929 1946 3101 2010 gracia
3133 1946 3308 1999 habiat

102 2036 212 2101 piis,
239 2034 539 2096 accolabus,
572 2034 724 2087 terris
761 2041 816 2086 et
848 2032 1033 2101 pratis,
1062 2032 1231 2098 silvis,
1250 2032 1479 2100 pascuis,
1502 2032 1649 2099 aquis

98 2136 450 2189 aquarumque
484 2120 812 2184 decursibus,
842 2120 1247 2187 accessibusque
1282 2118 1543 2185 omnibus,
1568 2117 1648 2172 vel

100 2214 307 2275 reliquis
363 2210 778 2278 quibuscumque
838 2207 1137 2273 beneﬁciis,
1183 2220 1304 2261 cum
1352 2208 1496 2260 omni
1552 2220 1649 2261 usu

98 2302 399 2363 fructuaria,
428 2316 490 2353 ex
525 2309 716 2354 nostra
747 2297 997 2368 largitatis
1024 2312 1243 2352 munere
1278 2296 1649 2364 perpetualiter

98 2393 311 2459 recipiat
356 2392 716 2459 possidendas.
768 2390 853 2455 Et,
887 2398 945 2443 ut
983 2389 1094 2443 haec
1141 2389 1420 2457 pmceptio
1454 2388 1649 2442 Iirrnior

100 2486 367 2547 habeatur,
399 2496 451 2538 et
478 2482 664 2537 futuris
694 2483 1014 2549 temporibus
1052 2480 1357 2535 inconvulse
1386 2489 1644 2545 teneatur,

95 2588 276 2626 manus
316 2584 509 2626 nostra:
538 2572 1015 2640 subscriptionilins
1042 2585 1159 2624 eam
1197 2570 1524 2624 decrevimus
1562 2585 1647 2623 ro-

94 2666 299 2717 borare.
366 2664 581 2731 Signum
639 2664 948 2717 Theoderici
1011 2666 1165 2733 regis.
1232 2663 1416 2716 Datum
1467 2678 1647 2717 mense

87 2753 418 2819 Septembri,
468 2754 553 2807 die
593 2754 675 2819 iv,
720 2768 859 2807 anno
918 2754 967 2807 iv
1013 2763 1267 2822 regnante
1316 2750 1644 2806 Theoderico

89 2856 231 2909 rege.

843 2932 940 2986 Vl.

86 3048 110 3073 ⁸
168 3038 408 3104 Diploma
454 3056 548 3106 quo
602 3040 941 3112 Theodericus
991 3042 1125 3112 dono
1160 3042 1349 3112 confert
1394 3040 1642 3096 Cliainoni

569 3110 783 3161 diacmto
831 3111 973 3177 (amt.
1006 3109 1155 3177 677).

1751 2031 2081 2088 potestatem.
2124 2024 2207 2089 Et,
2248 2034 2303 2078 ut
2342 2026 2471 2080 haec
2506 2029 2786 2082 auctoritas
2827 2032 3109 2086 ﬁrmiorem
3150 2034 3306 2088 oble-

1751 2108 1923 2164 niatur
1959 2111 2210 2180 vigorem,
2242 2128 2424 2168 manus
2463 2120 2625 2171 nostri
2667 2119 3147 2194 subscriptionebus
3185 2138 3300 2177 eam

1749 2200 2255 2269 snpterdecrivemus
2295 2202 2562 2259 roborare.
2613 2206 2653 2274 1-
2718 2208 2771 2260 In
2819 2209 3009 2263 Christi
3056 2225 3301 2273 nomene,

1749 2286 2104 2342 Theudericus
2127 2304 2217 2343 rex
2241 2290 2547 2359 subscripsi.
2606 2290 2948 2349 Droctoaldus
2989 2296 3169 2364 jussus
3211 2316 3303 2365 op-

1750 2375 1867 2429 luit.

1817 2461 1999 2517 Datum
2022 2464 2157 2532 quod
2186 2462 2291 2520 ﬁcit
2312 2466 2493 2521 minsis
2516 2468 2821 2534 September
2842 2472 2954 2525 dies
2980 2471 3071 2541 xij,
3102 2474 3130 2512 δ
3161 2489 3300 2527 anno

1750 2564 1780 2599 v
1812 2553 1941 2621 rigui
1970 2555 2156 2617 nostri,
2192 2555 2432 2620 Marlaco,
2464 2558 2517 2611 in
2548 2556 2636 2612 Dei
2667 2560 2875 2614 nomine
2922 2561 3137 2616 feliciter

1994 2644 2012 2692 l
2024 2642 2118 2697 Hic
2140 2646 2191 2698 in
2212 2646 2478 2716 archetypo
2505 2648 2660 2717 sigilli
2684 2650 3067 2722 fragmentum.)

2471 2755 2577 2811 VII.

1749 2839 1770 2865 ε
1796 2824 2032 2907 Diplgrna
2057 2846 2153 2907 quo
2174 2830 2515 2907 Theodotius
2538 2836 2761 2907 concedit
2779 2836 3085 2899 Chromfino,
3109 2844 3301 2907 episco-

1815 2912 1881 2962 po
1910 2894 2282 2973 Ειινιιίιυῃιηειὶ.Δ
2307 2901 2359 2973 in
2390 2902 2584 2969 synodo
2616 2905 2856 2969 deposito,
2900 2894 3185 2973 facultatem
3220 2926 3300 2965 res

1814 2980 1932 3018 suos
1959 2977 2069 3034 post
2096 2970 2496 3037 degradationent
2524 2972 2770 3027 retinendi
2799 2970 2942 3045 (ann.
2970 2976 3117 3047 677).

1813 3095 2201 3164 Theudericns,
2266 3115 2355 3153 rex
2410 3100 2760 3171 Francorum,
2808 3106 2933 3161 viris
2978 3109 3295 3166 inlustrebns

151 3194 541 3261 τικυδετίευε,
582 3210 672 3250 rex
724 3171 1063 3261 ancorum’
1110 3171 1197 3249 ’νίν
1244 3196 1487 3253 inlusi".
1531 3198 1640 3253 ne.
1668 3171 1718 3237 C
1748 3185 2118 3240 Audoberctho
2143 3198 2208 3241 et
2238 3188 2426 3255 liocco,
2463 3190 2655 3245 nostris
2685 3194 2934 3261 patriciis,
2965 3208 3016 3251 et
3044 3201 3297 3253 omneluis

84 3284 186 3334 rito
241 3282 320 3336 illi
389 3284 551 3337 nostri
609 3284 853 3350 jovamcn
910 3284 993 3338 vel
1047 3284 1411 3339 consolacione
1478 3287 1644 3353 perci-

78 3380 265 3438 peuut,
305 3373 393 3439 qui
434 3386 553 3439 erga
594 3372 786 3426 nostris
844 3373 1077 3439 partibus
1119 3373 1276 3427 fidilis
1317 3388 1436 3429 esse
1492 3377 1639 3430 inve-

77 3462 317 3512 tiiuntur.
389 3459 597 3527 ldioque
636 3470 918 3529 cognoscat
962 3461 1275 3529 magnetudo
1313 3476 1405 3516 seu
1450 3463 1644 3518 utilitas

73 3561 250 3600 Vestra
299 3549 441 3617 quod
490 3566 586 3604 nus
639 3551 923 3605 manselltis
975 3552 1163 3616 alicus,
1197 3551 1247 3605 in
1294 3551 1407 3605 loca
1448 3565 1641 3608 nonco-

72 3637 249 3697 pantis
280 3636 552 3699 Saocitlio,
582 3637 903 3692 Munteccllis
933 3653 1024 3693 seu
1058 3647 1114 3692 et
1151 3638 1351 3703 Abniti,
1384 3639 1469 3693 ubi
1500 3639 1639 3695 Saxo

64 3738 261 3778 servos
290 3725 612 3781 commanire
640 3726 853 3792 viditur,
878 3741 1033 3794 quem
1062 3726 1241 3791 Decta,
1270 3726 1448 3780 relicta
1474 3725 1641 3783 Chro-

131 3883 158 3909 δ
197 3869 479 3940 Vulgatum
508 3890 536 3927 a
562 3874 879 3938 Mabillonio,
917 3876 982 3929 de
1011 3876 1087 3928 Rc
1114 3875 1241 3941 dipl.
1271 3891 1386 3943 pag.
1416 3877 1539 3941 469,
1571 3894 1635 3933 ex

54 3945 431 4007 aulo-grapho;
459 3959 699 3997 recusum
724 3959 751 3994 a
776 3944 1066 4005 Felibiano.
1093 3946 1223 3998 liist.
1247 3947 1368 3999 abb.
1395 3948 1430 3998 S
1458 3947 1633 4010 Dion.,

56 4010 220 4081 prob.
254 4026 379 4078 pag.
408 4016 542 4081 θείῃ
569 4014 620 4064 in
645 4013 869 4081 Collect.
894 4014 1135 4081 scriptor.
1168 4028 1340 4081 rerum
1370 4014 1630 4079 Francic.,

52 4088 89 4149 t.
118 4078 231 4149 ilV,
282 4094 404 4145 pag.
446 4079 568 4143 638,
621 4081 708 4145 qui
749 4080 875 4135 illud
918 4078 1015 4148 pro
1050 4080 1280 4149 legitimo
1317 4078 1629 4136 habuerunt.

52 4147 280 4219 lLditnin
321 4163 394 4219 ex
433 4149 727 4219 Mabillonio
762 4165 788 4219 εξ
819 4147 1125 4212 Germonio,
1150 4150 1215 4202 de
1254 4159 1356 4203 vet.
1396 4166 1486 4219 reg
1540 4150 1630 4205 Fr.

50 4214 195 4287 Dipt.
237 4224 281 4265 t.
311 4216 358 4289 ρ,
385 4231 502 4282 pag.
533 4218 620 4280 79,
652 4220 737 4284 qui
776 4217 941 4289 ipsius
973 4219 1325 4289 sinceritatem
1368 4214 1632 4289 impugna-

50 4286 121 4332 ιη
155 4290 265 4353 {et
309 4283 496 4353 iterum
533 4289 598 4336 ab
628 4283 840 4340 auctore
862 4288 1100 4340 Historia:
1134 4283 1541 4353 disputationum
1565 4289 1631 4343 de

45 4366 106 4400 re
136 4350 517 4424 diplomatica‘,
544 4367 656 4424 pag.
679 4355 808 4424 A157,
829 4356 916 4424 qui
946 4350 1251 4424 argumenta
1280 4356 1630 4424 inutramque

45 4368 106 4400 re
136 4368 517 4414 uipiomauca,
544 4368 656 4419 pag.
678 4368 808 4429 sai,
829 4368 916 4475 qui
946 4368 1251 4432 argumenta
1280 4372 1329 4406 ιιι
1361 4368 1630 4424 utramque

43 4429 265 4490 partem
296 4419 565 4490 expendit.
592 4421 810 4475 Unicum
858 4424 956 4476 a’si
977 4423 1225 4477 indicmm
1251 4423 1380 4490 petit
1407 4424 1632 4477 Gentio-

1745 3272 1914 3339 ducis,
1958 3289 2050 3327 seu
2092 3278 2399 3342 comitebus,
2442 3278 2522 3333 vel
2566 3282 2842 3335 actorebus
2885 3282 3122 3350 publicis.
3165 3276 3291 3341 Duin

1741 3370 1798 3415 et
1825 3361 2094 3431 episcopos
2120 3363 2185 3417 de
2223 3363 2366 3433 rigua
2404 3375 2602 3431 nostra,
2644 3379 2748 3421 tam
2786 3369 2853 3424 de
2893 3370 3101 3426 Niuster
3137 3390 3293 3441 quani

1742 3457 1797 3502 et
1822 3448 1888 3503 de
1911 3449 2227 3520 Burgundia,
2258 3466 2351 3519 pro
2372 3461 2511 3506 statu
2532 3456 2803 3510 aecclisiae
2828 3456 2908 3510 vel
2932 3460 3290 3535 confirmacio-
3343 3479 3346 3482 ’

1742 3552 1811 3592 ne
1846 3540 1987 3607 pacis
2012 3539 2077 3591 ad
2126 3549 2305 3593 nostro
2353 3540 2553 3607 paiacio
2598 3542 2820 3597 Marlaco
2866 3545 2983 3599 villa
3023 3548 3291 3616 jussemus

1740 3624 2019 3693 advenire,
2062 3638 2115 3680 et
2137 3627 2297 3695 aliqui
2330 3644 2391 3683 ex
2427 3631 2572 3698 ipsis,
2600 3631 2687 3701 qui
2717 3633 2768 3686 in
2792 3635 3087 3693 inlidilitate
3112 3651 3287 3694 nostra

1742 3715 1945 3770 fuerant
1973 3718 2187 3781 inventi,
2224 3732 2312 3786 per
2339 3733 2519 3773 eorum
2560 3724 2814 3776 cantionis
2848 3722 3045 3779 fuirunt
3070 3726 3285 3795 judcca-

1811 3877 1832 3904 c
1865 3866 2103 3945 \luigavit
2131 3883 2191 3921 ex
2217 3869 2536 3945 autographo
2556 3870 2903 3945 Habillonius,
2929 3875 2995 3929 dc
3027 3876 3101 3931 Re
3130 3878 3283 3945 dipl.,

1738 3949 1855 4008 pag.
1878 3934 1997 3995 469.
2026 3946 2092 4008 ξε
2104 3934 2544 4008 specimenlnijus
2578 3940 2668 3992 seri
2707 3934 3035 3996 incidendum
3065 3934 3286 4008 cura-vit:

1738 3999 1863 4083 ibid.
1888 4017 2010 4083 pag.
2030 3999 2151 4083 5_8l.
2178 4005 2252 4083 E_x
2283 3999 2581 4083 Mabilliuiio
2601 4008 2931 4083 Scribonius,
2954 4013 3022 4064 de
3046 4026 3147 4067 vet.
3174 3999 3283 4083 reg:

1738 4020 1863 4055 iniu.
1888 4020 2005 4124 pag.
2030 4020 2151 4057 οδε.
2178 4020 2252 4055 ω
2283 4020 2581 4064 manttttinlo
2601 4020 2931 4072 Uerinontus,
2954 4020 3022 4064 de
3046 4026 3147 4067 vet.
3174 4030 3281 4083 reg.

1737 4069 1921 4127 Franc.
1946 4072 2171 4150 _ip|.,.t.
2201 4072 2240 4133 Ι.
2263 4089 2379 4141 pag.
2406 4074 2529 4150 δορε
2558 4087 2611 4129 et
2630 4078 2948 4150 Collectores
2968 4083 3281 4147 scriptorum

1736 4154 1907 4212 rerum
1946 4139 2418 4212 Fraticicarnin,'_t.
2464 4142 2580 4212 IV,7
2597 4159 2711 4212 pag.
2765 4147 2887 4208 658,
2945 4139 3277 4206 recudcrunt.

1735 4207 1837 4260 Nos
1874 4224 2080 4275 quoque
2120 4211 2184 4259 ad
2229 4209 2508 4264 Mabillonii
2558 4207 2712 4265 ﬁdem
2754 4207 2882 4268 illud
2928 4218 3011 4271 hic
3052 4221 3282 4274 edimus.

1734 4274 1835 4355 Pro
1854 4274 2030 4342 spurio
2054 4278 2353 4355 lianbendutn
2374 4279 2955 4355 diploma‘gernwnius,
2985 4285 3070 4341 ubi
3098 4304 3278 4355 supra,

1735 4353 1773 4397 i.
1815 4345 1853 4409 I,
1903 4359 2019 4409 pag.
2072 4345 2190 4406 iss,
2230 4355 2267 4399 t.
2314 4347 2375 4407 ll.
2427 4363 2541 4413 tiag.
2592 4349 2716 4411 255,
2766 4345 3282 4411 coritctidit:coiitr.i

1732 4413 2070 4467 Germoniuin
2103 4413 2431 4467 instrumcnti
2460 4419 2813 4470 sinceritatem
2844 4430 3017 4474 tuetur
3044 4414 3284 4477 Mabillo-

39 4487 169 4539 nius
216 4502 295 4540 ex
338 4481 629 4554 frequentia
658 4504 841 4542 vocum
874 4493 1213 4545 barbararum
1242 4481 1294 4543 ἐι
1318 4493 1628 4546 solmcaruni

1746 4482 1872 4554 ilius,
1909 4481 2043 4547 Dipl.
2075 4483 2271 4554 suppl._,
2314 4492 2427 4550 psg.
2468 4484 2556 4554 25,
2582 4487 2662 4538 cui
2703 4487 3042 4552 Fontaninus,
3069 4492 3281 4547 .Yindic.

38 4556 422 4631 locutionum,
451 4559 655 4631 quibus
669 4569 834 4631 totum
880 4560 976 4613 hoc
1011 4564 1412 4631 instruitientnin
1442 4569 1628 4631 suntet.

1734 4550 1950 4627 diplom.
1996 4564 2118 4627 pag.
2344 4552 2674 4627 astipulatur.
2704 4550 3050 4627 __Gei'monius
3102 4562 3282 4627 objicit

1731 4618 2164 4694 subscriptionem
2196 4619 2505 4694 :l‘beodorici
2536 4622 2655 4694 huic
2684 4624 2950 4694 diplomati
2989 4618 3277 4694 subjectain

1684 4726 1693 4733 ,
1731 4687 2028 4762 discrepare
2053 4702 2094 4762 _a
2134 4687 2517 4762 subscriptione
2554 4687 2787 4762 ejusdem
2839 4694 3000 4762 regis,
3042 4687 3280 4762 apposita

35 4624 615 4695 iject‘ioneitidiluit
642 4627 988 4689 Mabillonius,
1014 4629 1199 4695 Suppl.
1226 4629 1356 4693 dipl.
1381 4643 1497 4695 pag.
1528 4630 1628 4694 i3;

36 4645 615 4703 twjecuoiienrunutt
642 4645 988 4689 stanutotnus,
1014 4645 1199 4695 buppt.
1226 4645 1356 4693 utpt.
1381 4645 1497 4749 pag.
1528 4645 1628 4694 10;

36 4708 152 4743 into
206 4692 861 4764 Eontamnus,Vindici;e
900 4698 1049 4764 dipl.,
1102 4710 1219 4763 pag.
1274 4698 1393 4758 H6,
1473 4713 1500 4750 e
1533 4696 1632 4751 hoc

34 4776 160 4825 ipso
205 4761 513 4824 diplomate
549 4763 833 4826 disserens,
878 4761 1074 4817 diserte
1105 4761 1293 4817 astruit
1332 4765 1628 4818 barbariem

34 4836 369 4899 iturarum
420 4831 573 4893 huius
608 4832 728 4892 aevi,
778 4833 968 4886 nedum
1021 4834 1086 4886 de
1132 4832 1363 4899 ipsarum
1408 4833 1632 4888 falsitate

28 4898 425 4961 suspicionem
477 4900 713 4964 ingerat,
756 4901 1111 4955 sinceritatem
1156 4898 1334 4966 potius
1383 4902 1628 4965 prodere.

30 4968 121 5015 Sic
158 4978 219 5018 et
258 4965 546 5026 Baronius,
578 4967 660 5018 cui
704 4966 772 5019 ob
800 4969 894 5019 hos
924 4985 1098 5023 nasvos
1126 4970 1431 5022 videbantur
1472 4983 1629 5023 vene—

30 5036 258 5093 rabilia,
298 5036 349 5084 si
389 5035 468 5085 fas
496 5045 576 5085 est
604 5035 797 5096 dicere,
835 5046 1012 5087 vetera
1044 5038 1384 5090 instrumenta
1412 5054 1424 5099 ;
1475 5038 1541 5088 ita
1573 5048 1629 5090 ut

26 5122 75 5149 lli
123 5106 274 5168 ipsas
312 5100 536 5173 edendis
576 5103 847 5173 retinenda
882 5105 1191 5173 admoneret
1228 5109 1410 5158 menda
1453 5104 1628 5173 hujus-

24 5172 208 5233 modi,
278 5171 443 5236 quasi
501 5172 735 5224 veritatis
791 5171 1003 5225 n‘iiuitne
1070 5172 1252 5225 fucata:
1310 5171 1625 5225 testimonia.

22 5250 243 5289 contra
293 5238 495 5307 institit
526 5238 855 5301 Germonins,
882 5240 951 5291 de
978 5251 1081 5292 vet.
1116 5256 1224 5307 reg.
1254 5242 1439 5293 Frauc.
1468 5240 1624 5305 Dipl.,

22 5324 55 5359 I,
95 5311 167 5371 ll,
199 5320 344 5373 pag.
375 5302 463 5375 5:5,
486 5317 539 5358 et
574 5318 613 5359 t.
644 5308 703 5361 lli
733 5310 945 5375 passim,
983 5310 1073 5361 sed
1110 5302 1250 5361 in‘eo
1284 5310 1470 5362 frustra
1511 5302 1625 5362 fuit.

20 5383 346 5430 Lectiones
374 5374 661 5427 Ilabiilonii
683 5374 971 5443 sequimur.

96 5450 125 5484 ὃ
161 5442 685 5511 chiummensem
706 5442 1063 5511 Septembrem
1086 5445 1204 5496 anni
1227 5444 1259 5496 5
1286 5443 1428 5510 regni
1459 5443 1627 5497 Theo-

16 5514 205 5567 νίαδτίοί
242 5512 323 5565 Ill
358 5509 757 5578 adjudicanduin
779 5509 921 5565 anno
942 5514 1067 5567 Chr.
1095 5514 1194 5566 677
1220 5509 1626 5566 ιηοιιὲιηῦηηυς

20 5606 67 5631 ιιι
122 5582 292 5633 notis
352 5581 419 5630 ad
469 5580 693 5645 diploma
731 5582 869 5647 quod
912 5585 1145 5645 proxime
1190 5583 1460 5649 sequitur;
1501 5597 1626 5648 ergo

14 5654 212 5703 ι-μιεω
250 5663 413 5698 anno
443 5648 776 5719 tribuendum
807 5650 1009 5719 videtur
1038 5648 1274 5716 diploma
1298 5652 1361 5704 de
1388 5668 1490 5719 quo
1515 5654 1624 5719 agi-

16 5738 166 5784 mus,
208 5719 335 5770 hoc
362 5717 546 5769 eodem
574 5734 774 5774 mense.
803 5719 884 5771 die
923 5718 1004 5781 i=2,
1028 5720 1297 5771 eruissuin.

1729 4755 1997 4824 diploinati
2025 4754 2099 4824 _d_e
2137 4754 2424 4820 Latiniaco,
2455 4760 2590 4824 quod
2630 4774 2726 4812 suo
2754 4754 2937 4814 ordine
2966 4754 3099 4815 infra
3114 4754 3279 4818 'exlii-

1732 4823 1984 4876 bebimus.
2022 4820 2429 4890 Discrepantiatn
2468 4820 2639 4878 autem
2680 4841 2780 4879 non
2818 4830 3025 4883 aliunde
3063 4831 3280 4885 Ceitno-

1730 4893 1845 4966 nius
1882 4892 2074 4966 arguit,
2114 4906 2379 4966 quarries
2415 4893 2546 4966 ipsis
2581 4895 2953 4966 spccitninibus
3007 4909 3278 4966 utriusque

1729 4960 2057 5035 instrumenti
2096 4961 2464 5035 akhlabillonio
2515 4960 2621 5035 afri;
2652 4963 2851 5035 incisis,
2893 4965 2959 5017 de
3001 4965 3079 5019 lie
3124 4960 3274 5035 dipl.,

1728 5042 1848 5096 pag.
1879 5028 1983 5080 579
2013 5038 2066 5081 et
2094 5028 2217 5100 380.
2252 5028 2350 5100 llis
2372 5042 2495 5081 vero
2532 5030 2809 5100 diligenter
2840 5032 3107 5100 inspectis,
3149 5028 3275 5089 late;

1727 5113 1846 5149 mur
1873 5111 1970 5149 nos
2014 5112 2115 5165 non
2144 5096 2296 5147 aliam
2340 5097 2478 5149 inter
2522 5096 2937 5165 subscriptiones
2972 5096 3273 5158 varietatem

1726 5164 2142 5238 deprehendere,
2184 5178 2337 5230 quam
2384 5179 2504 5238 qua:
2552 5167 2687 5238 inter
2725 5164 2998 5238 utramque
3044 5188 3106 5225 ex
3161 5174 3276 5237 ipso

1729 5233 1997 5301 temporis,
2049 5246 2319 5303 annorum
2357 5235 2597 5286 videlicet
2648 5233 2927 5291 duodecim
2975 5233 3270 5303 intervallo,

1728 5315 2069 5367 promauasse
2106 5301 2356 5352 credibile
2392 5312 2510 5363 est;
2550 5314 2601 5355 et
2636 5315 2797 5366 certe,
2848 5315 2902 5357 ut
2937 5319 3089 5359 acute
3131 5301 3275 5362 notat

1727 5370 2072 5431 Mabillouius,
2108 5369 2326 5435 D.plom.
2353 5371 2527 5435 suppl.
2558 5386 2670 5437 pag.
2700 5372 2789 5432 ‘25,
2820 5374 2861 5423 si
2888 5375 3004 5436 quis
3033 5374 3273 5429 falsarios

1726 5437 2162 5503 subscriptionem
2200 5438 2502 5491 alterutrius
2541 5440 2836 5505 diplomatis
2867 5440 3126 5506 finxisset,
3159 5461 3269 5496 ma-

1727 5509 1917 5577 ximam
1949 5506 2313 5577 inﬂlitterarutn
2345 5506 2522 5559 formis
2548 5520 2663 5577 cum
2693 5510 2931 5575 exemplo
2956 5513 3053 5561 sibi
3087 5526 3273 5577 propo—

1726 5576 1834 5646 sito
1879 5575 2272 5646 similitudinem
2327 5575 2703 5646 observandam
2763 5580 3068 5629 curavisset.
3132 5575 3270 5646 Ergo

1725 5643 1836 5695 falsi
1875 5644 2224 5710 suspicionem
2262 5646 2431 5696 elevat
2472 5644 2641 5708 potius
2687 5658 2839 5709 quam
2884 5648 3087 5710 ingerit,
3159 5643 3268 5703 nec.

1723 5712 1858 5773 quod
1888 5712 2128 5779 objicitur
2152 5713 2282 5764 inter
2312 5712 2721 5776 subscriptiones
2742 5714 3042 5767 discrimen.
