3840 6242
551 375 571 427 Ι
586 372 683 425 327

1555 362 1796 421 FRANC.
1842 365 1994 420 nec.
2031 364 2091 417 tv
2134 361 2357 442 ptines
2394 358 2675 420 STlRPlS.

3584 366 3700 426 139.8

552 483 631 533 ti:
674 483 809 533 inter
860 490 989 546 quos
1035 476 1198 530 adfuit
1244 488 1268 515 δ
1323 473 1672 537 Cliramlinus,
1720 476 1854 527 titius
1902 473 2083 528 Mieciu
2113 477 2155 533 Α
2186 472 2221 540 -ξ
2251 474 2304 525 In
2352 475 2541 528 Christi
2590 489 2833 537 nomenc,
2883 475 3237 533 'l‘heudericus
3280 490 3370 534 rex
3414 479 3699 550 subscripsi.

554 569 831 633 quondam,
874 568 957 635 qui
986 566 1368 634 aepiscopatum
1411 563 1713 617 Aebreduno
1753 564 1956 615 civitate
1996 564 2084 614 ha-

557 654 688 720 buit,
717 656 976 709 inventum
998 664 1097 718 est,
1127 652 1264 720 quod
1286 666 1377 705 sua
1407 652 1851 719 praesumpcione,
1882 654 1958 704 vel
1996 665 2086 717 per

558 746 682 797 ialsa
719 751 881 810 carta,
925 756 1017 795 seu
1057 754 1148 809 per
1186 739 1541 794 revellacionis
1576 739 1811 801 audacia,
1852 739 1942 792 sed
1984 753 2086 791 non

558 848 651 900 per
687 844 859 888 nostra
889 832 1252 893 ordenacione,
1283 830 1448 896 ipsum
1471 832 1851 897 aepiscOpatum
1892 832 2090 895 recipe-

560 934 658 991 rat,
688 926 843 979 etiam
882 938 978 978 nec
1011 924 1143 976 sicut
1177 936 1357 976 eorum
1397 921 1645 973 cannouis
1681 928 1979 983 conterrent,
2025 920 2088 971 ad

560 1016 726 1082 ipsum
751 1012 1153 1068 benedicendum
1181 1011 1492 1065 solemneter
1524 1011 1751 1077 episcopi
1782 1024 1883 1062 non
1913 1009 2092 1062 adiue-

564 1114 719 1167 runt;
756 1104 893 1157 unde
930 1102 1173 1166 Genesio,
1210 1099 1481 1163 Chadune,
1520 1096 1842 1163 Blidramno,
1888 1097 2091 1150 Lundo-

561 1192 775 1247 berctho
801 1201 853 1244 et
872 1189 1138 1252 Ternisco,
1163 1188 1247 1255 qui
1280 1188 1550 1253 metropoli
1578 1202 1693 1239 esse
1722 1184 1981 1250 videntur,
2010 1186 2091 1237 vel

564 1276 743 1344 reliqui
768 1275 1086 1344 quampluris
1105 1274 1331 1341 episcopi
1363 1274 1501 1341 ipsus
1521 1273 1817 1339 iudicantis,
1851 1274 1901 1324 in
1929 1273 2091 1325 nostri

566 1365 862 1429 praesencia
900 1362 992 1414 fuit
1040 1361 1365 1423 conscissus,
1416 1360 1583 1426 adque
1636 1360 1700 1412 de
1749 1360 2095 1426 suprascripto

565 1457 858 1521 episcopatu
873 1449 1121 1517 aejectus.
1143 1449 1258 1501 Ideo
1283 1463 1397 1509 nus,
1426 1463 1523 1500 una
1548 1462 1665 1500 eum
1689 1448 1903 1501 consilio
1920 1462 2098 1513 supra.

564 1539 873 1605 scripturum
899 1536 1206 1604 pouteﬁcum
1232 1536 1309 1589 vel
1331 1548 1598 1603 procerum
1621 1545 1935 1598 nostrorum,
1958 1548 2099 1594 com-

566 1630 756 1697 placuit
790 1636 1060 1695 quatenus,
1099 1626 1221 1677 dum
1272 1625 1551 1677 secundum
1591 1624 1841 1678 cautionis
1892 1625 1941 1677 in
1980 1625 2095 1690 ipso

566 1716 811 1770 senodale
838 1713 1105 1769 concilium
1137 1714 1300 1767 luerat
1330 1712 1660 1780 degradatus,
1699 1727 1781 1766 res
1818 1726 1939 1766 suas
1970 1726 2095 1778 pro-

568 1806 703 1873 prias
723 1813 1285 1872 pertractavemus,pro
1307 1801 1545 1855 mercidis
1568 1815 1720 1853 causa
1747 1797 1967 1868 perdere
1996 1814 2097 1851 non
2128 1790 2175 1849 Β
2204 1825 2332 1868 ωδε,
2349 1832 2429 1869 an,
2483 1790 2722 1872 mgna,“
2768 1791 2829 1873 ei

567 1894 738 1947 dibirit
763 1909 778 1956 ;
807 1892 900 1946 sed
943 1892 1079 1959 quod
1122 1890 1309 1944 exinde
1345 1886 1517 1944 facere
1546 1891 1801 1954 'volue’rit,
1843 1905 1939 1941 una
1978 1903 2093 1943 eum

568 1983 948 2051 suprascriptus
974 1982 1202 2049 patribus
1227 1981 1437 2045 nostris,
1453 1981 1623 2034 taliter
1645 1983 2020 2048 praeeipemus,
2044 1990 2099 2032 ut

572 2074 670 2125 hoc
702 2073 966 2127 licenciam
998 2072 1171 2125 babiat
1203 2070 1447 2124 faciendi.
1490 2070 1552 2121 Et
1583 2069 1745 2136 postia
1787 2070 1972 2135 petieio
2008 2083 2098 2122 sua

573 2159 685 2218 iuit,
713 2167 769 2212 ut
801 2144 966 2225 ipsum
994 2159 1045 2212 in
1072 2156 1424 2225 monasthyrio
1450 2155 1506 2210 S.
1534 2156 1808 2219 Dionisiae,
1830 2157 2100 2224 peculiaris

572 2249 771 2312 patroni
794 2248 977 2312 nostri,
992 2246 1075 2300 ubi
1099 2246 1192 2311 ipsi
1212 2248 1476 2313 preciosns
1498 2247 1545 2297 in
1568 2244 1785 2310 corpore
1802 2244 2099 2312 requiescit,

571 2333 650 2388 vel
704 2334 789 2389 ubi
834 2334 1177 2387 Chardericus
1214 2334 1341 2385 abba
1389 2347 1625 2399 praeesse
1654 2333 1859 2399 viditur,
1909 2343 1964 2386 ut
2006 2316 2103 2387 sub

572 2424 859 2492 opidiencia
904 2423 981 2477 vel
1021 2425 1118 2476 sub
1157 2422 1389 2488 regulare
1428 2422 1621 2475 ordene
1660 2422 1839 2476 diebus
1879 2422 1980 2474 vite
2025 2421 2102 2474 sui

570 2525 879 2566 conversare
905 2511 1080 2564 dibirit
1106 2529 1120 2575 ;
1147 2496 1337 2565 etdum
1368 2518 1612 2577 perpetuo
1638 2509 1819 2563 exsilio
1845 2509 2105 2576 fueratju-

574 2602 794 2664 dicatus,
826 2598 1187 2653 mesericurdia
1228 2599 1372 2661 muti,
1405 2612 1503 2650 una
1530 2611 1647 2651 eam
1673 2595 1894 2651 consilio
1922 2610 2105 2664 supra-

575 2695 882 2759 scriptorum
910 2686 1239 2756 pontelicum,
1275 2689 1585 2753 peticionem
1613 2701 1758 2739 suam
1784 2687 1896 2739 vise
1919 2685 2108 2738 fuimus

577 2780 882 2847 pristetisse.
916 2777 1136 2830 Proinde
1168 2790 1259 2841 per
1286 2782 1556 2841 praesente
1572 2784 1899 2841 praeceptum
1912 2775 2109 2842 specia-

581 2869 697 2920 liter
720 2869 1060 2919 decernemus
1081 2862 1431 2917 ordenandum
1457 2871 1511 2914 ut
1539 2875 1622 2914 res
1650 2876 1769 2915 suas
1798 2876 1964 2929 neque
1993 2876 2107 2925 vos,

580 2968 747 3024 neque
782 2952 1004 3024 iunioris
1048 2969 1139 3008 seu
1181 2953 1492 3007 successoris
1530 2953 1711 3017 vestri,
1738 2965 1833 3006 nec
1869 2950 2112 3019 quislibet

582 3047 2109 3153 ἓῗῗὲἷῖαῬῗῖθέἒῗ..ῗὶῗῗὲἷθν..ξῖῗ⁰,ῗῗ¹¹ἷῖ¹ἱίὶθ¹ἷέ..¹1⁴ἷῗ.Ῐῖῗ
2134 3064 2181 3153 c
2289 3066 2537 3121 Αιτειηιυ
2562 3083 2691 3134 vano
2959 3073 3120 3139 ιτειοε»
3150 3078 3215 3146 εει
3245 3090 3448 3145 verum
3475 3087 3699 3138 εεειεείτ

582 3132 769 3186 ﬁscare
806 3146 907 3184 non
940 3131 1334 3195 pra-summatis,
1365 3130 1461 3183 nisi
1503 3144 1594 3194 per
1630 3128 1762 3182 lianc
1795 3138 2110 3182 aucloretate

584 3220 774 3287 piinius
831 3218 882 3271 in
928 3217 1016 3271 Dei
1066 3230 1287 3270 nomene
1337 3214 1670 3270 conﬁrmatus
1715 3217 1853 3269 liciat
1892 3216 1969 3281 ei,
2020 3230 2113 3282 per

584 3316 761 3359 nostro
800 3294 1072 3372 permisso,
1099 3295 1182 3355 res
1209 3317 1350 3368 suas,
1381 3304 1464 3356 ubi
1492 3313 1545 3356 et
1574 3304 1659 3356 ubi
1686 3302 1925 3365 voluerit,
1954 3301 2115 3356 dona-

586 3410 643 3447 re
676 3402 767 3445 aut
802 3394 1060 3460 delegare,
1091 3394 1170 3445 vel
1193 3392 1432 3459 quiequid
1463 3393 1649 3447 exinde
1677 3392 1850 3447 facere
1872 3392 2111 3456 voluerit,

587 3480 799 3535 liberam
813 3490 862 3534 et
883 3481 1235 3533 lirmissemam
1258 3481 1307 3531 in
1328 3481 1579 3535 omnebus
1600 3480 1771 3533 habiat
1791 3478 2111 3548 potestatem.

591 3569 674 3631 Et,
706 3579 761 3620 ut
791 3571 915 3622 haec
940 3569 1218 3621 auctoritas
1240 3569 1436 3621 llrmior
1466 3568 1720 3631 hahintur,
1754 3566 2116 3622 manus'nostri

589 3658 1066 3727 subscriptioucbus
1118 3671 1233 3709 eam
1280 3664 1456 3723 supter
1500 3656 1809 3709 dicrivemus
1851 3659 2112 3711 roborare.

660 3798 684 3825 ιι
713 3782 1040 3839 Cbramlinus
1063 3786 1111 3836 in
1153 3788 1384 3849 catalogo
1400 3785 1754 3852 episcOporum
1780 3787 2113 3839 Ebreduucn-

591 3854 720 3904 sitttn
766 3868 865 3907 non
909 3864 1223 3914 recensetttr,
1272 3852 1399 3905 Nov.
1433 3852 1563 3908 Gall.
1612 3855 1755 3904 (31η.-
1786 3864 1823 3905 t.
1874 3854 1956 3915 Ill,
1998 3868 2114 3920 pag.

594 3920 749 3982 1061,
778 3921 863 3985 qui
892 3921 940 3971 in
974 3924 1070 3973 hoc
1096 3920 1375 3985 diplomate
1398 3922 1749 3985 episcopatum
1782 3921 2119 3973 Ebrednnen-

593 4002 702 4040 sem
743 4002 1022 4048 occupasse
1064 3987 1267 4038 dicitur.
1323 3989 1471 4039 ltatio
1517 3990 1711 4051 subest,
1757 3990 1955 4041 scilicet
2000 3990 2117 4050 quia

594 4054 781 4120 injuste
825 4056 997 4107 sedem
1038 4064 1399 4120 occupaverat,
1444 4065 1494 4107 et
1525 4056 1663 4115 inde,
1703 4067 1842 4107 veste
1875 4056 2113 4118 discissa,

595 4124 646 4173 in
673 4123 871 4189 synodo
901 4122 1135 4173 Marliaca
1174 4124 1336 4174 fuerat
1361 4123 1607 4187 dejectus.
1654 4123 1770 4174 llaec
1799 4135 1967 4175 autem
1999 4138 2120 4189 syn-

594 4190 724 4241 odus
766 4190 1022 4241 celebrata
1067 4189 1349 4256 l'uit,juxta
1379 4190 1605 4252 Pagium,
1647 4192 1695 4241 iii
1744 4190 1927 4242 llaron.
1960 4199 1997 4243 t.
2032 4192 2115 4253 Ill,

597 4272 710 4322 pag.
740 4258 828 4317 77,
855 4272 987 4306 anno
1014 4259 1112 4309 677
1179 4257 1284 4307 lluc
1313 4258 1493 4308 eodem
1522 4273 1655 4309 anno
1690 4260 1929 4309 currebat
1954 4272 2118 4309 annus

542 4337 551 4345 ι
600 4339 630 4371 v
665 4326 804 4390 regni
832 4323 1136 4376 'l‘lieodorici
1164 4340 1177 4386 ;
1209 4338 1324 4375 nam
1355 4338 1489 4375 anno
1516 4326 1748 4389 sequenti
1781 4325 1902 4385 678,
1944 4340 2119 4378 mense

597 4390 905 4454 Septembri,
978 4392 1131 4442 totius
1200 4392 1426 4443 Francius
1493 4395 1770 4444 nteriarclia
1828 4393 1988 4443 factus
2042 4400 2118 4444 est

597 4458 972 4518 Theodericus,
1019 4459 1259 4509 defuncto
1301 4458 1623 4521 Dagoberto;
1676 4467 1905 4522 tempore
1948 4472 2116 4512 autem

598 4524 891 4589 diplomatis
931 4526 996 4576 de
1018 4540 1119 4590 quo
1159 4526 1341 4591 agitur,
1375 4526 1622 4578 Neustrim
1667 4536 1858 4577 tantum
1894 4534 1947 4577 et
1992 4528 2121 4577 Ilur-

598 4594 800 4658 gundiae
826 4592 1175 4644 Theodericus
1206 4608 1290 4643 rex
1323 4602 1454 4652 erat,
1486 4603 1538 4643 ut
1567 4594 1722 4658 liquet
1752 4608 1814 4645 ex
1846 4595 1922 4645 his
1950 4597 2124 4646 verbis

600 4675 713 4725 qua:
743 4663 979 4726 leguntur
1014 4660 1167 4716 initio
1204 4660 1362 4723 ipsius
1398 4660 1687 4722 diplomatis
1719 4679 1730 4711 :
1766 4661 2034 4726 Episcopus
2063 4667 2123 4713 de

599 4731 741 4795 tigna
779 4737 964 4789 nostra,
996 4736 1097 4795 iam
1126 4729 1187 4777 de
1219 4726 1421 4778 Nius'er
1449 4744 1591 4791 quam
1634 4737 1679 4777 et
1716 4729 1776 4777 de
1809 4728 2121 4794 Burgundio.

602 4794 733 4847 Hinc
758 4809 948 4845 annum
980 4794 1075 4845 677
1109 4795 1593 4862 Ιιιιὶοῂίιιειτιιιιιειιιο
1625 4799 1955 4860 prtelixlmtts.
1985 4799 2122 4862 quod

602 4863 1030 4931 vnlgotribuitur
1057 4876 1191 4913 anno
1224 4859 1344 4912 678.
1378 4859 1656 4931 Μνίιτιιιοιιιιι
1702 4878 1844 4931 vero,
1877 4864 1961 4914 ubi
2003 4859 2125 4931 syn-

600 4932 732 4982 odns
757 4929 849 4979 fuit
876 4931 1385 4993 congregata,lucum
1418 4930 1466 4979 iu
1490 4930 1710 4981 conﬁnio
1734 4929 2044 4994 Campaniae
2063 4948 2123 4983 ac

601 4996 909 5062 Burgundio:
938 4997 1624 5065 existimavitMabillonius,
1648 5001 1719 5065 ile
1751 4997 1831 5065 lie,
1852 4998 1975 5064 dipl.
2008 5015 2123 5065 pag.

603 5065 743 5126 .570;
776 5066 960 5125 Pitgius
988 5073 1179 5132 autem,
1224 5064 1307 5115 ubi
1341 5080 1519 5132 supra,
1560 5065 1610 5115 in
1638 5064 1867 5117 Nettstria
1902 5064 2123 5132 posntuut

603 5133 808 5194 inagro
848 5130 1118 5184 Parisiensi
1163 5136 1288 5183 satis
1330 5131 1543 5183 feliciter
1585 5133 1858 5184 arbitratus
1902 5130 2001 5198 est,
2033 5149 2129 5187 nec

603 5200 755 5248 alium
794 5212 908 5267 esse
934 5214 961 5248 a
992 5199 1178 5264 palatio
1204 5200 1347 5266 quod
1371 5200 1519 5250 hodie
1549 5199 1712 5267 Marly
1738 5201 1930 5253 Gallice
1957 5203 2129 5265 appel-

606 5266 901 5333 lamus.lJe
940 5267 1036 5333 hoc
1078 5277 1381 5331 argumento
1425 5266 1770 5319 consulendus
1815 5280 1893 5320 est
1942 5270 2125 5333 Mansi,

605 5332 852 5385 Collectio
880 5332 1209 5385 conciliorum
1238 5336 1475 5395 maxima,
1512 5342 1547 5384 t.
1576 5334 1661 5396 l.\,
1691 5336 1789 5385 col.
1825 5337 1941 5387 l7l.

676 5398 699 5434 δ
736 5399 1000 5466 Vulgatum
1028 5415 1055 5449 a
1086 5400 1278 5461 Mirum,
1336 5404 1465 5467 Opp.
1523 5402 1647 5465 dipl.
1696 5413 1731 5451 ι.
1764 5404 1799 5465 l,
1842 5418 1955 5467 pag,
1988 5404 2123 5467 196;

607 5481 899 5537 recusunta
931 5468 1153 5537 Coiiitio,
1210 5470 1394 5520 Annal.
1443 5480 1479 5519 t.
1529 5468 1611 5530 IV,
1657 5485 1771 5535 pag.
1826 5468 1944 5525 124.
2001 5475 2126 5524 lluic

614 5535 949 5587 instrumento
1000 5535 1049 5586 in
1097 5549 1189 5586 sua
1237 5539 1539 5588 collectone
1585 5538 1750 5589 locum
1782 5539 1906 5589 dare
1940 5542 2127 5591 merito

613 5602 864 5667 dedigunti
888 5612 1006 5657 sunt
1020 5603 1333 5657 Collectores
1353 5607 1527 5671 script.
1547 5621 1715 5657 rcrum
1744 5605 2124 5662 Frattcicarnm.

2185 563 2517 629 Aghlibertus
2542 564 2859 631 recognovit.

2258 651 2436 703 Datum
2479 651 2649 705 med-0
2690 653 2855 706 minse
2899 653 3224 719 September,
3268 670 3457 712 annum
3500 673 3530 713 ν
3572 661 3701 730 regni

2187 739 2369 802 nostri,
2402 741 2640 803 Marlaco,
2668 740 2717 791 in
2750 740 2836 793 Dei
2870 752 3091 795 nomene
3120 745 3363 798 feliciter.

2494 826 2619 896 (llic
2644 828 2697 880 in
2724 830 2989 899 archetypo
3014 833 3167 900 sigilli
3192 834 3433 904 restiyia.)

2887 958 3011 1015 Vill.

2191 1055 2217 1082 υ
2249 1044 2505 1128 Diploma,
2532 1063 2648 1123 _quo
2693 1047 3041 1128 Theodericus
3081 1055 3246 1128 multa
3285 1058 3701 1128 prcdia‘confert

2278 1117 2572 1166 monasterio
2598 1117 2732 1181 quod
2757 1130 2958 1168 uocatur
2987 1117 3452 1190 Nobiliacusiann.
3482 1118 3619 1192 680).

2262 1200 2313 1250 In
2339 1202 2548 1255 nomine
2574 1212 2771 1256 sanctae
2798 1212 2852 1257 et
2876 1204 3157 1259 individua:
3179 1206 3471 1265 Trinitatis.
3492 1212 3705 1270 Theode-

2196 1290 2349 1353 ricus,
2380 1294 2543 1358 gratia
2577 1294 2667 1347 Dei
2712 1311 2825 1348 rex.
2878 1296 3075 1353 Idcirco
3115 1300 3440 1365 potissimum
3482 1305 3705 1357 collatam

2196 1377 2346 1429 nobis
2392 1392 2419 1428 a
2472 1378 2578 1432 Deo
2626 1381 2888 1437 credimus
2938 1384 3141 1451 imperii
3193 1388 3520 1457 dignitatem,
3571 1403 3621 1445 ut
3661 1395 3704 1447 in

2196 1466 2352 1518 tutela
2379 1475 2431 1518 et
2457 1479 2737 1535 augmento
2764 1482 2955 1526 sanctae
2985 1476 3256 1531 catholica
3298 1480 3537 1536 Ecclesia:
3565 1483 3707 1549 ipsius

2197 1555 2331 1621 piam
2377 1570 2701 1623 exequamur
2756 1562 3097 1619 voluntatem.
3147 1568 3480 1637 QuaprOpter‘
3523 1572 3706 1627 noverit

2196 1643 2425 1693 omnium
2476 1644 2704 1696 lidelium
2754 1656 3074 1716 nostrorum,
3118 1664 3224 1707 tam
3258 1655 3539 1712 futurorum
3569 1677 3708 1729 quam

2200 1732 2552 1795 prmsentium,
2606 1733 2839 1796 solertia,
2892 1738 3030 1803 quod
3085 1740 3327 1794 adierunt
3371 1746 3706 1801 celsitudinem

2878 1830 3193 1880 monasterio
3218 1833 3354 1897 quod
3380 1845 3590 1887 vocatur
3622 1839 3708 1890 No-

2198 1906 2437 1969 biliaeus,
2484 1908 2572 1959 ubi
2619 1912 2880 1975 pretiosus
2923 1916 3192 1969 confessor
3234 1920 3426 1973 Christi
3480 1923 3712 1979 Vedastus

2197 2009 2417 2059 eui-pore
2464 2000 2707 2065 quiescit,
2764 2002 3028 2055 humiliter
3078 2008 3399 2071 pustulantes
3448 2021 3501 2062 ut
3554 2018 3710 2083 regale

2198 2084 2463 2138 decretum
2516 2098 2748 2142 nostrum
2790 2102 2947 2157 soper
2989 2094 3126 2147 villis
3159 2111 3275 2162 qua:
3317 2109 3492 2152 nostra
3517 2105 3709 2156 ntunili-
3762 2126 3771 2129 ·

2198 2168 2369 2224 ccutia
2411 2173 2516 2240 jam
2564 2175 2662 2229 sibi
2705 2190 3009 2244 cesserant,
3052 2182 3248 2237 l‘trmari
3294 2185 3618 2253 juberemus,
3664 2203 3712 2243 ut

2199 2275 2538 2327 quiecumque
2578 2278 2646 2316 ex
2698 2266 3039 2330 inspiratione
3076 2272 3251 2326 divina
3280 2274 3409 2341 ipsis
3437 2281 3712 2333 contulerat.

2202 2363 2351 2414 tnus,
2401 2350 2655 2418 imperiali
2704 2355 2878 2408 edicto
2922 2367 2975 2411 et
3017 2358 3185 2427 sigillo
3229 2362 3295 2414 ad
3340 2367 3714 2432 perpetuitatem

2202 2448 2569 2494 statueremus.
2624 2440 2812 2510 Igitur,
2858 2461 2953 2513 pro
3003 2450 3171 2505 salute
3218 2460 3325 2506 tam
3376 2470 3717 2514 successorum

2201 2541 2357 2595 quam
2401 2539 2789 2586 antecessorum
2812 2545 3135 2603 nostrorum,
3176 2541 3419 2597 videlicet
3448 2560 3619 2613 regum
3645 2554 3716 2603 vel

2205 2619 2595 2687 imperatorum,
2640 2634 2691 2676 et
2738 2639 2832 2689 pro
2876 2621 3034 2680 totius
3082 2639 3221 2684 statu
3254 2637 3418 2702 regni,
3451 2638 3721 2706 inspirante

2205 2719 2329 2773 rege
2374 2712 2623 2770 omnium,
2657 2727 2835 2781 regum
2882 2715 3006 2783 Deo,
3058 2720 3278 2787 prmfato
3330 2732 3642 2784 monasterio
3673 2744 3718 2785 et

2208 2800 2482 2853 monachis
2513 2801 2638 2854 inibi
2669 2803 2775 2856 Deo
2804 2805 2856 2857 in
2894 2818 3199 2875 perpetuum
3232 2812 3620 2883 fmulantibus,
3645 2836 3721 2873 re-

2206 2886 2308 2953 gali
2340 2887 2648 2942 liberalitate
2672 2892 3044 2948 conﬁrmamus
3068 2911 3183 2965 quae
3202 2893 3313 2966 iam
3336 2903 3516 2957 eadem
3547 2908 3720 2961 libera-

2210 2975 2356 3030 litate
2382 2981 2757 3045 concessimus,
2789 2982 2855 3035 ad
2885 2988 3211 3041 matiieularn
3239 2992 3441 3047 scilicet
3464 2996 3717 3060 ecclesiae,

2213 3152 2564 3218 Bernivillum,
2608 3155 2988 3224 Daginvillam;
3038 3162 3090 3214 in
3130 3178 3261 3233 pago
3306 3165 3721 3233 V’eromandensi,

2211 3240 2547 3313 Mediolauas,
2590 3246 2779 3311 Valles,
2823 3249 3048 3305 Putbeas
3076 3268 3276 3321 aquas;
3306 3257 3357 3310 iri
3391 3259 3572 3323 llatua,
3604 3262 3723 3316 Ret-

2214 3346 2352 3395 nant,
2395 3332 2680 3387 Wulfaratn
2711 3350 2829 3388 cum
2860 3340 3056 3403 capella
3088 3336 3333 3404 Rutheni,
3358 3354 3420 3397 et
3449 3348 3599 3399 aliam
3629 3348 3721 3401 Ro~
3800 3376 3809 3383 η

2214 3422 2384 3485 them;
2428 3424 2479 3475 in
2525 3438 2657 3490 pago
2707 3424 2962 3483 llasbanio
3002 3436 3052 3480 et
3099 3428 3365 3493 ltibuario,
3396 3432 3720 3497 Hainibecha.

2214 3512 2465 3595 llalmala,
2514 3515 2740 3574 Torona.
2790 3527 2841 3569 et
2882 3519 3015 3570 inter
3054 3519 3302 3587 Altbeim,
3336 3522 3576 3592 “aridas,
3608 3528 3721 3579 Am-

2216 3599 2365 3665 bron,
2395 3600 2689 3665 Musiuiurn,
2722 3603 2969 3669 Croseas,
3000 3606 3092 3659 has
3117 3608 3290 3673 villas,
3326 3626 3533 3665 mansos
3570 3614 3723 3669 domi-

2214 3731 2370 3802 Novie
2419 3728 2595 3802 Gallia:
2636 3731 2941 3785 Christianae
2984 3745 3245 3801 auctores,
3298 3746 3335 3790 t.
3372 3738 3454 3802 ΙΙΙ⁹
3482 3743 3582 3794 col.
3611 3743 3721 3801 574,

2215 3802 2280 3851 de
2323 3801 2419 3875 hoc
2460 3801 2737 3875 diplomate
2774 3802 2838 3852 ad
2885 3803 3143 3875 Cointium
3177 3801 3469 3870 remittunt,
3496 3812 3581 3875 qui
3611 3812 3718 3861 illud

2216 3870 2358 3938 quasi
2384 3867 2673 3938 legitimum
2692 3876 2894 3932 tuetur;
2924 3872 3014 3923 sed
3041 3876 3275 3938 spurium
3298 3867 3721 3929 facile'vi'debitnr

2219 3935 2357 4005 illud
2393 3935 2676 4005 conferenti
2723 3937 2931 3989 cuilibet
2976 3935 3093 3989 cum
3144 3942 3515 4005 diplomatibus
3564 3946 3719 3997 Caroli

2216 4001 2381 4073 Calvi,
2396 4017 2614 4073 quorum
2631 4003 2874 4056 formulas
2886 4005 3115 4067 exhibet,
3129 4001 3448 4073 temporibus
3460 4011 3723 4065 Theodori.

2218 4073 2261 4121 ci
2284 4071 2341 4146 ll‘l
2361 4070 2627 4146 insolitas;
2645 4080 2697 4146 et
2717 4085 2899 4146 magna
2914 4087 2975 4126 ex
2996 4084 3138 4146 parte
3154 4070 3323 4129 exscri
3333 4087 3471 4143 ptum
3490 4080 3720 4146 jttdicabit

2218 4154 2278 4189 cx
2290 4138 2463 4212 tliirnli
2476 4138 2615 4212 (Salvi
2628 4139 2926 4212 diplomate,
2941 4138 3071 4212 apud
3086 4138 3412 4210 Harteniu‘m,
3426 4138 3597 4212 Ampl.
3610 4149 3717 4201 coli.

2220 4216 2255 4255 t.
2288 4208 2324 4263 l,
2347 4205 2447 4258 col.
2485 4205 2600 4281 _l_98.
2632 4209 2823 4281 emisso
2847 4205 2986 4260 anno
3010 4210 3109 4267 876
3128 4251 3142 4274 ,
3176 4214 3226 4263 in
3256 4205 3477 4281 gratiam
3505 4205 3717 4281 eiusdem

2220 4275 2515 4324 monasterii
2544 4275 2678 4338 quod
2704 4275 2857 4326 hodie
2880 4290 3066 4330 nomen
3090 4275 3495 4334 sancti—Vadas“
3517 4275 3715 4336 obtinet.

2223 4339 2653 4411 Diplomaqcaroli
2684 4340 2827 4411 Calvi
2861 4359 2923 4394 ex
2961 4344 3038 4397 his
3068 4348 3243 4401 verbis
3264 4350 3535 4402 exordium
3563 4350 3718 4411 habet,

2146 4404 2200 4465 ι)
2223 4423 2337 4527 ἒῖυω
2383 4409 2635 4473 ipsissima
2660 4410 2723 4459 ab
2752 4410 2926 4471 inepto
2956 4412 3197 4467 falsatore
3238 4416 3523 4482 exscripta,
3568 4404 3720 4471 τιθοὲ

2261 4477 2401 4527 orico
2428 4476 2759 4527 tribuuntur:
2794 4497 2811 4526 ι
2838 4479 2889 4527 1η
2936 4487 3144 4527 nomine
3171 4485 3510 4527 sanctissimas
3533 4494 3586 4527 nl
3606 4486 3720 4527 intuli.

2261 4477 2401 4528 orico
2428 4476 2759 4529 tribuuntur:
2794 4497 2811 4526 ι
2838 4479 2889 4528 ln
2936 4487 3144 4536 nomine
3171 4476 3586 4541 sanctissimast
3606 4486 3721 4538 iudi-

2226 4545 2398 4616 viiluze
2438 4544 2725 4616 Trinitatis.
2746 4544 3009 4616 ‘Karulus,
3059 4550 3147 4602 Dei
3188 4554 3375 4616 gratia,
3394 4587 3410 4604 .
3426 4589 3443 4606 .
3462 4590 3475 4604 .
3493 4591 3510 4606 .
3527 4588 3545 4605 .
3561 4590 3575 4603 .
3603 4552 3722 4605 Inde

2225 4612 2425 4687 noverit
2447 4612 2673 4662 omnium
2692 4612 2916 4687 lidlzlium
2939 4612 3256 4687 nostrorum,
3280 4628 3384 4671 tam
3409 4622 3719 4687 praesrtim

2224 4694 2374 4744 quam
2397 4678 2707 4740 futurorum,
2725 4682 2953 4741 solertia,
2972 4684 3107 4749 quod
3124 4678 3360 4740 adierunt
3381 4678 3721 4741 celsith

2226 4757 2486 4822 nostram,
2530 4756 2654 4822 etc_.,
2705 4756 2761 4797 ιιι
2802 4752 2967 4815 regale
3013 4754 3263 4822 decretum
3310 4765 3567 4817 nostrum,
3601 4755 3722 4822 quod

2224 4828 2395 4889 super
2421 4817 2525 4889 jam
2549 4813 2711 4889 dicto
2757 4813 3166 4889 tnonasterio....'
3214 4822 3495 4874 statuimus
3513 4860 3531 4884 ,
3553 4813 3563 4817 ⁷
3582 4813 3719 4889 atque

2225 4882 2657 4957 iuiperiali_e_dicto
2683 4882 3035 4957 decernimus,
3059 4897 3160 4941 etc.
3192 4907 3212 4940 ι
3246 4882 3532 4957 Utramque
3557 4882 3725 4943 εαιίοσ

2227 4951 2324 5025 lam
2374 4950 2559 5025 stolide
2611 4949 2821 5025 retinuit
2864 4948 3144 5025 falsarios,
3191 4958 3360 5025 regale
3400 4948 3641 5011 decretum
3678 4967 3723 5009 et

2226 5020 2440 5092 edictum
2464 5017 2750 5092 imperiale,
2790 5018 3135 5092 qui__nescivit
3171 5024 3223 5075 in
3246 5017 3529 5092 diplomate
3546 5026 3721 5083 Mi.

2226 5087 2389 5153 regale
2441 5088 2687 5160 decretum
2721 5087 2987 5160 appellari
3034 5090 3261 5160 diploma
3302 5087 3449 5160 quod
3498 5096 3726 5149 enisum

2226 5167 2501 5223 numquam
2556 5154 2873 5219 itnperialem
2910 5154 3396 5223 dignitatemess'et
3440 5167 3721 5222 am;

2227 5222 2483 5291 iittperlale
2532 5236 2654 5273 vero
2682 5223 2937 5291 edictum,
2974 5222 3117 5290 quod
3155 5236 3278 5282 tunc
3305 5229 3591 5291 emittebat.
3622 5238 3725 5281 ε-

2231 5289 2363 5341 foret
2400 5292 2480 5362 ad_
2512 5290 2783 5353 imperium
2835 5289 3079 5362 erecto};
3135 5310 3259 5362 ergo
3302 5309 3521 5361 utraque

2230 5368 2367 5431 recte
2392 5372 2419 5408 a
2444 5356 2576 5431 Caro
2598 5372 2628 5409 ο
2656 5371 2928 5431 usurpatur
2958 5377 2969 5410 :
2998 5356 3307 5417 Theudorici
3358 5356 3483 5415 vero
3518 5360 3728 5431 ὥρισα

2230 5429 2360 5477 bene
2397 5426 2600 5491 quidem
2647 5426 2810 5494 regale
2850 5433 3128 5494 decretum,
3186 5432 3327 5483 nullo
3372 5438 3544 5483 autem
3574 5426 3729 5485 ⁷ιιιοόο

2227 5494 2479 5555 imperiale
2526 5494 2626 5545 dici
2669 5492 2854 5560 potuit,
2897 5492 3145 5563 quidquid
3194 5498 3384 5550 dixerit
3419 5498 3757 5561 Constitit“,

2228 5563 2564 5633 astrneudum
2614 5564 2983 5633 imperatorum
3034 5565 3284 5621 formulas
3324 5584 3353 5622 ιι
3395 5562 3731 5633 δίει-υνιηίιῆ

2231 5631 2431 5697 regibus
2460 5641 2727 5699 usurpatas
2758 5628 2936 5686 fuisse.
