3796 6344
71 396 196 452 ίῦὲθ

548 380 954 453 nmmum.
995 427 1059 436 —
1100 398 1511 482 Tttsonontct
1550 398 1613 452 ιιι

1727 397 1923 454 ZCLES.
1967 399 2051 453 ΕΤ
2091 351 2387 453 .MONAST.
2431 396 2785 453 PRECEPT.

3103 396 3236 451 ιιδδο

65 504 251 558 uicales
293 519 412 565 sex,
460 520 672 558 mansos
711 506 935 559 serviles
968 508 1297 574 septuaginta
1326 508 1595 574 quinque;
1631 511 1674 566 Α
1702 510 2043 576 perrexirent,
2085 524 2183 562 nec
2211 525 2299 574 per
2327 512 2597 572 civetates,
2627 522 2721 560 nec
2754 522 2845 574 per
2876 506 3110 571 castella,
3142 522 3238 560 nec

63 595 109 645 in
142 592 433 657 Watrevio,
458 592 720 648 Cambach
742 607 861 648 cum
885 595 1210 662 appendieiis
1231 598 1343 649 suis
1362 606 1415 649 et
1432 598 1602 650 eccle-

62 687 162 746 sia;
194 683 249 736 in
300 697 434 752 pago
466 683 736 747 Caribaut,
769 683 965 738 Maxtin
994 698 1113 737 cnm
1151 686 1509 753 appendieiis;
1551 688 1601 739 in

65 770 272 833 Pabula,
300 770 520 824 Montes.
568 772 639 824 De
684 771 770 824 bis
817 786 944 840 ergo
992 772 1151 836 villis,
1195 788 1312 826 cum
1361 776 1603 827 omnibus

62 859 381 924 appendieiis
406 869 461 911 et
485 859 740 912 reditibus
762 869 816 913 et
838 861 1136 929 mancipiis,
1163 877 1256 929 per
1278 861 1602 929 intperialem

62 944 422 998 celsitudinem
470 947 753 1011 sancimus,
789 956 846 999 ut
878 949 1057 1003 nullus
1082 951 1377 1003 mortalium
1411 966 1603 1017 praesu-

65 1041 166 1084 mat
192 1033 389 1099 aliquid
429 1034 672 1088 violentia
698 1037 933 1104 qualibet
961 1038 1047 1092 vel
1078 1039 1257 1092 fraude
1286 1040 1493 1093 auferre
1522 1042 1603 1093 vel

62 1122 301 1183 demere,
352 1124 443 1175 sed
491 1124 626 1177 sicut
674 1140 703 1176 a
740 1136 933 1179 nostra
993 1127 1310 1182 liberalitate
1362 1130 1608 1183 roborata

64 1219 200 1272 sunt,
220 1212 422 1278 praafati
444 1215 748 1268 monasterii
773 1214 992 1269 fratrum
1016 1216 1196 1271 usibus
1219 1218 1269 1270 in
1300 1228 1604 1285 perpetuum

63 1297 685 1358 cedant........‘.

778 1412 870 1466 lx.

64 1512 89 1550 ιθ
120 1515 358 1582 Diploma
393 1536 492 1587 quo
528 1521 571 1574 Τ
576 1522 871 1576 lteodorictts
912 1523 976 1575 ab
1014 1526 1150 1577 omni
1200 1526 1389 1580 telonio
1434 1527 1607 1580 eximit

132 1603 217 1648 per
239 1603 394 1658 regna
420 1604 515 1640 sua
552 1606 728 1658 currus
758 1601 847 1641 aut
874 1594 1093 1658 navigia.
1138 1609 1217 1645 res
1246 1597 1313 1646 ad
1344 1596 1610 1650 utilitatem

130 1657 418 1708 monasterii
442 1660 601 1709 sancti
632 1657 862 1729 Dionysii
906 1657 1131 1712 vehentia
1152 1662 1295 1728 (anu.
1319 1662 1467 1729 68l).

130 1744 514 1812 Theudericus,
560 1762 652 1801 rex
705 1748 1067 1813 Francorum,
1118 1750 1243 1805 viris
1292 1752 1610 1806 inlustrebus

1704 616 1795 666 per
1826 610 2022 666 portus,
2066 612 2163 651 nec
2194 613 2285 666 per
2312 600 2506 663 exitus,
2539 612 2634 650 nec
2660 597 2744 649 ubi
2774 606 2825 649 et
2854 596 2963 658 ubi,
2994 596 3239 649 tilloneos

1700 690 1971 755 exigetur;
2000 702 2095 741 nec
2124 689 2417 755 pontatico,
2459 700 2555 739 nec
2585 686 2855 752 portatico,
2891 698 2987 737 nec
3016 684 3240 749 pulvira-

1702 779 1824 840 tico,
1860 790 1956 831 nec
1977 777 2187 837 rod.tco,
2218 790 2315 829 nec
2335 776 2632 839 salutatico,
2661 788 2757 828 nec
2790 773 3123 839 cispetatico,
3145 785 3239 825 nec

1701 866 1930 931 qualibet
1959 864 2313 929 redebicione,
2344 864 2482 931 quod
2510 862 2701 915 exinde
2733 863 2889 914 llscus
2920 869 3096 912 noster
3120 872 3235 925 spe-

1701 968 1818 1006 rare
1850 962 2041 1020 potest,
2074 954 2376 1006 nullatenus
2411 965 2621 1019 quoque
2665 958 2901 1018 tempore
2950 947 3243 1014 requiratur

1703 1059 1799 1098 nec
1825 1046 2085 1112 exigatur,
2111 1043 2209 1096 nisi
2232 1042 2402 1095 omnia
2428 1057 2492 1095 ex
2530 1042 2784 1095 omnebus
2805 1038 2868 1092 ad
2900 1037 3008 1104 ipsa
3031 1037 3240 1089 basilica

1703 1134 1881 1189 domui
1911 1132 2223 1188 Dionensiae
2250 1130 2301 1183 in
2328 1130 2440 1195 ejus
2468 1127 2837 1181 luntensrehus
2868 1140 2963 1177 nos
2985 1123 3243 1178 mercides

1703 1224 1997 1288 conpendio
2028 1222 2184 1277 valiat
2207 1236 2323 1274 esse
2349 1232 2659 1273 concessum
2686 1217 2855 1285 adque
2884 1214 3163 1275 indultum,
3192 1223 3245 1265 et

1707 1314 1900 1368 ibidem
1934 1311 2311 1380 perpelualiter
2353 1309 2517 1363 valiat
2560 1307 2813 1375 prolicere
2838 1305 2888 1357 in
2916 1310 3241 1371 augmentcs.

1705 1430 1775 1443 -
1804 1400 2040 1469 Rigulfus
2072 1398 2395 1465 recognovit.

2445 1501 2509 1554 Χ.

1712 1607 1734 1634 ε
1780 1595 2014 1663 Diploma
2064 1562 2557 1663 quoiTheedorieus
2606 1588 2981 1663 Eremberli__itt
3026 1586 3253 1639 abbatem

1985 1656 2329 1715 Corbeiensem
2364 1660 2627 1725 conﬁrmat
2661 1658 2802 1723 (ann.
2831 1656 2975 1721 681).

1760 1750 2134 1811 Theodericus,
2152 1763 2241 1801 rex
2257 1746 2595 1806 Francorum,
2613 1742 2871 1810 episc0pis
2896 1750 2948 1795 et
2964 1741 3085 1793 viris
3101 1740 3254 1793 inlus—

66 1835 323 1886 omnebus
365 1836 678 1901 agentebus,
712 1846 815 1890 tam
844 1838 1189 1903 presentebus
1215 1855 1368 1907 quant
1390 1852 1443 1894 et
1470 1842 1608 1895 futu-
1640 1816 1687 1875 Β
1714 1840 1897 1894 tribus.
1916 1839 2071 1890 Decet
2094 1836 2319 1903 regalem
2334 1830 2754 1894 clementiam,ut
2767 1843 2869 1881 non
2890 1829 3054 1881 solum
3068 1827 3254 1893 gubero

66 1923 156 1973 ris.
202 1922 362 1975 Decet
407 1927 583 1992 regale
626 1926 936 1981 climenciae
976 1941 1037 1980 ea
1073 1941 1175 1996 que
1202 1942 1297 1994 pro
1327 1929 1613 1996 profectum

67 2008 444 2064 aecelesiarutn
475 2014 706 2087 pertenit
731 2014 1241 2083 libenter.prestare,
1257 2025 1311 2069 et
1336 2018 1541 2073 ellectui
1563 2020 1615 2071 in

70 2102 160 2155 Dei
208 2103 425 2159 nomine
477 2107 798 2173 mancipare.
842 2105 964 2160 Ideo
991 2118 1275 2174 cognuscat
1302 2108 1618 2175 magnetudo

66 2206 158 2245 seu
180 2194 377 2247 utilitas
402 2202 575 2248 vestra
601 2195 749 2262 quod,
772 2209 871 2249 nus
901 2194 968 2251 ad
996 2196 1314 2249 monasterio
1341 2198 1618 2265 peculiaris

69 2287 276 2351 patroni
310 2285 479 2340 nostri
508 2286 690 2340 domui
726 2286 1065 2352 Dioneusiae,
1098 2288 1185 2341 ubi
1214 2287 1325 2355 ipse
1352 2288 1622 2356 preeiosus

71 2376 122 2426 in
144 2389 372 2440 corpore
394 2375 683 2445 requilscit,
710 2375 799 2427 ubi
826 2376 1144 2431 venerabilis
1166 2378 1245 2430 vir
1269 2376 1622 2432 Chardericus

66 2464 202 2516 abba
240 2472 425 2518 enatus
471 2478 716 2531 praeesse
761 2463 976 2529 viditur,
1028 2465 1132 2521 tale
1174 2466 1484 2519 beneficium
1513 2468 1621 2521 vise

68 2550 264 2609 fuimus
299 2554 632 2609 coemisse
656 2552 723 2607 de
753 2562 1180 2623 quantacumque
1207 2568 1381 2618 carra,
1411 2554 1495 2610 ubi
1527 2570 1622 2623 pro

67 2649 444 2707 oportunetate
490 2640 656 2715 ipsius
703 2638 951 2708 basilice,
971 2643 1053 2697 vel
1085 2652 1410 2697 necessetate
1441 2645 1626 2697 fratro—

68 2743 209 2794 τω,
242 2737 348 2782 tam
378 2730 428 2783 in
458 2728 735 2786 Niustreco
754 2745 914 2797 quam
954 2730 1006 2784 itt
1048 2731 1269 2786 Austrea
1302 2732 1383 2786 vel
1414 2732 1464 2786 in
1494 2731 1623 2785 Bor-

70 2816 268 2886 gttldia
312 2817 583 2873 ambolare
608 2827 701 2873 aut
726 2818 1025 2876 discurrere
1071 2821 1335 2885 videntur,
1379 2832 1483 2876 tam
1510 2837 1627 2876 car-

76 2905 189 2960 rale
224 2921 383 2975 quam
410 2906 477 2961 de
507 2907 766 2976 navigale,
798 2908 977 2963 nullus
1005 2910 1251 2977 quislibet
1282 2911 1349 2964 de
1364 2912 1625 2979 judicibus

73 2994 272 3047 nostris
297 2994 383 3049 vel
408 2995 474 3050 de
500 2995 821 3050 telloneariis
845 2996 990 3051 nullo
1014 2997 1231 3052 tilloneo
1256 2998 1321 3052 de
1346 3000 1457 3066 ipsa
1479 3014 1625 3052 carra

73 3083 310 3150 exigere,
341 3099 441 3139 nec
470 3085 728 3153 requirire
778 3101 880 3140 non
908 3099 1264 3155 presumatur.
1299 3088 1628 3158 Quapropter

77 3185 169 3237 per
208 3182 513 3238 presentem
552 3173 896 3229 decernimus
924 3176 1021 3230 hac
1044 3177 1273 3246 jobimus
1300 3189 1626 3247 preceptum,

75 3271 130 3314 et
158 3270 417 3329 perpetuo
446 3263 686 3319 volemus
715 3279 837 3320 esse
866 3280 1197 3330 mansurum,
1227 3278 1285 3321 ut
1315 3285 1483 3339 neque
1513 3286 1626 3332 vos.

76 3367 253 3420 neque
295 3352 539 3421 juniores
593 3340 699 3408 xeo.
735 3369 1073 3411 successores
1123 3368 1319 3421 vestre,
1372 3374 1437 3413 ne
1484 3359 1628 3431 [que]

76 3440 331 3507 quislibet
384 3443 452 3495 de
499 3441 780 3509 judiciaria
844 3451 1104 3510 potestate
1168 3446 1448 3515 acinctus,
1513 3448 1627 3517 ipso

78 3528 300 3582 tilloneo
346 3528 415 3584 de
460 3530 637 3585 omnia
679 3545 831 3586 carra
885 3533 1050 3601 ipsius
1100 3536 1404 3591 monastirie
1452 3537 1631 3591 domni

77 3612 361 3681 Dionensi,
394 3624 500 3672 tam
527 3619 731 3673 carnle
754 3635 913 3688 quam
943 3621 1199 3693 navigale,
1233 3639 1328 3689 per
1356 3626 1502 3693 rigua
1526 3624 1634 3680 Deo

76 3706 324 3771 propicio
371 3718 573 3771 nostra,
637 3716 741 3762 tam
791 3710 844 3763 in
890 3710 1167 3766 Niustreco
1210 3728 1368 3782 quam
1413 3714 1631 3769 Auslrea

75 3794 158 3847 vel
209 3794 267 3847 in
315 3794 640 3864 Burgundia,
670 3798 755 3852 ubi
783 3808 837 3853 et
864 3800 951 3853 ubi
980 3800 1048 3855 de
1073 3801 1189 3869 ipso
1218 3802 1522 3861 m0naslitio
1550 3804 1631 3859 vel

72 3883 140 3937 de
165 3883 289 3955 ejus
338 3884 498 3952 villis,
546 3895 651 3942 tam
679 3886 1058 3944 ambulandum
1082 3905 1238 3960 quam
1264 3894 1633 3948 revertendum

144 4052 171 4079 ο
203 4039 323 4092 Non
372 4042 666 4095 absolutum
709 4044 867 4097 fuisse
923 4046 1131 4101 videtur
1182 4056 1587 4103 Instrumentum
1615 4088 1629 4103 .

73 4107 371 4162 infeliciter
408 4120 683 4165 tentatum.
728 4114 866 4176 Quas
896 4114 991 4177 ipsi
1024 4116 1263 4168 falsariuv
1294 4127 1445 4169 notas
1473 4118 1631 4171 chro-

71 4179 352 4245 nologicas
377 4188 521 4233 esset
544 4181 839 4246 additurus,
863 4182 1100 4237 divinare
1130 4186 1348 4238 arduum
1398 4187 1533 4240 foret
1578 4199 1633 4242 et

70 4260 553 4311 supervacaneum.

140 4320 173 4359 II
205 4315 449 4381 Vulgavit.
488 4317 839 4381 Mabilloni'us.
894 4322 961 4373 de
1000 4321 1075 4375 l'le
1100 4322 1152 4374 di
1197 4322 1230 4375 Ι.
1264 4336 1380 4389 paa.
1411 4322 1535 4387 470,
1568 4339 1631 4377 ex

72 4383 445 4442 autemnbo;
478 4388 791 4442 recuderunt
820 4388 1139 4442 Feliltianus.
1162 4338 1292 4442 llist.
1318 4392 1437 4442 abb.
1463 4395 1628 4442 sancti

72 4383 445 4454 autograpbo;
478 4388 791 4442 recuderunt
820 4388 1139 4452 Feliltiauus,
1163 4383 1292 4443 llist'.
1318 4383 1437 4443 abb.
1463 4383 1628 4446 sancti

74 4451 287 4533 Dioni,"
507 4469 628 4523 pag.
666 4454 720 4520 9,
746 4451 1164 4533 etpollectores
1194 4460 1505 4533 scriptorum
1544 4478 1626 4533 re-
1658 4451 1706 4508 D

242 4520 643 4597 Francicarut'n,
695 4536 733 4580 t.
783 4526 869 4589 IV,
906 4542 1022 4597 pag.
1067 4528 1192 4581 660.
1241 4520 1388 4581 Nulla
1437 4529 1488 4581 in
1541 4531 1639 4587 hoc

70 4589 376 4669 diplomate
422 4600 544 4645 uota
572 4589 1091 4669 chronologicafnee
1120 4598 1261 4669 regis
1288 4600 1632 4669 subscriptio;

70 4660 180 4733 sed-
203 4660 453 4733 sigillum
491 4663 692 4733 regium
737 4660 1032 4733 appositum
1063 4660 1222 4719 fuisse
1247 4675 1426 4719 mouet
1454 4660 1639 4722 MabiIL

72 4728 383 4807 Iunius,_de
413 4728 488 4781 lle
530 4728 687 4798 dipl.,
732 4728 851 4807 pag.
901 4735 1027 4799 210,
1069 4736 1211 4807 quod
1238 4736 1637 4807 subscriptionis

71 4800 247 4852 vicem
299 4800 377 4853 ita
424 4810 656 4865 praestat,
706 4814 761 4854 ut
806 4800 1162 4857 instrumento
1190 4804 1345 4857 tidem
1372 4800 1631 4862 conciliet.

68 4866 186 4931 Quo
217 4877 470 4936 tempore
498 4868 678 4923 datam
702 4872 853 4926 fuerit
876 4875 956 4926 sic
982 4883 1153 4939 potest
1173 4875 1307 4927 erui.
1344 4873 1529 4927 Datum
1555 4888 1636 4931 est

69 4949 196 5010 eam
219 4946 341 5010 tota
373 4940 675 5010 monarcltis
706 4940 941 4996 Francia:
971 4944 1223 5008 potiretur
1253 4942 1634 5010 Theodericus,

67 5008 123 5081 si.
143 5006 376 5081 quidem
414 5008 477 5081 _in
521 5006 1013 5081 hocrinstrument’o
1061 5022 1315 5065 memorat
1353 5027 1506 5081 regna
1546 5006 1635 5066 sua

70 5070 363 5141 Natalia,
405 5076 715 5141 Burgundii:
756 5090 802 5131 et
848 5082 1084 5134 Austriaz.
1113 5083 1299 5134 Occiso
1327 5070 1497 5133 autem
1532 5082 1632 5135 Da—

70 5094 363 5141 naus-rc,
405 5094 509 5129 uer
545 5094 715 5131 unatc
756 5094 802 5131 et
848 5094 1084 5134 austrina.
1113 5094 1299 5134 Ut‘ClSO
1327 5094 1497 5133 autem
1532 5094 1632 5135 ua—

66 5145 317 5217 golrerto
339 5161 481 5217 anno
506 5094 629 5213 ἕης,
660 5150 927 5202 Austrasta
958 5154 1169 5217 quidem
1202 5166 1252 5203 tn
1276 5150 1363 5217 jus
1392 5151 1635 5204 Theodo-

66 5214 162 5267 rid
210 5212 467 5281 cedebat,
515 5216 733 5280 cuijam
774 5212 1014 5272 Νιτιιδιινῖει
1046 5231 1100 5273 et
1141 5212 1437 5285 Bttrgittttlia
1484 5235 1631 5283 pare-

68 5284 232 5349 bant;
264 5297 459 5356 verum
474 5288 744 5356 Αυειηείἱ
776 5303 877 5340 non
907 5289 1083 5341 statim
1112 5284 1279 5355 ipsum
1311 5300 1633 5356 agnoverunt

64 5366 274 5419 metu,
306 5363 369 5424 et
400 5354 570 5407 adhuc
596 5370 734 5410 anno
759 5358 862 5412 (:80
884 5371 1067 5412 contra
1101 5361 1269 5424 ipsum
1294 5354 1461 5411 actem
1489 5361 1627 5412 tlire-

70 5432 288 5475 χαίταισι.
324 5422 456 5476 ViCti
478 5425 682 5477 tandem
707 5426 805 5479 hoc
824 5430 1009 5481 eodem
1037 5422 1197 5489 anno,
1222 5431 1288 5481 atl
1318 5429 1626 5492 ultsequittm

68 5492 273 5562 redach
318 5502 471 5555 sunt,
497 5493 756 5559 Luuguer.
787 5501 924 5549 Anu.
962 5496 1049 5550 Fr.
1080 5500 1130 5549 ιιι
1162 5506 1199 5549 t.
1235 5499 1323 5562 ΙΙΙ,
1351 5496 1492 5549 Coll.
1522 5512 1627 5550 scr.

66 5574 174 5633 tier.
202 5557 303 5614 l'r.
340 5576 392 5629 p.
421 5562 552 5626 (ille;
582 5557 633 5617 et
656 5564 869 5631 l'ipinus
895 5566 1030 5633 ipse,
1083 5569 1134 5618 itt
1166 5557 1433 5619 Austrasia
1467 5569 1630 5631 major

64 5632 306 5699 tlmuus,
362 5647 467 5683 non
518 5634 688 5686 solum
746 5632 1097 5699 Theodttrico,
1131 5638 1223 5688 sed
1282 5636 1625 5697 Waratltoni,

64 5698 337 5756 Νινύα-ιω
384 5700 568 5765 majori
608 5704 813 5771 domus,
862 5723 918 5761 se
968 5698 1211 5774 subjecit.
1248 5707 1385 5775 Ergo
1415 5706 1510 5759 hoc
1552 5706 1626 5759 dt-

1714 1929 1897 1982 naeula
1943 1924 2133 1993 regalis
2179 1923 2421 1977 culminis
2477 1920 2766 1988 provideat,
2804 1917 2895 1971 sed
2926 1926 2979 1970 et
3004 1916 3254 1980 regimina

1714 2015 2055 2072 ecclesiarum
2098 2019 2153 2065 et
2197 2008 2652 2070 monasteriorum,
2704 2022 2799 2071 pro
2850 2005 2944 2059 Dei
2984 2003 3176 2057 intuitu
3202 2013 3257 2057 et

1710 2105 1973 2161 mercedis
2011 2112 2206 2155 nostra:
2247 2106 2550 2167 augmento,
2577 2096 2779 2149 sollerti
2806 2109 2929 2147 cura
2961 2094 3259 2161 providere,

1715 2204 1771 2248 ut
1803 2208 1901 2261 pax
1931 2189 2295 2251 ecclesiarum,
2335 2195 2389 2241 et
2412 2199 2599 2241 secura
2629 2185 2842 2238 libertas
2882 2182 3256 2237 monachorum

1719 2286 1945 2340 Domino
1985 2282 2330 2351 omnipotenti
2387 2276 2738 2345 militantium,
2788 2290 2884 2344 per
2921 2275 3095 2329 omnia
3136 2287 3258 2327 cou—

1720 2383 1985 2429 servetur.
2043 2373 2111 2425 Et
2138 2371 2205 2425 de
2246 2378 2585 2435 sacrosancto
2614 2367 2937 2421 monasterio
2966 2372 3261 2431 nuncupato

1720 2463 1967 2526 Corbeia,
1990 2462 2042 2516 itt
2066 2475 2196 2530 pago
2217 2457 2565 2514 Antbianense
2589 2463 2913 2519 constructo,
2943 2454 3004 2505 ad
3032 2452 3259 2520 regalem

1724 2562 1959 2607 nostram
2005 2549 2338 2617 praesentiam
2369 2545 2607 2599 monachi
2634 2554 2686 2599 et
2719 2544 2817 2596 viri
2847 2543 2938 2595 Dei
2966 2540 3258 2605 venientes,

1722 2642 2025 2697 serenitatis
2063 2648 2257 2693 nostrae
2294 2636 2593 2692 clementiae
2628 2634 2841 2688 auribus
2867 2638 3261 2701 suggesserunt,

1727 2740 1784 2787 ut
1810 2733 1932 2784 dum
1960 2737 2014 2783 et
2039 2726 2351 2782 venerabilis
2377 2727 2456 2781 vir
2484 2724 2871 2797 Cbrodegarius
2900 2722 3050 2780 abba.
3083 2732 3265 2773 secun-

1725 2826 1848 2877 dum
1872 2818 2307 2876 consuetudinem
2337 2819 2575 2871 humanae
2598 2812 2913 2883 fragilitatis,
2940 2814 3006 2865 de
3028 2812 3124 2863 hac
3147 2810 3265 2863 luce

1725 2916 1790 2967 ad
1848 2912 2122 2966 Dominum
2169 2909 2422 2976 migrasse
2449 2905 2801 2972 dignoscitur,
2831 2916 2987 2969 quem
3015 2899 3265 2965 apostoli-

1726 3017 1817 3056 cus
1839 3002 1919 3054 vir
1946 2999 2171 3054 domnus
2202 3005 2267 3051 et
2304 3004 2451 3063 pater
2498 3002 2679 3048 noster
2722 2989 3117 3045 Theodelredus
3146 2989 3263 3055 epi-

1729 3103 1941 3160 scopus,
1970 3090 2091 3143 dum
2121 3098 2172 3141 et
2202 3085 2288 3140 ille
2311 3097 2446 3139 onus
2473 3081 2769 3153 pontificale
2791 3080 2981 3135 meruit
3004 3078 3264 3147 accipere,

1732 3198 1823 3250 per
1847 3189 2075 3234 nostram
2117 3179 2435 3231 voluntatem
2465 3172 2972 3240 etpraeceptionem,
2997 3172 3060 3233 ad
3084 3184 3268 3239 regen-

1729 3273 1851 3325 dum
1879 3285 1941 3322 ac
1978 3267 2352 3322 dominandum
2397 3264 2719 3319 monasterio
2759 3261 3115 3330 suprascripto
3142 3274 3269 3313 con,

1730 3362 1895 3414 stituit
1922 3377 1937 3426 ;
1986 3374 2107 3413 cum
2154 3355 2405 3411 relatione
2434 3362 2487 3407 ct
2514 3362 2771 3406 consensu
2803 3351 2962 3405 totius
2986 3364 3268 3419 congrega.

1732 3452 1888 3507 tionis
1936 3450 2098 3517 ipsius
2143 3444 2469 3510 monasterii,
2497 3444 2759 3512 petierunt
2787 3455 2838 3495 ut
2873 3442 3055 3495 liceret
3083 3442 3271 3494 cisse-

1732 3541 1955 3596 cundum
2007 3553 2187 3592 eorum
2236 3535 2569 3597 electionem,
2618 3540 2671 3586 et
2714 3531 2996 3586 secundum
3034 3538 3271 3583 sanetum

1734 3631 2060 3701 privilegium
2090 3629 2227 3698 quod
2260 3640 2415 3693 supra
2456 3625 2575 3678 loco
2604 3631 2787 3677 sancto
2815 3636 2877 3675 ex
2908 3620 3071 3689 regali
3102 3620 3272 3673 muni-

1735 3723 1941 3777 licentia
1970 3729 2023 3774 et
2050 3718 2379 3773 sacerdotum
2418 3714 2761 3767 concessione
2800 3710 3053 3764 indultum
3081 3717 3181 3772 est,
3208 3708 3274 3762 de

1734 3809 2036 3878 semetipsis
2080 3808 2277 3875 eligere
2326 3812 2602 3859 rectorem.
2646 3802 2708 3854 Et
2735 3802 2857 3853 dum
2886 3812 3065 3853 eorum
3095 3798 3275 3865 petitio

1735 3908 1931 3955 nostrae
1957 3898 2226 3953 serenitati
2256 3909 2484 3965 congrua
2510 3906 2628 3948 esse
2656 3898 2709 3947 et
2737 3887 3058 3945 rationabilis
3086 3888 3135 3942 in
3162 3902 3271 3942 om-

1735 4053 1910 4117 ploma
1940 4050 2078 4103 circa
2128 4060 2319 4117 annum
2346 4045 2442 4117 ὕει
2480 4043 2637 4117 fuisse
2661 4042 2913 4117 _em_issu_r_n
2943 4040 3270 4117 conjicintusr

1734 4110 1898 4175 Favet
1928 4132 2117 4169 nomen
2145 4114 2467 4175 Cltarderici,
2501 4112 2707 4163 abbatis
2732 4110 3151 4178 Santliouysiani,
3179 4110 3268 4174 qui

1736 4201 1857 4243 tunc
1877 4197 1930 4241 et
1962 4185 2193 4255 pluribus
2211 4181 2411 4255 deinde
2427 4181 2593 4255 anuis
2622 4182 2788 4233 sancti
2811 4178 3059 4255 Dionysii
3086 4192 3266 4255 metus--

1734 4261 1898 4313 sterio
1930 4248 2152 4322 praefuit.
2182 4252 2505 4305 Mabillouius
2528 4260 2697 4322 tamen
2728 4260 2780 4322 et
2811 4248 3108 4322 Feli‘bianus
3133 4248 3270 4298 circa

1736 4315 1941 4381 annutu'
1963 4326 2066 4380 678
2098 4323 2504 4375 instrumentum
2536 4320 2635 4371 hoc
2660 4315 3022 4370 collocandum
3053 4329 3276 4368 censue-

1737 4408 1872 4450 runt.

1808 4477 1830 4503 ο
1866 4466 2049 4517 Exstat
2087 4460 2221 4527 apud
2273 4457 2632 4531 Sirmttudum,
2683 4453 2884 4531 Qttncﬂ.
2936 4453 3206 4531 lit-arum}.
3236 4451 3276 4513 l.

1738 4548 1852 4612 ttat!-
1888 4533 2011 4595 δοῖεν
2035 4540 2092 4612 ,ει
2123 4520 2408 4612 limum!»
2427 4524 2935 4612 ..N'";..'-_,"Y:._Pi%°
2955 4520 3065 4612 ﬁ“?
3088 4537 3101 4582 ξ
3121 4521 3277 4612 εἱπὶῐῗτ

1737 4589 2079 4656 instrumenta
2140 4599 2299 4651 Nttvm
2346 4589 2525 4648 Gallia:
2577 4593 2907 4651 Christianm,
2955 4600 2992 4642 t.
3026 4589 3089 4650 Χ,
3121 4591 3273 4656 ἱιιίεῑτ.

1736 4655 1839 4723 col.
1871 4672 1997 4735 ἰδῇ
2028 4671 2161 4722 inter
2189 4668 2526 4735 l’roltationcs
2553 4664 2849 4735 libertatum
2879 4660 3123 4735 Ecclesia:
3143 4655 3277 4735 _G:tl-

1740 4741 1940 4801 lieanaz,
1973 4727 2106 4806 part.
2137 4752 2192 4801 tt,
2228 4750 2340 4806 pag.
2372 4734 2461 4796 67,
2511 4742 2563 4785 et
2596 4732 2656 4806 in
2694 4728 3015 4806 Collectinne
3054 4727 3281 4806 scripto-

1738 4826 1851 4862 rum
1897 4796 2068 4861 rér‘um
2103 4796 2494 4874 Fratlcicarutn,
2526 4812 2565 4854 t.
2596 4800 2679 4874 |V_,
2712 4815 2762 4874 μ..
2794 4796 2921 4874 ρϐθ.
2960 4800 3273 4874 υοξιιιιιειιιιι

1735 4889 1814 4931 est
1842 4879 2068 4945 diploma
2113 4875 2214 4945 hoc
2261 4875 2405 4945 uotis
2448 4864 2855 4945 chronologicis,
2898 4878 3006 4945 tum
3122 4864 3299 4945 editis

1738 4958 1846 5000 tum
1877 4932 1926 4999 in
1957 4944 2326 5009 manuscriptis
2373 4941 2669 5013 (Ludit-ibus.
2711 4932 2764 4987 ut
2796 4944 3013 5013 testatur
3037 4932 3273 5013 "abillo-

1738 5020 1877 5078 uius,
1920 5017 2053 5067 Anu.
2106 5023 2143 5066 t.
2174 5005 2236 5073 ι,’
2265 5028 2382 5079 pag.
2416 5008 2552 5067 565;
2607 5007 2726 5057 hinc
2779 5005 2945 5079 critici
3005 5005 3280 5079 cuinann-o

1737 5070 2072 5137 tribuendum
2102 5084 2171 5135 sit
2202 5070 2419 5134 ittittinte
2454 5080 2588 5130 inter
2615 5090 2672 5129 se
2701 5075 3050 5127 consentiunt.
3100 5070 3279 5133 κευιιο

1737 5157 1907 5206 Ιυιιιιιδ
1969 5153 2282 5207 electionem
2325 5148 2615 5202 Eretubcrtt
2645 5146 2780 5197 circa
2813 5158 3003 5195 annum
3040 5140 3133 5192 68f
3170 5138 3278 5189 col-

1736 5224 2013 5276 locandum
2047 5232 2249 5283 censet,
2283 5232 2437 5284 quam
2469 5215 2732 5289 Coitttius,
2754 5215 3065 5289 mhi-supra,
3092 5208 3276 5289 adnan-

1736 5275 1858 5344 nmn
1907 5304 2071 5354 usque
2110 5290 2205 5344 6‘Jl
2238 5275 2514 5344 removere
2534 5275 2724 5351 jubet.»
2753 5280 3049 5335 Mabillonio
3084 5275 3273 5354 suffra-

1734 5343 1926 5429 gattlur
1947 5343 2129 5413 ilione
2158 5343 2356 5429 Callia;
2406 5343 2718 5429 Christiana}
2774 5360 3014 5429 auctores
3038 5385 3054 5409 ,
3197 5343 3279 5423 tt.

1734 5417 1833 5483 ἔοι.
1871 5432 2041 5495 ll5li;
2083 5446 2197 5496 qua:
2226 5426 2437 5496 quidem
2485 5423 2741 5477 sententia
2792 5421 2959 5485 potinr
3012 5417 3160 5496 nobis
3200 5417 3275 5465 vi-

1733 5503 1885 5553 detur
1912 5540 1927 5563 ,
1984 5494 2082 5553 etsi
2103 5494 2110 5496 '
2135 5494 2389 5550 fateantur
2429 5495 2692 5563 hucusttue
2731 5504 2833 5563 non
2863 5494 3152 5563 suppetere
3180 5497 3279 5563 jar:

1734 5555 1982 5638 gnuteuta
2027 5568 2306 5638 ejusmodi,
2348 5573 2403 5619 ut
2450 5555 2647 5631 aliquid
2671 5558 2802 5613 certi
2829 5560 2968 5611 circa
2999 5555 3099 5608 hoc
3119 5555 3282 5606 astt'ui

1733 5644 1912 5709 pt-s‘sll.
