3840 6242
455 292 589 349 1351

1513 297 1750 354 FRANC.
1792 297 1943 350 ιιιςς.
1986 295 2047 349 IV
2090 296 2317 351 PRIMIS
2356 296 2633 355 STIRPIS.

3520 306 3647 363 £353

455 407 610 459 nibus
657 406 933 470 videretur,
994 412 1341 466 venerabilem
1398 415 1562 466 virum
1609 414 1991 478 Eremhertum,
2025 419 2066 474 Α
2097 414 2453 478 apostolorum
2504 413 2641 466 Petri
2679 420 2732 466 et
2770 412 2921 465 Pauli.
2947 425 2997 466 et
3024 412 3131 487 [ac]
3158 419 3326 470 sancti
3362 418 3564 471 Martini
3596 431 3648 474 et

455 494 544 563 qui
576 495 626 547 in
656 495 768 563 ipso
811 501 1128 552 monasterio
1164 502 1257 553 fuit
1302 504 1547 569 nutritus,
1600 505 1695 571 ipsi
1740 505 1995 570 homines,

453 596 572 638 cum
607 584 868 639 voluntate
894 590 1232 655 suprascripti
1288 592 1549 656 pontiﬁcis
1594 594 1772 648 domui
1826 595 1999 650 Theo-

451 669 637 726 del‘ridi
661 674 919 740 episcopi,
956 676 1269 745 elegerunt;
1318 689 1492 733 nostra
1540 680 1820 735 clementia
1870 684 1998 749 ipsis

449 763 721 818 monachis
769 768 1100 820 concessisse
1149 771 1488 837 comperitur,
1537 771 1673 825 sicut
1714 787 1997 842 suggesse-

445 858 587 905 ruut.
634 851 1003 921 Praecipientes
1044 871 1168 926 ergo
1197 873 1289 925 per
1314 859 1448 914 hanc
1477 864 1884 929 prmceptionem
1913 877 1998 917 se-

445 942 687 995 renitatis
731 954 924 997 nostra:
956 954 1010 998 et
1037 949 1360 1000 auctoritatis
1389 951 1602 1023 regalis,
1634 951 1995 1007 concessimus

445 1038 501 1084 et
521 1031 739 1086 omnino
777 1033 1022 1101 iubemus
1052 1046 1105 1087 ιιι
1133 1040 1516 1107 ειιρνηςετὶριυε
1555 1041 1869 1093 venerabilis
1918 1042 1997 1094 vir

446 1119 813 1186 Erembcrtus,
859 1124 1023 1178 abbas
1051 1135 1101 1178 et
1132 1137 1305 1180 rector
1331 1130 1633 1183 monasterii
1662 1130 1996 1185 Corbcicnsis

443 1208 497 1262 in
522 1211 767 1264 omnibus
792 1213 861 1266 sit
889 1214 1237 1279 constitutus;
1268 1224 1322 1268 et
1343 1218 1477 1271 sicut
1506 1219 1672 1271 bonus
1701 1226 1900 1284 PastOr,
1932 1233 1993 1273 ea

442 1314 562 1370 qua:
605 1303 749 1356 utilia
793 1312 918 1357 sunt
957 1305 1020 1356 ad
1061 1318 1195 1372 opus
1228 1307 1531 1360 monasterii
1560 1315 1613 1359 et
1638 1306 1700 1360 ad
1732 1308 1993 1376 regimina

443 1390 818 1446 monachorum
849 1393 1139 1461 provideat.
1179 1405 1231 1449 et
1261 1406 1426 1464 regat,
1459 1404 1513 1451 et
1538 1398 1773 1464 erudiat;
1803 1408 1856 1453 et
1882 1415 1993 1453 me-

442 1492 619 1535 reatur
645 1481 825 1536 audire
865 1497 1043 1536 vocem
1094 1484 1298 1538 Domini
1348 1486 1610 1543 dicentis:
1640 1490 1806 1558 Euge,
1837 1504 1992 1545 serve

440 1574 579 1629 bone
597 1585 650 1629 et
677 1573 877 1630 ﬁdelis!
908 1576 1029 1645 quia
1059 1591 1219 1644 super
1246 1593 1408 1645 pauca
1434 1578 1583 1635 fuisti
1615 1581 1801 1647 ﬁdelis,
1831 1596 1991 1650 super

443 1668 606 1721 multa
635 1675 689 1723 te
716 1669 1031 1723 constituam
1059 1687 1075 1735 ;
1121 1672 1256 1725 intra
1289 1673 1342 1728 in
1374 1674 1618 1744 gaudium
1653 1674 1857 1727 Domini
1889 1674 1985 1727 tui.

2096 516 2391 559 ceterorum
2438 513 2760 565 sanctorum,
2805 518 2832 555 8
2877 504 3030 558 bona:
3081 509 3349 561 memoria:
3385 514 3641 561 ενιιιιειιιυ

2099 606 2283 648 nostro
2311 595 2592 663 Sigiberto,
2617 592 2880 663 quondam
2908 608 3051 661 rege,
3080 594 3147 648 ob
3170 610 3407 649 amorem
3430 596 3642 662 Christi,

2095 686 2163 740 de
2218 686 2412 739 foreste
2462 685 2676 741 ﬁscibus
2723 686 2917 739 nostris
2964 695 3287 754 constructa,
3314 686 3643 743 clementiam

2099 785 2331 826 nostram
2361 774 2624 842 exposcit,
2671 788 2736 827 eo
2776 775 2912 849 quod
2956 777 3066 842 ipse
3092 775 3358 842 princeps,
3392 790 3486 840 pro
3514 792 3645 831 mero

2094 864 2242 917 cedis
2271 879 2380 917 sua:
2409 864 2725 931 compendio
2763 874 2818 919 et
2860 865 2965 919 vita
3011 876 3227 931 :cterna,
3267 868 3419 922 villas
3446 868 3643 937 aliquas

2094 952 2160 1006 de
2212 954 2371 1016 ﬁscis,
2420 963 2527 1006 tam
2567 954 2702 1007 ultra
2743 955 2927 1023 Ligera
2957 970 3041 1009 res
3073 958 3315 1024 preprias
3340 971 3471 1024 quas
3498 957 3643 1012 doin-

2096 1056 2190 1093 nus
2236 1040 2514 1095 Remaclus
2559 1041 2789 1111 legitime
2838 1044 3092 1111 possedit,
3133 1059 3287 1111 quam
3319 1054 3521 1098 ceteras
3550 1061 3643 1112 per

2095 1140 2352 1199 przecepta
2380 1147 2474 1186 sua
2506 1148 2661 1187 manu
2693 1135 2961 1200 roborata,
2991 1137 3088 1188 sub
3117 1136 3318 1203 integra
3349 1136 3641 1190 emunitate

2091 1220 2291 1286 absque
2335 1221 2550 1274 introitu
2575 1222 2812 1290 judieum
2842 1223 3109 1275 concessit
3134 1222 3271 1276 unde
3299 1233 3350 1277 et
3378 1223 3486 1292 ipsa
3514 1237 3645 1289 pra:-

2090 1322 2262 1377 cepta,
2290 1326 2385 1365 seu
2425 1321 2478 1365 et
2524 1312 2981 1367 conﬁrmationem
3031 1311 3399 1367 decedentium
3465 1326 3642 1379 regum

2094 1409 2416 1453 memoratus
2445 1399 2574 1453 abba
2604 1413 2663 1453 se
2701 1414 2809 1467 prae
2852 1401 3091 1455 manibus
3133 1402 3327 1456 habere
3355 1402 3634 1463 adﬁrmat;

2089 1502 2147 1542 se
2179 1488 2329 1554 petiit
2364 1487 2729 1542 celsitudinem
2763 1498 2996 1543 nostram
3036 1499 3094 1543 ut
3138 1500 3242 1544 tam
3285 1493 3336 1545 id
3365 1493 3505 1560 quod
3533 1492 3642 1560 ipse

2090 1573 2335 1641 princeps
2376 1572 2601 1627 domnus
2644 1572 2939 1643 Sigibertus
2986 1574 3053 1629 de
3102 1575 3227 1630 ﬁsco
3255 1592 3388 1643 suo,
3438 1578 3643 1633 seu-de

2089 1665 2303 1733 reliquis
2352 1664 2507 1729 locis,
2553 1664 2619 1717 ad
2665 1666 2775 1732 ipsa
2829 1669 3145 1722 monasteria
3176 1668 3332 1740 [Ατιά.
3359 1686 3376 1721 ;
3400 1685 3494 1737 per
3520 1684 3640 1723 suas

443 1758 506 1810 Et
536 1771 593 1811 ut
624 1758 795 1813 taliter
836 1770 976 1829 agat,
1022 1762 1140 1816 ideo
1187 1771 1367 1817 nostra
1384 1742 1669 1817 clementia
1699 1765 1746 1818 ei
1778 1764 1978 1819 indulsit

2090 1755 2397 1807 autoritates
2425 1754 2659 1807 noscitur
2688 1755 3012 1809 concessisse
3037 1771 3191 1822 quam
3220 1757 3381 1809 etiam
3409 1758 3548 1825 quod
3576 1758 3637 1810 ad

440 1854 498 1896 ut
547 1845 737 1899 habeat
786 1856 1094 1912 potestatem
1141 1849 1207 1903 de
1245 1858 1352 1904 tota
1396 1854 1797 1920 congregatione
1820 1851 1989 1919 ipsius

437 1937 770 2001 monasterii,
800 1937 881 1989 vel
909 1937 974 1990 de
1002 1952 1183 1991 eorum
1216 1938 1515 1995 hominibus
1543 1940 1605 2019 in
1626 1955 1805 1994 eorum
1836 1943 1989 1996 terris

437 2025 908 2089 cummanentibus,
949 2026 1029 2080 vel
1068 2027 1134 2080 de
1152 2041 1340 2083 eorum
1371 2028 1529 2082 rebus
1558 2038 1610 2083 et
1640 2030 1987 2097 possessioni-

439 2117 536 2167 luts
580 2116 859 2171 mobilibus
900 2125 953 2171 et
999 2117 1374 2181 immobilibus,
1425 2118 1563 2173 sicut
1600 2130 1777 2175 sancta
1808 2124 1983 2191 regula

434 2204 611 2267 docet,
642 2214 695 2258 et
724 2214 937 2261 sanctus
963 2207 1095 2259 ordo
1122 2194 1499 2261 monachorum
1547 2209 1842 2265 dinoscitur
1867 2227 1984 2267 esse

439 2295 871 2358 conservandus;
905 2296 974 2347 ita
1002 2304 1057 2348 ut
1082 2298 1145 2350 de
1174 2296 1257 2349 die
1289 2300 1553 2364 praesenti,
1579 2300 1822 2354 omnibus
1851 2309 1982 2354 tem-

433 2381 649 2450 poribus
690 2383 809 2435 :itte
853 2398 982 2446 suae,
1025 2386 1312 2439 secundum
1355 2385 1443 2441 Dei
1473 2387 1787 2460 voluntatem
1816 2397 1870 2442 et
1898 2403 1982 2443 se-

434 2471 661 2524 cundum
702 2483 939 2525 sanctum
985 2475 1244 2539 ordinem,
1288 2476 1608 2530 dominatum
1638 2478 1894 2546 accipiat;
1927 2487 1980 2534 et

434 2562 543 2628 ipsa
590 2573 769 2615 sancta
815 2564 1150 2632 congregatio
1188 2564 1288 2618 sub
1332 2566 1422 2619 illo
1467 2568 1751 2633 conStitua,
1793 2583 1979 2638 preces

432 2651 668 2705 assiduas
692 2653 756 2704 ad
782 2668 937 2706 aures
961 2653 1411 2709 reverentissimas
1439 2656 1727 2722 majestatis
1749 2656 1977 2722 Domini,

430 2754 525 2803 pro
556 2738 709 2793 nobis
732 2749 785 2793 et
816 2755 910 2805 pro
935 2739 1219 2793 stabilitate
1246 2741 1388 2809 regni
1421 2743 1603 2807 nostri,
1629 2741 1824 2811 jugiter
1853 2742 1971 2796 {uno

430 2826 538 2878 dat.
570 2828 634 2879 Et
675 2836 728 2879 ut
774 2826 871 2880 hoc
911 2839 1226 2896 prmceptum
1274 2825 1471 2885 ﬁrmius
1512 2833 1783 2897 habeatur,
1836 2833 1974 2902 quod

433 2930 526 2983 pro
583 2916 676 2971 Dei
723 2918 913 2974 timore
966 2921 1275 2975 indulsimus
1328 2925 1637 2977 auctoritate
1691 2925 1971 2992 praecisa,

436 3023 620 3062 manus
670 3020 861 3064 nostras
905 3011 1374 3081 subscriptionibus
1418 3017 1598 3069 subter
1646 3016 1972 3071 decrevimus

428 3097 698 3153 roborare.

1154 3190 1239 3245 Xt.

431 3311 454 3338 α
488 3298 729 3384 [diploma
787 3319 884 3384 quc
915 3303 1269 3384 .Thcodoricus
1311 3315 1444 3384 dona
1494 3308 1808 3384 monasteriis
1837 3308 1979 3384 _Sta-

498 3370 690 3446 balanti
727 3383 775 3425 et
802 3370 1269 3427 "Malmundarienst'
1315 3376 1501 3433 collata
1529 3378 1795 3442 conﬁrmat
1829 3379 1973 3446 (ann.

496 3439 643 3505 68!).

498 3547 877 3611 Theudoricus,
913 3566 999 3601 rex
1045 3550 1383 3617 Francorum,
1418 3553 1495 3605 vir
1523 3554 1761 3608 intustcr.
1797 3554 1851 3607 Si
1884 3568 1975 3619 pe-

428 3636 639 3690 titiones
668 3638 994 3692 sacerdotum
1025 3649 1117 3691 aut
1144 3641 1479 3695 ecclesiarum
1512 3643 1761 3709 prolatas,
1793 3644 1841 3695 in
1870 3658 1975 3711 quo

430 3729 623 3781 nostris
671 3730 885 3783 auribus
938 3742 1078 3785 recte
1131 3733 1486 3800 poposcerint,
1541 3736 1877 3801 perducimus
1906 3734 1971 3793 ad

424 3817 689 3881 eﬂ’ectum,
733 3820 926 3888 regiam
970 3822 1399 3874 consuetudinem
1445 3837 1771 3882 exercemus,
1826 3832 1878 3875 ct
1921 3824 1970 3874 in

433 3918 686 3960 aeternum
742 3909 1015 3963 Dominum
1074 3911 1441 3964 retributorem
1497 3927 1563 3965 ex
1621 3912 1720 3966 hoc
1779 3913 1972 3966 habere

431 3997 766 4051 conﬁdimus.
816 3998 934 4052 Ideo
982 3985 1171 4053 uotum.
1205 4001 1273 4053 sit
1324 3999 1566 4083 ﬁdelibus
1608 4001 1801 4055 nostris
1851 4002 1969 4067 quia

425 4085 741 4138 venerabilis
784 4086 864 4139 vir
911 4086 1181 4140 Goduinus
1229 4087 1547 4160 [Gonuiuus]
1591 4089 1721 4142 abba
1765 4090 1830 4143 de
1860 4104 1973 4142 mo-

429 4175 663 4226 nasterio
713 4174 1093 4247 [monasteriis]
1136 4177 1411 4230 Stabulaus
1460 4188 1514 4231 et
1562 4178 1970 4243 Malmundario,

429 4278 547 4329 quae
598 4274 719 4316 sunt
771 4266 820 4317 in
867 4263 1067 4320 honore
1114 4275 1309 4320 sanctm
1359 4268 1533 4319 Mariae
1571 4276 1625 4319 et
1667 4278 1970 4321 sanctorum

2088 1843 2282 1909 scripta
2329 1840 2673 1913 monasteria]
2726 1856 2756 1894 a
2791 1842 3103 1897 Christianis
3162 1844 3463 1899 hominibus
3510 1845 3638 1900 inibi

2091 1929 2296 1982 videtur
2342 1928 2504 1983 fuisse
2541 1929 2722 1984 datum
2763 1928 3094 2003 [conlatum],
3124 1941 3178 1986 et
3206 1934 3487 2001 praesentis
3511 1943 3640 1987 tem-

2088 2018 2230 2086 poris
2260 2033 2444 2073 eorum
2487 2028 2669 2073 manet
2712 2020 2977 2085 possessio
3004 2021 3087 2075 vel
3115 2016 3428 2087 dominatio,
3461 2033 3515 2075 ut
3543 2025 3638 2075 hoc

2087 2110 2137 2161 in
2172 2108 2396 2176 idipsum
2444 2122 2539 2176 pro
2582 2108 2775 2161 nostris
2805 2109 3035 2163 oraculis
3062 2106 3627 2179 conﬁrmaredebere-

2084 2213 2220 2251 mus.
2247 2195 2409 2265 Cujus
2436 2196 2696 2265 petitioni,
2731 2210 2825 2261 pro
2851 2197 3145 2249 reverentia
3183 2197 3416 2264 ipsorum
3458 2212 3634 2248 mona-

2082 2285 2399 2347 steriorum,
2416 2298 2509 2337 seu
2537 2284 2931 2336 considerantes
2958 2284 3309 2337 sacerdotium
3343 2283 3504 2352 ipsius
3532 2284 3631 2336 viri

2085 2374 2329 2438 Goduini,
2380 2374 2460 2428 vel
2510 2374 2629 2428 ﬁtlei
2658 2388 2765 2427 sua:
2796 2384 3092 2442 respectum
3120 2388 3225 2442 quo
3257 2388 3380 2443 erga
3417 2388 3631 2442 regnum

2085 2480 2321 2524 nostrum
2354 2468 2577 2522 ﬁdeliter
2599 2470 2803 2523 videtur
2831 2467 3095 2532 famulari,
3144 2483 3248 2520 non
3298 2468 3468 2520 solum
3513 2481 3635 2519 eon-

2082 2561 2340 2623 ﬁrmasse,
2371 2560 2463 2613 sed
2486 2561 2643 2612 etiam
2677 2572 2771 2627 pro
2798 2558 3038 2613 mercede
3087 2568 3263 2612 nostra
3305 2574 3332 2611 a
3362 2575 3503 2612 novo
3546 2576 3630 2613 reo

2078 2648 2306 2701 cessisse
2332 2659 2507 2701 vestra
2532 2649 2818 2715 comperiat
2875 2647 3197 2716 magnitudo.
3256 2647 3634 2716 Praecipientes

2077 2738 2216 2791 enim
2241 2748 2318 2802 ut,
2342 2737 2477 2791 sicut
2497 2745 2702 2791 constat
2731 2752 2759 2790 a
2789 2738 3148 2805 suprascripto
3178 2738 3412 2806 principe
3438 2739 3634 2792 domno

2077 2827 2364 2895 Sigiherto,
2408 2827 2487 2880 vel
2525 2840 2777 2895 germano
2806 2828 2987 2881 nostro
3013 2826 3334 2895 Childerieo,
3371 2830 3633 2897 quondam

2073 2930 2217 2983 rege,
2246 2930 2338 2968 seu
2364 2915 2552 2969 ceteris
2580 2914 2895 2969 Christianis
2924 2916 3249 2980 hominibus,
3279 2916 3344 2968 ad
3375 2916 3489 2981 ipsa
3517 2931 3634 2968 mo-

2076 3010 2328 3071 nasteria,
2369 3017 2474 3061 tam
2504 3008 2723 3061 villabus
2762 3023 2916 3076 quam
2939 3009 3200 3073 domibus,
3224 3007 3514 3075 mancipiis,
3545 3022 3633 3060 ac-

2006 3083 2052 3145 (ἶ
2080 3097 2314 3162 colabus,
2344 3097 2533 3159 vineis,
2564 3098 2727 3161 silvis,
2760 3099 2942 3166 pratis,
2969 3100 3185 3167 campis,
3216 3100 3459 3169 pascuis,
3480 3101 3634 3166 aquis

2077 3202 2397 3255 aquarumve
2458 3186 2811 3250 decursibus,
2873 3202 2990 3242 cum
3046 3188 3266 3255 reliquis
3320 3189 3634 3249 beneﬁciis,

2080 3276 2357 3332 mobilibus
2396 3284 2447 3329 et
2478 3275 2846 3339 immobilibus,
2894 3277 3137 3343 praesenti
3188 3286 3427 3343 tempore
3454 3279 3635 3341 quieto

2078 3368 2262 3421 ordine
2294 3381 2413 3435 pars
2444 3368 2673 3436 ipsorum
2716 3356 3159 3420 monasteriorum
3191 3367 3423 3419 cernitur
3460 3366 3632 3417 domi-

2078 3459 2212 3520 nari,
2261 3459 2327 3510 ita
2371 3458 2622 3525 deinceps
2659 3473 2752 3525 pro
2783 3468 2960 3513 nostra
3000 3460 3313 3512 auctoritate
3343 3459 3550 3527 plenius
3580 3460 3628 3509 in

2080 3546 2168 3600 Dei
2194 3547 2403 3600 nomine
2423 3546 2792 3600 conﬁrmamus
2812 3554 2911 3599 tam
2940 3547 3293 3616 suprascripta
3316 3548 3451 3611 loca,
3470 3562 3627 3615 quam

2076 3636 2430 3705 supratlictum
2455 3636 2745 3691 Goduinum
2769 3637 3010 3690 abbatem
3032 3646 3085 3690 ct
3109 3651 3443 3692 successores
3469 3652 3626 3700 suos,

2076 3730 2152 3782 vel
2183 3728 2466 3781 monachos
2492 3726 2680 3781 ibidem
2703 3727 3072 3788 consistentes,
3109 3736 3213 3779 tam
3238 3728 3433 3780 nostris
3462 3744 3619 3795 quam

2076 3818 2269 3870 futuris
2305 3818 2645 3884 temporilms,
2680 3816 2939 3884 inspectas
2967 3816 3105 3883 ipsas
3130 3818 3473 3869 auctoritates
3505 3828 3628 3868 ante

2078 3907 2242 3957 lectos
2297 3905 2607 3972 principes,
2653 3907 2736 3959 vel
2790 3906 2989 3973 reliqua
3043 3907 3421 3964 instrumenta.
3479 3905 3622 3974 quod

2073 3996 2262 4049 ibidem
2290 3994 2379 4047 fuit
2409 3994 2669 4048 ﬁrmatum
2696 4002 2749 4048 et
2775 3995 3146 4057 condonatum,
3180 4008 3273 4049 seu
3314 4005 3368 4048 et
3413 3996 3624 4049 inantea

2067 4086 2206 4154 juste
2248 4093 2302 4138 et
2341 4084 2721 4138 rationabiliter
2763 4085 3006 4138 collatum
3051 4085 3150 4139 sub
3193 4087 3506 4139 emunitatis
3536 4103 3629 4139 no.

2073 4178 2234 4237 mine,
2275 4176 2473 4243 absque
2518 4177 2732 4230 introitu
2772 4177 3029 4246 iudicum,
3075 4176 3268 4231 ibidem
3300 4187 3515 4231 maneat
3544 4176 3626 4230 in-

2069 4264 2415 4328 convulsum;
2466 4279 2569 4331 quo
2623 4264 2735 4327 ﬁat,
2779 4275 2833 4317 ut
2864 4265 3014 4318 nobis
3040 4266 3103 4317 ad
3132 4265 3432 4318 mercedem
3466 4267 3626 4332 perti-

497 4441 519 4467 ο
550 4430 834 4506 E_d_iderunt
864 4433 1243 4506 lienschenius,
1291 4437 1356 4490 de
1396 4438 1518 4491 trib.
1552 4438 1747 4505 Dagob.
1780 4440 1869 4493 lili.
1904 4440 1967 4503 ll,
1996 4416 2047 4473 ὐ
2076 4454 2102 4490 a
2135 4453 2237 4506 quo
2265 4436 2576 4490 monasteria
2611 4436 2676 4490 de
2702 4435 2891 4504 Quibus
2920 4436 3091 4501 agitur
3118 4436 3343 4502 diploma
3363 4436 3622 4506 impetra-

422 4512 539 4576 cap.
574 4501 660 4579 t7,
692 4515 755 4579 ex
784 4503 1319 4579 m§:'8:tﬂll)¢l‘89ll§i;
1352 4508 1588 4561 Cointins
1615 4501 1674 4563 ex
1702 4501 1967 4564 Iicnscheé
1992 4534 2021 4579 ε

421 4569 536 4644 nio.
563 4570 821 4644 Annal._t.
848 4570 933 4644 IX,
959 4587 1074 4644 pag.
1098 4569 1198 4635 ‘28;
1229 4575 1530 4639 Matteuius,
1560 4580 1805 4644 Ampliss.
1839 4582 1965 4632 coll.

423 4644 461 4687 t.
500 4638 562 4715 ll,
593 4652 709 4703 pag.
746 4640 832 4701 ιε,
865 4638 929 4694 ex
962 4638 1225 4715 chartario
1268 4638 1607 4706 Stabulen’si;
1650 4638 1969 4702 Collectorcs

423 4712 739 4786 scriptorium
771 4724 944 4786 rerum
976 4712 1366 4786 Francicartun,
1408 4726 1444 4767 t.
1480 4716 1566 4780 IV,
1599 4732 1713 4783 pag.
1744 4719 1870 4781 6.33,
1902 4735 1964 4771 cx

426 4774 878 4852 hlartenioLcujus
909 4780 1162 4835 lectiones
1189 4774 1476 4851 seqninmr.
1503 4774 1638 4840 Nulli
1665 4774 1963 4852 suspectum

421 4844 668 4920 diploma.
696 4846 891 4922 Desunt
919 4857 1055 4922 nota:
1080 4844 1496 4922 chronologieze;
1527 4871 1623 4910 nec
1646 4844 1966 4909 concordant

420 4916 556 4963 inter
580 4928 643 4989 se
671 4916 837 4989 critici
865 4919 950 4970 cui
979 4933 1119 4972 anno
1148 4916 1518 4989 assignandum
1549 4927 1617 4979 sit
1648 4927 1968 4979 instrumen-

420 4992 527 5061 tum
580 4982 979 5061 hoczaliiLut
1032 4982 1281 5061 Marten.‘
1316 5001 1370 5044 et.
1429 4995 1560 5047 Coll.
1614 4997 1802 5055 script.
1858 5010 1963 5047 rer.

416 5050 610 5131 Frane:
650 5066 785 5131 anno
816 5057 921 5131 675_
945 5068 1031 5131 aut
1061 5058 1164 5112 67s
1195 5061 1370 5114 datum
1421 5066 1581 5116 luisse
1612 5050 1963 5125 arbitrantur;

571 5121 827 5201 Coiutius,
875 5126 1189 5201 tibi___s_upra,
1221 5143 1275 5182 et
1305 5133 1499 5201 Maliill.
1530 5136 1667 5188 Anu.
1705 5145 1741 5184 ι.
1778 5133 1816 5195 i,
1848 5124 1963 5198 pag.

415 5187 705 5264 568,_cirea_
732 5207 921 5245 annum
945 5187 1148 5253 681.Ὲί
1180 5187 1291 5251 rem
1319 5200 1472 5253 liceat
1492 5187 1815 5264 exuendi-re,
1847 5187 1967 5252 ante

416 5261 593 5311 omnia
642 5260 1021 5316 advertendum
1070 5277 1149 5319 est
1199 5271 1519 5323 monasteria
1562 5260 1878 5323 Statmlense
1916 5278 1970 5321 et

422 5329 913 5408 Malmundtirieuse
942 5335 1175 5408 paruisse
1223 5339 1507 5391 AuStrasia:
1548 5341 1778 5408 regibus.
1818 5341 1969 5391 Auno

417 5407 592 5451 autem
626 5398 750 5471 675,
803 5398 981 5454 occiso
1018 5405 1335 5471 Cltilderico,
1372 5398 1635 5461 Austrusii
1654 5408 1752 5460 sibi
1784 5408 1968 5461 ΕΙ)ιοί-

420 5481 543 5543 nutu
606 5469 795 5543 ducent
850 5475 1235 5527 constituerunt
1301 5469 1481 5530 contra
1542 5477 1965 5543 Tlteodoricum,

417 5533 672 5595 Netutria:
692 5553 743 5592 et
770 5541 1083 5607 Burgundim
1110 5559 1305 5610 regem,
1334 5550 1413 5599 cui
1440 5559 1585 5601 erant
1613 5533 1967 5609 intettsissimi,

417 5614 472 5657 et
504 5620 643 5662 anno
675 5622 925 5679 sequente
966 5611 1309 5680 Dagobcrtum
1342 5614 1379 5667 ll
1415 5633 1589 5685 regem
1622 5627 1963 5686 agnoverunt,

2075 4504 2257 4561 verunt
2287 4509 2423 4574 quod
2451 4522 2607 4571 supra
2635 4507 2986 4574 exhibuimus,
3016 4506 3117 4558 col.
3155 4506 3310 4558 I507.
3359 4504 3625 4574 linguliero

2077 4588 2155 4630 lus
2188 4562 2532 4640 interemptus
2552 4585 2632 4627 est
2663 4588 2801 4626 anno
2820 4562 2943 4632 678.
2974 4562 3073 4628 uec
3098 4575 3214 4627 ideo
3238 4577 3415 4627 statim
3435 4562 3629 4628 ’Τηεοί

2075 4649 2284 4700 doricus
2330 4646 2524 4709 potitus
2562 4651 2640 4695 est
2674 4644 2961 4707 Austrasia,
2992 4657 3145 4709 quam
3176 4643 3423 4696 Martinus
3455 4651 3511 4695 et
3544 4644 3624 4696 νὶ-

2075 4718 2229 4781 pinus
2256 4715 2419 4767 duces
2447 4722 2864 4780 oecupaverant;
2895 4717 2985 4781 sed
3012 4715 3075 4765 iis
3096 4712 3274 4781 pnelio
3306 4711 3456 4764 victis
3482 4726 3620 4763 anno

2074 4786 2195 4847 680,
2229 4785 2342 4835 vide
2372 4796 2547 4846 supra,
2570 4798 2622 4833 n.
2657 4781 2745 4846 IX,
2770 4792 2877 4834 not.
2898 4780 2946 4844 δ,
2968 4780 3123 4835 totius
3153 4782 3385 4835 Francim
3416 4794 3622 4831 monar-

2074 4854 2171 4906 cha
2226 4854 2446 4906 etfectus
2488 4862 2569 4903 est
2611 4850 2991 4912 Theodorieus,
3037 4860 3089 4905 et
3139 4852 3185 4903 ei
3234 4852 3471 4914 subjecta
3504 4857 3625 4901 sunt

2076 4922 2391 4975 monasteria
2442 4921 2754 4975 Stabulense
2802 4929 2855 4973 et
2905 4919 3419 4978 Malmundariense;
3481 4918 3620 4972 unde

2074 4992 2336 5059 eonjicere
2384 5003 2602 5057 pronum
2642 4999 2719 5059 est
2747 4989 2886 5041 circa
2914 4984 3235 5059 annnm_68l
3271 4988 3381 5051 ipsa
3412 5001 3623 5059 posses-

2075 5055 2281 5113 simium
2332 5055 2542 5111 suarum
2591 5057 3038 5108 conﬁrmationem
3086 5055 3153 5106 ab
3202 5068 3266 5105 eo
3306 5056 3619 5122 ρθειιῃπςςο,

2080 5130 2171 5183 llis
2202 5129 2519 5193 suffragatur
2550 5126 2953 5190 Longueruauts,
2979 5124 3168 5193 Annal.
3203 5121 3389 5177 Fratre.
3422 5126 3470 5175 iu
3497 5133 3537 5177 t.
3561 5122 3619 5177 Ill

2076 5198 2207 5250 Coll.
2264 5192 2445 5263 script.
2507 5211 2611 5263 rer.
2669 5195 2875 5263 ναμε..
2928 5211 2977 5258 p.
3027 5192 3130 5245 6J2
3159 5203 3210 5246 et
3241 5208 3382 5259 θείς..
3412 5208 3509 5246 nec
3541 5208 3622 5244 re-

2078 5278 2306 5334 pugnant
2330 5279 2560 5329 tempora
2586 5262 2810 5334 Goduini
2838 5264 3059 5334 abbatis,
3093 5263 3178 5328 qui
3208 5263 3413 5334 utrique
3435 5274 3620 5312 mona-

2075 5328 2236 5389 Ste'rio
2276 5328 2481 5399 pra-fuit
2509 5337 2574 5385 ali
2604 5347 2740 5385 anno
2770 5330 2885 5403 (iis
2904 5332 2967 5403 ad
2992 5328 3339 5403 annum
3368 5341 3423 5383 ut
3456 5339 3620 5403 testa;

2078 5413 2159 5456 tur
2206 5405 2345 5457 Nova
2394 5403 2531 5455 Gatl.
2571 5403 2766 5455 Christ.
2799 5410 2837 5452 t.
2876 5401 2959 5460 Ill,
2990 5402 3092 5455 col.
3119 5401 3243 5453 9m.
3298 5401 3407 5452 Hoc
3443 5401 3621 5453 autem

2076 5475 2299 5539 diploma
2323 5470 2647 5523 Theodorico
2675 5472 2826 5533 hujus
2850 5472 3075 5523 nominis
3102 5470 3258 5521 tertio
3287 5466 3621 5522 tribuendum

2080 5533 2261 5617 unum,
2290 5557 2357 5617 cx_
2380 5555 2448 5617 eo
2474 5539 2611 5604 quod
2642 5540 2710 5593 itii
2743 5539 3101 5593 Theudoricus
3128 5540 3439 5593 avunculum
3467 5548 3619 5617 suam

2077 5612 2301 5679 appellat
2329 5610 2659 5679 Sigibcrtum.
