3840 6242
534 339 672 397 1535

1546 343 1789 401 FRANC.
1831 344 1987 399 ΠΕΟ.
2031 342 2094 395 IV
2137 340 2369 403 PRiM/E
2404 350 2686 409 STIRPIS.

3568 365 3673 427 (336

522 454 662 521 quod
691 452 802 508 ﬁsci
828 452 991 507 nostri
1011 451 1295 507 ditionibus
1315 454 1602 509 debueram
1634 454 1847 535 inferre,
1878 456 1976 507 hoc
2002 453 2064 504 ad
2094 454 2143 510 A
2169 456 2364 522 studio,
2393 469 2496 514 tam
2536 463 2672 515 ultra
2701 464 2951 534 Ligerim,
2994 468 3044 521 in
3076 458 3228 525 ilcrla
3254 473 3453 529 scilicet
3480 488 3525 531 et
3552 480 3670 535 Satu-

520 539 691 608 ipsam
720 542 1174 610 congregationem
1202 554 1435 596 sanctam
1466 543 1564 597 hac
1583 532 1859 597 autorita'te
1879 559 2067 598 conce-

519 631 713 696 dimus,
754 642 811 685 ut
852 632 952 685 hoc
979 632 1201 685 debeant
1230 632 1423 687 habere
1451 647 1757 687 concessum
1780 642 1938 700 atque
1983 634 2065 686 in-

516 720 739 773 dultum.
767 720 851 785 Et,
876 728 931 779 ut
951 720 1048 774 hec
1071 721 1357 775 auctoritas
1377 722 1591 787 nostris,
1627 721 1733 775 Deo
1757 724 2061 788 auxiliante,

516 818 569 862 et
587 810 791 864 futuris.
823 811 1148 879 temporibus
1199 810 1482 864 ﬁrmiorem
1534 812 1765 866 obtineat
1805 814 2058 880 vigorem,

514 914 701 953 manus
728 909 909 953 nostre
927 899 1369 965 subcriptionibus
1396 913 1511 953 eam
1537 899 1718 954 subter
1731 900 2057 955 decrevimus

512 986 751 1040 roborari
779 993 829 1041 °.
860 984 916 1039 In
945 984 1140 1040 Christi
1170 987 1384 1041 nomine
1423 986 1781 1041 Theudoricus
1812 1002 1903 1041 rex
1931 980 2060 1040 sub-

509 1075 716 1143 scripsi.
748 1075 1078 1144 Aghlibertus
1118 1076 1440 1144 recognovit.
1475 1076 1658 1130 Datum
1684 1078 1781 1130 sub
1805 1078 1889 1131 die
1919 1092 2059 1130 nono

508 1180 692 1221 mense
718 1166 745 1205 δ
772 1166 1037 1221 Februarii
1067 1180 1206 1221 anno
1232 1166 1440 1221 decimo
1467 1167 1613 1237 regni
1642 1167 1830 1231 nostri,
1881 1168 1932 1220 in
1961 1167 2054 1222 Dei

508 1256 718 1355 nomine
737 1254 974 1313 feliciter.
1004 1257 1194 1312 Amen.

1197 1363 1337 1417 XIV.

506 1465 529 1493 ε
562 1451 802 1525 Diploma
844 1469 958 1525 quo
981 1453 1321 1525 Theudoricus
1352 1452 1929 1525 DmettsisAtnonasterii
1959 1455 2052 1506 im-

818 1522 1081 1575 munitates
1104 1523 1370 1589 conﬁrmat
1398 1536 1545 1583 (ann.
1583 1522 1730 1591 083).

570 1610 881 1678 Principalis
911 1611 1171 1666 serenitas
1206 1627 1415 1680 semper
1459 1613 1511 1665 in
1537 1622 1726 1666 cuncto
1755 1613 1912 1666 debet
1934 1628 2053 1679 pro-

494 1702 717 1769 spicere,
750 1701 997 1769 precipue
1022 1700 1363 1769 petitionibus
1405 1703 1760 1766 sacerdotum,
1812 1716 1912 1768 que
1952 1701 2051 1757 rite

2171 542 2311 596 riaco
2338 546 2422 599 vel
2442 548 2811 607 Dono-Fronte
2834 567 2952 606 cum
2982 558 3297 622 appenditiis
3318 562 3448 626 suis,
3466 576 3513 617 et
3535 566 3672 623 Disein

2168 643 2287 723 cum
2319 636 2631 700 appenditiis
2655 640 2787 703 suis,
2814 655 2965 709 quam
2987 644 3148 698 etiam
3177 646 3303 701 citra
3345 628 3556 718 Ligerim
3580 671 3671 723 pos-

2168 720 2338 777 sidere
2380 724 2645 791 videntur,
2687 743 2781 782 seu
2834 731 2971 799 quod
3006 733 3198 787 ibidem
3228 736 3400 791 adhuc
3424 720 3608 798 inantea
3634 748 3671 799 in

2166 808 2261 863 Dei
2297 814 2511 867 nomine
2538 830 2567 867 a
2597 814 2906 873 Christianis
2935 819 3232 877 hominibus
3256 824 3398 890 juste
3416 836 3466 880 et
3490 832 3671 884 rationa-

2167 898 2342 951 biliter
2388 900 2543 955 fuerit
2573 902 2807 958 additum
2862 909 2941 960 vel
2981 909 3355 975 condonatum,
3407 930 3495 979 pro
3536 922 3674 985 quiete

2164 989 2328 1053 ipsius
2370 989 2512 1055 regni
2550 993 2744 1054 nostri,
2780 993 3031 1061 integram
3059 999 3397 1053 emunitatem
3435 1017 3524 1067 pro
3559 1021 3673 1060 reve-

2163 1077 2328 1129 rentia
2360 1079 2520 1145 ipsius
2546 1083 2712 1134 sancti
2744 1083 2842 1137 loci
2871 1087 3234 1150 concedimus,
3265 1095 3322 1139 ut
3348 1090 3517 1142 nullus
3536 1092 3668 1158 judex

2164 1165 2403 1231 publicus
2430 1168 2667 1236 quolibet
2682 1172 3117 1240 modojudiciaria
3134 1176 3400 1230 accinctus
3430 1190 3669 1245 potestate.

2161 1256 2211 1307 in
2240 1264 2419 1312 curtes
2448 1259 2614 1327 ipsius
2663 1264 2988 1321 monasterii.
3022 1266 3340 1334 ubicumque
3388 1269 3449 1321 ad
3493 1286 3671 1337 presens

2158 1356 2337 1397 eorum
2370 1360 2580 1401 maneat
2620 1352 2882 1416 possessio
2928 1354 3007 1406 vel
3059 1354 3371 1421 dominatio,
3421 1370 3509 1412 aut
3557 1366 3668 1428 quod

2158 1430 2368 1485 inantea
2394 1433 2550 1486 luerit
2581 1438 2811 1490 additum
2841 1448 2931 1491 aut
2957 1442 3338 1511 condonatum,
3358 1461 3454 1500 nec
3484 1450 3544 1499 ad
3569 1463 3671 1501 cau-

2157 1534 2243 1572 sas
2294 1522 2647 1588 audiendum,
2705 1541 2802 1580 nec
2857 1528 3191 1595 fideiussores
3240 1533 3553 1599 tollendum,
3597 1553 3673 1589 nec

2158 1607 2299 1661 freda
2328 1610 2658 1677 exigendum,
2682 1629 2777 1668 nec
2798 1616 3097 1671 mansiones
3122 1619 3436 1685 iaciendum,
3484 1637 3571 1676 nec
3604 1639 3672 1674 ro-

2159 1699 2370 1752 taticutn
2400 1701 2535 1754 infra
2564 1704 2722 1757 urbes
2769 1705 2849 1758 vel
2882 1706 2933 1759 in
2963 1711 3209 1773 mercatis
3252 1712 3668 1777 extorquendum,

496 1791 835 1858 pttposcerint
861 1789 1088 1859 benigno
1115 1790 1294 1843 animo
1323 1790 1593 1856 suscipere
1617 1800 1668 1841 et
1710 1789 1773 1842 ad
1806 1790 2047 1844 effectura
2082 1800 2127 1859 Β
2160 1806 2256 1842 nec
2288 1790 2420 1860 ullas
2451 1802 2657 1858 paratas
2686 1803 2775 1846 aut
2806 1796 3066 1862 quaslibet
3087 1799 3435 1867 redibuliuncs
3458 1810 3672 1855 esactare

490 1885 802 1954 perducere,
833 1893 890 1936 ut
911 1883 978 1937 de
1001 1884 1218 1937 obtento
1239 1882 1497 1937 beneﬂcio
1536 1883 1739 1936 valeant
1770 1883 2044 1952 gratulari,

488 1986 547 2032 et
593 1988 688 2031 eos
734 1975 920 2031 melius
966 1974 1194 2028 delectet
1246 1988 1340 2041 pro
1373 1974 1550 2042 quiete
1598 1976 1742 2040 regni
1790 1974 1954 2026 nostri
1996 1983 2051 2027 et

489 2064 783 2119 conatantia
810 2062 1072 2117 adtentius
1094 2062 1300 2118 Domini
1325 2064 1739 2117 misericordiam
1754 2064 2044 2131 deprecari.

492 2156 717 2225 ideoque
745 2153 1062 2211 venerabilis
1094 2154 1173 2208 vir
1219 2153 1550 2217 Dercharius,
1594 2154 1725 2207 abba
1770 2154 1838 2209 de
1866 2170 2046 2207 mona-

488 2247 652 2302 sterio
706 2245 944 2301 Putiolos
976 2285 992 2311 ,
1051 2243 1190 2313 quod
1255 2244 1391 2296 bone
1449 2244 1702 2297 memorie
1766 2259 2047 2312 germanus

486 2346 665 2390 noster
693 2332 1045 2396 Childcricus,
1075 2331 1338 2400 quondam
1393 2346 1507 2397 rex,
1564 2332 1635 2385 ob
1662 2345 1895 2384 amorem
1931 2332 2040 2395 Dei,

484 2429 538 2481 in
569 2428 764 2482 forests
813 2425 984 2479 Dervo
1036 2434 1089 2476 et
1126 2424 1229 2477 line
1258 2422 1616 2478 Wasciacinse
1642 2437 1797 2489 supra
1830 2422 2042 2477 fluvium

485 2518 699 2587 Vigore,
728 2518 781 2573 in
812 2516 1015 2570 honore
1042 2515 1178 2569 beati
1215 2514 1358 2568 Petri
1388 2522 1439 2568 et
1464 2514 1610 2568 Pauli
1638 2514 1719 2568 vel
1746 2524 2041 2569 ceterorum

482 2617 785 2664 sanctorum
820 2607 1042 2661 Domino
1079 2606 1413 2674 cognoscitur
1439 2604 1733 2668 edificasse,
1764 2602 2043 2658 clementia

482 2700 630 2767 regni
652 2696 819 2751 nostri
836 2695 1113 2765 suggessit,
1133 2709 1198 2749 eo
1215 2694 1351 2763 quod
1383 2696 1495 2762 ipse
1522 2696 1763 2763 princeps
1787 2694 2040 2761 integram

481 2787 882 2843 ent-tunitatem
911 2787 975 2841 ad
1000 2801 1169 2854 ipsum
1217 2787 1868 2859 monasteritttn‘fecisset;
1902 2785 2041 2840 unde

483 2888 537 2932 et
567 2878 735 2945 ipsam
764 2878 1109 2933 emuniutcm
1140 2878 1296 2932 nobis
1324 2877 1376 2931 itt
1405 2878 1633 2943 presenti
1661 2877 1872 2944 protulit
1899 2877 2038 2930 rele-

482 2970 740 3040 gentiam;
774 2970 867 3024 sed
897 2984 995 3038 pro
1032 2969 1105 3024 rei
1139 2968 1298 3023 totius
1330 2959 1576 3023 firmiiate
1626 2968 1776 3037 petiit
1820 2969 2037 3023 celsitu-

480 3058 662 3112 dinem
715 3066 970 3121 nozttram,
1015 3066 1072 3111 ut
1121 3056 1220 3110 hoc
1260 3054 1401 3112 circa
1442 3058 1609 3124 ipsum
1656 3057 2033 3111 monasterium

2151 1889 2510 1946 presumatur;
2532 1882 2625 1935 sed
2657 1884 2709 1936 in
2736 1886 2877 1937 omni
2910 1886 3157 1940 facultate
3185 1889 3349 1954 ipsius
3378 1892 3671 1952 monasterii,

2150 1976 2205 2020 ut
2227 2025 2241 2031 _
2260 1968 2518 2031 prefatum
2548 1979 2651 2037 est,
2695 1972 2747 2024 in
2787 1975 3032 2028 omnibus
3061 1976 3188 2030 locis
3223 1987 3276 2031 et
3307 1979 3573 2032 territoriis
3601 1982 3669 2031 ubi

2144 2060 2341 2127 aliquid
2378 2063 2646 2128 possidere
2670 2065 2911 2119 videntur
2930 2077 2982 2121 et
3008 2068 3289 2133 dominari,
3320 2070 3512 2138 absque
3537 2070 3672 2126 inter-

2146 2149 2284 2202 dictn
2310 2151 2567 2218 judicutn.
2596 2157 2814 2208 remotis
2844 2166 2898 2208 et
2938 2158 3191 2211 resecatis
3219 2159 3458 2212 omnibus
3489 2162 3669 2225 petitio-

2144 2238 2298 2291 nibus
2328 2239 2395 2291 de
2425 2240 2659 2307 partibus
2694 2242 2827 2305 fisci,
2869 2259 3033 2311 usque
3075 2259 3234 2315 super
3286 2248 3447 2316 ripam
3500 2248 3671 2303 ﬂuviali

2146 2328 2437 2395 Magnentis
2494 2333 2862 2399 progrediente
2918 2334 2969 2388 in
3033 2334 3287 2390 directum
3348 2340 3563 2392 termino
3618 2342 3670 2389 ad

2141 2419 2313 2473 locum
2354 2419 2444 2487 qui
2490 2419 2649 2476 Vallis
2694 2423 2948 2490 profunda
2978 2435 3328 2494 nuncupatur,
3368 2428 3463 2481 sub
3499 2430 3677 2481 emuni-

2146 2506 2265 2561 tatis
2294 2509 2868 2578 nomineiuconcusse,
2919 2525 3021 2567 tam
3070 2517 3267 2569 nostris
3316 2531 3467 2583 quam
3508 2516 3673 2575 futuris

2144 2599 2493 2664 temporibus,
2522 2600 2733 2654 valeant
2751 2603 3008 2658 dominari
3032 2604 3114 2657 vel
3156 2604 3445 2672 possidere.
3467 2607 3576 2671 Quo
3597 2609 3671 2658 fiat

2141 2694 2197 2739 ut
2219 2698 2273 2740 et
2293 2703 2389 2740 nos
2413 2703 2511 2756 pro
2525 2692 2746 2757 prestito
2763 2692 3013 2748 beneficio
3032 2695 3329 2749 mercedem
3346 2697 3668 2757 obtineamus,

2138 2786 2191 2831 et
2220 2777 2359 2845 ipsos
2388 2794 2571 2834 servos
2601 2781 2693 2835 Dei
2733 2780 2785 2835 in
2838 2782 2952 2852 ipso
2978 2784 3302 2839 monasterio
3346 2785 3671 2840 consistentes

2138 2867 2329 2921 melius
2351 2868 2576 2924 delectet
2605 2886 2701 2937 pro
2728 2872 3016 2928 stabilitate
3046 2876 3193 2942 regni
3222 2878 3386 2931 nostri
3430 2878 3673 2931 adtentius

2136 2955 2346 3011 Domini
2377 2956 2794 3015 misericordiam
2838 2962 3135 3030 deprecari.
3178 2965 3264 3029 Et,
3306 2976 3363 3019 ut
3407 2967 3502 3020 hec
3536 2981 3670 3019 emu-

2136 3051 2273 3103 nitas
2326 3051 2527 3105 ﬁrmior
2555 3054 2808 3107 habeatur
2833 3064 2886 3109 et
2918 3058 3009 3122 per
3039 3068 3273 3126 tempora
3324 3072 3673 3119 conservetur,

480 3146 798 3199 conﬁrmare
846 3144 1179 3200 deberemus.
1211 3143 1371 3213 Cujus
1400 3146 1707 3214 petitionem
1744 3160 1848 3199 non
1874 3146 2034 3202 θυαε.
2062 3133 2111 3197 C
2139 3153 2327 3193 manus
2375 3150 2553 3195 nostra
2599 3142 3073 3213 subscriptionibns
3118 3148 3301 3201 subter
3336 3162 3451 3201 eam
3505 3147 3673 3201 decre-

476 3251 651 3307 gasse,
676 3237 768 3292 sed
799 3237 849 3291 in
880 3236 1123 3293 omnibus
1154 3237 1448 3304 prestitisse
1475 3236 1800 3303 cognoscite.
1822 3237 1885 3291 Et
1916 3237 2033 3292 ideo

479 3328 725 3395 iubemus
753 3337 808 3380 ut
831 3327 901 3382 de
930 3329 1073 3382 omni
1096 3328 1340 3382 facultate
1370 3326 1532 3395 ipsius
1572 3328 1896 3395 monasterii,
1930 3338 2033 3383 tam

474 3419 615 3490 quod
657 3419 770 3486 ipse
796 3418 1042 3487 princeps
1069 3418 1260 3472 ibidem
1295 3418 1526 3471 noscitur
1555 3418 1845 3485 delegasse,
1876 3420 2035 3487 quam

475 3510 637 3564 etiam
666 3508 805 3579 quod
836 3524 866 3562 a
897 3508 1113 3576 reliquis
1137 3506 1451 3561 Christianis
1480 3505 1778 3559 hominibus
1806 3509 2037 3562 noscitur

475 3598 637 3653 fuisse
680 3598 1052 3662 condonatum,
1104 3596 1351 3666 quodque
1397 3596 1461 3650 ad
1492 3610 1706 3665 presens
1736 3597 1789 3649 in
1818 3598 2035 3665 quibus-

477 3686 607 3745 libet
643 3686 772 3743 locis
826 3698 889 3741 ac
936 3684 1215 3741 territoriis
1256 3694 1308 3739 et
1355 3698 1420 3739 ex
1474 3681 1589 3753 ejus
1633 3682 1925 3739 hereditate
1953 3685 2035 3741 vel

542 3833 568 3861 ι
617 3819 672 3874 In
717 3818 963 3885 exemplo
1009 3817 1147 3886 quod
1198 3825 1385 3870 vocant
1413 3818 1812 3885 autographum,
1844 3829 2033 3872 czetera

472 3891 553 3943 sic
578 3892 848 3956 leguntur:
880 3889 1065 3943 Manus
1092 3898 1276 3940 nostris
1302 3887 1767 3953 subscriptionibns,
1789 3900 1855 3956 ﬂet
1894 3890 2036 3940 anuli

471 3955 986 4023 nostriimprcssione
1011 3974 1121 4010 eam
1153 3958 1462 4009 decrevimus
1490 3957 1739 4009 roborari.
1775 3955 1884 4025 Ego
1924 3957 2034 4008 'l‘ie-

469 4028 670 4081 dcrtctts
713 4042 805 4080 rea:
848 4027 1156 4093 subscripsi;
1202 4035 1248 4078 et
1308 4043 1399 4095 ego
1456 4026 1696 4094 Adoynus
1753 4031 2031 4095 epismpus.

469 4097 689 4163 Signum
736 4096 982 4149 Tiedcrici
1011 4096 1143 4163 regis
1170 4095 1499 4149 invictissimi.
1552 4095 1682 4147 Data
1726 4111 1889 4147 mense
1937 4094 2034 4147 Fe-

469 4168 514 4217 b:
533 4167 698 4226 uario,
720 4167 803 4218 die
828 4182 983 4229 nono,
1006 4180 1139 4216 anno
1163 4180 1189 4215 tt
1232 4166 1370 4229 regni
1392 4169 1518 4229 eius.
1552 4165 1729 4215 Actum
1752 4163 2036 4217 Suessimiis

468 4236 689 4299 civitate,
740 4251 875 4288 anno
933 4234 1206 4290 Daminictc
1251 4233 1625 4286 Incarnatiouis
1677 4248 1911 4296 υειιιιι,
1958 4235 2033 4285 in-

468 4307 686 4358 dictione
712 4306 801 4375 vij,
849 4306 901 4357 in
947 4301 1145 4357 Christo
1185 4302 1412 4375 feliciter.
1461 4303 1585 4375 llaec
1612 4313 1756 4355 certe
1784 4301 1955 4375 omnia
2004 4318 2033 4356 a

473 4371 764 4428 neotericis
800 4376 1022 4428 intrusa.
1078 4376 1260 4426 Annus
1323 4372 1420 4425 Ch.
1488 4372 1592 4423 673
1658 4386 1776 4424 cum
1829 4371 2035 4424 decimo

469 4443 512 4522 '1:
519 4442 791 4525 ltegdorici
822 4443 1262 4525 regniannomnon
1286 4440 1605 4525 Iconcorda-t‘;
1631 4455 1726 4493 nec
1743 4439 1852 4525 j.atn
1877 4442 2033 4525 Spes-
2071 4467 2115 4525 υ

468 4513 707 4567 sionihus
763 4511 1058 4577 imperabat
1113 4510 1502 4564 Theudoricus.
1556 4510 1861 4577 Exemplum
1900 4510 2036 4563 l‘urte

472 4583 810 4651 instrumenti
841 4577 1081 4651 legitimi,
1106 4579 1245 4651 quod
1274 4577 1694 4651 recentiorisasvi
1724 4580 2033 4633 amanuensi

470 4653 718 4706 traditum
750 4649 923 4705 fuerat
947 4662 1003 4704 ut
1032 4650 1159 4704 illud
1190 4649 1532 4711 ascriberet,
1577 4649 1627 4701 in
1661 4650 1765 4699 line
1797 4651 2034 4703 tittttilttttt

469 4733 616 4787 erat;
662 4732 736 4784 et,
772 4730 829 4773 ut
879 4719 1174 4773 deﬁcientia
1217 4717 1506 4783 suppleret,
1560 4716 1808 4770 formulas
1858 4720 2035 4771 saeculi

469 4788 554 4844 sui
604 4786 708 4859 pro
764 4789 1005 4843 formulis
1060 4792 1201 4842 veris
1267 4786 1540 4856 imperitus
1601 4789 1897 4855 exscriptor
1952 4790 2034 4843 itt-

504 4861 651 4914 essit.

595 4877 607 4911 I
636 4898 651 4914 .

468 4875 785 4984 ﬁcisillensis
809 4925 1259 4983 Februariusanni
1274 4926 1463 4980 decimi
1480 4925 1626 4994 regni
1641 4924 1948 4978 Theodorici
1972 4926 2035 4979 Ill

470 4998 649 5053 incidit
672 5000 722 5051 in
751 5014 944 5051 annum
972 4997 1101 5051 Chr.
1130 4996 1252 5050 685.

547 5078 569 5105 ε
605 5067 679 5119 Ex
704 5066 961 5121 tabulario
984 5068 1233 5120 Dervensi
1255 5082 1284 5119 a
1309 5064 1575 5119 Chifiletio
1598 5075 1806 5118 erutum
1834 5066 2034 5129 primus

472 5136 640 5193 edidit
693 5136 982 5189 Dacherius
1035 5137 1085 5189 in
1133 5136 1438 5203 Spicilegio,
1484 5143 1526 5186 t.
1557 5134 1626 5196 Χ,
1658 5152 1776 5202 pag.
1806 5136 1938 5197 θδις
1967 5150 2030 5185 ex

475 5206 760 5274 Spicilegio
786 5205 1105 5259 recuderunt
1127 5206 1385 5265 Cointitts,
1410 5204 1600 5257 Annal.
1620 5214 1657 5274 t.
1684 5205 1743 5266 V,
1771 5220 1887 5272 pag.
1912 5208 1999 5274 ibi
2016 5243 2031 5266 ,

473 5272 529 5331 et
567 5272 754 5331 iterum
806 5274 938 5329 Coll.
990 5274 1176 5339 script.
1211 5291 1312 5328 rer.
1350 5275 1537 5328 Franc.
1567 5282 1603 5324 ι.
1639 5272 1724 5335 IV,
1758 5290 1875 5340 pag.
1907 5273 2031 5337 6n“),

470 5348 661 5401 additis
708 5346 870 5399 variis
918 5343 1232 5397 lectionibus
1282 5359 1412 5411 quas
1452 5342 1758 5393 Caniusiitns
1788 5360 1902 5395 ιιιιιι
1938 5343 2033 5395 Da-

473 5416 651 5470 cberio
676 5416 1179 5468 communicaverat.
1207 5413 1312 5467 Nos
1327 5429 1389 5467 ex
1416 5412 1733 5466 chartulario
1756 5414 2033 5464 Dervensis

474 5484 797 5547 monasterii,
824 5484 1018 5537 seculo
1051 5497 1118 5537 vtt
1142 5492 1375 5547 exarata,
1403 5483 1806 5535 instrumentum
1830 5482 2033 5535 exseri-

474 5554 665 5609 hiutus.
700 5553 900 5606 Nomen
946 5554 1084 5622 regis
1114 5552 1263 5604 initio
1289 5552 1590 5618 diplornatis
1623 5553 2032 5622 praetertttissum

470 5634 553 5675 est
620 5623 759 5682 quod
816 5638 918 5674 non
964 5620 1087 5676 raro
1136 5622 1246 5674 lieti
1273 5622 1407 5674 solet
1437 5625 1486 5673 iit
1516 5620 1864 5673 chartulariis.
1894 5622 2035 5674 Satis

472 5702 645 5750 autem
672 5691 1003 5749 manifestum
1036 5702 1117 5748 est
1146 5691 1245 5747 hoc
1269 5690 1497 5759 diploma
1525 5690 1773 5746 emissum
1820 5691 1978 5747 fuisse
2006 5706 2032 5743 a

2136 3235 2306 3289 vimus
2333 3236 2687 3289 corroborari.
2724 3237 2850 3290 Data
2891 3254 2923 3291 x
2972 3238 3090 3292 Kal.
3141 3238 3267 3293 Jun.
3306 3256 3444 3296 anno
3487 3241 3678 3296 decimo

2135 3326 2280 3395 regni
2305 3325 2438 3393 ejus.
2470 3326 2659 3382 Actum
2687 3326 3011 3396 Compendio
3041 3328 3255 3396 palatio.

2859 3438 3093 3506 χιι,-

2134 3524 2161 3563 ἀ
2188 3524 2429 3596 Diploma
2452 3542 2551 3593 quo
2593 3527 2931 3596 Theodericus
2956 3528 3049 3595 jus
3079 3529 3355 3585 condenda:
3382 3540 3588 3582 moneta
3611 3531 3681 3581 its-

2276 3598 2451 3661 dnlgct
2480 3597 2726 3663 episcopis
2749 3595 3204 3649 Cenomanensibus
3238 3601 3383 3662 (ann.
3406 3599 3553 3667 685).

2208 3684 2593 3751 Theodericus,
2629 3701 2719 3739 rex
2743 3685 3089 3752 Francorum,
3123 3687 3202 3739 vir
3248 3687 3464 3741 itluster.
3496 3688 3680 3756 Regum

2136 3818 2463 3873 Theodorico
2512 3818 2609 3883 Ill;
2649 3819 2693 3873 is
2717 3820 2856 3873 enim
2885 3821 3241 3873 Childericum
3300 3822 3529 3887 appellat
3568 3834 3681 3881 ger-

2136 3903 2349 3940 manum
2385 3903 2569 3952 suum,
2615 3890 2751 3955 quod
2790 3906 2892 3942 non
2934 3892 3002 3944 de
3042 3890 3147 3943 alio
3194 3906 3352 3956 quam
3391 3891 3454 3941 de
3488 3888 3683 3940 Cbildc-

2134 3960 2244 4009 rico
2273 3957 2311 4009 ll
2344 3958 2558 4023 intelligi
2586 3966 2779 4023 potest,
2809 3968 2864 4009 ιιι
2902 3970 3079 4011 monet
3108 3960 3368 4023 Coitttius,
3402 3958 3485 4011 ulti
3515 3972 3678 4025 supra,

2137 4041 2254 4092 pag.
2290 4024 2407 4077 152.
2450 4028 2633 4078 Annus
2682 4036 2854 4079 autem
2900 4028 2963 4081 10
3012 4029 3329 4081 Theudorici
3380 4030 3458 4083 Ill.
3513 4024 3682 4080 mense

2132 4094 2310 4159 Juniu,
2336 4096 2685 4148 concurrebat
2714 4112 2829 4148 cutn
2863 4112 3002 4150 anno
3027 4100 3125 4150 Cit.
3183 4097 3306 4159 685,
3356 4109 3412 4151 ιιι
3441 4098 3596 4164 liquet
3622 4112 3677 4144 ex

2136 4164 2198 4216 iis
2255 4178 2369 4230 qua:
2419 4164 2611 4231 saepius
2664 4165 2731 4218 de
2792 4168 3182 4231 cttntputatinne
3239 4182 3497 4219 annorum
3547 4165 3677 4232 regni

2134 4233 2248 4296 ejus
2290 4234 2542 4286 diximus.
2603 4234 2908 4287 Not-abimus
2944 4234 3256 4287 Dacheriutn
3304 4245 3356 4287 et
3405 4236 3676 4297 Malbranq.

2137 4300 2209 4353 De
2251 4301 2486 4422 Μὲςὲιίε.
2538 4302 2629 4356 lib.
2690 4302 2772 4366 IV,
2820 4304 2918 4356 hoc
2964 4305 3375 4357 instrumentum
3404 4305 3594 4357 referre
3620 4304 3676 4352 aJ

2137 4386 2257 4422 ann.
2404 4409 2417 4422 .

2133 4386 2257 4424 ann.
2294 4374 2417 4423 678.

2210 4440 2234 4477 ἀ
2271 4442 2477 4494 [iditum
2507 4442 2640 4493 inter
2667 4440 2794 4494 Acta
2819 4443 3182 4508 episcoporum
3210 4441 3678 4495 Cenomanensiutn

2138 4525 2165 4561 a
2200 4510 2422 4571 Mabill.,
2454 4511 2691 4562 Analcm.
2719 4526 2835 4576 pag.
2867 4511 3005 4572 Q78;
3037 4522 3088 4562 et
3118 4513 3255 4575 apud
3280 4511 3676 4569 Corvaiseritun,

2144 4580 2273 4632 Vitzc
2300 4580 2480 4648 episc.
2498 4576 2629 4631 Cen.
2661 4592 2776 4646 pag.
2801 4578 2933 4641 252;
2965 4580 3321 4648 (inoppnum,
3349 4582 3509 4648 Oper.
3539 4590 3577 4632 ι.
3600 4581 3676 4641 μ’,

2137 4662 2257 4715 pag.
2281 4647 2416 4709 (518;
2448 4646 2730 4709 Cointiuut,
2758 4649 2945 4701 Annal.
2975 4660 3013 4701 t.
3038 4646 3263 4716 l\',pag.
3295 4646 3413 4701 128.
3434 4650 3677 4701 ltecusuni

2137 4720 2188 4771 itt
2217 4717 2541 4771 (Iollectinne
2569 4715 2889 4781 Scriptorum
2917 4734 3089 4772 rerum
3123 4715 3515 4777 Francicarutn,
3548 4716 3678 4774 μιν.

2137 4802 2252 4858 pag.
2286 4788 2418 4849 (363;
2453 4798 2776 4858 ntetnuratnr
2796 4788 2845 4840 itt
2875 4790 3169 4858 dip'omate
3201 4787 3451 4840 Ludovici
3481 4786 3680 4858 Piiquu

2130 4856 2220 4922 jus
2254 4858 2387 4909 idem
2412 4856 2701 4909 condendae
2726 4856 2951 4912 ntonctai
2973 4858 3464 4911 Cenoutanensibus
3488 4856 3679 4922 episw.

2136 4926 2213 4990 pis
2226 4938 2531 4997 concessum
2554 4928 2914 4991 conllrtnatur,
2930 4942 3070 4979 anno
3090 4926 3193 4980 856
3215 4928 3486 4997 emissum,
3508 4926 3680 4997 ordine
3726 4986 3741 4997 .

2134 5009 2232 5047 suo
2260 4994 2649 5064 collocandum,
2677 5006 2727 5045 et
2753 4997 2894 5063 quod
2929 4997 3156 5064 vulgavit
3185 4996 3364 5048 Italus.
3382 4994 3522 5048 Μίδα.
3540 5004 3577 5049 ι.
3598 4992 3679 5053 Ill.

2136 5079 2251 5130 pag.
2277 5064 2366 5119 99.
2390 5063 2500 5115 Non
2532 5062 2720 5114 desunt
2761 5062 3001 5132 exempla
3024 5062 3360 5130 'hujusutodi
3386 5064 3677 5118 concessio-

2134 5150 2255 5184 nnttt
2287 5134 2385 5185 sub
2428 5136 2593 5197 stirpe
2637 5133 3032 5199 Carlovtngica;
3083 5134 3182 5185 sub
3213 5134 3558 5198 Merovingica
3582 5148 3678 5183 non

2136 5202 2281 5254 item.
2315 5202 2633 5259 Mahillunio.
2657 5200 2843 5253 Annal.
2877 5214 2913 5253 t.
2951 5202 2990 5264 l,
3019 5217 3136 5271 pag.
3186 5202 3294 5255 559
3316 5211 3367 5271 et
3394 5203 3521 5271 608,
3543 5202 3679 5271 vidcf

2135 5280 2217 5322 tur
2253 5271 2413 5323 dubia
2453 5271 2727 5322 sinceritas
2764 5271 3065 5334 diploutatis
3108 5270 3420 5325 Theudorici
3449 5270 3517 5323 Ill
3544 5270 3678 5337 quod

2133 5340 2736 5402 exhibemus;aitenitn
2766 5338 3115 5402 Mabillouins,
3142 5356 3307 5403 agens
3351 5341 3415 5392 dc
3459 5347 3681 5392 monetae

2134 5412 2390 5463 cudendte
2421 5409 2666 5462 facultate
2694 5408 2994 5477 Hippolyto,
3026 5411 3203 5463 abbati
3232 5408 3578 5471 Condatcnsi,
3605 5407 3682 5477 in-

2134 5480 2278 5531 dulta
2302 5495 2328 5527 a
2365 5478 2552 5531 Carolo
2581 5478 2763 5546 Magno
2790 5494 2803 5527 :
2834 5498 2850 5526 ι
2890 5476 2943 5531 Si
2975 5495 3155 5531 verum
3179 5487 3261 5530 est
3288 5478 3421 5542 quod
3456 5477 3545 5531 hic
3564 5476 3683 5546 legio

2136 5558 2240 5614 tur,
2262 5548 2460 5601 nullutn
2491 5549 2619 5599 lorte
2642 5544 3018 5601 niunasteriunt
3044 5549 3225 5599 habuit
3246 5548 3516 5615 antiquius
3538 5544 3687 5613 hujus

2135 5621 2209 5672 rei
2244 5616 2760 5685 privilegiutn,'qttod
2790 5617 2967 5668 multis
3014 5616 3131 5669 aliis
3159 5617 3685 5671 subinde-commune

2137 5690 2255 5742 fuit.
2300 5706 2317 5737 ι
2354 5686 2468 5739 Alta
2500 5690 2732 5752 (μιιιειιιιιιι
2764 5686 2815 5740 in
2846 5685 3131 5755 diplomate
3171 5686 3486 5743 Theudorici
3514 5685 3682 5753 suspi-
