3796 6348
72 442 187 500 1339

71 558 179 619 quot
211 545 331 598 inibi
372 541 559 594 obtulit
597 552 720 606 sepe
748 536 917 588 dictus
951 533 1149 593 Faulo,
1188 542 1436 619 umquam
1473 524 1584 619 ullo
1613 527 1662 584 Α

73 613 273 701 tempore
310 646 340 683 a
386 630 531 683 nobis
573 623 941 693 retrageudum
983 630 1065 674 est
1102 619 1164 671 ad
1208 617 1365 670 aliam
1402 613 1583 666 Eccle-

72 728 212 788 siam,
247 731 335 773 aut
374 720 439 771 ad
477 718 638 769 alium
677 714 1003 765 sacerdotem
1030 750 1044 775 ,
1094 706 1189 759 nisi
1243 705 1331 771 qui
1386 701 1580 788 ibidem

233 808 387 861 fuerit
408 848 423 869 .
448 815 502 859 et
528 818 682 871 quem
712 802 947 853 volueret
966 840 980 863 ,
1006 798 1048 849 si
1079 812 1195 849 cum
1220 793 1452 845 adiberet
1481 787 1580 856 ipsi

75 904 243 952 tractus
267 900 317 950 in
349 907 566 949 onorem
602 891 809 944 Domini
847 898 900 941 et
931 886 1337 941 elemosinarum
1385 880 1543 932 fuerit
1568 920 1583 944 ,

72 974 146 1040 eo’
149 984 274 1053 quod
306 997 403 1050 pro
430 994 557 1048 opes
585 978 814 1031 ﬁdelium
845 975 985 1041 ipsas
1011 973 1248 1026 siscellas
1278 968 1458 1021 olferta
1487 974 1589 1018 est.

78 1080 131 1125 tat
154 1075 195 1124 si
217 1070 374 1122 abbas
394 1068 461 1121 de
488 1068 619 1119 hanc
646 1064 760 1117 luce
784 1062 1037 1130 migratns
1066 1060 1221 1111 fuerit
1239 1100 1254 1123 ,
1286 1066 1341 1109 et
1366 1053 1595 1107 dormie-

76 1160 131 1210 rit
154 1172 261 1209 cuni
290 1154 523 1222 patribus
548 1154 658 1204 suis
684 1187 698 1201 .
724 1189 740 1203 .
768 1186 783 1201 .
807 1172 825 1201 ε
852 1187 865 1199 .
892 1147 985 1215 ipsi
1019 1146 1272 1213 elegerint
1300 1144 1397 1195 sibi
1430 1140 1590 1192 abba-

78 1257 164 1298 tem
187 1242 525 1297 ordinandum
548 1279 564 1303 ,
592 1240 761 1305 ipsum
791 1237 888 1289 sibi
915 1236 1154 1286 abbatem
1186 1232 1414 1284 debeant
1442 1227 1589 1279 ordi-

77 1348 212 1394 nare,
240 1329 487 1397 reliquias
515 1341 641 1379 vero
671 1324 871 1378 dandas
896 1322 963 1376 de
992 1323 1160 1388 ipsum
1190 1334 1272 1372 co.
1296 1356 1310 1371 .
1328 1356 1371 1370 ..
1401 1356 1413 1368 .
1434 1353 1447 1366 .
1467 1328 1595 1368 sau-

76 1435 197 1474 cium
225 1419 285 1472 ad
318 1416 598 1471 consilium
636 1414 871 1482 episcopi
918 1413 1032 1470 sine
1079 1409 1252 1478 vigilia
1304 1406 1594 1460 tenendum

78 1511 227 1564 abbati
254 1524 371 1563 cum
402 1507 609 1560 mouaci
635 1505 778 1568 suis;
806 1513 860 1556 et
890 1501 1014 1555 nihil
1039 1500 1353 1568 adgravctur
1378 1509 1591 1563 quoquo

77 1613 286 1668 tempore
314 1611 485 1666 neque
511 1597 577 1648 ab
606 1594 884 1662 episcopus
904 1630 919 1654 ,
954 1604 1122 1657 neque
1161 1588 1228 1639 ab
1268 1585 1373 1639 ullo
1410 1599 1599 1637 sacer-

78 1690 264 1753 d0tem,
295 1686 397 1739 nisi
428 1694 631 1737 tantum
662 1696 756 1749 per
785 1690 1208 1744 unumquemque
1237 1690 1403 1727 annus
1434 1671 1599 1725 semel

78 1778 122 1829 in
148 1776 252 1831 alba
280 1774 344 1827 ad
370 1774 541 1825 omnis
567 1769 873 1823 sacerdotes
903 1780 1061 1818 unum
1092 1763 1377 1830 prandeum
1407 1762 1601 1812 iacien-

1113 417 1495 479 Dll‘LOSlATA
1538 410 1814 469 ECCLES.
1854 404 2179 461 SELEC'l‘:\.

3099 393 3233 446 1350

1760 516 1867 583 ligo
1911 512 2053 565 Felix
2098 506 2406 561 venerabilis
2444 503 2611 572 gratia
2653 501 2744 554 Dei
2786 500 3061 568 episcopus
3108 501 3231 554 uliie

1688 602 1895 659 Cartole
1932 599 2157 652 cesionis
2192 603 2399 658 nostre,
2448 600 2629 659 postea
2676 590 2801 640 mihi
2836 590 3083 640 relectum
3114 597 3231 649 est,

1691 693 1935 749 consensi
1965 699 2019 743 et
2046 686 2355 753 subscripsi.

1764 782 1871 845 Ego
1896 776 2219 831 Johannacis
2253 788 2305 828 v.
2343 788 2391 824 v.
2425 768 2807 837 arcipresbiter.

1763 868 1871 936 ligo
1897 868 2080 919 Clarus
2112 880 2161 915 v.
2195 878 2244 915 v.
2278 862 2557 928 presbiter.

1768 957 1875 1025 Ego
1902 953 2223 1008 Teuderaeis
2252 966 2303 1002 v.
2336 966 2386 1004 v.
2416 948 2696 1016 presbiter.

1764 1046 1873 1111 Ego
1901 1044 2161 1096 Candidus
2192 1032 2467 1107 presbiter.

1767 1132 1875 1201 Ego
1905 1122 2244 1183 Geminianus
2276 1142 2327 1177 v.
2362 1140 2413 1178 v.
2452 1121 2731 1192 presbiter.

1694 1372 1905 1426 Joannis
1959 1369 2098 1421 electi
2172 1366 2387 1435 epirwpi
2436 1364 2761 1435 Pistoriensis
2796 1359 3048 1435 professio
3100 1363 3235 1431 facta

1768 1439 1966 1491 Balsari
2014 1431 2222 1489 Lucemi
2266 1440 2516 1501 episcopo,
2573 1431 2697 1483 nihil
2736 1433 2868 1499 juris
2897 1434 3237 1499 deperitura»:

1766 1510 1982 1559 crclesia:
2014 1506 2222 1557 Lucensi
2270 1505 2321 1555 in
2348 1503 2615 1570 quamdam
2656 1504 2813 1552 «edim
2855 1515 3050 1553 sacrant
3074 1504 3243 1567 (anno

1766 1576 1951 1629 Christi
1982 1576 2083 1628 700
2111 1584 2193 1624 aut
2223 1572 2383 1639 7l5).

1765 1682 1824 1735 lu
1852 1684 2059 1735 nomine
2088 1680 2295 1733 Domini
2326 1679 2418 1733 Dei
2460 1678 2621 1731 nostri
2652 1677 2772 1731 Jesu
2798 1677 3011 1729 Christi.
3048 1676 3249 1745 [lepro-

1706 1776 1855 1827 mitto
1901 1771 1993 1825 tibi
2025 1769 2221 1822 Balsari
2275 1767 2381 1821 Deo
2417 1770 2582 1834 gratia
2620 1768 2896 1832 episcopus
2920 1804 2935 1827 ,
2977 1782 3246 1818 me........
3310 1818 3311 1821 η

81 1865 154 1928 di,
182 1865 311 1916 sicut
332 1859 662 1913 consuetudo
694 1856 795 1909 fuit
824 1852 1057 1907 Ecclesie
1097 1852 1255 1904 illius.
1290 1850 1349 1902 Et
1381 1850 1480 1901 hoc
1506 1848 1600 1899 ad-

1727 1864 1768 1915 ιιι
1794 1863 1900 1913 tilio
1929 1873 2046 1911 meo
2072 1856 2321 1910 Johannis
2347 1856 2543 1908 electus
2566 1856 2761 1908 civitati
2790 1855 3124 1909 l’istoriensis
3153 1871 3242 1908 sa-

79 1958 233 2008 diiuus
270 1956 321 2007 in
360 1955 495 2005 hanc
530 1949 807 2018 paginam,
846 1947 892 1999 si
932 1945 1276 2011 quiscumque
1315 1940 1471 1992 homo
1508 1938 1599 1990 Dei

80 2048 246 2109 luerit,
284 2044 395 2097 sibe
430 2043 729 2104 hominem,
762 2052 855 2091 seu
892 2049 1094 2103 equus,
1130 2033 1213 2085 vel
1252 2033 1434 2084 bovem
1459 2070 1472 2091 ,
1516 2039 1606 2081 aut

81 2148 231 2197 terra,
274 2143 325 2185 et
376 2129 696 2195 mancipium
746 2135 850 2178 tam
894 2124 1087 2175 iuovile
1130 2137 1284 2189 quam
1329 2119 1603 2179 inmovile,

80 2221 309 2287 quidquid
340 2218 533 2272 ibidem
561 2214 809 2269 ollertum
840 2208 997 2262 fuerit
1025 2211 1077 2262 in
1109 2216 1418 2275 potestatem
1461 2205 1603 2259 illius

80 2311 237 2361 abbati
267 2309 370 2360 sint
389 2348 404 2372 ,
435 2305 524 2373 qui
552 2305 605 2357 in
637 2302 825 2356 eodem
856 2300 972 2352 loco
1002 2298 1263 2351 reservire
1292 2297 1521 2357 videtur,
1552 2303 1605 2346 et

83 2399 241 2465 regula
280 2392 681 2448 custodiendum
701 2430 716 2454 ,
752 2389 832 2443 vel
862 2386 1238 2441 monachorum
1270 2383 1605 2438 consuetudi-

84 2500 188 2535 ttctn
216 2496 265 2536 et
293 2484 527 2536 ordinem
559 2489 798 2533 sanctum
826 2475 1106 2529 tenendum
1137 2474 1411 2525 iuab......
1440 2486 1605 2539 quan-

82 2576 236 2637 doque
277 2572 385 2637 ipse
430 2575 736 2637 presumat,
788 2577 883 2616 nec
923 2577 1052 2627 nos,
1101 2575 1197 2614 nec
1232 2560 1319 2627 qui
1365 2571 1479 2626 post
1511 2572 1606 2611 nos

84 2661 271 2713 Venturi
300 2669 417 2712 sunt
438 2699 453 2724 ,
483 2657 604 2726 quia
646 2665 775 2724 quot
817 2656 953 2707 bene
980 2654 1293 2721 disponitur,
1324 2659 1379 2703 et
1408 2649 1607 2717 legibus

84 2753 359 2812 roboratur,
391 2757 634 2817 opertum
664 2755 748 2800 est
788 2744 1034 2812 perennis
1076 2753 1131 2797 et
1169 2741 1360 2794 futuris
1403 2750 1608 2807 tempo-

85 2844 218 2895 ribus
245 2841 558 2910 permanire.
594 2838 658 2889 Et
682 2837 727 2890 si
758 2836 874 2904 quis
901 2845 1083 2888 comra
1115 2835 1249 2886 hanc
1277 2831 1607 2885 discritiones

86 2941 247 2982 nostre
291 2931 541 2981 cartulam
572 2928 647 2979 ire
670 2924 1043 2994 presumserit,
1074 2922 1166 2975 Dei
1209 2921 1441 2974 incurrat
1476 2921 1611 2988 peri-

85 3018 274 3079 culum,
303 3016 438 3069 sicut
462 3014 623 3067 Judas
654 3012 896 3076 traditor,
926 3012 1011 3078 qui
1040 3024 1098 3062 se
1128 3010 1315 3087 laqueo
1342 3008 1608 3074 suspidet,

89 3116 135 3157 et
176 3107 237 3158 ad
281 3104 514 3173 judiciali
566 3101 855 3156 reverentia
905 3109 1079 3152 reatus
1127 3095 1364 3158 recidat;
1396 3104 1449 3148 et
1490 3109 1608 3146 cum
1649 3156 1687 3179 η

1702 1950 2017 2013 cerdotibus,
2043 1960 2099 2000 ut
2120 1946 2263 2014 justo
2290 1944 2644 1999 moderamine
2668 1959 3043 1997 conservemus
3069 1947 3247 1999 [ermi-

1706 2051 1867 2094 tatem
1898 2040 2137 2108 quotiens
2165 2038 2264 2088 alia
2306 2038 2441 2088 inter
2757 2033 2952 2087 essoris
3002 2045 3251 2088 evenerat

1704 2132 1839 2182 bone
1890 2125 2303 2179 voluntati.......
2349 2134 2403 2175 et
2450 2122 2583 2174 side
2633 2123 3018 2174 ofliciorum....
3079 2125 3251 2175 eccle-

1703 2217 1926 2268 siasticis
1955 2223 2159 2279 oportet
2194 2216 2260 2264 de
2281 2224 2365 2273 ea,
2410 2224 2513 2277 que
2539 2208 2701 2263 semel
2731 2209 2932 2270 fecerit,
2983 2224 3074 2275 per
3120 2211 3251 2261 scri-

1706 2312 1793 2369 pto
1848 2300 2079 2361 fermari,
2136 2308 2188 2351 et
2225 2298 2341 2350 ideo
2392 2299 2589 2348 auctori
2642 2297 2749 2349 Deo
2798 2308 3055 2364 prometto
3084 2298 3252 2363 adque

1705 2394 1939 2459 Spondeo
1989 2388 2245 2442 Johannis
2273 2388 2472 2441 electus
2500 2386 2725 2440 civitatis
2786 2386 3115 2440 l‘istoriensis
3162 2387 3253 2438 tibi

1707 2484 1821 2533 viro
1852 2476 2154 2532 beatissimo
2196 2475 2396 2527 Balsari
2428 2474 2726 2542 episcopus,
2785 2486 2962 2540 postea
2988 2487 3143 2540 quam
3172 2487 3257 2525 me

1707 2568 1930 2635 populus
1961 2564 2282 2619 Pistoriense
2336 2563 2388 2615 in
2443 2564 2560 2614 loco
2615 2562 2901 2629 episcopali
2947 2568 3255 2629 elegerunt,

1708 2655 1968 2709 recordati
2016 2668 2227 2716 scmus,
2280 2667 2344 2706 eo
2396 2652 2534 2720 quod
2563 2652 2630 2704 de
2675 2651 2911 2705 Deocisis
2947 2661 3002 2703 at
3048 2653 3259 2703 Lucano

1708 2744 1988 2812 episCOpus
2019 2757 2226 2810 semper
2255 2742 2484 2805 luerunt,
2514 2750 2569 2794 et
2594 2741 2821 2793 inenime
2850 2742 3112 2807 potuimus
3132 2741 3261 2793 loris

1711 2840 1799 2884 tuo
1825 2830 2044 2883 consilio
2100 2830 2378 2897 episcopus
2408 2828 2672 2897 predictus
2731 2828 2781 2881 in
2814 2830 2925 2896 ipso
2951 2830 3067 2879 loco
3091 2828 3263 2893 prole-

1709 2920 1929 2984 ciscere,
1948 2919 2261 2981 recorrentis
2281 2931 2379 2971 nos
2398 2918 2463 2969 ad
2480 2917 2802 2970 orationibus
2820 2916 3092 2983 petivimus
3108 2917 3265 2969 licen-

1711 3009 1855 3071 tiam,
1872 3018 1925 3059 ut
1942 3007 1992 3058 in
2007 3021 2069 3058 eo
2084 3007 2200 3058 loco
2212 3005 2527 3071 episcopatio
2540 3020 2632 3056 nos
2644 3018 2921 3069 suscepere
2933 3004 3261 3067 deveremus;

1715 3098 1759 3150 si
1788 3109 1960 3149 tamen
2001 3106 2053 3147 ut
2081 3102 2133 3146 at
2183 3092 2557 3161 governatione
2585 3107 2707 3161 erga
2738 3092 2945 3160 Eglesie
2980 3092 3261 3145 l'istorien-

89 3209 273 3246 summa
323 3192 637 3245 dulcidinem
678 3200 731 3243 et
777 3186 1035 3241 desideria
1086 3184 1289 3236 Domini
1335 3181 1610 3235 colendum
1642 3184 1689 3218 υ
1719 3186 1792 3237 sis
1825 3184 2129 3251 patrocinio,
2172 3183 2249 3236 sic
2271 3185 2370 3245 ita,
2402 3194 2455 3234 ut
2478 3182 2599 3235 dum
2626 3182 2868 3235 advivere
2898 3182 3266 3246 meruerimus,

92 3284 366 3336 l’etroniaci
416 3281 524 3332 lilio
573 3287 753 3331 nostro
794 3276 1127 3329 scrivendain
1172 3272 1517 3336 dictavimus',
1566 3282 1619 3325 et

91 3370 319 3422 inanibus
350 3365 543 3419 nostris
572 3364 974 3430 snscripsimus,
1019 3372 1076 3414 ut
1109 3360 1373 3427 perpetuis
1413 3370 1619 3423 tenipo-

97 3460 227 3510 ribus
252 3456 532 3508 stavilituin
564 3453 846 3517 persistere
876 3450 1107 3504 dibeant.

157 3552 339 3599 Aetnm
368 3546 418 3596 in
448 3543 659 3595 civitate
696 3540 950 3601 Lucense,
976 3538 1073 3590 sub
1110 3538 1193 3589 die
1236 3551 1326 3587 xui
1365 3534 1621 3587 Kalenda-

96 3652 199 3687 rum
244 3632 684 3695 Februariarum,
739 3644 833 3697 per
881 3627 1167 3681 indictione
1220 3626 1319 3692 1'5,
1371 3634 1625 3691 regnante

94 3725 292 3776 domuis
332 3722 527 3775 nostris
568 3719 858 3783 Pertharit,
902 3728 955 3770 et
996 3717 1247 3783 Ciiiiipert
1290 3715 1414 3767 viris
1452 3716 1641 3767 θηρὶ-⁸

94 3810 389 3862 lentissimis
437 3806 682 3874 regibus,
733 3819 870 3857 anno
917 3803 1217 3856 lilicissimis
1260 3799 1404 3869 regni
1442 3816 1623 3854 eorum

94 3897 449 3951 tertiodecimo
476 3904 529 3949 et
570 3894 786 3962 quinto,
827 3908 919 3960 per
950 3894 1230 3947 indictione
1254 3893 1625 3961 subrascripta,

92 3987 326 4039 [eliciten
894 3986 897 3991 ’

90 4140 139 4191 in
166 4154 321 4193 cursu
351 4147 499 4200 erat,
529 4145 581 4190 et
612 4136 926 4189 Cunibertus
955 4134 1261 4187 numerabat
1298 4148 1491 4186 annum
1538 4149 1618 4187 re-

92 4208 172 4273 gni
200 4210 473 4273 quintum,
505 4206 676 4258 serius
706 4204 777 4253 illi
811 4206 996 4273 regalis
1040 4204 1219 4273 titulus
1264 4202 1483 4273 collatus
1510 4204 1623 4255 Ine-

90 4271 152 4326 iit
182 4271 402 4328 necesse
430 4283 530 4325 est.
564 4273 892 4323 Mabillonius
919 4272 1145 4335 diploma
1176 4271 1440 4323 Cuniberli
1469 4286 1623 4337 supra

92 4345 211 4395 mihi
244 4350 590 4396 memoratum
621 4339 795 4390 retulit
821 4338 883 4391 ad
913 4353 1105 4390 annum
1147 4337 1280 4401 700,
1312 4354 1417 4401 quo
1460 4355 1624 4404 neque

90 4408 301 4465 indictio
359 4411 423 4463 15
474 4408 789 4460 decurrebat
843 4421 1020 4459 mense
1076 4405 1352 4459 Novembri
1386 4444 1402 4466 ,
1460 4423 1624 4474 neque

1722 3273 2100 3325 ordinationem
2126 3271 2559 3337 presbiterorum,
2590 3269 2931 3322 diacouorum
2955 3270 3268 3336 tacieiidam,

1725 3378 1828 3414 non
1887 3362 2181 3424 nobiscum,
2233 3360 2324 3415 sed
2382 3368 2464 3419 tua
2503 3362 2753 3413 sanctitas
2803 3362 3175 3429 peragendum.
3205 3364 3272 3417 Et

1725 3450 1824 3502 hoc
1866 3448 2173 3515 repromitto
2230 3449 2319 3501 tibi
2363 3447 2607 3501 dominus
2637 3449 2834 3503 Balsari
2879 3452 3157 3520 episcopus
3186 3452 3269 3506 vel

1724 3540 2087 3592 socessbribus
2111 3538 2237 3599 tuis,
2266 3537 2329 3589 de
2360 3536 2583 3604 Eglesie,
2614 3539 2695 3591 vel
2732 3536 2816 3604 qui
2844 3554 3005 3605 prepe
3031 3555 3127 3592 nos
3149 3555 3266 3592 esse

1729 3632 1955 3693 videtur,
1986 3644 2068 3682 me
2107 3641 2387 3695 numquam
2418 3643 2535 3682 esse
2556 3638 2820 3694 causator,
2852 3643 3023 3697 neque
3064 3631 3274 3684 subtra-

1727 3722 1955 3789 gendum
1987 3720 2050 3772 da
2104 3732 2196 3771 vos
2224 3720 2322 3771 hoc
2352 3721 2461 3786 ipse
2505 3718 2756 3773 Ecclesre.
2791 3728 2818 3755 ι
2848 3719 2938 3773 Vel
2985 3728 3037 3773 et
3064 3721 3113 3775 si
3138 3719 3269 3774 sub-

1728 3822 1900 3862 traere
1941 3808 2157 3860 voluero
2181 3820 2277 3873 ego
2303 3805 2555 3859 Johannis
2577 3820 2667 3872 per
2709 3822 2791 3860 me
2827 3808 2965 3874 ipsos
2984 3808 3165 3861 de.....
3189 3808 3271 3861 vel

1728 3898 1944 3959 Cellesis
1982 3897 2202 3962 Eclesie,
2259 3895 2342 3950 vel
2388 3913 2481 3965 per
2521 3898 2844 3950 somessione
2901 3896 3004 3949 alio
3067 3898 3272 3951 viu.....

1730 3989 2139 4055 promessiouem
2176 3989 2251 4041 ire
2279 3986 2687 4050 temtaverimus,
2717 3997 2994 4053 couiponat
3026 3986 3155 4053 parti
3184 3998 3276 4040 ve-

1730 4146 1816 4190 aut
1843 4138 2115 4189 sanctitate
2142 4138 2259 4191 vitae
2284 4145 2537 4204 priestans
2563 4155 2576 4203 ;
2608 4138 2893 4192 iundatoris
2922 4140 3059 4191 enim
3089 4140 3270 4204 virtus,

1733 4208 1819 4272 qui
1868 4207 2003 4257 lares
2054 4206 2121 4256 ibi
2172 4209 2391 4273 ﬁgebat,
2442 4208 2523 4259 sui
2575 4210 2802 4259 nominis
2841 4208 3144 4259 celebritate
3175 4211 3269 4272 pie

1732 4274 1901 4340 gentis
1930 4274 2225 4328 oblationes
2252 4276 2465 4327 crebras
2483 4313 2498 4337 ,
2528 4284 2579 4328 et
2607 4276 2866 4341 lugentem
2896 4275 3268 4340 discipulorum

1733 4353 1888 4407 atque
1918 4343 2172 4393 sodalium
2201 4346 2400 4408 copiam
2442 4344 2507 4394 ad
2547 4357 2605 4395 se
2646 4344 2902 4395 trahebat.
2948 4344 3015 4394 Ita
3057 4358 3179 4394 sane
3209 4359 3268 4393 us

1738 4412 2046 4463 llenedictus
2100 4411 2418 4463 monasrerio
2473 4410 2742 4463 Casineusi
2801 4425 2862 4461 ac
2919 4411 3263 4475 Sublacensi,

52 4500 59 4545 τ
95 4494 261 4531 anuus
289 4492 462 4532 nouns
491 4475 792 4545 Cunibci'ti,
826 4474 1200 4545 nisiepocham
1247 4490 1275 4526 a
1320 4489 1476 4541 supra
1522 4479 1630 4527 lau-
1658 4474 1707 4531 D
1736 4491 1947 4532 sanctus
1989 4479 2344 4531 Columbanus
2386 4477 2660 4539 llobiensi,
2703 4488 2915 4530 sanctus
2958 4474 3271 4539 Anselmus,

94 4551 207 4596 data
250 4549 516 4605 diversam
568 4544 813 4595 invehere
860 4542 1112 4594 velimus:
1156 4558 1315 4605 quare
1342 4558 1525 4596 Vereor
1566 4559 1631 4596 ne

96 4619 398 4679 depravata:
429 4614 537 4663 sint
567 4613 703 4662 illius
730 4608 1025 4678 diplornatis
1054 4620 1191 4662 nota:
1229 4613 1628 4678 chronologicw.

90 4678 274 4749 il‘ieque
326 4681 517 4733 minori
563 4680 733 4731 studio
774 4678 947 4730 caeteri
987 4680 1147 4731 Italia:
1191 4680 1449 4743 principes
1479 4690 1635 4745 atque

84 4750 323 4817 arpis-copi
344 4792 360 4814 ,
394 4763 490 4817 pro
533 4755 861 4817 peccatorum
890 4762 1101 4817 suorum
1138 4749 1465 4817 remissione
1499 4763 1630 4797 nova

96 4814 475 4872 inonac'horum
515 4815 753 4867 ctenobia
794 4814 1088 4866 fundarunt.
1133 4814 1289 4866 Multa
1328 4829 1389 4867 ex
1433 4816 1496 4866 iis
1539 4830 1631 4866 nu-

118 4897 370 4939 iterantur
400 4901 429 4937 a
460 4884 703 4935 Romanis
744 4884 1073 4947 poutiticibus
1113 4882 1329 4947 aliisipie
1368 4885 1625 4948 episcopis

128 4965 419 5016 onstrueta,
453 4953 611 5003 multa
642 4965 669 5000 a
704 4949 1018 5015 principibus
1051 4956 1627 5012 Uerieientanis,multa

135 5038 308 5073 eurum
340 5037 368 5071 a
398 5021 617 5071 ducibus
646 5016 911 5069 Furi-Julii
934 5055 949 5079 ,
982 5018 1206 5079 Tusciae,
1240 5030 1394 5084 atque
1422 5026 1486 5069 ab
1516 5021 1633 5072 aliis

123 5091 251 5139 Lilia:
284 5089 644 5154 niagnatibus,
677 5099 731 5137 ut
763 5087 989 5150 reliquos
1035 5090 1444 5151 praetermittam.
1494 5089 1632 5138 [Non-

135 5161 360 5207 utloruiu
406 5160 659 5222 originem
703 5155 980 5217 diplomata
1030 5155 1113 5205 hic
1160 5155 1356 5204 edenda
1407 5156 1634 5206 illustra-

102 5224 244 5276 bunt.
277 5224 526 5275 Attamen
559 5223 1016 5288 Langobardorum
1047 5223 1272 5272 adventu
1313 5235 1375 5273 ac
1416 5226 1627 5287 popula-

118 5294 235 5344 :ione
263 5294 465 5343 laetum
496 5301 576 5342 est
618 5287 900 5342 ut'steeulo
931 5305 981 5342 γι
1009 5287 1063 5342 et
1092 5305 1158 5340 vn
1201 5294 1633 5342 monasteriorum

138 5382 147 5407 ι
200 5364 348 5412 Italia
404 5360 733 5420 fundationes
780 5374 881 5409 non
932 5368 1033 5410 tant
1092 5362 1389 5423 irequentes
1440 5360 1634 5411 fuerint

136 5440 253 5492 tque
284 5432 339 5480 in
370 5428 537 5479 Gallia
567 5425 930 5477 et‘Britannia.
974 5429 1080 5477 lmo
1105 5438 1152 5479 et
1184 5441 1247 5477 ex
1280 5432 1341 5478 iis
1371 5442 1487 5493 qua:
1515 5438 1635 5480 ante

132 5499 310 5547 ondita
341 5498 580 5556 fuerant,
617 5506 715 5543 non
744 5508 903 5558 pauca
935 5494 1077 5545 luere
1106 5496 1309 5554 excisa,
1359 5498 1427 5547 ita
1474 5506 1529 5547 ut
1572 5511 1636 5548 ne

168 5578 281 5613 rum
313 5564 528 5627 quidem
571 5564 816 5613 memoria
841 5564 1100 5630 supersit.
1145 5563 1247 5615 Sed
1289 5566 1377 5616 illa
1417 5565 1637 5630 potissi-

122 5646 245 5681 uum
274 5631 624 5681 celeberrima
651 5643 711 5681 ac
738 5628 990 5681 ditissima
1036 5632 1347 5683 monasteria
1386 5628 1599 5685 evasere
1617 5672 1632 5696 ,

144 5700 295 5755 nibus
326 5697 537 5750 initium
556 5696 703 5750 dedit
726 5698 980 5767 quispiam
1007 5707 1095 5750 aut
1123 5700 1387 5752 nobilitate
1406 5701 1633 5767 generis,

54 4558 81 4784 ὲ

60 4784 118 4981 ἓ

64 4981 130 5118 Ii

68 5118 123 5255 Ε

70 5255 130 5391 ε

136 5440 164 5477 ιι

132 5512 161 5545 Ο

122 5648 164 5680 lli

1744 4552 1910 4613 primo
1953 4546 2055 4599 dux
2103 4546 2507 4613 Forojuliensis,
2553 4555 2660 4598 tum
2703 4546 2912 4599 circiter
2952 4562 3141 4598 annum
3178 4546 3272 4598 :52

1704 4617 1976 4684 .tundator
2003 4624 2055 4667 et
2099 4616 2259 4667 abbas
2306 4616 2609 4668 monasterii
2656 4614 3004 4666 Nouautulani
3049 4617 3097 4684 in
3142 4630 3267 4679 agro

1733 4683 2049 4743 Mutinensi,
2082 4694 2136 4733 ut
2165 4685 2261 4734 hos
2304 4693 2503 4737 tantum
2552 4696 2867 4742 memorem,
2912 4683 3267 4735 incredibilem

1735 4751 1797 4803 iis
1829 4751 1955 4803 locis
1988 4754 2173 4802 l‘amam
2205 4763 2255 4801 et
2298 4765 2423 4815 opes
2472 4763 2738 4815 peperere.
2782 4748 2961 4815 Neque
3003 4751 3271 4816 Segniorcs

1734 4819 1783 4870 in
1829 4820 2087 4886 ejusmodi
2132 4818 2305 4871 studio
2350 4818 2563 4871 fuerunt
2604 4818 2691 4869 alii
2736 4832 2985 4884 reges‘ac
3031 4833 3274 4884 proceres

1734 4898 1878 4939 extra
1913 4886 2131 4937 italiam.
2176 4889 2347 4948 Quot,
2394 4888 2617 4949 exempli
2666 4899 2859 4950 causa,
2900 4890 3271 4939 monachorum

1734 4958 1994 5007 domicilia
2024 4955 2299 5005 excitarint
2336 4953 2555 5006 Carolus
2592 4953 2835 5022 Magnus,
2881 4957 3097 5022 ejusque
3139 4952 3275 5005 illius

1735 5024 2026 5074 Ludovicus
2079 5022 2232 5083 l’ius,
2294 5023 2524 5074 Annales
2571 5021 2886 5075 Francorum
2938 5032 2990 5073 et
3040 5021 3277 5073 Mabillo-

1734 5092 1874 5143 litzitii
1903 5100 1983 5139 sat
2024 5090 2265 5154 prodttttl.

1806 5171 1825 5191 α
1861 5158 2090 5209 Fuerunt
2139 5162 2293 5208 etiam
2343 5170 2607 5223 tempora,
2666 5157 2918 5223 przecipue
2967 5168 3081 5222 post
3109 5173 3279 5209 szecn-

1736 5228 1843 5279 lum
1886 5241 2005 5277 tera:
2034 5226 2340 5277 Christianae
2360 5229 2649 5288 decunum,
2680 5226 2867 5292 quibus
2929 5238 3136 5291 propter
3182 5228 3244 5275 ali

1734 5296 1869 5360 quod
1922 5308 2136 5345 enorme
2184 5310 2413 5355 critiieit,
2468 5307 2590 5359 puta
2641 5296 2961 5357 scliistttalis,
3008 5294 3279 5344 ituriiiiitita

1736 5364 1829 5413 luit
1854 5366 2152 5427 metropolis
2173 5362 2600 5427 archiepiscopis,
2624 5376 2709 5413 aut
2732 5366 2966 5415 dimi-esis
2988 5360 3247 5423 episcoi-is
3264 5398 3281 5421 ,

1735 5446 1837 5483 non
1915 5445 2065 5482 seeos
2108 5446 2169 5481 ac
2222 5434 2409 5482 factum
2472 5433 2765 5482 civitatibus
2816 5430 3095 5491 nonnullis,
3156 5442 3283 5492 quas

1736 5500 1809 5551 ira
1894 5499 2263 5563 imperatowm
2326 5513 2417 5549 seu
2499 5514 2675 5563 regum
2731 5499 2939 5563 antiquo
3014 5498 3285 5548 comitatus

1731 5570 1847 5632 jure
1901 5570 2061 5618 exuit.
2095 5568 2196 5618 Sed
2231 5568 2366 5633 quod
2419 5568 2470 5617 in
2525 5570 2701 5631 primis
2745 5564 3278 5623 animadverti-mimi.,
3356 5604 3361 5610 .

1736 5634 1972 5699 plurimis
2002 5636 2052 5686 iu
2079 5636 2227 5696 locis,
2268 5636 2351 5684 ubi
2415 5635 2630 5701 insignia
2677 5635 3046 5685 monachorum
3101 5650 3283 5683 ultum-

1737 5702 1895 5755 stcria
1941 5705 2235 5767 invaluere,
2293 5702 2559 5757 decurtata
2607 5702 2731 5756 oliui
2777 5701 2871 5753 luit
2920 5703 3281 5768 cpisc0pormu
