3840 6242
547 327 673 383 1551

1735 329 2333 387 casconanoonuu
2376 300 2608 391 micon

3588 342 3699 398 i359.

546 457 655 500 stre
683 444 795 497 auri
825 443 1029 499 soledos
1054 446 1260 499 centum
1294 458 1428 513 pene
1474 459 1654 507 causa,
1686 443 1777 496 sed
1838 443 1889 497 in
1927 443 2097 496 omni-
2123 446 2173 502 Δ
2199 457 2441 511 superius
2470 448 2674 517 legitor,
2698 449 2834 519 quod
2865 449 2916 503 in
2946 459 3251 519 potestatem
3275 452 3522 519 partionis
3546 452 3699 519 Porto»

548 533 646 586 bus
668 531 964 600 adimpleta,
988 534 1211 602 qualiter
1235 535 1582 592 decrevimus.
1605 541 1658 586 et
1678 531 1871 584 amodo
1897 531 1987 583 Dei
2011 532 2091 583 itt-

549 632 719 674 corrat
738 620 1012 690 judicium,
1038 631 1091 675 et
1121 623 1184 674 ad
1215 632 1551 688 sagrosancto
1580 620 1777 674 Altario
1796 620 1886 673 sed
1912 634 2086 673 remo-

551 698 655 773 tus,
686 710 729 762 si
754 724 851 777 ego
865 708 1140 774 Johannis,
1161 718 1350 764 etcum
1368 724 1520 762 causa
1545 725 1666 764 vero
1685 710 1750 761 da
1770 709 2087 776 suprascrita

551 796 1168 865 repromissiouem.......
1234 797 1397 863 Quam
1455 799 1568 851 viro
1630 798 2088 865 repromissionem

552 902 641 952 per
668 887 860 940 domno
901 888 1133 957 genitore
1173 903 1292 942 meo
1335 889 1596 941 Adrohald
1622 889 1783 942 abbas
1829 889 1977 941 vovis
2006 903 2092 941 su-

540 978 838 1044 ,prascripte
869 980 998 1045 parti
1030 993 1148 1044 pars
1189 978 1342 1047 elegi,
1374 981 1465 1031 nvi
1491 992 1541 1031 ct
1567 980 1773 1044 propria
1802 978 2095 1031 conferma—

552 1065 745 1119 tionem
776 1067 853 1119 vel
884 1067 1323 1133 conscriptionem
1364 1080 1615 1119 tuanevus
1645 1065 1796 1133 meis,
1813 1066 1892 1119 vel
1917 1080 2096 1119 sacer-

551 1155 727 1207 dotum
756 1169 990 1207 meorum
1022 1155 1204 1207 tradidi
1230 1156 1583 1209 scribendum.

624 1244 810 1296 Actum
838 1243 888 1293 in
928 1244 1082 1295 domo
1119 1254 1298 1298 sancte
1352 1245 1541 1306 ecLesie
1592 1243 1785 1297 civitati
1836 1242 2094 1306 Lucense,

552 1334 649 1384 sub
680 1334 762 1388 die
809 1347 879 1386 stt
930 1330 1283 1387 Kalendarum
1338 1332 1635 1399 Juniarum,
1691 1333 1973 1387 indictione
2032 1334 2099 1386 l3

554 1421 790 1476 feliciter.

1246 1509 1443 1563 ιιι-ιν.

554 1595 1263 1678 “(mulio-prﬂ’dieﬁll"1.171610
1287 1598 1509 1651 ecclesia
1529 1599 1711 1678 .sancti
1739 1598 1880 1678 Petri
1910 1598 1959 1650 in
1982 1600 2104 1678 ciri-

624 1674 721 1736 ιρις
765 1664 977 1736 Lucensi
1019 1680 1052 1736 ᾳ
1090 1663 1372 1717 Fortunato
1410 1669 1712 1736 presbytero,
1744 1671 1950 1736 ejusque
1994 1668 2104 1734 filio

620 1732 884 1783 Bonualdo
921 1732 1225 1802 presbytero,
1273 1732 1512 1802 reliquum
1553 1732 1669 1788 hinc
1702 1732 1779 1788 ἔνι’
1804 1732 2097 1787 menasterio

622 1816 765 1871 agere
808 1801 1149 1866 cupientibus,
1189 1801 1387 1871 licentia
1436 1819 1520 1869 per
1558 1819 1639 1855 eos
1676 1806 1827 1871 petita
1880 1822 1910 1855 ο
1955 1804 2098 1857 Tele-

622 1870 850 1933 Speriano
878 1870 1129 1933 episcopo,
1160 1880 1205 1920 et
1238 1870 1499 1938 Walperto
1529 1873 1652 1923 duce
1680 1870 1835 1941 (anno
1863 1872 2011 1940 715).

626 1952 677 2003 In
710 1950 919 2003 nomine
967 1951 1170 2005 Domini
1218 1952 1306 2007 Dei
1337 1963 1389 2007 et
1434 1955 1722 2010 Salvatoris
1761 1958 1925 2013 nostri
1971 1958 2095 2011 Jesu

554 2040 768 2093 Christi.
826 2040 1092 2107 Reguante
1156 2042 1348 2095 domno
1401 2053 1597 2097 nostro
1648 2044 1932 2111 Liutprand
1988 2048 2099 2099 viro

555 2118 992 2183 excellentissimo
1031 2133 1173 2197 rege,
1204 2145 1342 2191 anno
1389 2133 1531 2200 regni
1579 2130 1694 2200 ejus
1742 2133 1976 2187 secundo
2008 2149 2099 2199 per

557 2220 841 2273 indictione
891 2220 1168 2273 undecima
1223 2221 1625 2277 leliciter........
1674 2223 1811 2289 quod
1862 2225 1912 2277 in
1960 2232 2097 2278 terra

558 2322 651 2373 pas
682 2308 980 2362 hominibus
1008 2309 1143 2362 boue
1188 2312 1491 2374 voluntatis,
1520 2323 1621 2367 etc.
1658 2313 1765 2381 Ego
1816 2312 2099 2367 Fortooato

557 2393 800 2461 religioso
830 2395 1085 2461 presbiter
1111 2409 1211 2449 una
1241 2411 1359 2451 cum
1404 2398 1512 2454 lilio
1538 2415 1658 2454 meo
1700 2400 1929 2455 Bonuald
1964 2417 2013 2458 v.
2045 2417 2096 2455 v.

559 2484 835 2550 presbiter,
856 2500 954 2537 nus
974 2485 1037 2537 ad
1061 2497 1243 2540 sancto
1268 2486 1472 2541 Domini
1495 2492 1867 2544 cummendare
1892 2492 2099 2559 altario,

558 2579 611 2623 et
635 2570 833 2640 fragilis
863 2570 947 2625 hic
976 2574 1237 2639 periturus
1264 2574 1579 2642 relinquere,
1612 2578 1736 2630 dum
1765 2592 1886 2632 eum
1928 2579 2102 2632 Domi.

562 2675 629 2711 no
658 2675 778 2714 meo
806 2660 928 2714 Jesu
958 2662 1151 2715 Christi
1188 2666 1582 2731 complacuerit,
1614 2667 1665 2721 in
1699 2668 1816 2722 loco
1842 2684 1939 2735 qua
1970 2671 2105 2723 natis

560 2764 739 2801 smnus
781 2752 914 2813 vico,
945 2751 1031 2817 qui
1064 2763 1276 2805 vocatur
1302 2752 1572 2819 Cassiano,
1612 2771 1716 2808 uno
1745 2766 1951 2823 petente
1980 2773 2105 2812 con-

566 2840 686 2892 Stlio
731 2840 840 2893 Deo
885 2841 1095 2908 dignum
1136 2852 1237 2904 est,
1282 2857 1380 2895 nus
1411 2845 1645 2898 havitare
1693 2846 1743 2899 in
1790 2849 2106 2901 monasterio

564 2928 840 2993 petivimus
884 2928 1147 2982 licentiam
1198 2930 1375 2983 domui
1408 2931 1780 3001 "l‘alesperiaui
1822 2934 1911 2987 Dei
1940 2935 2105 3004 gratia

566 3016 831 3081 episcopo,
862 3024 914 3067 et
941 3032 1056 3069 cum
1086 3018 1247 3084 gratia
1285 3018 1460 3071 domui
1505 3021 1754 3086 Walperti
1781 3022 1899 3076 doci
1928 3033 2109 3078 nostro

2193 534 2301 588 uati
2348 536 2674 602 demisimus,
2722 540 2895 591 omnia
2947 549 2999 592 et
3044 541 3093 592 in
3141 541 3388 594 omnibus
3433 552 3569 608 parte
3605 548 3697 597 inea

2192 628 2387 679 cultum
2418 614 2588 694 adque
2618 629 2889 694 incultum,
2922 630 3112 684 movile
3142 630 3226 684 vel
3275 630 3514 685 inmovile
3537 647 3699 699 seoqne

2191 718 2603 781 semoventibns,
2627 722 2801 773 omnia
2832 722 2882 783 in
2907 721 3164 789 integrum
3187 722 3354 777 oﬂ'ero
3380 723 3482 776 Deo
3500 734 3548 775 et
3564 729 3699 778 sancti

2196 807 2355 869 Petri,
2374 822 2525 874 quem
2554 810 2681 862 mihi
2705 810 2949 862 heredem
2976 812 3217 865 constitui
3240 822 3347 864 tam
3370 812 3549 879 movile
3569 806 3711 881 quam.

2193 896 2440 949 inmovile
2492 912 2582 973 seo
2632 899 3044 963 semoventibus,
3097 901 3347 970 quidqnid
3397 902 3577 956 havere
3624 904 3700 959 visi

2194 996 2394 1047 smnus,
2437 985 2516 1036 vel
2545 981 2717 1037 adhuc
2742 999 3053 1053 conquirere
3081 992 3401 1053 potuerimus
3437 990 3500 1043 ab
3528 992 3615 1044 bac
3635 993 3704 1045 die

2200 1070 2345 1122 lii-ma
2373 1071 2435 1124 ad
2469 1073 2576 1138 ipsa
2603 1083 2781 1127 sancta
2811 1075 3014 1129 verlute
3045 1076 3095 1128 in
3138 1078 3340 1145 integro
3367 1079 3638 1145 possedeat,
3661 1094 3701 1134 et

2192 1173 2444 1224 umquam
2475 1162 2581 1212 ullo
2611 1170 2845 1228 tempore
2877 1164 2940 1216 ad
2985 1165 3131 1218 novis
3174 1167 3533 1234 retragendum
3560 1177 3627 1221 est
3653 1174 3700 1219 ad

2198 1245 2294 1296 alia
2327 1245 2558 1302 Ecclesia
2584 1258 2670 1300 aut
2699 1249 2761 1301 ad
2784 1250 2941 1304 alium
2968 1253 3315 1317 sacerdotem,
3343 1256 3476 1322 quod
3500 1256 3561 1308 ad
3582 1261 3703 1311 novis

2201 1334 2442 1387 oﬂ'ertum
2473 1344 2573 1399 est,
2624 1339 2721 1391 nisi
2766 1338 2853 1404 qui
2901 1338 3024 1393 iuivi
3070 1341 3231 1395 abbas
3281 1343 3456 1408 fuerit,
3495 1353 3547 1399 et
3572 1362 3698 1413 quem

2202 1426 2424 1477 voluerit
2450 1440 2627 1479 secum
2662 1427 2873 1490 havere,
2904 1438 2954 1481 et
2982 1431 3023 1483 si
3052 1431 3167 1497 quis
3199 1432 3317 1485 liliis
3356 1434 3437 1486 vel
3468 1436 3705 1502 nepotibus

2203 1513 2393 1565 nostris
2423 1514 2536 1566 sine
2554 1514 2746 1580 icojuve
2793 1514 2899 1568 Deo
2938 1518 3134 1571 servire
3182 1517 3421 1583 voluerit,
3447 1530 3498 1573 et
3526 1524 3706 1591 regula-

2206 1603 2334 1653 riter
2362 1604 2555 1663 vivere,
2600 1603 2696 1668 ipsi
2743 1602 2942 1658 fruator
2989 1605 3039 1658 in
3086 1605 3287 1661 honore
3336 1606 3570 1673 Domini;
3606 1613 3705 1664 etsi

2205 1690 2366 1742 ahhas
2386 1691 2450 1744 de
2477 1691 2573 1744 hac
2603 1692 2719 1744 luce
2747 1691 2997 1760 tuigratus
3024 1694 3212 1759 fueret,
3238 1705 3290 1750 et
3314 1696 3588 1752 dormierat
3610 1714 3705 1753 cum

2127 1772 2173 1831 Β
2202 1776 2430 1843 patribus
2484 1782 2616 1841 suis,
2666 1793 2818 1845 quem
2869 1782 3069 1835 monaci
3122 1782 3219 1849 ipsi
3269 1784 3516 1851 elegerint
3560 1788 3618 1840 de
3656 1804 3707 1839 eo

2198 1864 2515 1918 monasterio
2561 1866 2675 1934 ipso
2720 1866 2817 1919 sivi
2869 1880 3055 1924 aveant
3101 1870 3234 1923 abba
3284 1871 3564 1939 ordinatus,
3598 1878 3699 1929 etsi

2198 1954 2317 2021 quis
2343 1953 2412 2008 de
2458 1956 2607 2009 novis
2633 1957 2769 2023 quod
2813 1959 2879 2045 a‘h
2916 1972 2973 2012 se
3018 1960 3351 2029 substragere
3377 1962 3617 2029 volneret,
3643 1968 3705 2019 vel

2199 2046 2414 2113 proprio
2444 2046 2749 2114 defendere,
2777 2062 2971 2103 vacuus
2994 2060 3041 2103 et
3074 2053 3258 2105 enanis
3284 2054 3471 2107 exinde
3490 2065 3708 2116 exeat,et

2196 2131 2330 2185 dona
2365 2144 2536 2198 nostra
2569 2133 2618 2185 in
2661 2135 2861 2203 integro
2902 2134 3011 2190 Deo
3034 2147 3089 2191 et
3130 2150 3314 2193 saneto
3342 2139 3491 2195 Petro
3532 2157 3705 2209 perma-

2199 2233 2317 2275 neat
2342 2224 2736 2278 confertnatam.

2269 2311 2436 2377 Quam
2467 2313 2579 2364 viro
2607 2313 2853 2365 cartulam
2898 2312 3148 2367 dotalium
3177 2328 3274 2381 ego
3312 2314 3553 2370 Sicherad
3591 2332 3617 2371 ι
3652 2317 3705 2371 XI

2202 2397 2439 2467 indignu:
2472 2402 2726 2468 presbiter
2757 2418 2819 2456 cx
2859 2402 3094 2470 jussione
3138 2402 3320 2458 domui
3351 2405 3706 2475 Thalesperiaui

2200 2490 2485 2544 venerabili
2538 2493 2805 2559 episeopo.
2844 2493 2941 2549 .vei
2995 2509 3061 2546 ex
3111 2504 3326 2563 rogatus
3382 2495 3627 2551 Fortunati
3670 2510 3710 2551 et

2203 2577 2435 2632 Bonuald
2481 2580 2740 2646 presbiter
2780 2583 2912 2633 hanc
2957 2582 3156 2635 cartula
3185 2583 3436 2638 dotalium
3482 2587 3650 2655 scripsi
3672 2598 3712 2639 et

2203 2665 2437 2733 perpetui
2468 2664 2784 2731 temporibus
2812 2676 3134 2734 permaneat.

2275 2755 2458 2807 Actum
2488 2756 2539 2807 in
2568 2756 2833 2808 civitatem
2866 2756 3099 2811 Lucense
3146 2758 3246 2812 sub
3272 2758 3380 2826 die,
3427 2766 3480 2814 et
3505 2774 3709 2828 regnum,

2204 2854 2257 2898 et
2286 2844 2567 2899 indictione
2595 2846 2948 2912 suprascripta
2980 2846 3229 2902 feliciter.

2277 2936 2490 3002 Signum
2524 2949 2711 2988 manus
2743 2935 3013 2990 Fortonati
3046 2938 3144 2991 viri
3173 2939 3403 3006 religiosi
3431 2941 3713 2995 benefactori

2208 3032 2261 3079 et
2286 3025 2672 3078 conservatori.

565 3102 791 3156 civitatis
821 3113 997 3157 nostre
1042 3104 1311 3169 Lucensis,
1358 3117 1611 3173 quantum
1642 3111 1807 3164 virtus
1842 3111 2025 3174 animi,
2058 3123 2182 3184 etc
2279 3115 2496 3181 Signum
2530 3129 2714 3168 manus
2757 3115 3054 3169 Bouualdus
3099 3116 3388 3172 venerabili
3438 3119 3713 3187 presbitem.

570 3194 634 3243 ad
667 3192 1034 3256 fondnmentis,
1075 3193 1302 3260 labricis,
1336 3196 1606 3252 vestibulis
1650 3200 1885 3255 ecclesiis
1909 3205 2107 3262 consti-

570 3291 776 3333 tuemus
807 3282 856 3334 in
902 3281 1104 3335 honore
1147 3286 1312 3336 sancti
1364 3286 1501 3339 Petri
1541 3301 1710 3343 a......
1758 3291 2113 3359 suprascripto

577 3370 861 3429 Fortunato
887 3372 1092 3425 decrevi
1138 3375 1272 3426 inter
1299 3388 1382 3427 me
1410 3384 1463 3428 et
1490 3376 1607 3429 iiliis
1635 3380 1785 3444 meis,
1811 3392 1863 3432 ut
1886 3396 1981 3448 ego
2023 3398 2116 3449 pro

573 3459 813 3511 omnibus
844 3458 997 3512 rebus
1044 3460 1172 3514 meis
1217 3462 1661 3518 indefeuito.......
1693 3477 1856 3534 prope
1894 3470 2001 3534 ipsa
2030 3484 2117 3523 ec-

576 3549 736 3600 clesia
776 3549 1046 3615 presbiteri
1095 3546 1386 3604 modiorum
1435 3554 1731 3619 duodecim,
1781 3566 1834 3610 et
1882 3560 2119 3626 vergario

580 3636 715 3687 medi
740 3636 855 3688 loco
876 3651 979 3689 uno
1002 3652 1162 3705 prope
1186 3638 1292 3705 ipsa
1316 3641 1537 3695 ecclesia
1562 3644 1735 3697 omnia
1758 3647 1807 3698 in
1834 3646 2117 3714 integrum,

585 3725 740 3776 idest
784 3726 1109 3792 portiuncula
1161 3742 1270 3779 mea
1318 3729 1662 3799 iniutegrum
1709 3748 1807 3803 ego
1838 3735 2121 3789 Fortunato

579 3826 670 3878 per
700 3803 991 3866 mercedem
1024 3824 1078 3865 et
1120 3815 1405 3868 remedimn
1446 3821 1615 3873 animo
1659 3836 1774 3875 mee
1816 3825 1978 3877 oll‘eio
2018 3826 2123 3879 Deo

580 3912 632 3953 et
660 3901 879 3954 ccclesie
923 3904 1086 3956 sancti
1135 3905 1295 3969 Petri,
1352 3922 1504 3973 quem
1536 3910 1661 3963 mihi
1710 3912 1953 3967 heredem
1995 3929 2124 3968 con-

584 3991 728 4043 stitui
782 3991 937 4042 simul
990 4003 1041 4045 et
1090 4009 1185 4060 ego
1240 3996 1469 4050 Bonuald
1512 4015 1561 4051 v.
1606 4017 1659 4055 v.
1709 4004 1961 4069 presbiter
2016 4008 2124 4074 ipsa

589 4081 918 4147 portiuncula
946 4097 1056 4134 mea
1088 4095 1280 4151 quanta
1313 4101 1452 4154 pars,
1484 4092 1573 4156 qui
1616 4093 1739 4144 mihi
1769 4094 1832 4146 ad
1884 4097 2127 4149 lratribus

598 4171 726 4222 meis
759 4171 990 4235 advinct,
1021 4185 1241 4240 excepto
1284 4192 1469 4243 campo
1500 4183 1577 4231 vel
1618 4184 1874 4249 vergario,
1906 4188 2130 4253 qualiter

593 4300 720 4379 ditio
772 4311 926 4380 atque
988 4304 1442 4381 dimcesis.‘Sunt
1510 4313 1676 4366 adhuc
1742 4316 1886 4381 plura
1953 4334 2131 4370 mona-

591 4371 771 4445 steria,
826 4373 935 4445 sive
963 4388 1009 4445 ha
1061 4375 1167 4426 suis
1206 4375 1477 4431 abbatibus
1524 4391 1685 4445 recta,
1716 4371 1827 4436 sive
1868 4389 2130 4441 smcularis

2212 3200 2531 3255 benefactori
2560 3212 2610 3255 et
2638 3206 3015 3259 conservatori.

2282 3290 2498 3358 Signum
2528 3306 2711 3345 manus
2738 3289 3045 3347 Benetatato
3084 3294 3191 3348 filio
3218 3296 3334 3364 ejus
3359 3301 3716 3356 consentientis.

2263 3380 2499 3447 ‘Signum
2555 3396 2736 3434 manus
2768 3380 3000 3436 Roduald
3037 3381 3096 3436 ν.
3129 3382 3191 3438 D.
3241 3387 3350 3447 lilio
3376 3390 3485 3457 ejus
3524 3406 3717 3445 consen-

2215 3467 2408 3520 tientis.

2282 3557 2497 3623 Signum
2527 3572 2712 3612 manus
2743 3559 2963 3615 Baronte
2992 3561 3097 3616 tilio
3124 3564 3239 3631 ejus
3264 3569 3644 3625 consentientis.

2285 3646 2498 3715 Signum
2530 3664 2712 3702 manus
2743 3648 2977 3706 Widicau
3012 3652 3073 3705 ν.
3107 3655 3167 3706 D.
3202 3658 3366 3710 testis.

2286 3738 2499 3804 Signum
2530 3753 2713 3791 manus
2741 3738 3004 3794 Wileradu
3037 3741 3098 3795 V.
3126 3743 3184 3796 D.
3214 3748 3381 3799 testis.

2288 3830 2500 3897 Signum
2533 3844 2716 3881 manus
2747 3831 3007 3884 Benenato
3038 3833 3097 3885 ν.
3134 3836 3192 3887 Ι).
3223 3838 3391 3889 testis.

2292 3918 2501 3984 Signum
2527 3934 2709 3970 manus
2731 3919 3031 3973 Mauricioui
3064 3920 3125 3972 ν.
3156 3921 3217 3973 D.
3246 3924 3413 3978 testis.

2295 4007 2361 4059 Et
2408 4016 2524 4071 post
2578 4009 2711 4060 hanc
2756 4009 3011 4075 completa
3054 4014 3253 4064 cartula
3302 4016 3723 4069 rememoravitnus

2227 4098 2546 4165 particellula
2575 4109 2749 4150 nostra
2791 4098 2854 4151 de
2899 4100 3101 4154 Oliveto
3130 4101 3183 4155 in
3231 4102 3469 4170 Vaccule,
3494 4120 3588 4174 ego
3624 4104 3723 4158 For-

2229 4196 2405 4251 tunato
2431 4196 2483 4241 et
2512 4188 2737 4241 Bunuald
2766 4200 2909 4255 parte
2936 4200 3113 4244 n0stra
3142 4195 3192 4245 in
3215 4193 3470 4263 integrum
3494 4196 3724 4277 eluamus

2230 4332 2359 4389 rum‘
2390 4318 2570 4381 spoliis
2616 4304 2865 4373 ditionem
2906 4321 3001 4373 sibi
3060 4325 3321 4389 propriam
3375 4326 3719 4381 constituerint.

2235 4386 2363 4457 Illud
2404 4391 2765 4457 exploratum,
2831 4406 2933 4441 non
2982 4386 3169 4443 solum'
3210 4393 3540 4457 baptismales
3573 4410 3723 4450 omnes

591 4438 717 4515 cleri
737 4439 1086 4531 'primoribus
1109 4447 1479 4531 commendata
1499 4486 1514 4511 ,
1565 4438 1683 4527 quoi
1746 4456 1951 4531 propria
1995 4438 2127 4511 dite;
2159 4452 2201 4508 Ι)
2229 4438 3219 4531 ειςιεεξειςἰιμιιίψιίὲὲωὲὲιίῖερρίέέὗρο
3240 4438 3327 4531 "Fr'i
3358 4438 3723 4531 οὗῑέᾶἷβὲἇέξ

595 4506 699 4585 cesi
737 4506 1027 4585 fruuntur,”
1055 4510 1225 4585 ibique
1250 4506 1510 4579 tanquam'
1529 4506 1779 4585 episcopi,
1804 4506 2127 4579 oFdinumet

592 4573 887 4647 chrismatis
929 4573 1206 4647 collatione
1236 4573 1471 4647 excepta,
1526 4573 2125 4647 omnia.a'tlmiuislrani:

598 4640 876 4726 Eotissima
922 4655 1046 4726 sunt
1096 4640 1399 4726 Casinense,
1454 4640 2127 4726 l-‘arfensensublacense,

597 4710 975 4794 Novaliciense,
1011 4710 1430 4794 Pomposianum,
1454 4732 1626 4794 atque,
1667 4710 1843 4777 utalia
1873 4710 2125 4794 «iniiinii:

598 4778 971 4859 amplissimum
1001 4850 1010 4859 .
1053 4778 1463 4859 Nouantnlanum
1524 4778 1583 4840 iu
1614 4778 1624 4785 ’
1650 4808 1775 4859 agro
1858 4778 2129 4852 Mutinensi

601 4848 887 4921 lutulattttn.
931 4850 1080 4913 cujus
1133 4853 1374 4908 ditecesis
1402 4859 1542 4907 vario
1573 4873 1632 4910 ac
1682 4848 1927 4914 interciso
1973 4848 2129 4921 cursu

602 4914 651 4999 i'u
702 4916 946 4999 plurimas
999 4921 1268 4999 parochias
1300 4927 1651 4999 “excurritp
1694 4929 1771 4999 in“
1821 4914 2129 4999 Mutinensi:

608 4980 868 5068 Eatavino,
908 4980 1240 5068 Bononiensi,
1266 4992 1482 5068 aliisque
1532 4980 2129 5068 territoriis:aiqireﬂiti

607 5048 922 5129 Friniatumﬂ
987 5057 1096 5132 sive
1128 5048 1412 5132 _Frigniani
1478 5048 1751 5126 provincia
1785 5048 2133 5132 sitaé'2‘7m52

608 5131 789 5189 omnes
816 5120 1094 5189 episcopali
1122 5120 1261 5187 jure'
1277 5141 1411 5179 nunc
1458 5120 1757 5185 moderatur
1784 5120 2133 5189 eminentissi;

610 5199 721 5270 mus
750 5186 804 5270 S:
826 5186 895 5270 lli.
950 5186 1010 5239 E.
1037 5186 1635 5270 cardinalishAlesa‘nder
1668 5186 2135 5270 Albanus,'perpe-

612 5263 730 5330 tuus
756 5255 914 5307 abbas
941 5262 1425 5315 commendatarius.
1459 5265 1607 5316 i’lura
1650 5255 1916 5330 ejusmodi,
1951 5255 2132 5326 inani.

613 5324 763 5371 steria
791 5333 988 5400 vet-uva
1021 5337 1145 5400 a‘tas
1172 5332 1401 5400 agnovit,
1431 5348 1648 5396 quorum
1678 5324 1799 5400 jura
1834 5350 1885 5389 et
1912 5324 2135 5393 auctori-

614 5397 693 5464 tas
722 5391 1259 5466 turbidissimisltalia:
1286 5391 1601 5466 temporibus
1615 5391 1941 5461 exciderunt.
1984 5391 2135 5462 l‘lur‘a

616 5466 766 5537 etiam
835 5464 1165 5537 praerogativa
1233 5464 1327 5537 hac
1394 5464 1607 5533 praedita
1671 5476 1898 5526 ostendit
1969 5478 2137 5531 adhuc

618 5519 910 5611 germania.
932 5519 1161 5593 Quanam
1210 5519 1444 5610 ratione,
1462 5519 1630 5601 {isis},
1654 5555 1859 5608 quoque
1882 5519 2133 5611 tem}‘3}'é:

618 5599 686 5641 tta
714 5600 1081 5653 monachorum
1122 5606 1345 5669 potentia
1367 5599 1513 5659 aucta
1541 5599 1642 5677 est,
1673 5599 1728 5661 iit
1749 5599 1810 5665 εἰ
1860 5599 2133 5682 episcopo:

2232 4524 2321 4573 sed
2348 4522 2501 4573 etiam
2526 4525 2609 4590 jus
2638 4526 2895 4593 episcopis
2951 4522 3111 4578 fuisse
3155 4522 3218 4579 in
3270 4529 3414 4595 ipsos
3453 4522 3723 4592 mobacbos;

2233 4604 2519 4659 eorumque
2565 4596 2901 4647 monasteria.
2958 4595 3085 4659 Qua:
3151 4598 3435 4653 auctoritas
3480 4602 3639 4655 multis
3684 4603 3721 4653 in

2236 4658 2550 4735 locis_etiam
2576 4663 2965 4735 postsoaculmu
2981 4658 3187 4735 Christi
3211 4666 3473 4721 decimum
3516 4670 3727 4735 perdura.

2237 4727 2523 4801 vit,_donec
2553 4730 2825 4801 pontiﬁces
2856 4731 3067 4784 maximi
3120 4733 3377 4801 integrum
3424 4727 3724 4789 monasticam

2236 4796 2472 4865 ordinem
2488 4800 2682 4849 sensim
2707 4802 2985 4865 episcOpali
3011 4796 3254 4865 potestati
3273 4802 3581 4858 subduxere.
3610 4808 3727 4858 Antio

2237 4864 2503 4941 quissimis
2533 4867 2692 4917 etiam
2715 4869 2919 4920 SiBCUIiS
2948 4864 3157 4941 fuerunt
3173 4870 3413 4941 ecclesia:
3441 4874 3490 4925 in
3509 4872 3617 4941 jure
3639 4887 3727 4923 tuo-

2237 4934 2549 5002 nachorum,
2605 4944 2693 4985 aut
2712 4950 2774 4987 ex
2806 4950 2987 4989 eorum
3038 4937 3363 5002 fundatione,
3393 4951 3481 4994 aut
3509 4934 3576 4995 ὶι
3617 4942 3726 4992 dum

2237 5000 2501 5063 lideliutn;
2532 5016 2645 5067 qure
2692 5013 2864 5057 tamen
2889 5006 3114 5056 oratoria
3146 5004 3253 5058 fere
3275 5000 3449 5060 omnia
3479 5020 3529 5063 et
3552 5008 3727 5067 capella

2236 5078 2401 5130 erant,
2434 5078 2589 5135 atque
2615 5069 2718 5122 illic
2747 5086 2869 5124 suos
2900 5073 3119 5123 clericos
3170 5084 3224 5125 et
3269 5086 3523 5132 rectorem
3550 5069 3728 5128 abbates

2237 5139 2645 5212 constituebant,
2677 5154 2969 5205 quanquam
2998 5152 3065 5212 ne
3092 5139 3377 5212 idquidem
3406 5147 3727 5212 episcopownt

2236 5202 2336 5268 juri
2370 5202 2741 5280 _ol:liceret_,_ttt
2769 5202 2936 5280 neque
2981 5202 3241 5280 ofﬁciebat
3292 5209 3377 5278 jus
3441 5202 3726 5280 patronam.

2239 5286 2341 5336 quo
2370 5271 2489 5323 laici
2519 5273 2663 5324 multi
2704 5273 2756 5325 in
2812 5271 2984 5325 varias
3004 5277 3253 5330 ecclesias
3292 5271 3614 5333 'frueb'antur.
3647 5280 3728 5332 Sed

2242 5340 2303 5415 ad
2335 5339 2659 5404 parochiales
2688 5342 2933 5415 ecclesias
2973 5344 3108 5409 quod
3140 5347 3345 5407 attinet,
3400 5348 3606 5399 arduom
3633 5361 3730 5415 potu

2242 5406 2528 5459 decernere
2552 5422 2655 5471 quo
2676 5410 2935 5483 praecipue
2954 5406 3186 5483 tempore
3216 5406 3393 5483 divelli
3416 5429 3479 5467 es
3503 5406 3730 5483 episcopo-

2242 5489 2354 5545 rum
2378 5483 2675 5545 potestate,
2705 5492 2764 5528 ac
2795 5480 2949 5542 pleno
2973 5476 3092 5545 jure
3122 5482 3185 5533 ab
3215 5481 3490 5538 abbatibus
3518 5476 3601 5540 {eis
3646 5476 3731 5534 noo-

2243 5543 2419 5595 nachis
2449 5544 2701 5610 possideri
2732 5558 2915 5614 cceptus
2945 5543 3069 5600 sint.
